2036 3495
169 174 261 211 350⁸*
583 151 617 186 G
649 158 670 182 r:
701 159 725 183 n
756 158 777 182 ri
808 154 832 180 R
862 155 887 180 n
920 154 935 179 1

210 250 310 285 Nunc
332 243 526 279 videndum,
557 238 636 279 quid
662 236 788 276 placcat
812 231 993 265 observari:
1021 230 1045 263 si

171 292 319 334 obligatis
334 286 425 320 alicui
448 281 597 314 omnibus
614 278 709 310 bonis
734 277 764 308 &
789 273 996 316 praesentibus
1014 273 1044 304 ἀ

170 333 308 368 futuris,
340 326 455 360 deinde
485 321 536 355 alii
564 319 705 354 similiter
727 318 913 358 obligentur
936 314 1044 346 omnia

172 376 259 408 bona
284 372 314 403 &
338 364 499 408 praesentia
527 363 558 395 δι
581 361 699 393 futura.
724 358 766 390 Et
793 358 923 398 quidem
946 365 1043 387 nemo

175 414 319 449 dubitat;
342 408 417 448 quin
445 405 532 447 prior
558 403 701 435 creditor
717 398 886 441 posteriori
902 399 934 429 in
951 397 1045 429 bonis

173 451 380 498 praesentibus
390 446 596 489 praeseratur:
614 445 688 485 quia
704 444 735 474 in
748 441 796 473 his
804 449 876 473 eum
891 439 1048 480 praevenit

177 502 335 534 tempore.
353 489 407 521 sed
423 489 463 520 de
478 487 594 520 futuris
609 483 716 526 potest
733 482 889 515 dubitari:
907 490 948 512 eo
964 479 1048 520 quod

177 534 342 579 praeseutia
369 533 398 562 ei
422 530 493 562 sunt
515 537 595 569 pure
620 527 778 566 obligata:
802 523 907 554 futura
921 523 1049 554 demum

175 579 229 611 sub
246 573 451 611 conditione,
465 571 486 603 fi
502 569 722 611 adquirantur:
739 576 775 598 ea
791 574 885 606 porro
905 562 1052 594 conditio

180 618 252 660 quia
276 616 403 657 utrique
428 615 460 645 in
486 612 602 643 futuris
626 610 741 640 eodem
761 606 867 639 existit
883 612 1051 645 tempore:

178 661 255 693 ideo
273 665 386 690 neuter
411 654 518 696 potest
542 655 573 684 in
590 649 704 683 futuris
719 649 810 681 alteri
828 656 975 687 tempore
994 645 1053 685 pri-

181 711 217 733 or
226 700 299 733 dici.
313 706 430 732 contra
446 695 606 731 adfertur,
623 692 712 732 quod
731 690 775 721 est
793 691 958 729 proprium
976 695 1053 717 con·

176 742 328 779 ditionis,
352 739 406 771 ubi
427 735 554 775 extitit,
577 732 695 765 retrahi
713 733 752 763 ad
769 739 895 770 tempus
913 736 1053 760 conven-

177 784 285 816 tionis.
310 781 420 822 itaque
439 776 552 811 melius
566 775 629 807 esse
655 773 752 804 visum
765 795 774 810 ‚
797 772 935 812 priorem
954 767 1056 801 credi-

178 833 286 858 torem
304 831 368 854 tam
393 822 425 853 in
452 818 586 855 futuris,
615 814 780 856 postquam
805 811 956 852 adquisita
977 810 1054 847 sint,

181 866 345 909 praeferri,
370 871 464 903 quam
478 859 508 891 in
528 857 744 898 praesentibus.
762 856 840 887 licet
855 855 887 885 id
903 853 1056 892 colligere

180 919 222 941 ex
241 906 260 939 l.
279 915 325 938 11.
343 904 372 945 §.
396 913 422 935 1.
441 901 483 933 D.
501 900 566 944 Qui
579 904 639 941 pot.
659 899 691 929 in
705 899 789 938 pign.
809 895 861 927 sed
883 895 985 932 malo,
1009 902 1055 924 re-

181 950 240 981 bus
257 943 474 979 demonstrare
491 952 532 974 ex
548 942 568 972 l.
585 940 640 972 ult.
660 939 703 970 D.
721 940 780 970 eod.
799 938 844 968 tit.
862 934 990 977 Species
1012 942 1056 965 ta-

179 990 236 1024 lis:
259 986 366 1019 Titius
383 985 462 1025 Sejae
482 983 526 1015 ob
544 982 695 1015 summam
711 981 750 1012 ad
768 988 862 1020 quam
878 978 906 1008 ei
926 986 966 1008 ex
984 984 1056 1006 cau-

181 1031 213 1063 sa
231 1029 341 1062 tutelae
366 1034 435 1059 erat
460 1026 647 1061 damnatus,
670 1021 826 1062 obligavit
843 1019 949 1051 omnia
974 1018 1058 1048 bona

181 1069 390 1115 praesentia&
407 1067 525 1099 futura.
543 1066 629 1097 idem
644 1062 754 1094 Titius
771 1060 879 1101 postea
898 1066 1058 1091 mutuatus

181 1112 287 1151 afisco
304 1111 472 1153 pecuniam
484 1132 494 1147 ,
511 1108 541 1139 ei
556 1106 696 1138 similiter
710 1103 863 1143 obligavit
878 1102 985 1133 omnia
1003 1100 1060 1130 bo-

183 1165 222 1189 na
240 1152 406 1195 praeseutia
424 1151 455 1183 ὅτ.
469 1149 587 1181 futura.
612 1156 680 1178 tum
703 1145 808 1177 intulit
827 1143 923 1184 Sejae‚
947 1142 978 1173 id
994 1140 1056 1180 est,

183 1197 278 1228 solvit
290 1195 368 1235 Sejae
379 1216 389 1232 ‚
409 1199 531 1234 partem
548 1189 659 1221 debiti.
675 1188 704 1219 ὅ(
721 1187 875 1226 reliquam
889 1184 1036 1215 summam
1048 1204 1059 1220 ,

183 1236 363 1270 novatione
379 1234 482 1272 facta,
506 1232 535 1264 ei
552 1229 714 1272 promisit,
738 1228 873 1269 repetita
891 1225 921 1257 in
940 1233 1060 1255 novan-

184 1281 227 1312 do
258 1277 479 1309 conventione
507 1274 548 1305 de
580 1273 726 1312 pignore.
756 1278 822 1309 quo
849 1266 919 1299 casu
945 1266 1060 1306 pignus

182 1327 291 1353 manet
309 1319 341 1350 in
361 1318 416 1349 suo
436 1317 533 1354 loco;
556 1322 630 1345 cum
653 1311 793 1352 alioquin
812 1308 987 1341 novatione
1007 1315 1061 1336 vo-

183 1361 318 1394 luntaria
343 1359 587 1398 extingueretur
606 1354 625 1386 l.
649 1362 697 1385 12.
714 1352 741 1394 §.
762 1362 792 1392 5.
813 1351 839 1382 d.
859 1356 879 1381 t.
899 1348 1060 1389 quaefitum

182 1403 264 1441 fuit,
286 1410 326 1433 an
344 1400 413 1440 Seja
436 1398 511 1430 fisco
531 1394 718 1438 praeferatur
734 1393 827 1424 etiam
846 1392 876 1422 in
901 1391 968 1427 his,
993 1398 1061 1429 quae

185 1444 296 1477 Titius
314 1441 385 1482 post
394 1439 533 1481 priorem
550 1436 783 1477 obligationem
793 1431 961 1475 adquisiit‘.)
984 1430 1062 1462 Scae·

186 1486 262 1517 vola
281 1482 463 1523 respondit,
488 1479 565 1511 nihil
593 1476 752 1517 proponi,
783 1484 838 1506 cur
855 1483 917 1505 non
935 1471 970 1504 fit
988 1480 1063 1513 prae-

185 1525 329 1559 ferenda.
354 1523 496 1562 Apparet
515 1519 629 1560 igitur,
653 1518 793 1558 priorem
820 1516 1014 1547 creditorem
1032 1513 1063 1544 in

184 1565 323 1609 generali
357 1564 491 1604 pignore
525 1558 666 1592 omnium
703 1558 866 1589 bonorum
899 1554 1063 1597 posteriori

186 1609 237 1642 cui
264 1605 405 1639 [imiliter
427 1602 534 1635 omnia
561 1602 648 1632 bona
672 1599 732 1631 sint
757 1597 917 1639 obligata,
942 1605 1005 1628 tam
1030 1597 1062 1627 in

187 1649 322 1686 futuris,
347 1654 444 1687 quam
467 1644 498 1676 in
522 1642 727 1685 prael'entibus
753 1640 915 1681 praeferri:
938 1647 998 1670 nec
1022 1637 1061 1669 ad

188 1701 254 1724 rem
273 1688 433 1728 pertinere
451 1686 520 1727 quis
537 1684 572 1716 sit
601 1692 747 1723 ternpore
773 1681 879 1721 prior,
902 1680 1062 1720 privatus,

187 1742 225 1764 an
243 1731 346 1764 fiscus.
373 1729 415 1761 At
431 1730 516 1759 enim
534 1725 688 1759 Ulpianus
705 1724 724 1756 l.
744 1728 792 1757 28.
813 1721 855 1753 D.
873 1723 905 1752 de
918 1721 987 1761 jure
998 1719 1064 1760 fisci

190 1775 221 1806 in
240 1783 274 1805 re
292 1770 404 1813 postea
422 1768 549 1811 quaefita
573 1766 681 1798 fiscum
703 1765 827 1804 privato
853 1762 1000 1804 praefert:
1023 1760 1064 1792 fic

191 1814 351 1847 scribens:
377 1812 429 1850 Si,
451 1812 502 1853 qui
518 1809 590 1841 mibi
615 1809 794 1849 obligaverat
810 1815 873 1847 quae
889 1805 971 1834 babet
988 1803 1064 1834 habt·-

190 1862 333 1897 turusque
350 1853 433 1894 effet,
457 1862 524 1883 cum
535 1849 605 1890 fisco
629 1848 826 1880 contraxerit:
841 1846 992 1886 sciendum
1008 1842 1067 1883 eft,

190 1899 222 1930 in
238 1907 268 1929 re
281 1894 378 1938 postea
393 1892 511 1936 quaefita
520 1892 627 1932 fiscum
632 1891 770 1931 potiorem
787 1887 838 1928 effe
853 1888 964 1925 debere,
984 1885 1069 1925 Papi·

191 1940 316 1971 niarium
340 1934 525 1978 respondiffe:
548 1934 622 1975 qaod
639 1931 675 1965 &⁹
698 1928 885 1970 constitutum
902 1927 950 1969 est.
964 1934 1068 1968 praeve-

191 1983 237 2013 nit
255 1980 331 2011 enim
349 1978 467 2015 caulam
483 1976 613 2017 pignoris
626 1973 727 2013 fiscus.
745 1971 807 2003 Sed
826 1970 905 2002 salva
922 1979 970 2001 res
990 1968 1066 1999 erit:

193 2024 215 2055 fi*
231 2029 400 2063 putemus,
416 2019 455 2049 ab
472 2017 611 2057 Ulpiano
628 2013 751 2045 tractari
768 2011 873 2044 casum
894 2012 924 2042 in
941 2020 1005 2051 quo
1024 2009 1067 2048 is,

192 2065 246 2105 qui
267 2062 344 2095 mihi
362 2059 519 2101 obligavit
530 2067 599 2098 quae
616 2056 713 2087 habet
723 2054 949 2093 habiturusque
968 2050 1045 2082 esset
1058 2073 1068 2089 ‚

195 2114 268 2137 cum
287 2103 364 2135 fisco
390 2109 464 2133 ante
485 2098 696 2131 contraxerit.
726 2096 851 2127 fateor:
885 2093 1067 2134 ambiguum

195 2145 241 2179 est
264 2146 419 2183 verbum,
452 2141 660 2177 contraxerit,
691 2147 754 2169 tam
779 2137 939 2174 futurum,
972 2143 1069 2174 quam

197 2187 414 2229 praeteritum,
438 2192 565 2223 tenipus
591 2180 765 2221 designans.
792 2177 844 2210 sed
871 2178 889 2208 si
914 2178 944 2208 in
960 2175 1071 2207 futuro

197 2231 248 2261 hic
263 2228 458 2269 accipiatur3
482 2233 586 2266 pugna
612 2221 657 2253 est
680 2219 845 2252 manifesta
868 2218 1021 2249 Scaevolae
1042 2217 1071 2248 &

198 2269 342 2311 Ulpiani:
373 2268 394 2300 fi
414 2268 446 2299 in
471 2265 655 2307 praeterit03
687 2262 772 2294 nulla
796 2261 850 2292 est.
884 2259 980 2300 Igitur
998 2282 1008 2298 ‚
1038 2265 1073 2289 ut

200 2315 339 2343 evitetur
355 2318 480 2351 pugna,
502 2305 634 2339 rationis
650 2303 714 2342 est,
737 2303 869 2334 verbum
886 2300 962 2333 illud
975 2324 983 2337 ‚
1007 2309 1072 2331 con-

201 2354 351 2391 traxerit,
381 2351 492 2392 potius
515 2351 546 2380 in
569 2348 734 2388 praeterito
752 2368 762 2383 ‚
793 2353 885 2384 quam
909 2341 940 2373 in
962 2342 1073 2373 futuro

201 2395 359 2425 exaudire.
383 2391 528 2428 accedit,
553 2389 641 2429 quod
667 2388 707 2418 sic
732 2385 768 2417 fit
795 2386 937 2425 optimus
962 2383 991 2414 &
1007 2381 1073 2414 fini-

203 2435 382 2474 pliciffimus
397 2431 527 2474 Ulpiani
542 2430 665 2462 sensus:
683 2428 797 2467 Siquis
816 2425 982 2466 postquam
1000 2432 1075 2455 cum

201 2475 277 2520 fisco
301 2477 464 2508 contraxit
476 2497 485 2512 ,
496 2473 612 2505 deinde
628 2479 759 2502 mecum
771 2468 984 2505 contrahens,
995 2465 1073 2497 mihi

202 2517 356 2556 obligavit
373 2526 442 2557 quae
460 2515 576 2553 habet,
601 2512 829 2549 habiturusque
856 2508 954 2540 effct:
978 2507 1075 2538 scicn-

204 2559 279 2591 dum
294 2557 358 2595 est,
386 2560 417 2589 in
435 2567 469 2589 re
495 2555 602 2596 postea
628 2553 754 2594 quaefita
778 2551 886 2583 fiscum
911 2549 1075 2591 potiorem

205 2600 267 2631 esse
283 2599 409 2630 debere.
426 2597 552 2638 quaeso,
569 2605 663 2637 quam
681 2595 725 2627 ob
734 2593 827 2625 rem?
844 2592 926 2623 hunc
944 2590 1074 2631 justam:

203 2641 355 2674 Praevena
371 2641 445 2668 enim
458 2640 588 2680 pignoris
601 2639 715 2677 causam
727 2634 827 2676 fiscus.
854 2632 905 2665 Sic
923 2631 1076 2673 praefatur

206 2683 379 2726 Ulpianus:
403 2678 433 2709 &
457 2679 632 2719 significat,
663 2678 754 2718 quod
769 2675 861 2708 fiscus
879 2673 924 2705 est
940 2674 1007 2713 jure
1023 2681 1078 2711 po-

207 2726 291 2769 ti0r;
314 2730 386 2762 qula
413 2718 458 2750 est
491 2728 635 2760 tempore
659 2718 756 2760 prior.
779 2717 943 2759 postremo
963 2716 1005 2745 ait
1025 2713 1080 2745 Ul-

208 2774 336 2805 pianus,
357 2764 399 2807 ita
417 2757 602 2800 constitutum
617 2761 678 2802 effe.
705 2770 721 2792 a
747 2759 837 2799 quo?
860 2758 898 2789 ab
917 2755 1081 2787 Antonino

207 2804 369 2839 Caracalla
391 2811 422 2834 in
438 2802 456 2832 l.
481 2811 509 2832 2.
528 2801 562 2830 C.
585 2805 616 2832 de
629 2803 781 2843 privilegio
794 2800 879 2840 fisci3
903 2799 990 2838 cujus
1007 2797 1076 2828 haec

206 2848 276 2880 sunt
301 2845 415 2877 verba:
446 2842 590 2886 Quamvis
608 2852 642 2873 ex
655 2844 742 2883 causa
763 2843 836 2873 dotis
858 2842 907 2872 vir
931 2841 1079 2881 quondam

206 2897 276 2920 tum
302 2889 353 2919 tibi
371 2884 412 2923 fit
437 2885 656 2915 condemnatas:
680 2892 774 2916 tamen
793 2883 821 2922 fi
840 2885 1013 2923 priusquam
1031 2890 1076 2911 res

207 2932 270 2973 ejus
286 2931 337 2961 tibi
354 2927 563 2968 obligarentur,
587 2932 651 2954 cum
671 2924 738 2961 fisco
760 2926 908 2957 contraxit
918 2935 927 2953 .·
945 2922 1075 2965 jttsfifci

208 2972 324 3009 causam
340 2976 422 3000 taam
444 2965 594 3009 praevenit.
618 2966 693 3003 quod
701 2963 729 3000 fi
744 2965 801 3004 1³⁰st
826 2968 961 2997 bonorum
977 2963 1073 3005 [ξμς]

209 3013 409 3054 obligationem
425 3008 583 3040 rationibus
606 3006 672 3036 meis
697 3009 775 3043 caepir
791 3007 840 3045 offe
857 3008 1022 3048 obligatus.⁷>
1041 3007 1073 3036 in

209 3055 271 3094 ejas
287 3056 360 3085 bona
375 3050 461 3092 ceffat
471 3048 660 3091 privilegium
675 3045 752 3085 fisci.
777 3045 889 3080 Tenor
908 3049 996 3087 liujus
1014 3047 1073 3078 Re-

208 3096 315 3135 scripti
334 3094 454 3126 evincit
475 3090 585 3132 procul
609 3087 726 3123 dubim
756 3087 794 3116 ari
820 3087 880 3118 hoc
904 3088 1071 3120 intendiffe

208 3135 397 3176 Ulpianum:
418 3134 469 3164 sed
486 3135 515 3164 in
533 3130 641 3172 primis
656 3128 734 3160 facit
750 3127 844 3164 illud,
857 3128 907 3167 jus
920 3129 985 3165 fisci
1004 3140 1071 3161 cau.

199 3179 268 3220 sam
291 3184 371 3207 tuam
389 3177 542 3214 prce-venit.
568 3181 636 3213 quae
663 3169 732 3202 sunt
759 3167 886 3209 Ulpiani
911 3170 1005 3199 verba
1032 3180 1072 3202 ex

210 3220 275 3253 hoc
291 3216 456 3255 Rescripto
473 3215 585 3257 petita.
1077 3220 1078 3223 ¹

243 3260 323 3295 Huc-
345 3266 444 3299 usque
468 3256 567 3299 priori
599 3252 752 3287 creditori
777 3250 894 3295 profui
911 3249 1075 3292 diligentia

999 141 1536 181 Noeanouu.

1085 233 1320 281 explicationis.
1345 234 1496 273 deinceps
1513 230 1681 272 posteriori
1699 232 1874 265 consulam.
1890 235 1962 264 nam

1085 284 1160 322 curn
1181 284 1318 313 priorem
1329 274 1495 315 posteriori
1512 273 1744 314 praefer03non
1757 275 1962 312 intendo,ob

1087 317 1120 348 1d
1136 316 1262 361 nullum·
1275 315 1335 347 esse
1349 316 1396 356 jus
1407 314 1575 356 sequentis.
1597 323 1719 348 tantum
1738 317 1832 354 nolo,
1854 315 1963 346 secun-

1088 358 1129 405 do
1146 357 1293 388 adversus
1317 358 1471 397 primum,
1497 358 1526 388 &
1552 358 1603 397 qui
1627 358 1666 388 ab
1698 367 1739 389 eo
1755 358 1850 395 emit,
1875 356 1962 388 suum

1087 408 1136 439 Jus
1147 407 1322 445 ‘exerceret
1337 399 1376 430 de
1392 407 1511 430 caetero
1527 408 1599 429 eum
1615 398 1763 430 adversus
1780 407 1893 429 omnes
1911 396 1964 428 ali-

1092 450 1129 471 os
1146 448 1272 480 integro
1293 438 1346 470 suo
1359 440 1427 479 Jure
1451 442 1514 477 uti,
1538 449 1600 470 non
1629 439 1739 471 recuso
1756 440 1776 470 l.
1798 448 1842 470 12*
1860 448 1905 479 pr.
1926 438 1963 473 ἐξ)

1093 481 1122 524 §.
1138 491 1166 520 7.
1186 480 1227 511 D.
1250 479 1313 527 ῼμί
1327 487 1385 519 pot.
1406 483 1434 512 in
1447 483 1530 527 pigri.
1551 482 1618 521 plus
1635 481 1738 519 addo,
1763 481 1860 512 licere
1880 481 1927 516 ei.
1944 480 1964 511 si

1094 523 1205 561 volet,
1219 530 1359 568 priorem
1368 523 1560 553 creditorem
1572 522 1620 553 sua
1632 523 1764 562 pecunia
1785 521 1964 553 dimittere:

1095 573 1202 611 eoque
1222 573 1272 604 jus
1296 562 1380 592 suum
1405 562 1610 602 confirmare,
1636 563 1665 595 ἃ
1693 565 1723 595 in
1749 564 1828 594 illius
1859 563 1967 595 locum

1095 605 1164 652 ipso
1178 614 1246 646 jure
1265 604 1449 635 succedere:
1473 606 1614 642 quamvis
1641 606 1680 636 de
1699 615 1739 636 eo
1757 604 1832 636 nihil
1849 613 1966 635 conve.

1097 656 1189 680 nerit.
1224 645 1297 676 Huc
1323 654 1374 675 me
1402 646 1489 675 ducit
1514 643 1644 684 sequens
1661 645 1815 677 Severi&
1833 645 1968 677 Antoni-

1098 690 1128 721 ni
1150 688 1349 726 Rescriptum
1366 685 1404 716 ad
1422 685 1602 716 Secundum
1618 686 1636 716 l.
1660 696 1683 718 ι.
1702 687 1734 718 C.
1756 689 1784 718 d.
1801 694 1820 717 t.
1843 686 1906 730 Qui
1919 688 1965 726 pi-

1094 740 1173 773 gnus
1189 730 1308 766 secundo
1331 728 1388 758 loco
1411 727 1538 766 accepit,
1563 728 1605 757 ita
1621 727 1671 767 jus
1689 734 1778 766 suam
1796 733 1965 768 confirmare

1093 769 1199 814 potest,
1218 768 1348 808 fipriori
1370 769 1502 798 creditori
1527 768 1651 798 debitam
1662 770 1814 808 pecuniam
1830 771 1964 805 solverit,—

1098 820 1152 845 αυτ
1169 822 1232 843 cum
1248 809 1407 849 obtuliffet‚
1425 811 1505 850 isque
1521 810 1646 848 accipere
1671 809 1798 849 noluiffct
1810 834 1818 847 ,
1843 820 1904 842 cam
1922 812 1967 840 ob-

1091 854 1245 895 signavit,
1264 851 1299 886 δέ]
1315 852 1462 891 deposuit,
1479 860 1530 882 nec
1547 851 1578 880 in
1589 853 1656 883 ulus
1669 851 1734 887 suos
1744 853 1889 882 convertit.
1915 851 1968 882 Sic

1100 898 1160 930 illi:
1186 903 1305 933 eosque
1329 893 1477 932 sequutus
1504 891 1683 923 Alexander
1705 891 1723 921 l.
1743 901 1771 930 5.
1794 891 1825 921 C.
1841 893 1898 922 eod.
1918 894 1966 923 tit.

1100 937 1284 971 Marcianus
1308 943 1437 974 quoque
1461 935 1486 965 d.
1512 933 1530 964 l.
1559 941 1602 964 12.
1621 931 1647 973 §.
1664 936 1693 963 6.
1711 932 1774 963 hoc
1793 932 1822 962 in
1846 939 1969 963 tantum

1100 980 1216 1022 probat
1229 984 1284 1016 :tut
1302 985 1363 1015 prae
1385 976 1413 1006 se
1431 974 1532 1013 ferat,
1549 973 1647 1005 soluta
1672 983 1688 1004 a
1706 972 1881 1013 posteriore
1905 981 1975 1003 cre-

1101 1023 1208 1054 ditore
1227 1017 1360 1062 pecunia
1385 1017 1482 1058 priori
1501 1015 1626 1053 debita,
1651 1024 1716 1046 rem
1736 1014 1852 1054 priori,
1876 1015 1973 1045 etiam

1101 1063 1203 1095 invito
1223 1060 1368 1091 debitore
1384 1082 1394 1098 ‚
1419 1057 1519 1088 teneri
1545 1064 1607 1088 tam
1632 1057 1662 1087 in
1692 1055 1797 1092 suum,
1822 1064 1914 1094 quam
1941 1056 1973 1086 iu

1103 1102 1197 1145 primi
1226 1101 1397 1133 creditoris
1425 1099 1567 1130 debitum
1586 1122 1595 1134 ,
1635 1099 1662 1128 dt
1689 1099 1719 1128 in
1754 1097 1853 1128 usuras
1886 1096 1972 1134 suas,

1102 1147 1132 1178 ὅτ,
1156 1154 1234 1186 quas
1261 1142 1356 1182 priori
1384 1140 1486 1172 solvit.
1510 1139 1615 1171 saltem
1640 1138 1759 1179 excipit
1780 1138 1880 1169 usuras
1906 1137 1974 1168 usu-

1102 1196 1204 1220 rarum
1237 1183 1332 1225 priori
1359 1182 1526 1213 solutarum
1548 1192 1555 1211 :
1589 1181 1642 1212 has
1668 1181 1751 1211 enim
1779 1187 1873 1220 negat
1899 1188 1974 1211 eum

1104 1226 1274 1267 consequi:
1294 1222 1443 1265 praefatus
1455 1247 1463 1260 ,
1476 1223 1575 1263 magis
1592 1221 1676 1253 suum
1688 1247 1694 1257 ,
1708 1231 1800 1261 quarn
1823 1221 1950 1251 alterius
1962 1216 1994 1258 ‚‘

1104 1270 1268 1310 negotium
1294 1264 1437 1306 gesfiffe:
1464 1263 1629 1305 aequiffima
1659 1262 1780 1295 ratione
1804 1271 1897 1302 quam
1923 1261 1973 1292 lib.

1105 1321 1134 1343 2.
1160 1310 1205 1341 De
1224 1311 1327 1347 soenor.
1356 1306 1392 1340 &²
1416 1307 1493 1345 usur.
1518 1315 1540 1335 c.
1573 1314 1616 1336 ιι.
1644 1305 1742 1342 dedi,
1776 1305 1801 1334 ἃ
1830 1304 1977 1339 elegante

1105 1351 1215 1384 ornavi
1239 1349 1346 1381 fabula
1368 1346 1498 1386 AEsopia
1521 1355 1590 1386 quae
1614 1346 1658 1376 est
1689 1346 1772 1385 apud
1808 1344 1977 1375 Phaedrum

1106 1395 1152 1425 lib.
1175 1392 1279 1431 1.fab.
1298 1400 1324 1427 2.
1368 1389 1429 1419 Sed
1452 1389 1550 1419 redeo
1576 1389 1613 1417 ad
1632 1389 1659 1417 d.
1679 1387 1696 1417 l.
1719 1395 1741 1417 1.
1763 1395 1802 1416 ex
1830 1395 1888 1424 qua
1908 1394 1979 1415 mo-

1106 1436 1149 1467 do
1176 1433 1266 1465 attuli
1293 1430 1493 1469 Rescriptum
1528 1428 1635 1460 Severi
1664 1429 1691 1459 &
1722 1426 1871 1458 Antonini
1916 1435 1977 1457 nec

1106 1474 1183 1508 mihi
1207 1482 1373 1513 tempero,
1398 1481 1438 1502 ne
1464 1477 1634 1506 annotem,
1659 1468 1741 1509 ipsos
1766 1468 1825 1499 hos
1844 1467 1980 1508 Impera-

1107 1525 1195 1549 tores
1214 1518 1245 1547 in
1261 1515 1279 1545 Ι.
1302 1522 1326 1545 1.
1340 1513 1371 1544 C,
1389 1513 1421 1542 de
1437 1513 1479 1542 his
1496 1512 1547 1551 qai
1557 1512 1586 1540 in
1601 1511 1690 1549 prior.
1711 1511 1810 1539 credit.
1833 1509 1883 1539 loc.
1903 1517 1978 1540 curn

1107 1558 1324 1591 meminerunt
1341 1551 1590 1585 Constitutionis
1603 1574 1610 1587 ‚
1636 1551 1699 1580 hoc
1718 1549 1918 1590 Rescriptum
1935 1559 1976 1579 eo

1107 1599 1238 1632 nomine
1258 1595 1432 1637 indigitare.
1454 1592 1550 1624 fuerit
1570 1592 1646 1622 utile
1663 1593 1692 1622 id
1709 1590 1886 1623 observari:
1907 1591 1979 1628 quia

1105 1641 1147 1674 fic
1163 1637 1367 1679 intelligitur,
1385 1646 1441 1668 eos
1457 1635 1544 1665 nolle
1563 1632 1699 1673 superius
1722 1631 1916 1671 Rescriptum
1938 1630 1984 1662 in-

1106 1681 1249 1714 distincte
1273 1677 1413 1711 exaudiri
1435 1678 1474 1708 de
1501 1674 1586 1706 omni
1604 1674 1657 1705 illo
1680 1674 1764 1714 cujus
1783 1671 1914 1713 pecunia
1937 1672 1983 1703 di-

1107 1723 1212 1757 missus
1229 1721 1264 1753 fit
1283 1719 1369 1760 prior
1386 1718 1528 1750 creditor
1562 1716 1636 1755 quin
1662 1716 1763 1750 velle,
1790 1717 1818 1745 ld
1840 1714 1983 1754 restringi

1109 1767 1189 1797 intra
1208 1761 1377 1795 secundum
1396 1759 1588 1791 creditorem
1602 1756 1856 1798 pigneratirium:
1876 1758 1984 1794 priore

1112 1808 1176 1846 eius
1201 1803 1336 1845 pecunia
1365 1800 1497 1833 dim1ss'o.
1524 1799 1563 1830 Et
1591 1808 1681 1829 iere:
1707 1807 1776 1829 nam
1793 1796 1984 1828 nominatim

1115 1847 1257 1888 loquitur
1274 1846 1313 1877 de
1331 1853 1371 1874 eo
1388 1842 1440 1881 oui
1460 1841 1571 1882 pignus
1598 1839 1736 1871 secundo
1755 1840 1828 1869 loco
1845 1840 1984 1874 accepit.

1114 1889 1251 1930 proinde
1268 1886 1380 1917 volunt
1401 1885 1486 1916 hunc
1505 1883 1624 1919 solum,
1648 1881 1666 1912 si
1692 1880 1830 1921 priorem
1848 1881 1987 1910 credito·

1115 1941 1182 1964 rem
1207 1930 1258 1961 sua
1288 1927 1423 1967 pecunia
1450 1923 1619 1959 dimiserit,
1644 1923 1673 1953 in
1699 1923 1764 1963 ejus
1792 1924 1896 1952 locum
1916 1920 1985 1957 ipso

1110 1974 1179 2014 jure
1196 1971 1260 2003 fine
1277 1968 1402 2009 speciali
1422 1967 1513 2007 patro
1527 1965 1712 1996 succedere:
1730 1963 1780 1994 sed
1800 1964 1860 1993 noc
1877 1962 1905 1993 in
1919 1961 1990 1992 aliis

1111 2024 1176 2046 non
1196 2011 1330 2050 servari3
1353 2009 1407 2041 nisi
1431 2006 1608 2046 specialiter
1634 2005 1713 2045 pacti
1742 2004 1815 2035 sint:
1840 2012 1872 2033 ut
1899 2004 1990 2033 idem?

1109 2057 1224 2098 pignus
1242 2054 1288 2085 eis
1307 2052 1484 2091 obligetur,
1500 2048 1529 2079 ἀ
1547 2046 1600 2086 ipsi
1618 2049 1648 2077 in
1669 2047 1773 2077 locum
1792 2045 1858 2083 eius
1876 2043 1985 2075 succe-

1114 2099 1198 2129 dant.
1216 2095 1302 2137 quod
1321 2092 1341 2124 fi
1357 2090 1569 2132 neglexerint:
1587 2088 1748 2119 habebunt
1768 2086 1895 2126 quidem
1917 2094 1990 2125 per-

1116 2138 1254 2170 sonalem
1271 2135 1428 2166 actionem
1449 2132 1549 2163 velex
1568 2138 1701 2168 mutuo,
1720 2129 1769 2160 vel
1781 2128 1988 2168 negotiorum

1119 2179 1281 2219 gestorum
1296 2200 1304 2214 ‚
1328 2173 1475 2206 adversus
1492 2170 1681 2204 debitorem.
1699 2179 1808 2201 verum
1828 2169 1988 2200 actionem

1118 2217 1424 2264 hypothecam-iamin
1436 2225 1484 2247 res
1503 2214 1567 2253 ejus
1587 2221 1651 2243 non
1664 2211 1838 2243 habebunt.
1863 2209 1935 2241 Nec
1944 2216 1988 2240 ta-

1116 2272 1187 2296 men
1207 2262 1251 2293 eis
1268 2261 1322 2300 (ut
1338 2269 1379 2290 ex
1395 2258 1414 2289 l.
1436 2266 1483 2289 10.
1498 2255 1526 2296 §.
1549 2263 1574 2286 1.
1592 2253 1627 2288 ἐπ’)
1645 2254 1664 2284 l.
1689 2257 1733 2284 16.
1752 2253 1799 2284 D.
1818 2252 1852 2282 de
1868 2252 1911 2281 bis
1927 2260 1991 2291 quoe

1115 2307 1146 2336 in
1157 2303 1264 2344 fraud.
1284 2302 1358 2331 cred.
1379 2298 1521 2338 constat)
1545 2295 1755 2336 denegabitur
1771 2293 1853 2324 actio
1870 2292 1989 2324 Paulia-

1117 2356 1166 2378 na.
1191 2351 1344 2384 praeterea
1354 2340 1526 2372 succedunt
1543 2339 1573 2367 in
1586 2336 1784 2376 privilegium
1803 2334 1889 2373 quod
1907 2334 1990 2363 inter

1117 2386 1298 2428 personales
1313 2383 1490 2414 creditores
1502 2379 1646 2410 habuerit
1657 2378 1709 2417 qui
1727 2384 1837 2407 eorum
1855 2371 1991 2413 pecunia

1118 2429 1154 2461 fit
1167 2425 1395 2461 dimissusl.24.
1415 2423 1443 2465 ᾗ,
1456 2432 1484 2463 3.
1503 2421 1550 2452 D.
1571 2422 1603 2450 de
1620 2420 1676 2450 reb.
1695 2413 1991 2455 auhth'adicpoffld-

1118 2471 1138 2502 l.
1158 2479 1187 2501 2.
1208 2468 1249 2499 D.
1262 2469 1294 2498 de
1310 2464 1420 2506 ceffion.
1431 2466 1493 2495 bon.
1508 2469 1630 2493 tantum
1645 2463 1672 2490 in
1689 2459 1755 2498 ejus
1768 2456 1989 2498 hyomhecam

1118 2521 1184 2543 non
1205 2508 1389 2541 succedunt.
1406 2514 1512 2545 eoque
1527 2501 1612 2534 sensu
1623 2501 1670 2532 fas
1690 2498 1735 2530 est
1753 2497 1884 2536 intelligi
1904 2497 1993 2536 quod

1119 2554 1150 2585 in
1168 2553 1195 2583 d.
1215 2552 1234 2583 l.
1256 2559 1280 2582 1.
1301 2549 1332 2580 C.
1349 2549 1382 2578 de
1399 2548 1442 2578 his
1465 2547 1516 2586 qui
1539 2545 1570 2573 in
1580 2543 1673 2582 prior.
1695 2540 1794 2571 credit.
1819 2539 1870 2569 loc.
1894 2537 1993 2568 Seve-

1119 2604 1170 2626 rus
1182 2594 1211 2624 &
1230 2588 1408 2623 Antoninus*
1420 2587 1459 2618 fic
1470 2585 1605 2616 scribunt
1617 2592 1622 2613 :
1634 2583 1705 2614 Non
1715 2581 1827 2611 omnino
1838 2582 1993 2613 succedunt

1122 2638 1154 2666 in
1169 2635 1261 2665 locum
1275 2629 1466 2671 hypothecarii
1481 2625 1626 2657 creditoris
1641 2625 1671 2654 hi
1687 2632 1805 2665 quoram
1817 2622 1942 2662 pecunia
1957 2621 1995 2650 ad

1124 2676 1290 2708 creditorem
1307 2669 1421 2708 transit.

1167 2715 1213 2748 Ut
1235 2724 1275 2745 ex
1291 2722 1350 2744 una
1370 2708 1543 2751 quaestione
1569 2704 1652 2738 nasci
1672 2705 1749 2736 solet
1766 2705 1823 2736 alia
1842 2703 1993 2744 quaestio:

1125 2760 1169 2791 ita
1191 2754 1338 2798 proxime
1364 2750 1600 2787 demonstrato,
1625 2747 1814 2778 creditorem
1843 2753 1993 2782 tempore

1125 2801 1264 2841 priorem
1277 2819 1286 2835 ‚
1303 2793 1479 2836 posteriore
1495 2792 1525 2822 in
1543 2790 1677 2830 pignore
1688 2788 1793 2819 haberi
1813 2786 1995 2827 potiorem:

1119 2842 1234 2874 merito
1244 2846 1354 2878 roge53
1370 2833 1512 2872 Quisnam
1524 2840 1557 2862 ut
1570 2832 1637 2871 jure
1648 2829 1754 2869 p0tior
1765 2828 1799 2859 fit
1810 2851 1819 2865 ‚
1845 2835 1995 2866 ternpore

1118 2885 1203 2924 prior
1213 2880 1276 2912 esse
1292 2877 1495 2917 intelligatur.
1515 2872 1590 2904 Non
1611 2868 1998 2916 utarlongadeliberatio-

1119 2933 1184 2957 ne:
1207 2930 1278 2954 nam
1306 2928 1379 2950 cum
1404 2917 1440 2949 fit
1467 2916 1495 2946 in
1523 2913 1732 2945 antenoribus
1758 2911 1946 2951 probatum,
1979 2916 1997 2937 a

1118 2967 1279 3000 Praetore,
1303 2969 1337 2991 ut
1364 2961 1476 3000 pignus
1492 2956 1547 2994 fit,
1571 2956 1634 2986 duo
1656 2951 1838 2984 desiderari:
1863 2950 1997 2989 primum

1117 3016 1152 3039 ut
1168 3004 1284 3045 aliquid
1309 3001 1344 3033 fit
1368 2999 1510 3032 debitum
1528 3006 1535 3028 ;
1551 2996 1684 3032 deinde,
1709 3001 1743 3024 ut
1761 3002 1818 3033 pro
1836 3002 1875 3023 eo
1894 2991 1929 3021 sit
1945 2989 1999 3020 ali—

1116 3049 1191 3089 quid
1217 3045 1394 3084 obligatum
1420 3041 1459 3072 ab
1486 3049 1526 3070 eo
1550 3038 1636 3077 cujus
1659 3036 1689 3066 in
1716 3033 1808 3065 bonis
1838 3040 1928 3062 erat:
1966 3032 1998 3061 in

1115 3096 1265 3131 promptu
1285 3082 1442 3124 responsio
1454 3081 1517 3117 est,
1543 3087 1688 3118 tempore
1708 3076 1843 3115 priorem
1855 3071 1972 3102 censeri
1985 3094 1995 3109 ,

1118 3141 1183 3163 non
1202 3129 1255 3170 qui
1275 3124 1441 3167 pecuniam
1460 3124 1545 3163 prior
1567 3119 1723 3156 credidit,
1756 3122 1808 3146 aut
1835 3113 1997 3154 hypothe-

1117 3183 1187 3204 cam
1199 3170 1285 3212 prior
1304 3168 1450 3206 accepit:
1475 3163 1526 3194 sed
1543 3161 1594 3202 qui
1615 3165 1784 3197 utrumque
1806 3156 1889 3194 prius
1907 3154 1997 3185 fecit.

1118 3213 1194 3245 Hoc
1212 3212 1295 3243 ultro
1313 3216 1448 3240 certum.
1474 3204 1524 3235 sed
1543 3202 1618 3242 quid
1636 3206 1742 3234 vetat,
1762 3194 1997 3227 firmamentum

1117 3255 1186 3294 peti
1202 3263 1222 3285 a·
1237 3251 1323 3291 Gajo
1336 3250 1356 3282 l.
1369 3247 1479 3282 11.⁷D.
1499 3242 1670 3288 Qiporior.
1687 3240 1719 3272 in
1729 3239 1812 3283 pign.
1831 3247 1903 3270 cum
1920 3245 2000 3308 psrg³
