<?xml version="1.0" encoding="UTF-8"?>
<!DOCTYPE html PUBLIC "-//W3C//DTD XHTML 1.0 Transitional//EN"
    "http://www.w3.org/TR/xhtml1/DTD/xhtml1-transitional.dtd">
<html xmlns="http://www.w3.org/1999/xhtml" xml:lang="en" lang="en">
 <head>
  <title>
</title>
<meta http-equiv="Content-Type" content="text/html;charset=utf-8" />
  <meta name='ocr-system' content='tesseract 3.04.00' />
  <meta name='ocr-capabilities' content='ocr_page ocr_carea ocr_par ocr_line ocrx_word'/>
</head>
<body>
  <div class='ocr_page' id='page_1' title='image "./gerardinoodtnovi00nood_0270.png"; bbox 0 0 2052 3487; ppageno 0'>
   <div class='ocr_carea' id='block_1_1' title="bbox 205 85 278 119">
    <p class='ocr_par' dir='ltr' id='par_1_1' title="bbox 205 85 278 119">
     <span class='ocr_line' id='line_1_1' title="bbox 205 85 278 119; baseline 0 0"><span class='ocrx_word' id='word_1_1' title='bbox 205 85 278 119; x_wconf 78' lang='lat'>244</span> 
     </span>
    </p>
   </div>
   <div class='ocr_carea' id='block_1_2' title="bbox 193 153 1081 1407">
    <p class='ocr_par' dir='ltr' id='par_1_2' title="bbox 193 153 1081 1407">
     <span class='ocr_line' id='line_1_2' title="bbox 205 153 1080 205; baseline -0.015 -9"><span class='ocrx_word' id='word_1_2' title='bbox 205 163 235 205; x_wconf 60' lang='grc' dir='ltr'>ἓ.</span> <span class='ocrx_word' id='word_1_3' title='bbox 255 173 284 195; x_wconf 82' lang='lat'>2.</span> <span class='ocrx_word' id='word_1_4' title='bbox 308 165 338 195; x_wconf 85' lang='lat' dir='ltr'>in</span> <span class='ocrx_word' id='word_1_5' title='bbox 349 160 412 203; x_wconf 85' lang='lat' dir='ltr'>fine</span> <span class='ocrx_word' id='word_1_6' title='bbox 429 159 462 191; x_wconf 87' lang='lat' dir='ltr'>C.</span> <span class='ocrx_word' id='word_1_7' title='bbox 480 160 513 190; x_wconf 86' lang='lat' dir='ltr'>de</span> <span class='ocrx_word' id='word_1_8' title='bbox 533 156 635 197; x_wconf 75' lang='lat' dir='ltr'>Rapta</span> <span class='ocrx_word' id='word_1_9' title='bbox 652 153 814 197; x_wconf 80' lang='lat' dir='ltr'>Virginum</span> <span class='ocrx_word' id='word_1_10' title='bbox 826 154 918 195; x_wconf 82' lang='lat' dir='ltr'>jubet</span> <span class='ocrx_word' id='word_1_11' title='bbox 933 177 943 193; x_wconf 95' lang='lat'>,</span> <span class='ocrx_word' id='word_1_12' title='bbox 966 154 1080 185; x_wconf 75' lang='lat' dir='ltr'>Paron·</span> 
     </span>
     <span class='ocr_line' id='line_1_3' title="bbox 208 194 1081 245; baseline -0.013 -9"><span class='ocrx_word' id='word_1_13' title='bbox 208 212 250 236; x_wconf 77' lang='lat' dir='ltr'>tes</span> <span class='ocrx_word' id='word_1_14' title='bbox 264 214 387 245; x_wconf 81' lang='lat' dir='ltr'>quorum</span> <span class='ocrx_word' id='word_1_15' title='bbox 401 201 525 233; x_wconf 79' lang='lat' dir='ltr'><strong><em>maxime</em></strong></span> <span class='ocrx_word' id='word_1_16' title='bbox 542 197 678 230; x_wconf 67' lang='lat' dir='ltr'>vindiciae</span> <span class='ocrx_word' id='word_1_17' title='bbox 693 200 851 233; x_wconf 73' lang='lat' dir='ltr'>intererat,</span> <span class='ocrx_word' id='word_1_18' title='bbox 866 194 895 233; x_wconf 80' lang='lat' dir='ltr'><em>fi</em></span> <span class='ocrx_word' id='word_1_19' title='bbox 907 196 1081 236; x_wconf 72' lang='lat' dir='ltr'>patientium</span> 
     </span>
     <span class='ocr_line' id='line_1_4' title="bbox 201 236 1080 287; baseline -0.013 -10"><span class='ocrx_word' id='word_1_20' title='bbox 201 247 396 287; x_wconf 78' lang='lat' dir='ltr'>prcebuerinc‚</span> <span class='ocrx_word' id='word_1_21' title='bbox 422 252 455 273; x_wconf 80' lang='lat' dir='ltr'>cic</span> <span class='ocrx_word' id='word_1_22' title='bbox 470 241 591 271; x_wconf 77' lang='lat' dir='ltr'>dolorem</span> <span class='ocrx_word' id='word_1_23' title='bbox 607 239 782 279; x_wconf 71' lang='lat' dir='ltr'><em>remiserint,</em></span> <span class='ocrx_word' id='word_1_24' title='bbox 809 238 964 277; x_wconf 76' lang='lat' dir='ltr'>deportari.</span> <span class='ocrx_word' id='word_1_25' title='bbox 1008 236 1080 268; x_wconf 79' lang='lat' dir='ltr'>Nec</span> 
     </span>
     <span class='ocr_line' id='line_1_5' title="bbox 207 277 1081 320; baseline -0.011 -2"><span class='ocrx_word' id='word_1_26' title='bbox 207 295 313 318; x_wconf 84' lang='lat' dir='ltr'>tamen</span> <span class='ocrx_word' id='word_1_27' title='bbox 330 284 441 316; x_wconf 80' lang='lat' dir='ltr'><strong>desunt</strong></span> <span class='ocrx_word' id='word_1_28' title='bbox 458 282 510 320; x_wconf 84' lang='lat' dir='ltr'>qui</span> <span class='ocrx_word' id='word_1_29' title='bbox 530 290 569 313; x_wconf 89' lang='lat' dir='ltr'>ne</span> <span class='ocrx_word' id='word_1_30' title='bbox 590 281 670 311; x_wconf 83' lang='lat' dir='ltr'>hanc</span> <span class='ocrx_word' id='word_1_31' title='bbox 689 280 818 319; x_wconf 84' lang='lat' dir='ltr'>quidem</span> <span class='ocrx_word' id='word_1_32' title='bbox 842 277 948 310; x_wconf 83' lang='lat' dir='ltr'>ferant</span> <span class='ocrx_word' id='word_1_33' title='bbox 964 287 1081 317; x_wconf 80' lang='lat' dir='ltr'>excep-</span> 
     </span>
     <span class='ocr_line' id='line_1_6' title="bbox 207 317 1080 364; baseline -0.009 -6"><span class='ocrx_word' id='word_1_34' title='bbox 207 328 355 358; x_wconf 83' lang='lat' dir='ltr'>tionem:</span> <span class='ocrx_word' id='word_1_35' title='bbox 387 325 474 364; x_wconf 82' lang='lat' dir='ltr'>quod</span> <span class='ocrx_word' id='word_1_36' title='bbox 498 330 610 364; x_wconf 82' lang='lat' dir='ltr'>putant</span> <span class='ocrx_word' id='word_1_37' title='bbox 629 344 638 360; x_wconf 91' lang='lat'>,</span> <span class='ocrx_word' id='word_1_38' title='bbox 669 321 752 352; x_wconf 87' lang='lat' dir='ltr'>aliud</span> <span class='ocrx_word' id='word_1_39' title='bbox 778 319 840 351; x_wconf 82' lang='lat' dir='ltr'>effe</span> <span class='ocrx_word' id='word_1_40' title='bbox 858 342 867 358; x_wconf 88' lang='lat'>,</span> <span class='ocrx_word' id='word_1_41' title='bbox 894 322 1001 361; x_wconf 75' lang='lat' dir='ltr'>pacisci</span> <span class='ocrx_word' id='word_1_42' title='bbox 1029 317 1080 350; x_wconf 83' lang='lat' dir='ltr'>vel</span> 
     </span>
     <span class='ocr_line' id='line_1_7' title="bbox 209 361 1081 408; baseline -0.009 -9"><span class='ocrx_word' id='word_1_43' title='bbox 209 369 368 408; x_wconf 73' lang='lat' dir='ltr'><em>transigere</em></span> <span class='ocrx_word' id='word_1_44' title='bbox 384 366 475 405; x_wconf 87' lang='lat' dir='ltr'>super</span> <span class='ocrx_word' id='word_1_45' title='bbox 502 363 705 395; x_wconf 71' lang='lat' dir='ltr'>accusatione</span> <span class='ocrx_word' id='word_1_46' title='bbox 732 361 874 402; x_wconf 72' lang='lat' dir='ltr'>Raptusz</span> <span class='ocrx_word' id='word_1_47' title='bbox 897 362 1001 399; x_wconf 76' lang='lat' dir='ltr'>aliud,</span> <span class='ocrx_word' id='word_1_48' title='bbox 1024 362 1081 391; x_wconf 89' lang='lat' dir='ltr'>do-</span> 
     </span>
     <span class='ocr_line' id='line_1_8' title="bbox 205 403 1079 448; baseline -0.009 -8"><span class='ocrx_word' id='word_1_49' title='bbox 205 410 276 441; x_wconf 82' lang='lat' dir='ltr'>lore</span> <span class='ocrx_word' id='word_1_50' title='bbox 293 418 386 448; x_wconf 77' lang='lat' dir='ltr'>quem</span> <span class='ocrx_word' id='word_1_51' title='bbox 405 406 525 447; x_wconf 85' lang='lat' dir='ltr'>Raptus</span> <span class='ocrx_word' id='word_1_52' title='bbox 546 404 652 436; x_wconf 83' lang='lat' dir='ltr'>attulit</span> <span class='ocrx_word' id='word_1_53' title='bbox 669 427 679 442; x_wconf 90' lang='lat'>,</span> <span class='ocrx_word' id='word_1_54' title='bbox 702 403 849 441; x_wconf 80' lang='lat' dir='ltr'>remiffo,</span> <span class='ocrx_word' id='word_1_55' title='bbox 874 404 1079 442; x_wconf 81' lang='lat' dir='ltr'>permittere,</span> 
     </span>
     <span class='ocr_line' id='line_1_9' title="bbox 203 442 1078 490; baseline -0.008 -9"><span class='ocrx_word' id='word_1_56' title='bbox 203 458 240 481; x_wconf 89' lang='lat' dir='ltr'>ut</span> <span class='ocrx_word' id='word_1_57' title='bbox 256 458 344 490; x_wconf 86' lang='lat' dir='ltr'>rapta</span> <span class='ocrx_word' id='word_1_58' title='bbox 359 458 432 480; x_wconf 90' lang='lat' dir='ltr'>cum</span> <span class='ocrx_word' id='word_1_59' title='bbox 449 454 578 488; x_wconf 84' lang='lat' dir='ltr'>raptore</span> <span class='ocrx_word' id='word_1_60' title='bbox 596 453 739 484; x_wconf 78' lang='lat' dir='ltr'>maneat,</span> <span class='ocrx_word' id='word_1_61' title='bbox 763 447 858 484; x_wconf 87' lang='lat' dir='ltr'>eique</span> <span class='ocrx_word' id='word_1_62' title='bbox 875 444 984 475; x_wconf 84' lang='lat' dir='ltr'>nubat.</span> <span class='ocrx_word' id='word_1_63' title='bbox 1015 442 1078 474; x_wconf 86' lang='lat' dir='ltr'>Sed</span> 
     </span>
     <span class='ocr_line' id='line_1_10' title="bbox 202 485 1078 531; baseline -0.009 -8"><span class='ocrx_word' id='word_1_64' title='bbox 202 498 338 528; x_wconf 78' lang='lat' dir='ltr'>metim,</span> <span class='ocrx_word' id='word_1_65' title='bbox 360 500 401 522; x_wconf 89' lang='lat' dir='ltr'>ne</span> <span class='ocrx_word' id='word_1_66' title='bbox 426 490 479 531; x_wconf 87' lang='lat' dir='ltr'>qui</span> <span class='ocrx_word' id='word_1_67' title='bbox 504 488 546 520; x_wconf 87' lang='lat' dir='ltr'>fic</span> <span class='ocrx_word' id='word_1_68' title='bbox 569 487 733 525; x_wconf 88' lang='lat' dir='ltr'>sentiunt,</span> <span class='ocrx_word' id='word_1_69' title='bbox 757 495 816 527; x_wconf 89' lang='lat' dir='ltr'>pro</span> <span class='ocrx_word' id='word_1_70' title='bbox 843 495 921 517; x_wconf 87' lang='lat' dir='ltr'>vero</span> <span class='ocrx_word' id='word_1_71' title='bbox 947 485 1078 516; x_wconf 74' lang='lat' dir='ltr'>nebulas</span> 
     </span>
     <span class='ocr_line' id='line_1_11' title="bbox 203 526 1078 573; baseline -0.008 -10"><span class='ocrx_word' id='word_1_72' title='bbox 203 532 460 573; x_wconf 74' lang='lat' dir='ltr'>amplectamur:</span> <span class='ocrx_word' id='word_1_73' title='bbox 493 529 522 561; x_wconf 70' lang='grc' dir='ltr'>ὅ(</span> <span class='ocrx_word' id='word_1_74' title='bbox 547 530 609 568; x_wconf 80' lang='lat' dir='ltr'>jam</span> <span class='ocrx_word' id='word_1_75' title='bbox 633 527 732 559; x_wconf 85' lang='lat' dir='ltr'>visum</span> <span class='ocrx_word' id='word_1_76' title='bbox 760 527 905 559; x_wconf 89' lang='lat' dir='ltr'>Arnoldo</span> <span class='ocrx_word' id='word_1_77' title='bbox 930 526 1050 557; x_wconf 88' lang='lat' dir='ltr'>Vinnio</span> <span class='ocrx_word' id='word_1_78' title='bbox 1068 547 1078 564; x_wconf 91' lang='lat'>,</span> 
     </span>
     <span class='ocr_line' id='line_1_12' title="bbox 204 568 1078 610; baseline -0.01 -3"><span class='ocrx_word' id='word_1_79' title='bbox 204 574 244 607; x_wconf 86' lang='lat' dir='ltr'>V.</span> <span class='ocrx_word' id='word_1_80' title='bbox 270 573 331 609; x_wconf 86' lang='lat' dir='ltr'>CL.</span> <span class='ocrx_word' id='word_1_81' title='bbox 358 573 405 605; x_wconf 90' lang='lat' dir='ltr'>De</span> <span class='ocrx_word' id='word_1_82' title='bbox 423 570 679 604; x_wconf 69' lang='lat' dir='ltr'>Transaftionibus</span> <span class='ocrx_word' id='word_1_83' title='bbox 702 576 763 610; x_wconf 82' lang='lat' dir='ltr'>cup.</span> <span class='ocrx_word' id='word_1_84' title='bbox 783 578 854 600; x_wconf 84' lang='lat' dir='ltr'>vti.</span> <span class='ocrx_word' id='word_1_85' title='bbox 878 568 906 609; x_wconf 55' lang='grc' dir='ltr'>ᾗ.</span> <span class='ocrx_word' id='word_1_86' title='bbox 926 577 972 605; x_wconf 86' lang='lat'>19-</span> <span class='ocrx_word' id='word_1_87' title='bbox 996 568 1078 599; x_wconf 77' lang='lat' dir='ltr'>hanc</span> 
     </span>
     <span class='ocr_line' id='line_1_13' title="bbox 201 611 1077 657; baseline -0.008 -10"><span class='ocrx_word' id='word_1_88' title='bbox 201 615 291 657; x_wconf 85' lang='lat' dir='ltr'>parvi</span> <span class='ocrx_word' id='word_1_89' title='bbox 315 615 456 655; x_wconf 87' lang='lat' dir='ltr'>pendere</span> <span class='ocrx_word' id='word_1_90' title='bbox 475 611 732 654; x_wconf 75' lang='lat' dir='ltr'>responsionem,</span> <span class='ocrx_word' id='word_1_91' title='bbox 757 611 919 651; x_wconf 71' lang='lat' dir='ltr'>magisque</span> <span class='ocrx_word' id='word_1_92' title='bbox 937 616 1049 649; x_wconf 81' lang='lat' dir='ltr'>putare</span> <span class='ocrx_word' id='word_1_93' title='bbox 1067 631 1077 644; x_wconf 87' lang='lat'>,</span> 
     </span>
     <span class='ocr_line' id='line_1_14' title="bbox 199 651 1077 698; baseline -0.009 -9"><span class='ocrx_word' id='word_1_94' title='bbox 199 657 375 698; x_wconf 85' lang='lat' dir='ltr'>improbari</span> <span class='ocrx_word' id='word_1_95' title='bbox 393 657 522 697; x_wconf 83' lang='lat' dir='ltr'>quidem</span> <span class='ocrx_word' id='word_1_96' title='bbox 541 664 557 685; x_wconf 92' lang='lat' dir='ltr'>a</span> <span class='ocrx_word' id='word_1_97' title='bbox 573 653 747 693; x_wconf 77' lang='lat' dir='ltr'>justiniano</span> <span class='ocrx_word' id='word_1_98' title='bbox 766 651 1008 683; x_wconf 62' lang='lat' dir='ltr'>transactionem</span> <span class='ocrx_word' id='word_1_99' title='bbox 1025 660 1077 690; x_wconf 81' lang='lat' dir='ltr'>pa-</span> 
     </span>
     <span class='ocr_line' id='line_1_15' title="bbox 200 692 1078 737; baseline -0.01 -6"><span class='ocrx_word' id='word_1_100' title='bbox 200 699 426 737; x_wconf 58' lang='lat' dir='ltr'>ctionemque,</span> <span class='ocrx_word' id='word_1_101' title='bbox 449 697 470 729; x_wconf 86' lang='lat' dir='ltr'>si</span> <span class='ocrx_word' id='word_1_102' title='bbox 493 705 588 737; x_wconf 85' lang='lat' dir='ltr'>quam</span> <span class='ocrx_word' id='word_1_103' title='bbox 613 695 728 736; x_wconf 69' lang='lat' dir='ltr'>puellae</span> <span class='ocrx_word' id='word_1_104' title='bbox 750 701 898 733; x_wconf 81' lang='lat' dir='ltr'>parentes</span> <span class='ocrx_word' id='word_1_105' title='bbox 920 701 992 724; x_wconf 90' lang='lat' dir='ltr'>cum</span> <span class='ocrx_word' id='word_1_106' title='bbox 1012 692 1078 731; x_wconf 79' lang='lat' dir='ltr'>ejus</span> 
     </span>
     <span class='ocr_line' id='line_1_16' title="bbox 198 734 1076 781; baseline -0.009 -8"><span class='ocrx_word' id='word_1_107' title='bbox 198 750 330 781; x_wconf 82' lang='lat' dir='ltr'>raptore</span> <span class='ocrx_word' id='word_1_108' title='bbox 347 739 491 771; x_wconf 82' lang='lat' dir='ltr'>faciant:</span> <span class='ocrx_word' id='word_1_109' title='bbox 521 737 574 769; x_wconf 87' lang='lat' dir='ltr'>sed</span> <span class='ocrx_word' id='word_1_110' title='bbox 596 737 628 767; x_wconf 86' lang='lat' dir='ltr'>id</span> <span class='ocrx_word' id='word_1_111' title='bbox 650 736 693 767; x_wconf 90' lang='lat' dir='ltr'>nil</span> <span class='ocrx_word' id='word_1_112' title='bbox 720 735 845 767; x_wconf 82' lang='lat' dir='ltr'>obstare</span> <span class='ocrx_word' id='word_1_113' title='bbox 859 757 870 772; x_wconf 90' lang='lat'>,</span> <span class='ocrx_word' id='word_1_114' title='bbox 892 743 957 774; x_wconf 82' lang='lat' dir='ltr'>quo</span> <span class='ocrx_word' id='word_1_115' title='bbox 975 734 1076 765; x_wconf 88' lang='lat' dir='ltr'>minus</span> 
     </span>
     <span class='ocr_line' id='line_1_17' title="bbox 200 776 1078 818; baseline -0.01 -4"><span class='ocrx_word' id='word_1_116' title='bbox 200 791 372 814; x_wconf 79' lang='lat' dir='ltr'>extraneus</span> <span class='ocrx_word' id='word_1_117' title='bbox 390 779 555 812; x_wconf 82' lang='lat' dir='ltr'>accusator</span> <span class='ocrx_word' id='word_1_118' title='bbox 573 787 645 809; x_wconf 87' lang='lat' dir='ltr'>cum</span> <span class='ocrx_word' id='word_1_119' title='bbox 664 785 792 818; x_wconf 87' lang='lat' dir='ltr'>raptore</span> <span class='ocrx_word' id='word_1_120' title='bbox 808 776 913 807; x_wconf 81' lang='lat' dir='ltr'>adhue</span> <span class='ocrx_word' id='word_1_121' title='bbox 929 776 1078 816; x_wconf 78' lang='lat' dir='ltr'>transige-</span> 
     </span>
     <span class='ocr_line' id='line_1_18' title="bbox 199 816 1078 863; baseline -0.008 -8"><span class='ocrx_word' id='word_1_122' title='bbox 199 834 235 856; x_wconf 84' lang='lat' dir='ltr'>re</span> <span class='ocrx_word' id='word_1_123' title='bbox 260 825 311 854; x_wconf 87' lang='lat' dir='ltr'>vel</span> <span class='ocrx_word' id='word_1_124' title='bbox 339 822 459 863; x_wconf 71' lang='lat' dir='ltr'>pacisci</span> <span class='ocrx_word' id='word_1_125' title='bbox 486 821 572 852; x_wconf 74' lang='lat' dir='ltr'>recte</span> <span class='ocrx_word' id='word_1_126' title='bbox 597 819 701 860; x_wconf 84' lang='lat' dir='ltr'>poffit.</span> <span class='ocrx_word' id='word_1_127' title='bbox 747 819 788 849; x_wconf 78' lang='lat' dir='ltr'>At</span> <span class='ocrx_word' id='word_1_128' title='bbox 806 818 895 858; x_wconf 88' lang='lat' dir='ltr'>quod</span> <span class='ocrx_word' id='word_1_129' title='bbox 914 816 1015 849; x_wconf 82' lang='lat' dir='ltr'>sentio</span> <span class='ocrx_word' id='word_1_130' title='bbox 1033 817 1078 848; x_wconf 80' lang='lat' dir='ltr'>di-</span> 
     </span>
     <span class='ocr_line' id='line_1_19' title="bbox 200 858 1076 902; baseline -0.01 -5"><span class='ocrx_word' id='word_1_131' title='bbox 200 875 294 897; x_wconf 82' lang='lat' dir='ltr'>cam:</span> <span class='ocrx_word' id='word_1_132' title='bbox 325 864 403 895; x_wconf 85' lang='lat' dir='ltr'>nibil</span> <span class='ocrx_word' id='word_1_133' title='bbox 437 862 513 894; x_wconf 88' lang='lat' dir='ltr'>mihi</span> <span class='ocrx_word' id='word_1_134' title='bbox 540 862 645 902; x_wconf 86' lang='lat' dir='ltr'>placet</span> <span class='ocrx_word' id='word_1_135' title='bbox 667 870 708 891; x_wconf 77' lang='lat' dir='ltr'>ex</span> <span class='ocrx_word' id='word_1_136' title='bbox 735 860 782 891; x_wconf 87' lang='lat' dir='ltr'>his</span> <span class='ocrx_word' id='word_1_137' title='bbox 807 869 876 900; x_wconf 80' lang='lat' dir='ltr'>quae</span> <span class='ocrx_word' id='word_1_138' title='bbox 904 869 963 899; x_wconf 87' lang='lat' dir='ltr'>pro</span> <span class='ocrx_word' id='word_1_139' title='bbox 991 858 1076 896; x_wconf 82' lang='lat' dir='ltr'>hac,</span> 
     </span>
     <span class='ocr_line' id='line_1_20' title="bbox 199 902 1075 944; baseline -0.01 -5"><span class='ocrx_word' id='word_1_140' title='bbox 199 915 254 940; x_wconf 77' lang='lat' dir='ltr'>aut</span> <span class='ocrx_word' id='word_1_141' title='bbox 277 907 328 938; x_wconf 83' lang='lat' dir='ltr'>illa</span> <span class='ocrx_word' id='word_1_142' title='bbox 345 929 355 944; x_wconf 85' lang='lat'>,</span> <span class='ocrx_word' id='word_1_143' title='bbox 386 904 581 937; x_wconf 58' lang='lat' dir='ltr'>adferuntur,</span> <span class='ocrx_word' id='word_1_144' title='bbox 598 910 698 943; x_wconf 83' lang='lat' dir='ltr'>parte.</span> <span class='ocrx_word' id='word_1_145' title='bbox 731 902 808 942; x_wconf 83' lang='lat' dir='ltr'>quin</span> <span class='ocrx_word' id='word_1_146' title='bbox 836 910 948 932; x_wconf 85' lang='lat' dir='ltr'>contra</span> <span class='ocrx_word' id='word_1_147' title='bbox 970 908 1050 940; x_wconf 87' lang='lat' dir='ltr'>puto</span> <span class='ocrx_word' id='word_1_148' title='bbox 1066 922 1075 938; x_wconf 95' lang='lat'>,</span> 
     </span>
     <span class='ocr_line' id='line_1_21' title="bbox 201 942 1077 987; baseline -0.009 -7"><span class='ocrx_word' id='word_1_149' title='bbox 201 948 299 980; x_wconf 89' lang='lat' dir='ltr'>verba</span> <span class='ocrx_word' id='word_1_150' title='bbox 316 950 345 980; x_wconf 83' lang='lat' dir='ltr'>d.</span> <span class='ocrx_word' id='word_1_151' title='bbox 363 947 382 978; x_wconf 85' lang='lat' dir='ltr'>l.</span> <span class='ocrx_word' id='word_1_152' title='bbox 404 948 483 981; x_wconf 82' lang='lat' dir='ltr'>unic.</span> <span class='ocrx_word' id='word_1_153' title='bbox 507 945 536 987; x_wconf 85' lang='lat'>§.</span> <span class='ocrx_word' id='word_1_154' title='bbox 554 953 582 977; x_wconf 86' lang='lat'>2.</span> <span class='ocrx_word' id='word_1_155' title='bbox 608 946 639 975; x_wconf 84' lang='lat' dir='ltr'>in</span> <span class='ocrx_word' id='word_1_156' title='bbox 650 943 713 984; x_wconf 82' lang='lat' dir='ltr'>fine</span> <span class='ocrx_word' id='word_1_157' title='bbox 731 943 769 975; x_wconf 85' lang='lat' dir='ltr'>ad</span> <span class='ocrx_word' id='word_1_158' title='bbox 789 942 995 982; x_wconf 72' lang='lat' dir='ltr'>quaestionem</span> <span class='ocrx_word' id='word_1_159' title='bbox 1016 950 1077 981; x_wconf 82' lang='lat' dir='ltr'>qua</span> 
     </span>
     <span class='ocr_line' id='line_1_22' title="bbox 201 984 1076 1031; baseline -0.011 -9"><span class='ocrx_word' id='word_1_160' title='bbox 201 991 242 1022; x_wconf 91' lang='lat' dir='ltr'>de</span> <span class='ocrx_word' id='word_1_161' title='bbox 258 990 398 1031; x_wconf 76' lang='lat' dir='ltr'>egimus,</span> <span class='ocrx_word' id='word_1_162' title='bbox 423 987 555 1019; x_wconf 83' lang='lat' dir='ltr'>minime</span> <span class='ocrx_word' id='word_1_163' title='bbox 572 987 743 1027; x_wconf 88' lang='lat' dir='ltr'>pertinere.</span> <span class='ocrx_word' id='word_1_164' title='bbox 787 984 863 1016; x_wconf 90' lang='lat' dir='ltr'>Non</span> <span class='ocrx_word' id='word_1_165' title='bbox 880 984 964 1014; x_wconf 89' lang='lat' dir='ltr'>enim</span> <span class='ocrx_word' id='word_1_166' title='bbox 992 992 1076 1014; x_wconf 85' lang='lat' dir='ltr'>nunc</span> 
     </span>
     <span class='ocr_line' id='line_1_23' title="bbox 199 1025 1075 1073; baseline -0.011 -9"><span class='ocrx_word' id='word_1_167' title='bbox 199 1035 370 1073; x_wconf 84' lang='lat' dir='ltr'>quaerimus</span> <span class='ocrx_word' id='word_1_168' title='bbox 390 1053 399 1067; x_wconf 92' lang='lat'>,</span> <span class='ocrx_word' id='word_1_169' title='bbox 429 1039 466 1060; x_wconf 86' lang='lat' dir='ltr'>an</span> <span class='ocrx_word' id='word_1_170' title='bbox 493 1028 660 1060; x_wconf 78' lang='lat' dir='ltr'>accusator</span> <span class='ocrx_word' id='word_1_171' title='bbox 692 1027 732 1058; x_wconf 88' lang='lat' dir='ltr'>de</span> <span class='ocrx_word' id='word_1_172' title='bbox 763 1026 890 1066; x_wconf 78' lang='lat' dir='ltr'>capitali</span> <span class='ocrx_word' id='word_1_173' title='bbox 916 1025 1075 1063; x_wconf 88' lang='lat' dir='ltr'>crimine,</span> 
     </span>
     <span class='ocr_line' id='line_1_24' title="bbox 196 1067 1076 1115; baseline -0.01 -10"><span class='ocrx_word' id='word_1_174' title='bbox 196 1074 290 1115; x_wconf 86' lang='lat' dir='ltr'>quale</span> <span class='ocrx_word' id='word_1_175' title='bbox 316 1072 361 1104; x_wconf 89' lang='lat' dir='ltr'>est</span> <span class='ocrx_word' id='word_1_176' title='bbox 388 1071 509 1113; x_wconf 84' lang='lat' dir='ltr'>Raptus</span> <span class='ocrx_word' id='word_1_177' title='bbox 535 1069 724 1111; x_wconf 80' lang='lat' dir='ltr'>virginum,</span> <span class='ocrx_word' id='word_1_178' title='bbox 755 1069 886 1107; x_wconf 87' lang='lat' dir='ltr'>impune</span> <span class='ocrx_word' id='word_1_179' title='bbox 903 1067 1076 1107; x_wconf 74' lang='lat' dir='ltr'>transigere</span> 
     </span>
     <span class='ocr_line' id='line_1_25' title="bbox 194 1110 1072 1156; baseline -0.011 -9"><span class='ocrx_word' id='word_1_180' title='bbox 194 1116 247 1147; x_wconf 82' lang='lat' dir='ltr'>vel</span> <span class='ocrx_word' id='word_1_181' title='bbox 272 1114 389 1156; x_wconf 83' lang='lat' dir='ltr'>pacisci</span> <span class='ocrx_word' id='word_1_182' title='bbox 418 1113 541 1153; x_wconf 79' lang='lat' dir='ltr'>poffit3</span> <span class='ocrx_word' id='word_1_183' title='bbox 574 1110 626 1142; x_wconf 90' lang='lat' dir='ltr'>sed</span> <span class='ocrx_word' id='word_1_184' title='bbox 658 1120 695 1141; x_wconf 83' lang='lat' dir='ltr'>an</span> <span class='ocrx_word' id='word_1_185' title='bbox 724 1110 755 1143; x_wconf 90' lang='lat' dir='ltr'>id</span> <span class='ocrx_word' id='word_1_186' title='bbox 780 1119 835 1140; x_wconf 82' lang='lat' dir='ltr'>reo</span> <span class='ocrx_word' id='word_1_187' title='bbox 861 1111 1072 1149; x_wconf 70' lang='lat' dir='ltr'>permittatur.</span> 
     </span>
     <span class='ocr_line' id='line_1_26' title="bbox 193 1151 1073 1195; baseline -0.01 -7"><span class='ocrx_word' id='word_1_188' title='bbox 193 1157 239 1189; x_wconf 89' lang='lat' dir='ltr'>At</span> <span class='ocrx_word' id='word_1_189' title='bbox 262 1157 294 1188; x_wconf 91' lang='lat' dir='ltr'>in</span> <span class='ocrx_word' id='word_1_190' title='bbox 319 1157 347 1187; x_wconf 80' lang='lat' dir='ltr'>d.</span> <span class='ocrx_word' id='word_1_191' title='bbox 370 1156 390 1186; x_wconf 79' lang='lat' dir='ltr'>l.</span> <span class='ocrx_word' id='word_1_192' title='bbox 416 1155 496 1186; x_wconf 86' lang='lat' dir='ltr'>unic.</span> <span class='ocrx_word' id='word_1_193' title='bbox 519 1153 548 1195; x_wconf 83' lang='lat'>§.</span> <span class='ocrx_word' id='word_1_194' title='bbox 568 1163 596 1185; x_wconf 82' lang='lat'>2.</span> <span class='ocrx_word' id='word_1_195' title='bbox 621 1153 653 1183; x_wconf 87' lang='lat' dir='ltr'>in</span> <span class='ocrx_word' id='word_1_196' title='bbox 672 1151 735 1191; x_wconf 85' lang='lat' dir='ltr'>fine</span> <span class='ocrx_word' id='word_1_197' title='bbox 759 1160 823 1182; x_wconf 89' lang='lat' dir='ltr'>non</span> <span class='ocrx_word' id='word_1_198' title='bbox 844 1152 1013 1190; x_wconf 85' lang='lat' dir='ltr'>quaeritur,</span> <span class='ocrx_word' id='word_1_199' title='bbox 1037 1158 1073 1180; x_wconf 87' lang='lat' dir='ltr'>an</span> 
     </span>
     <span class='ocr_line' id='line_1_27' title="bbox 196 1191 1074 1239; baseline -0.01 -8"><span class='ocrx_word' id='word_1_200' title='bbox 196 1208 271 1231; x_wconf 80' lang='lat' dir='ltr'>reus</span> <span class='ocrx_word' id='word_1_201' title='bbox 289 1198 343 1239; x_wconf 88' lang='lat' dir='ltr'>qui</span> <span class='ocrx_word' id='word_1_202' title='bbox 362 1196 406 1228; x_wconf 87' lang='lat' dir='ltr'>est</span> <span class='ocrx_word' id='word_1_203' title='bbox 422 1204 552 1237; x_wconf 82' lang='lat' dir='ltr'>raptor,</span> <span class='ocrx_word' id='word_1_204' title='bbox 571 1193 664 1235; x_wconf 82' lang='lat' dir='ltr'>poffic</span> <span class='ocrx_word' id='word_1_205' title='bbox 682 1194 813 1232; x_wconf 86' lang='lat' dir='ltr'>impune</span> <span class='ocrx_word' id='word_1_206' title='bbox 829 1192 1003 1232; x_wconf 77' lang='lat' dir='ltr'>transigere</span> <span class='ocrx_word' id='word_1_207' title='bbox 1023 1191 1074 1222; x_wconf 83' lang='lat' dir='ltr'>vel</span> 
     </span>
     <span class='ocr_line' id='line_1_28' title="bbox 196 1234 1076 1282; baseline -0.011 -10"><span class='ocrx_word' id='word_1_208' title='bbox 196 1241 343 1282; x_wconf 88' lang='lat' dir='ltr'>pacisci,</span> <span class='ocrx_word' id='word_1_209' title='bbox 376 1237 427 1269; x_wconf 83' lang='lat' dir='ltr'>Ne</span> <span class='ocrx_word' id='word_1_210' title='bbox 449 1237 600 1275; x_wconf 76' lang='lat' dir='ltr'><em>accusetur</em></span> <span class='ocrx_word' id='word_1_211' title='bbox 619 1247 627 1268; x_wconf 89' lang='lat'>:</span> <span class='ocrx_word' id='word_1_212' title='bbox 660 1243 769 1265; x_wconf 87' lang='lat' dir='ltr'>verum</span> <span class='ocrx_word' id='word_1_213' title='bbox 796 1234 898 1274; x_wconf 81' lang='lat' dir='ltr'>agitur</span> <span class='ocrx_word' id='word_1_214' title='bbox 924 1236 963 1264; x_wconf 83' lang='lat' dir='ltr'>de</span> <span class='ocrx_word' id='word_1_215' title='bbox 979 1241 1076 1272; x_wconf 80' lang='lat' dir='ltr'>raptae</span> 
     </span>
     <span class='ocr_line' id='line_1_29' title="bbox 195 1273 1077 1324; baseline -0.01 -11"><span class='ocrx_word' id='word_1_216' title='bbox 195 1282 312 1324; x_wconf 84' lang='lat' dir='ltr'>puellae</span> <span class='ocrx_word' id='word_1_217' title='bbox 329 1279 514 1321; x_wconf 88' lang='lat' dir='ltr'>parentibus</span> <span class='ocrx_word' id='word_1_218' title='bbox 532 1278 584 1318; x_wconf 90' lang='lat' dir='ltr'>qui</span> <span class='ocrx_word' id='word_1_219' title='bbox 600 1275 800 1307; x_wconf 81' lang='lat' dir='ltr'>accusatores</span> <span class='ocrx_word' id='word_1_220' title='bbox 817 1275 908 1313; x_wconf 86' lang='lat' dir='ltr'>sunt,</span> <span class='ocrx_word' id='word_1_221' title='bbox 934 1282 986 1306; x_wconf 85' lang='lat' dir='ltr'>aut</span> <span class='ocrx_word' id='word_1_222' title='bbox 1014 1273 1077 1304; x_wconf 79' lang='lat' dir='ltr'>esse</span> 
     </span>
     <span class='ocr_line' id='line_1_30' title="bbox 202 1315 1075 1365; baseline -0.011 -10"><span class='ocrx_word' id='word_1_223' title='bbox 202 1323 351 1365; x_wconf 84' lang='lat' dir='ltr'>possunt:</span> <span class='ocrx_word' id='word_1_224' title='bbox 375 1330 433 1352; x_wconf 91' lang='lat' dir='ltr'>eos</span> <span class='ocrx_word' id='word_1_225' title='bbox 451 1329 530 1351; x_wconf 88' lang='lat' dir='ltr'>vero</span> <span class='ocrx_word' id='word_1_226' title='bbox 549 1328 614 1350; x_wconf 92' lang='lat' dir='ltr'>non</span> <span class='ocrx_word' id='word_1_227' title='bbox 632 1318 700 1349; x_wconf 89' lang='lat' dir='ltr'>vult</span> <span class='ocrx_word' id='word_1_228' title='bbox 717 1316 904 1356; x_wconf 77' lang='lat' dir='ltr'>justinianus</span> <span class='ocrx_word' id='word_1_229' title='bbox 922 1339 931 1354; x_wconf 93' lang='lat'>‚</span> <span class='ocrx_word' id='word_1_230' title='bbox 955 1315 1075 1355; x_wconf 81' lang='lat' dir='ltr'>raptori</span> 
     </span>
     <span class='ocr_line' id='line_1_31' title="bbox 197 1356 1075 1407; baseline -0.011 -10"><span class='ocrx_word' id='word_1_231' title='bbox 197 1364 385 1407; x_wconf 78' lang='lat' dir='ltr'>patientiam</span> <span class='ocrx_word' id='word_1_232' title='bbox 407 1361 552 1404; x_wconf 87' lang='lat' dir='ltr'>praebere</span> <span class='ocrx_word' id='word_1_233' title='bbox 574 1369 612 1391; x_wconf 87' lang='lat' dir='ltr'>ac</span> <span class='ocrx_word' id='word_1_234' title='bbox 635 1359 785 1391; x_wconf 89' lang='lat' dir='ltr'>dolorem</span> <span class='ocrx_word' id='word_1_235' title='bbox 810 1359 1000 1396; x_wconf 82' lang='lat' dir='ltr'>remittere3</span> <span class='ocrx_word' id='word_1_236' title='bbox 1024 1356 1075 1395; x_wconf 71' lang='grc' dir='ltr'>ἃ,</span> 
     </span>
    </p>
   </div>
   <div class='ocr_carea' id='block_1_3' title="bbox 884 1449 1099 1484">
    <p class='ocr_par' dir='ltr' id='par_1_3' title="bbox 884 1449 1099 1484">
     <span class='ocr_line' id='line_1_32' title="bbox 884 1449 1099 1484; baseline 0.005 -2"><span class='ocrx_word' id='word_1_237' title='bbox 884 1449 1099 1484; x_wconf 70' lang='lat' dir='ltr'>CAPUT</span> 
     </span>
    </p>
   </div>
   <div class='ocr_carea' id='block_1_4' title="bbox 197 1535 1382 1585">
    <p class='ocr_par' dir='ltr' id='par_1_4' title="bbox 197 1535 1382 1585">
     <span class='ocr_line' id='line_1_33' title="bbox 197 1535 1382 1585; baseline -0.008 -3"><span class='ocrx_word' id='word_1_238' title='bbox 197 1545 239 1582; x_wconf 87' lang='lat' dir='ltr'>In</span> <span class='ocrx_word' id='word_1_239' title='bbox 255 1546 275 1580; x_wconf 86' lang='lat' dir='ltr'>l.</span> <span class='ocrx_word' id='word_1_240' title='bbox 299 1550 352 1585; x_wconf 86' lang='lat'>18.</span> <span class='ocrx_word' id='word_1_241' title='bbox 383 1544 414 1578; x_wconf 85' lang='lat' dir='ltr'>C.</span> <span class='ocrx_word' id='word_1_242' title='bbox 442 1543 478 1579; x_wconf 82' lang='lat' dir='ltr'>de</span> <span class='ocrx_word' id='word_1_243' title='bbox 492 1541 752 1577; x_wconf 61' lang='lat' dir='ltr'>transactionibus</span> <span class='ocrx_word' id='word_1_244' title='bbox 771 1540 849 1575; x_wconf 84' lang='lat' dir='ltr'>nihil</span> <span class='ocrx_word' id='word_1_245' title='bbox 863 1540 898 1574; x_wconf 82' lang='lat' dir='ltr'>de</span> <span class='ocrx_word' id='word_1_246' title='bbox 912 1540 1049 1585; x_wconf 73' lang='lat' dir='ltr'>privatis</span> <span class='ocrx_word' id='word_1_247' title='bbox 1059 1538 1240 1573; x_wconf 72' lang='lat' dir='ltr'>criminibus</span> <span class='ocrx_word' id='word_1_248' title='bbox 1253 1535 1382 1583; x_wconf 81' lang='lat' dir='ltr'>definiri.</span> 
     </span>
    </p>
   </div>
   <div class='ocr_carea' id='block_1_5' title="bbox 804 60 1401 101">
    <p class='ocr_par' dir='ltr' id='par_1_5' title="bbox 804 60 1401 101">
     <span class='ocr_line' id='line_1_34' title="bbox 804 60 1401 101; baseline -0.007 0"><span class='ocrx_word' id='word_1_249' title='bbox 804 65 1117 101; x_wconf 71' lang='lat' dir='ltr'>GnnAnnr</span> <span class='ocrx_word' id='word_1_250' title='bbox 1167 60 1401 98; x_wconf 64' lang='lat' dir='ltr'>Noons</span> 
     </span>
    </p>
   </div>
   <div class='ocr_carea' id='block_1_6' title="bbox 1113 146 2006 1396">
    <p class='ocr_par' dir='ltr' id='par_1_6' title="bbox 1118 146 2006 523">
     <span class='ocr_line' id='line_1_35' title="bbox 1122 146 1990 195; baseline 0.008 -11"><span class='ocrx_word' id='word_1_251' title='bbox 1122 150 1144 184; x_wconf 86' lang='lat' dir='ltr'>fi</span> <span class='ocrx_word' id='word_1_252' title='bbox 1162 159 1274 184; x_wconf 84' lang='lat' dir='ltr'>contra</span> <span class='ocrx_word' id='word_1_253' title='bbox 1293 151 1431 190; x_wconf 85' lang='lat' dir='ltr'>faciant,</span> <span class='ocrx_word' id='word_1_254' title='bbox 1456 148 1626 191; x_wconf 80' lang='lat' dir='ltr'>deportari.</span> <span class='ocrx_word' id='word_1_255' title='bbox 1677 146 1990 195; x_wconf 67' lang='lat' dir='ltr'>Nonsigiturrefistit</span> 
     </span>
     <span class='ocr_line' id='line_1_36' title="bbox 1118 191 1992 235; baseline 0.001 -11"><span class='ocrx_word' id='word_1_256' title='bbox 1118 194 1312 235; x_wconf 74' lang='lat' dir='ltr'>justinianus</span> <span class='ocrx_word' id='word_1_257' title='bbox 1335 195 1363 225; x_wconf 81' lang='lat' dir='ltr'>d.</span> <span class='ocrx_word' id='word_1_258' title='bbox 1388 194 1406 223; x_wconf 82' lang='lat' dir='ltr'>l.</span> <span class='ocrx_word' id='word_1_259' title='bbox 1434 194 1512 224; x_wconf 82' lang='lat' dir='ltr'>unic.</span> <span class='ocrx_word' id='word_1_260' title='bbox 1546 191 1574 234; x_wconf 57' lang='grc' dir='ltr'>ἓ.</span> <span class='ocrx_word' id='word_1_261' title='bbox 1593 202 1620 223; x_wconf 85' lang='lat'>2.</span> <span class='ocrx_word' id='word_1_262' title='bbox 1643 192 1769 233; x_wconf 74' lang='lat' dir='ltr'>influe,</span> <span class='ocrx_word' id='word_1_263' title='bbox 1798 191 1992 235; x_wconf 58' lang='lat' dir='ltr'>quo&#39;minug</span> 
     </span>
     <span class='ocr_line' id='line_1_37' title="bbox 1123 233 2001 280; baseline 0.005 -13"><span class='ocrx_word' id='word_1_264' title='bbox 1123 235 1228 267; x_wconf 84' lang='lat' dir='ltr'>adhuc</span> <span class='ocrx_word' id='word_1_265' title='bbox 1244 242 1370 276; x_wconf 81' lang='lat' dir='ltr'>raptor,</span> <span class='ocrx_word' id='word_1_266' title='bbox 1395 234 1425 265; x_wconf 87' lang='lat' dir='ltr'>id</span> <span class='ocrx_word' id='word_1_267' title='bbox 1443 233 1506 272; x_wconf 88' lang='lat' dir='ltr'>est,</span> <span class='ocrx_word' id='word_1_268' title='bbox 1530 243 1621 272; x_wconf 87' lang='lat' dir='ltr'>reus,</span> <span class='ocrx_word' id='word_1_269' title='bbox 1646 234 1686 266; x_wconf 87' lang='lat' dir='ltr'>de</span> <span class='ocrx_word' id='word_1_270' title='bbox 1712 235 1844 269; x_wconf 84' lang='lat' dir='ltr'>crimine</span> <span class='ocrx_word' id='word_1_271' title='bbox 1868 236 2001 280; x_wconf 82' lang='lat' dir='ltr'>Raptus·</span> 
     </span>
     <span class='ocr_line' id='line_1_38' title="bbox 1124 273 1991 318; baseline 0.005 -12"><span class='ocrx_word' id='word_1_272' title='bbox 1124 277 1296 318; x_wconf 71' lang='lat' dir='ltr'>transigere</span> <span class='ocrx_word' id='word_1_273' title='bbox 1312 276 1362 308; x_wconf 84' lang='lat' dir='ltr'>vel</span> <span class='ocrx_word' id='word_1_274' title='bbox 1380 277 1495 316; x_wconf 82' lang='lat' dir='ltr'>pacisci</span> <span class='ocrx_word' id='word_1_275' title='bbox 1515 276 1617 315; x_wconf 83' lang='lat' dir='ltr'>poffit.</span> <span class='ocrx_word' id='word_1_276' title='bbox 1670 273 1746 308; x_wconf 85' lang='lat' dir='ltr'>Non</span> <span class='ocrx_word' id='word_1_277' title='bbox 1770 278 1856 309; x_wconf 86' lang='lat' dir='ltr'>enim</span> <span class='ocrx_word' id='word_1_278' title='bbox 1880 279 1945 310; x_wconf 86' lang='lat' dir='ltr'>hoc</span> <span class='ocrx_word' id='word_1_279' title='bbox 1961 283 1991 313; x_wconf 74' lang='lat' dir='ltr'>ei</span> 
     </span>
     <span class='ocr_line' id='line_1_39' title="bbox 1123 317 1990 362; baseline 0.005 -13"><span class='ocrx_word' id='word_1_280' title='bbox 1123 326 1178 349; x_wconf 83' lang='lat' dir='ltr'>aut</span> <span class='ocrx_word' id='word_1_281' title='bbox 1201 328 1241 349; x_wconf 87' lang='lat' dir='ltr'>eo</span> <span class='ocrx_word' id='word_1_282' title='bbox 1268 319 1298 349; x_wconf 91' lang='lat' dir='ltr'>in</span> <span class='ocrx_word' id='word_1_283' title='bbox 1322 318 1398 349; x_wconf 90' lang='lat' dir='ltr'>loco</span> <span class='ocrx_word' id='word_1_284' title='bbox 1413 340 1422 355; x_wconf 97' lang='lat'>,</span> <span class='ocrx_word' id='word_1_285' title='bbox 1448 326 1501 348; x_wconf 83' lang='lat' dir='ltr'>aut</span> <span class='ocrx_word' id='word_1_286' title='bbox 1523 317 1623 355; x_wconf 78' lang='lat' dir='ltr'>alibi,</span> <span class='ocrx_word' id='word_1_287' title='bbox 1646 317 1866 351; x_wconf 83' lang='lat' dir='ltr'>interdicitur:</span> <span class='ocrx_word' id='word_1_288' title='bbox 1896 327 1990 362; x_wconf 77' lang='lat' dir='ltr'>atque</span> 
     </span>
     <span class='ocr_line' id='line_1_40' title="bbox 1123 357 1991 403; baseline 0.001 -12"><span class='ocrx_word' id='word_1_289' title='bbox 1123 361 1251 391; x_wconf 83' lang='lat' dir='ltr'>interim</span> <span class='ocrx_word' id='word_1_290' title='bbox 1271 359 1468 398; x_wconf 79' lang='lat' dir='ltr'>Principibus</span> <span class='ocrx_word' id='word_1_291' title='bbox 1492 357 1556 389; x_wconf 85' lang='lat' dir='ltr'>fine</span> <span class='ocrx_word' id='word_1_292' title='bbox 1583 358 1784 390; x_wconf 73' lang='lat' dir='ltr'>distinffione</span> <span class='ocrx_word' id='word_1_293' title='bbox 1801 360 1923 401; x_wconf 80' lang='lat' dir='ltr'>placet,</span> <span class='ocrx_word' id='word_1_294' title='bbox 1947 363 1991 403; x_wconf 73' lang='lat' dir='ltr'>ig,-</span> 
     </span>
     <span class='ocr_line' id='line_1_41' title="bbox 1125 399 1991 440; baseline 0.005 -8"><span class='ocrx_word' id='word_1_295' title='bbox 1125 402 1326 433; x_wconf 85' lang='lat' dir='ltr'>noscendum</span> <span class='ocrx_word' id='word_1_296' title='bbox 1344 399 1405 431; x_wconf 76' lang='lat' dir='ltr'>ess&#39;e</span> <span class='ocrx_word' id='word_1_297' title='bbox 1426 409 1498 432; x_wconf 81' lang='lat' dir='ltr'>reo:</span> <span class='ocrx_word' id='word_1_298' title='bbox 1524 400 1577 440; x_wconf 83' lang='lat' dir='ltr'>qui</span> <span class='ocrx_word' id='word_1_299' title='bbox 1602 409 1673 431; x_wconf 89' lang='lat' dir='ltr'>cum</span> <span class='ocrx_word' id='word_1_300' title='bbox 1693 401 1902 433; x_wconf 81' lang='lat' dir='ltr'>adversarium</span> <span class='ocrx_word' id='word_1_301' title='bbox 1925 412 1991 436; x_wconf 74' lang='lat' dir='ltr'>cor·</span> 
     </span>
     <span class='ocr_line' id='line_1_42' title="bbox 1124 441 2006 484; baseline 0.003 -11"><span class='ocrx_word' id='word_1_302' title='bbox 1124 443 1271 482; x_wconf 87' lang='lat' dir='ltr'>rumpit,</span> <span class='ocrx_word' id='word_1_303' title='bbox 1303 442 1488 482; x_wconf 83' lang='lat' dir='ltr'>sanguinem</span> <span class='ocrx_word' id='word_1_304' title='bbox 1508 441 1598 473; x_wconf 86' lang='lat' dir='ltr'>suum</span> <span class='ocrx_word' id='word_1_305' title='bbox 1630 442 1766 483; x_wconf 84' lang='lat' dir='ltr'>qualiter</span> <span class='ocrx_word' id='word_1_306' title='bbox 1787 443 1923 484; x_wconf 83' lang='lat' dir='ltr'>qualiter</span> <span class='ocrx_word' id='word_1_307' title='bbox 1945 454 2006 477; x_wconf 59' lang='lat' dir='ltr'>re*-</span> 
     </span>
     <span class='ocr_line' id='line_1_43' title="bbox 1122 484 1459 523; baseline -0.003 -8"><span class='ocrx_word' id='word_1_308' title='bbox 1122 485 1289 523; x_wconf 85' lang='lat' dir='ltr'>demptum</span> <span class='ocrx_word' id='word_1_309' title='bbox 1309 484 1459 514; x_wconf 83' lang='lat' dir='ltr'>voluerit.</span> 
     </span>
    </p>

    <p class='ocr_par' dir='ltr' id='par_1_7' title="bbox 1113 521 2004 1396">
     <span class='ocr_line' id='line_1_44' title="bbox 1162 521 1999 565; baseline 0.004 -9"><span class='ocrx_word' id='word_1_310' title='bbox 1162 524 1283 557; x_wconf 79' lang='lat' dir='ltr'>Praeter</span> <span class='ocrx_word' id='word_1_311' title='bbox 1298 525 1476 562; x_wconf 82' lang='lat' dir='ltr'>supe-riores</span> <span class='ocrx_word' id='word_1_312' title='bbox 1494 521 1706 565; x_wconf 77' lang='lat' dir='ltr'>exceptiones</span> <span class='ocrx_word' id='word_1_313' title='bbox 1730 524 1873 557; x_wconf 75' lang='lat' dir='ltr'>adfertur</span> <span class='ocrx_word' id='word_1_314' title='bbox 1889 525 1920 558; x_wconf 68' lang='grc' dir='ltr'>ὃς</span> <span class='ocrx_word' id='word_1_315' title='bbox 1934 534 1999 560; x_wconf 71' lang='lat' dir='ltr'>tera·</span> 
     </span>
     <span class='ocr_line' id='line_1_45' title="bbox 1121 566 1991 606; baseline 0.002 -9"><span class='ocrx_word' id='word_1_316' title='bbox 1121 567 1164 598; x_wconf 85' lang='lat' dir='ltr'>tia</span> <span class='ocrx_word' id='word_1_317' title='bbox 1181 576 1196 596; x_wconf 85' lang='lat' dir='ltr'>a</span> <span class='ocrx_word' id='word_1_318' title='bbox 1215 566 1400 606; x_wconf 69' lang='lat' dir='ltr'>capitalibus</span> <span class='ocrx_word' id='word_1_319' title='bbox 1426 566 1610 597; x_wconf 77' lang='lat' dir='ltr'>criminibus</span> <span class='ocrx_word' id='word_1_320' title='bbox 1634 569 1798 606; x_wconf 70' lang='lat' dir='ltr'>exceptio.</span> <span class='ocrx_word' id='word_1_321' title='bbox 1840 566 1886 598; x_wconf 85' lang='lat' dir='ltr'>Ea</span> <span class='ocrx_word' id='word_1_322' title='bbox 1902 567 1991 602; x_wconf 84' lang='lat' dir='ltr'>estin</span> 
     </span>
     <span class='ocr_line' id='line_1_46' title="bbox 1121 607 1991 649; baseline 0.003 -10"><span class='ocrx_word' id='word_1_323' title='bbox 1121 608 1361 648; x_wconf 85' lang='lat' dir='ltr'>perduellione:</span> <span class='ocrx_word' id='word_1_324' title='bbox 1383 616 1455 639; x_wconf 85' lang='lat' dir='ltr'>nam</span> <span class='ocrx_word' id='word_1_325' title='bbox 1475 607 1538 638; x_wconf 86' lang='lat' dir='ltr'>hoc</span> <span class='ocrx_word' id='word_1_326' title='bbox 1563 609 1683 640; x_wconf 81' lang='lat' dir='ltr'>crimen</span> <span class='ocrx_word' id='word_1_327' title='bbox 1710 610 1823 640; x_wconf 82' lang='lat' dir='ltr'>ultimo</span> <span class='ocrx_word' id='word_1_328' title='bbox 1839 608 1991 649; x_wconf 81' lang='lat' dir='ltr'>supplicio</span> 
     </span>
     <span class='ocr_line' id='line_1_47' title="bbox 1122 649 1992 691; baseline 0.003 -11"><span class='ocrx_word' id='word_1_329' title='bbox 1122 649 1300 688; x_wconf 78' lang='lat' dir='ltr'>vindicari,</span> <span class='ocrx_word' id='word_1_330' title='bbox 1329 658 1460 689; x_wconf 72' lang='lat' dir='ltr'>apparet</span> <span class='ocrx_word' id='word_1_331' title='bbox 1482 658 1522 680; x_wconf 76' lang='lat' dir='ltr'>ex</span> <span class='ocrx_word' id='word_1_332' title='bbox 1546 649 1566 680; x_wconf 83' lang='lat' dir='ltr'>l.</span> <span class='ocrx_word' id='word_1_333' title='bbox 1582 660 1613 690; x_wconf 89' lang='lat'>5.</span> <span class='ocrx_word' id='word_1_334' title='bbox 1639 650 1673 681; x_wconf 90' lang='lat' dir='ltr'>C.</span> <span class='ocrx_word' id='word_1_335' title='bbox 1704 651 1753 681; x_wconf 61' lang='lat' dir='ltr'>Aa</span> <span class='ocrx_word' id='word_1_336' title='bbox 1774 652 1860 691; x_wconf 65' lang='lat' dir='ltr'>legem</span> <span class='ocrx_word' id='word_1_337' title='bbox 1877 650 1992 690; x_wconf 79' lang='lat' dir='ltr'>Juliam</span> 
     </span>
     <span class='ocr_line' id='line_1_48' title="bbox 1121 689 1992 732; baseline 0.002 -11"><span class='ocrx_word' id='word_1_338' title='bbox 1121 689 1301 731; x_wconf 65' lang='lat' dir='ltr'>mejestatis.-</span> <span class='ocrx_word' id='word_1_339' title='bbox 1333 700 1393 723; x_wconf 83' lang='lat' dir='ltr'>nec</span> <span class='ocrx_word' id='word_1_340' title='bbox 1418 699 1524 721; x_wconf 81' lang='lat' dir='ltr'>tamen</span> <span class='ocrx_word' id='word_1_341' title='bbox 1551 691 1669 730; x_wconf 80' lang='lat' dir='ltr'>placuit</span> <span class='ocrx_word' id='word_1_342' title='bbox 1685 714 1694 729; x_wconf 95' lang='lat'>,</span> <span class='ocrx_word' id='word_1_343' title='bbox 1718 691 1750 722; x_wconf 86' lang='lat' dir='ltr'>in</span> <span class='ocrx_word' id='word_1_344' title='bbox 1772 701 1814 723; x_wconf 88' lang='lat' dir='ltr'>eo</span> <span class='ocrx_word' id='word_1_345' title='bbox 1837 692 1992 732; x_wconf 78' lang='lat' dir='ltr'>indulgeri</span> 
     </span>
     <span class='ocr_line' id='line_1_49' title="bbox 1120 732 1991 772; baseline 0.003 -9"><span class='ocrx_word' id='word_1_346' title='bbox 1120 733 1365 765; x_wconf 67' lang='lat' dir='ltr'>transactionem</span> <span class='ocrx_word' id='word_1_347' title='bbox 1392 732 1626 772; x_wconf 68' lang='lat' dir='ltr'>pactionemve.</span> <span class='ocrx_word' id='word_1_348' title='bbox 1679 733 1728 764; x_wconf 84' lang='lat' dir='ltr'>Au</span> <span class='ocrx_word' id='word_1_349' title='bbox 1764 733 1849 764; x_wconf 85' lang='lat' dir='ltr'>aliud</span> <span class='ocrx_word' id='word_1_350' title='bbox 1878 735 1991 767; x_wconf 78' lang='lat' dir='ltr'>volunt</span> 
     </span>
     <span class='ocr_line' id='line_1_50' title="bbox 1121 772 1990 815; baseline 0.001 -10"><span class='ocrx_word' id='word_1_351' title='bbox 1121 773 1223 813; x_wconf 74' lang='lat' dir='ltr'>impp.</span> <span class='ocrx_word' id='word_1_352' title='bbox 1242 773 1395 805; x_wconf 81' lang='lat' dir='ltr'>Arcadius</span> <span class='ocrx_word' id='word_1_353' title='bbox 1414 774 1443 804; x_wconf 70' lang='grc' dir='ltr'>ἃ</span> <span class='ocrx_word' id='word_1_354' title='bbox 1462 772 1628 805; x_wconf 86' lang='lat' dir='ltr'>Honorius</span> <span class='ocrx_word' id='word_1_355' title='bbox 1649 774 1677 815; x_wconf 82' lang='lat'>§.</span> <span class='ocrx_word' id='word_1_356' title='bbox 1695 777 1726 806; x_wconf 88' lang='lat'>6.</span> <span class='ocrx_word' id='word_1_357' title='bbox 1748 776 1776 805; x_wconf 79' lang='lat' dir='ltr'>d.</span> <span class='ocrx_word' id='word_1_358' title='bbox 1794 775 1814 805; x_wconf 83' lang='lat' dir='ltr'>l.</span> <span class='ocrx_word' id='word_1_359' title='bbox 1830 784 1862 815; x_wconf 84' lang='lat'>5.</span> <span class='ocrx_word' id='word_1_360' title='bbox 1891 783 1962 807; x_wconf 82' lang='lat' dir='ltr'>cum</span> <span class='ocrx_word' id='word_1_361' title='bbox 1978 797 1990 814; x_wconf 87' lang='lat'><em>‚</em></span> 
     </span>
     <span class='ocr_line' id='line_1_51' title="bbox 1120 815 1991 857; baseline 0.001 -10"><span class='ocrx_word' id='word_1_362' title='bbox 1120 816 1175 853; x_wconf 65' lang='lat' dir='ltr'>lai,</span> <span class='ocrx_word' id='word_1_363' title='bbox 1200 816 1364 855; x_wconf 85' lang='lat' dir='ltr'>inquiunt,</span> <span class='ocrx_word' id='word_1_364' title='bbox 1389 815 1463 856; x_wconf 79' lang='lat' dir='ltr'>quod</span> <span class='ocrx_word' id='word_1_365' title='bbox 1487 817 1520 845; x_wconf 75' lang='lat' dir='ltr'>de</span> <span class='ocrx_word' id='word_1_366' title='bbox 1539 816 1732 854; x_wconf 62' lang='lat' dir='ltr'>pereuntibus</span> <span class='ocrx_word' id='word_1_367' title='bbox 1751 824 1902 857; x_wconf 83' lang='lat' dir='ltr'>eorumque</span> <span class='ocrx_word' id='word_1_368' title='bbox 1917 815 1991 855; x_wconf 73' lang='lat' dir='ltr'>filiis</span> 
     </span>
     <span class='ocr_line' id='line_1_52' title="bbox 1120 854 1992 898; baseline 0.003 -12"><span class='ocrx_word' id='word_1_369' title='bbox 1120 857 1272 895; x_wconf 67' lang='lat' dir='ltr'>cavimus,</span> <span class='ocrx_word' id='word_1_370' title='bbox 1300 859 1386 889; x_wconf 75' lang='lat' dir='ltr'>etiem</span> <span class='ocrx_word' id='word_1_371' title='bbox 1409 858 1443 888; x_wconf 75' lang='lat' dir='ltr'>de</span> <span class='ocrx_word' id='word_1_372' title='bbox 1462 855 1635 892; x_wconf 76' lang='lat' dir='ltr'>satellitibus</span> <span class='ocrx_word' id='word_1_373' title='bbox 1657 858 1830 895; x_wconf 62' lang='lat' dir='ltr'>consciis-uc</span> <span class='ocrx_word' id='word_1_374' title='bbox 1853 854 1992 898; x_wconf 72' lang='lat' dir='ltr'>ministris</span> 
     </span>
     <span class='ocr_line' id='line_1_53' title="bbox 1113 897 1990 939; baseline 0.002 -10"><span class='ocrx_word' id='word_1_375' title='bbox 1113 897 1242 939; x_wconf 71' lang='lat' dir='ltr'>filiisque</span> <span class='ocrx_word' id='word_1_376' title='bbox 1256 907 1353 928; x_wconf 80' lang='lat' dir='ltr'>eorum</span> <span class='ocrx_word' id='word_1_377' title='bbox 1367 897 1460 935; x_wconf 84' lang='lat' dir='ltr'>fimili</span> <span class='ocrx_word' id='word_1_378' title='bbox 1474 897 1633 936; x_wconf 66' lang='lat' dir='ltr'>severitate</span> <span class='ocrx_word' id='word_1_379' title='bbox 1657 898 1810 938; x_wconf 78' lang='lat' dir='ltr'>censemus.</span> <span class='ocrx_word' id='word_1_380' title='bbox 1859 899 1922 931; x_wconf 85' lang='lat' dir='ltr'>Sed</span> <span class='ocrx_word' id='word_1_381' title='bbox 1939 909 1990 931; x_wconf 88' lang='lat' dir='ltr'>ve-</span> 
     </span>
     <span class='ocr_line' id='line_1_54' title="bbox 1120 938 1988 985; baseline 0.001 -14"><span class='ocrx_word' id='word_1_382' title='bbox 1120 949 1212 985; x_wconf 70' lang='lat' dir='ltr'>reor,</span> <span class='ocrx_word' id='word_1_383' title='bbox 1236 949 1277 971; x_wconf 89' lang='lat' dir='ltr'>ne</span> <span class='ocrx_word' id='word_1_384' title='bbox 1293 948 1350 971; x_wconf 83' lang='lat' dir='ltr'>eos</span> <span class='ocrx_word' id='word_1_385' title='bbox 1371 940 1425 980; x_wconf 84' lang='lat' dir='ltr'>qui</span> <span class='ocrx_word' id='word_1_386' title='bbox 1450 938 1493 970; x_wconf 86' lang='lat' dir='ltr'>fic</span> <span class='ocrx_word' id='word_1_387' title='bbox 1516 939 1693 980; x_wconf 84' lang='lat' dir='ltr'>colligunt,</span> <span class='ocrx_word' id='word_1_388' title='bbox 1724 939 1856 972; x_wconf 85' lang='lat' dir='ltr'>fortuna</span> <span class='ocrx_word' id='word_1_389' title='bbox 1878 940 1988 981; x_wconf 84' lang='lat' dir='ltr'>judicii</span> 
     </span>
     <span class='ocr_line' id='line_1_55' title="bbox 1122 980 1991 1022; baseline 0.002 -10"><span class='ocrx_word' id='word_1_390' title='bbox 1122 980 1281 1012; x_wconf 80' lang='lat' dir='ltr'>destituat.</span> <span class='ocrx_word' id='word_1_391' title='bbox 1306 982 1394 1021; x_wconf 86' lang='lat' dir='ltr'>quod</span> <span class='ocrx_word' id='word_1_392' title='bbox 1419 981 1504 1012; x_wconf 87' lang='lat' dir='ltr'>enim</span> <span class='ocrx_word' id='word_1_393' title='bbox 1528 981 1560 1012; x_wconf 88' lang='lat' dir='ltr'>in</span> <span class='ocrx_word' id='word_1_394' title='bbox 1586 983 1613 1011; x_wconf 85' lang='lat' dir='ltr'>d.</span> <span class='ocrx_word' id='word_1_395' title='bbox 1639 981 1668 1022; x_wconf 83' lang='lat'>§.</span> <span class='ocrx_word' id='word_1_396' title='bbox 1692 982 1721 1013; x_wconf 86' lang='lat'>6.</span> <span class='ocrx_word' id='word_1_397' title='bbox 1751 982 1898 1021; x_wconf 86' lang='lat' dir='ltr'>conscii,</span> <span class='ocrx_word' id='word_1_398' title='bbox 1928 985 1991 1014; x_wconf 83' lang='lat' dir='ltr'>non</span> 
     </span>
     <span class='ocr_line' id='line_1_56' title="bbox 1120 1022 1990 1064; baseline 0.002 -11"><span class='ocrx_word' id='word_1_399' title='bbox 1120 1023 1246 1054; x_wconf 58' lang='lat' dir='ltr'>detcfiia</span> <span class='ocrx_word' id='word_1_400' title='bbox 1272 1022 1494 1063; x_wconf 86' lang='lat' dir='ltr'>perduellione</span> <span class='ocrx_word' id='word_1_401' title='bbox 1509 1045 1520 1062; x_wconf 93' lang='lat'>,</span> <span class='ocrx_word' id='word_1_402' title='bbox 1558 1031 1649 1063; x_wconf 82' lang='lat' dir='ltr'>aeque</span> <span class='ocrx_word' id='word_1_403' title='bbox 1674 1032 1712 1054; x_wconf 83' lang='lat' dir='ltr'>ae</span> <span class='ocrx_word' id='word_1_404' title='bbox 1734 1023 1914 1064; x_wconf 83' lang='lat' dir='ltr'>perduelles</span> <span class='ocrx_word' id='word_1_405' title='bbox 1937 1032 1990 1063; x_wconf 87' lang='lat' dir='ltr'>pu·</span> 
     </span>
     <span class='ocr_line' id='line_1_57' title="bbox 1122 1062 1989 1105; baseline 0 -10"><span class='ocrx_word' id='word_1_406' title='bbox 1122 1066 1269 1099; x_wconf 70' lang='lat' dir='ltr'>inuritur,-</span> <span class='ocrx_word' id='word_1_407' title='bbox 1295 1073 1359 1095; x_wconf 90' lang='lat' dir='ltr'>non</span> <span class='ocrx_word' id='word_1_408' title='bbox 1384 1072 1473 1096; x_wconf 85' lang='lat' dir='ltr'>reum</span> <span class='ocrx_word' id='word_1_409' title='bbox 1491 1087 1500 1103; x_wconf 92' lang='lat'><em>‚</em></span> <span class='ocrx_word' id='word_1_410' title='bbox 1532 1062 1584 1095; x_wconf 88' lang='lat' dir='ltr'>sed</span> <span class='ocrx_word' id='word_1_411' title='bbox 1609 1065 1804 1104; x_wconf 83' lang='lat' dir='ltr'>delatorem,</span> <span class='ocrx_word' id='word_1_412' title='bbox 1829 1065 1989 1105; x_wconf 85' lang='lat' dir='ltr'>impedit,</span> 
     </span>
     <span class='ocr_line' id='line_1_58' title="bbox 1120 1105 1992 1147; baseline 0.002 -11"><span class='ocrx_word' id='word_1_413' title='bbox 1120 1116 1186 1147; x_wconf 82' lang='lat' dir='ltr'>quo</span> <span class='ocrx_word' id='word_1_414' title='bbox 1211 1107 1313 1137; x_wconf 86' lang='lat' dir='ltr'>minus</span> <span class='ocrx_word' id='word_1_415' title='bbox 1338 1107 1377 1139; x_wconf 80' lang='lat' dir='ltr'>de</span> <span class='ocrx_word' id='word_1_416' title='bbox 1400 1105 1632 1146; x_wconf 30' lang='lat' dir='ltr'>&lt;perduellione</span> <span class='ocrx_word' id='word_1_417' title='bbox 1663 1108 1825 1147; x_wconf 77' lang='lat' dir='ltr'>transigat.</span> <span class='ocrx_word' id='word_1_418' title='bbox 1876 1105 1992 1138; x_wconf 83' lang='lat' dir='ltr'>Nostra</span> 
     </span>
     <span class='ocr_line' id='line_1_59' title="bbox 1120 1146 1990 1187; baseline 0.001 -9"><span class='ocrx_word' id='word_1_419' title='bbox 1120 1156 1225 1178; x_wconf 83' lang='lat' dir='ltr'>autem</span> <span class='ocrx_word' id='word_1_420' title='bbox 1244 1147 1376 1186; x_wconf 79' lang='lat' dir='ltr'>q&#39;uaestio</span> <span class='ocrx_word' id='word_1_421' title='bbox 1393 1157 1457 1179; x_wconf 93' lang='lat' dir='ltr'>non</span> <span class='ocrx_word' id='word_1_422' title='bbox 1475 1146 1539 1184; x_wconf 85' lang='lat' dir='ltr'>est,</span> <span class='ocrx_word' id='word_1_423' title='bbox 1561 1156 1598 1178; x_wconf 81' lang='lat' dir='ltr'>an</span> <span class='ocrx_word' id='word_1_424' title='bbox 1617 1148 1772 1187; x_wconf 83' lang='lat' dir='ltr'>delatori,</span> <span class='ocrx_word' id='word_1_425' title='bbox 1789 1149 1841 1179; x_wconf 81' lang='lat' dir='ltr'>sed</span> <span class='ocrx_word' id='word_1_426' title='bbox 1858 1155 1897 1179; x_wconf 83' lang='lat' dir='ltr'>an</span> <span class='ocrx_word' id='word_1_427' title='bbox 1914 1157 1990 1187; x_wconf 88' lang='lat' dir='ltr'>reo,</span> 
     </span>
     <span class='ocr_line' id='line_1_60' title="bbox 1118 1188 1990 1234; baseline 0.001 -14"><span class='ocrx_word' id='word_1_428' title='bbox 1118 1188 1289 1234; x_wconf 66' lang='lat' dir='ltr'>transafflo</span> <span class='ocrx_word' id='word_1_429' title='bbox 1306 1189 1477 1229; x_wconf 66' lang='lat' dir='ltr'>paetioque</span> <span class='ocrx_word' id='word_1_430' title='bbox 1493 1197 1557 1220; x_wconf 87' lang='lat' dir='ltr'>nou</span> <span class='ocrx_word' id='word_1_431' title='bbox 1581 1198 1671 1229; x_wconf 85' lang='lat' dir='ltr'>aeque</span> <span class='ocrx_word' id='word_1_432' title='bbox 1697 1190 1762 1221; x_wconf 91' lang='lat' dir='ltr'>hoc</span> <span class='ocrx_word' id='word_1_433' title='bbox 1787 1191 1817 1222; x_wconf 90' lang='lat' dir='ltr'>in</span> <span class='ocrx_word' id='word_1_434' title='bbox 1835 1189 1966 1221; x_wconf 85' lang='lat' dir='ltr'>crimine</span> <span class='ocrx_word' id='word_1_435' title='bbox 1979 1211 1990 1229; x_wconf 92' lang='lat'>,</span> 
     </span>
     <span class='ocr_line' id='line_1_61' title="bbox 1119 1230 1992 1271; baseline 0.002 -10"><span class='ocrx_word' id='word_1_436' title='bbox 1119 1240 1157 1262; x_wconf 79' lang='lat' dir='ltr'>ac</span> <span class='ocrx_word' id='word_1_437' title='bbox 1180 1231 1211 1261; x_wconf 94' lang='lat' dir='ltr'>in</span> <span class='ocrx_word' id='word_1_438' title='bbox 1235 1231 1302 1261; x_wconf 84' lang='lat' dir='ltr'>alus</span> <span class='ocrx_word' id='word_1_439' title='bbox 1324 1231 1514 1271; x_wconf 80' lang='lat' dir='ltr'>capitalibus</span> <span class='ocrx_word' id='word_1_440' title='bbox 1542 1230 1726 1262; x_wconf 79' lang='lat' dir='ltr'>criminibus</span> <span class='ocrx_word' id='word_1_441' title='bbox 1743 1254 1754 1271; x_wconf 85' lang='lat'>,</span> <span class='ocrx_word' id='word_1_442' title='bbox 1781 1232 1992 1271; x_wconf 82' lang='lat' dir='ltr'>indulgeatur.</span> 
     </span>
     <span class='ocr_line' id='line_1_62' title="bbox 1119 1273 1993 1315; baseline 0 -12"><span class='ocrx_word' id='word_1_443' title='bbox 1119 1282 1155 1303; x_wconf 87' lang='lat' dir='ltr'>ea</span> <span class='ocrx_word' id='word_1_444' title='bbox 1183 1281 1262 1302; x_wconf 85' lang='lat' dir='ltr'>vero</span> <span class='ocrx_word' id='word_1_445' title='bbox 1284 1281 1356 1303; x_wconf 92' lang='lat' dir='ltr'>cum</span> <span class='ocrx_word' id='word_1_446' title='bbox 1381 1281 1439 1304; x_wconf 86' lang='lat' dir='ltr'>reo</span> <span class='ocrx_word' id='word_1_447' title='bbox 1466 1281 1572 1313; x_wconf 88' lang='lat' dir='ltr'>neque</span> <span class='ocrx_word' id='word_1_448' title='bbox 1595 1273 1626 1303; x_wconf 89' lang='lat' dir='ltr'>in</span> <span class='ocrx_word' id='word_1_449' title='bbox 1655 1273 1682 1303; x_wconf 86' lang='lat' dir='ltr'>d.</span> <span class='ocrx_word' id='word_1_450' title='bbox 1699 1273 1719 1304; x_wconf 88' lang='lat' dir='ltr'>l.</span> <span class='ocrx_word' id='word_1_451' title='bbox 1739 1282 1766 1312; x_wconf 78' lang='lat'>5.</span> <span class='ocrx_word' id='word_1_452' title='bbox 1788 1273 1817 1315; x_wconf 84' lang='lat'>§.</span> <span class='ocrx_word' id='word_1_453' title='bbox 1835 1277 1865 1304; x_wconf 89' lang='lat'>6.</span> <span class='ocrx_word' id='word_1_454' title='bbox 1887 1281 1993 1313; x_wconf 76' lang='lat' dir='ltr'>neque</span> 
     </span>
     <span class='ocr_line' id='line_1_63' title="bbox 1119 1313 2004 1355; baseline 0.002 -11"><span class='ocrx_word' id='word_1_455' title='bbox 1119 1314 1192 1344; x_wconf 86' lang='lat' dir='ltr'>alibi</span> <span class='ocrx_word' id='word_1_456' title='bbox 1217 1314 1451 1353; x_wconf 83' lang='lat' dir='ltr'>interdicatur3</span> <span class='ocrx_word' id='word_1_457' title='bbox 1483 1313 1580 1355; x_wconf 81' lang='lat' dir='ltr'>magis</span> <span class='ocrx_word' id='word_1_458' title='bbox 1603 1320 1704 1355; x_wconf 76' lang='lat' dir='ltr'>pum,</span> <span class='ocrx_word' id='word_1_459' title='bbox 1729 1324 1798 1347; x_wconf 83' lang='lat' dir='ltr'>cam</span> <span class='ocrx_word' id='word_1_460' title='bbox 1814 1324 1855 1347; x_wconf 91' lang='lat' dir='ltr'>ne</span> <span class='ocrx_word' id='word_1_461' title='bbox 1870 1313 1903 1346; x_wconf 89' lang='lat' dir='ltr'>in</span> <span class='ocrx_word' id='word_1_462' title='bbox 1920 1323 2004 1355; x_wconf 47' lang='lat' dir='ltr'>per*</span> 
     </span>
     <span class='ocr_line' id='line_1_64' title="bbox 1119 1353 1650 1396; baseline 0 -9"><span class='ocrx_word' id='word_1_463' title='bbox 1119 1355 1283 1387; x_wconf 86' lang='lat' dir='ltr'>duellione</span> <span class='ocrx_word' id='word_1_464' title='bbox 1299 1355 1431 1396; x_wconf 88' lang='lat' dir='ltr'>quidem</span> <span class='ocrx_word' id='word_1_465' title='bbox 1445 1365 1503 1387; x_wconf 86' lang='lat' dir='ltr'>reo</span> <span class='ocrx_word' id='word_1_466' title='bbox 1519 1353 1650 1387; x_wconf 79' lang='lat' dir='ltr'>nocere.</span> 
     </span>
    </p>
   </div>
   <div class='ocr_carea' id='block_1_7' title="bbox 1163 1447 1297 1485">
    <p class='ocr_par' dir='ltr' id='par_1_8' title="bbox 1163 1447 1297 1485">
     <span class='ocr_line' id='line_1_65' title="bbox 1163 1447 1297 1485; baseline 0.022 -3"><span class='ocrx_word' id='word_1_467' title='bbox 1163 1447 1297 1485; x_wconf 86' lang='lat' dir='ltr'>XXII.</span> 
     </span>
    </p>
   </div>
   <div class='ocr_carea' id='block_1_8' title="bbox 1435 1537 1992 1585">
    <p class='ocr_par' dir='ltr' id='par_1_9' title="bbox 1435 1537 1992 1585">
     <span class='ocr_line' id='line_1_66' title="bbox 1435 1537 1992 1585; baseline 0 -11"><span class='ocrx_word' id='word_1_468' title='bbox 1435 1538 1498 1574; x_wconf 76' lang='lat' dir='ltr'>Sed</span> <span class='ocrx_word' id='word_1_469' title='bbox 1516 1545 1569 1573; x_wconf 80' lang='lat' dir='ltr'>nec</span> <span class='ocrx_word' id='word_1_470' title='bbox 1587 1538 1624 1582; x_wconf 20' lang='lat' dir='ltr'>‘de</span> <span class='ocrx_word' id='word_1_471' title='bbox 1647 1537 1822 1585; x_wconf 75' lang='lat' dir='ltr'>accusatore</span> <span class='ocrx_word' id='word_1_472' title='bbox 1842 1539 1915 1585; x_wconf 77' lang='lat' dir='ltr'>agi,</span> <span class='ocrx_word' id='word_1_473' title='bbox 1939 1546 1992 1574; x_wconf 74' lang='lat' dir='ltr'>ve·</span> 
     </span>
    </p>
   </div>
   <div class='ocr_carea' id='block_1_9' title="bbox 205 1585 1994 1689">
    <p class='ocr_par' dir='ltr' id='par_1_10' title="bbox 205 1585 1994 1689">
     <span class='ocr_line' id='line_1_67' title="bbox 205 1585 1992 1636; baseline -0.004 -6"><span class='ocrx_word' id='word_1_474' title='bbox 205 1595 208 1599; x_wconf 87' lang='grc'>’</span> <span class='ocrx_word' id='word_1_475' title='bbox 246 1606 316 1630; x_wconf 82' lang='lat' dir='ltr'>rum</span> <span class='ocrx_word' id='word_1_476' title='bbox 334 1595 370 1629; x_wconf 87' lang='lat' dir='ltr'>de</span> <span class='ocrx_word' id='word_1_477' title='bbox 385 1603 443 1627; x_wconf 77' lang='lat' dir='ltr'>reo·</span> <span class='ocrx_word' id='word_1_478' title='bbox 494 1592 540 1626; x_wconf 78' lang='lat' dir='ltr'>Et</span> <span class='ocrx_word' id='word_1_479' title='bbox 555 1591 628 1636; x_wconf 80' lang='lat' dir='ltr'>quid</span> <span class='ocrx_word' id='word_1_480' title='bbox 644 1591 676 1623; x_wconf 88' lang='lat' dir='ltr'>in</span> <span class='ocrx_word' id='word_1_481' title='bbox 689 1589 854 1635; x_wconf 73' lang='lat' dir='ltr'>posteriore</span> <span class='ocrx_word' id='word_1_482' title='bbox 872 1590 938 1634; x_wconf 80' lang='lat' dir='ltr'>cjus</span> <span class='ocrx_word' id='word_1_483' title='bbox 958 1587 1109 1633; x_wconf 80' lang='lat' dir='ltr'>Rescripti</span> <span class='ocrx_word' id='word_1_484' title='bbox 1127 1585 1216 1631; x_wconf 77' lang='lat' dir='ltr'>versu</span> <span class='ocrx_word' id='word_1_485' title='bbox 1232 1589 1327 1621; x_wconf 83' lang='lat' dir='ltr'>velint</span> <span class='ocrx_word' id='word_1_486' title='bbox 1343 1587 1406 1620; x_wconf 79' lang='lat' dir='ltr'>haec</span> <span class='ocrx_word' id='word_1_487' title='bbox 1422 1587 1519 1620; x_wconf 80' lang='lat' dir='ltr'>verba</span> <span class='ocrx_word' id='word_1_488' title='bbox 1535 1614 1544 1628; x_wconf 88' lang='lat'><strong><em>‚</em></strong></span> <span class='ocrx_word' id='word_1_489' title='bbox 1578 1588 1614 1622; x_wconf 83' lang='lat' dir='ltr'>ln</span> <span class='ocrx_word' id='word_1_490' title='bbox 1634 1588 1703 1622; x_wconf 81' lang='lat' dir='ltr'>aliis</span> <span class='ocrx_word' id='word_1_491' title='bbox 1720 1598 1830 1623; x_wconf 83' lang='lat' dir='ltr'>autem</span> <span class='ocrx_word' id='word_1_492' title='bbox 1852 1588 1992 1630; x_wconf 79' lang='lat' dir='ltr'>publicis</span> 
     </span>
     <span class='ocr_line' id='line_1_68' title="bbox 205 1627 1994 1689; baseline -0.004 -10"><span class='ocrx_word' id='word_1_493' title='bbox 205 1680 208 1683; x_wconf 84' lang='grc'><em>,</em></span> <span class='ocrx_word' id='word_1_494' title='bbox 246 1641 445 1679; x_wconf 86' lang='lat' dir='ltr'>criminibus</span> <span class='ocrx_word' id='word_1_495' title='bbox 469 1650 544 1689; x_wconf 87' lang='lat' dir='ltr'>quae</span> <span class='ocrx_word' id='word_1_496' title='bbox 570 1638 739 1685; x_wconf 82' lang='lat' dir='ltr'>sanguinis</span> <span class='ocrx_word' id='word_1_497' title='bbox 761 1649 900 1683; x_wconf 86' lang='lat' dir='ltr'>poenam</span> <span class='ocrx_word' id='word_1_498' title='bbox 923 1648 994 1672; x_wconf 88' lang='lat' dir='ltr'>non</span> <span class='ocrx_word' id='word_1_499' title='bbox 1018 1637 1177 1684; x_wconf 85' lang='lat' dir='ltr'>ingerunt</span> <span class='ocrx_word' id='word_1_500' title='bbox 1192 1662 1202 1680; x_wconf 92' lang='lat'>,</span> <span class='ocrx_word' id='word_1_501' title='bbox 1235 1635 1417 1682; x_wconf 83' lang='lat' dir='ltr'>transigere</span> <span class='ocrx_word' id='word_1_502' title='bbox 1443 1645 1514 1670; x_wconf 89' lang='lat' dir='ltr'>non</span> <span class='ocrx_word' id='word_1_503' title='bbox 1537 1635 1615 1671; x_wconf 89' lang='lat' dir='ltr'>licet</span> <span class='ocrx_word' id='word_1_504' title='bbox 1632 1663 1643 1680; x_wconf 96' lang='lat'>‚</span> <span class='ocrx_word' id='word_1_505' title='bbox 1670 1637 1754 1672; x_wconf 84' lang='lat' dir='ltr'>cit-ra</span> <span class='ocrx_word' id='word_1_506' title='bbox 1770 1634 1843 1671; x_wconf 83' lang='lat' dir='ltr'>falsi</span> <span class='ocrx_word' id='word_1_507' title='bbox 1860 1627 1994 1672; x_wconf 63' lang='lat' dir='ltr'>accusass</span> 
     </span>
    </p>
   </div>
   <div class='ocr_carea' id='block_1_10' title="bbox 245 1692 389 1729">
    <p class='ocr_par' dir='ltr' id='par_1_11' title="bbox 245 1692 389 1729">
     <span class='ocr_line' id='line_1_69' title="bbox 245 1692 389 1729; baseline -0.014 -1"><span class='ocrx_word' id='word_1_508' title='bbox 245 1692 389 1729; x_wconf 82' lang='lat' dir='ltr'>tionem.</span> 
     </span>
    </p>
   </div>
   <div class='ocr_carea' id='block_1_11' title="bbox 194 1774 1080 3237">
    <p class='ocr_par' dir='ltr' id='par_1_12' title="bbox 194 1774 1077 1988">
     <span class='ocr_line' id='line_1_70' title="bbox 194 1774 1077 1858; baseline -0.011 -42"><span class='ocrx_word' id='word_1_509' title='bbox 194 1781 385 1858; x_wconf 77' lang='lat' dir='ltr'>Explicui</span> <span class='ocrx_word' id='word_1_510' title='bbox 409 1780 552 1822; x_wconf 86' lang='lat' dir='ltr'>priorem</span> <span class='ocrx_word' id='word_1_511' title='bbox 575 1784 699 1819; x_wconf 85' lang='lat' dir='ltr'>partem</span> <span class='ocrx_word' id='word_1_512' title='bbox 730 1776 749 1808; x_wconf 88' lang='lat' dir='ltr'>l.</span> <span class='ocrx_word' id='word_1_513' title='bbox 777 1780 824 1811; x_wconf 81' lang='lat'>18.</span> <span class='ocrx_word' id='word_1_514' title='bbox 853 1774 888 1807; x_wconf 90' lang='lat' dir='ltr'>C.</span> <span class='ocrx_word' id='word_1_515' title='bbox 921 1775 954 1806; x_wconf 83' lang='lat' dir='ltr'>de</span> <span class='ocrx_word' id='word_1_516' title='bbox 978 1780 1077 1807; x_wconf 84' lang='lat' dir='ltr'>trans·</span> 
     </span>
     <span class='ocr_line' id='line_1_71' title="bbox 278 1816 1076 1860; baseline -0.013 -3"><span class='ocrx_word' id='word_1_517' title='bbox 278 1824 459 1858; x_wconf 63' lang='lat' dir='ltr'>ustionibus-3</span> <span class='ocrx_word' id='word_1_518' title='bbox 483 1821 581 1854; x_wconf 89' lang='lat' dir='ltr'>etiam</span> <span class='ocrx_word' id='word_1_519' title='bbox 601 1817 824 1860; x_wconf 86' lang='lat' dir='ltr'>posteriorem.</span> <span class='ocrx_word' id='word_1_520' title='bbox 848 1816 923 1856; x_wconf 86' lang='lat' dir='ltr'>sed,</span> <span class='ocrx_word' id='word_1_521' title='bbox 946 1818 1019 1857; x_wconf 86' lang='lat' dir='ltr'>quia</span> <span class='ocrx_word' id='word_1_522' title='bbox 1043 1818 1076 1848; x_wconf 88' lang='lat' dir='ltr'>in</span> 
     </span>
     <span class='ocr_line' id='line_1_72' title="bbox 195 1859 1075 1900; baseline -0.015 0"><span class='ocrx_word' id='word_1_523' title='bbox 195 1867 257 1900; x_wconf 85' lang='lat' dir='ltr'>hac</span> <span class='ocrx_word' id='word_1_524' title='bbox 270 1865 365 1899; x_wconf 84' lang='lat' dir='ltr'>restat</span> <span class='ocrx_word' id='word_1_525' title='bbox 385 1862 557 1896; x_wconf 87' lang='lat' dir='ltr'>difficultas</span> <span class='ocrx_word' id='word_1_526' title='bbox 574 1870 634 1893; x_wconf 83' lang='lat' dir='ltr'>una</span> <span class='ocrx_word' id='word_1_527' title='bbox 651 1883 661 1899; x_wconf 95' lang='lat'>,</span> <span class='ocrx_word' id='word_1_528' title='bbox 692 1868 746 1891; x_wconf 88' lang='lat' dir='ltr'>aut</span> <span class='ocrx_word' id='word_1_529' title='bbox 763 1860 880 1898; x_wconf 71' lang='lat' dir='ltr'>alter-33</span> <span class='ocrx_word' id='word_1_530' title='bbox 905 1867 969 1889; x_wconf 88' lang='lat' dir='ltr'>non</span> <span class='ocrx_word' id='word_1_531' title='bbox 988 1859 1075 1899; x_wconf 86' lang='lat' dir='ltr'>pige-</span> 
     </span>
     <span class='ocr_line' id='line_1_73' title="bbox 194 1900 1075 1945; baseline -0.012 -3"><span class='ocrx_word' id='word_1_532' title='bbox 194 1910 245 1942; x_wconf 82' lang='lat' dir='ltr'>bit</span> <span class='ocrx_word' id='word_1_533' title='bbox 267 1918 319 1941; x_wconf 87' lang='lat' dir='ltr'>me</span> <span class='ocrx_word' id='word_1_534' title='bbox 335 1930 346 1945; x_wconf 87' lang='lat'>,</span> <span class='ocrx_word' id='word_1_535' title='bbox 376 1906 472 1938; x_wconf 87' lang='lat' dir='ltr'>etiam</span> <span class='ocrx_word' id='word_1_536' title='bbox 497 1905 552 1944; x_wconf 88' lang='lat' dir='ltr'>ei,</span> <span class='ocrx_word' id='word_1_537' title='bbox 582 1902 605 1934; x_wconf 85' lang='lat' dir='ltr'><strong>fi</strong></span> <span class='ocrx_word' id='word_1_538' title='bbox 627 1902 715 1944; x_wconf 90' lang='lat' dir='ltr'>quod</span> <span class='ocrx_word' id='word_1_539' title='bbox 737 1900 847 1942; x_wconf 82' lang='lat' dir='ltr'>poffirn</span> <span class='ocrx_word' id='word_1_540' title='bbox 862 1922 871 1937; x_wconf 97' lang='lat'>,</span> <span class='ocrx_word' id='word_1_541' title='bbox 897 1900 1075 1932; x_wconf 87' lang='lat' dir='ltr'>remedium</span> 
     </span>
     <span class='ocr_line' id='line_1_74' title="bbox 196 1940 935 1988; baseline -0.016 -4"><span class='ocrx_word' id='word_1_542' title='bbox 196 1951 283 1984; x_wconf 84' lang='lat' dir='ltr'>dare.</span> <span class='ocrx_word' id='word_1_543' title='bbox 326 1947 435 1981; x_wconf 87' lang='lat' dir='ltr'>Verba</span> <span class='ocrx_word' id='word_1_544' title='bbox 451 1944 639 1988; x_wconf 75' lang='lat' dir='ltr'>posterioris</span> <span class='ocrx_word' id='word_1_545' title='bbox 659 1943 756 1984; x_wconf 85' lang='lat' dir='ltr'>partis</span> <span class='ocrx_word' id='word_1_546' title='bbox 772 1942 841 1973; x_wconf 84' lang='lat' dir='ltr'>haec</span> <span class='ocrx_word' id='word_1_547' title='bbox 857 1940 935 1972; x_wconf 90' lang='lat' dir='ltr'>sunt.</span> 
     </span>
    </p>

    <p class='ocr_par' dir='ltr' id='par_1_13' title="bbox 236 1983 1076 2029">
     <span class='ocr_line' id='line_1_75' title="bbox 236 1983 1076 2029; baseline -0.013 -5"><span class='ocrx_word' id='word_1_548' title='bbox 236 1993 277 2025; x_wconf 87' lang='lat' dir='ltr'>ln</span> <span class='ocrx_word' id='word_1_549' title='bbox 299 1991 366 2023; x_wconf 84' lang='lat' dir='ltr'>aliis</span> <span class='ocrx_word' id='word_1_550' title='bbox 389 1995 487 2021; x_wconf 82' lang='lat' dir='ltr'>autem</span> <span class='ocrx_word' id='word_1_551' title='bbox 507 1987 631 2029; x_wconf 83' lang='lat' dir='ltr'>publicis</span> <span class='ocrx_word' id='word_1_552' title='bbox 653 1985 823 2015; x_wconf 79' lang='lat' dir='ltr'>criminibus</span> <span class='ocrx_word' id='word_1_553' title='bbox 845 1992 908 2024; x_wconf 80' lang='lat' dir='ltr'>quae</span> <span class='ocrx_word' id='word_1_554' title='bbox 914 1983 1076 2024; x_wconf 82' lang='lat' dir='ltr'>sanguinis</span> 
     </span>
    </p>

    <p class='ocr_par' dir='ltr' id='par_1_14' title="bbox 198 2025 1077 2689">
     <span class='ocr_line' id='line_1_76' title="bbox 206 2025 1075 2076; baseline -0.013 -10"><span class='ocrx_word' id='word_1_555' title='bbox 206 2041 349 2076; x_wconf 56' lang='lat' dir='ltr'>2poenam</span> <span class='ocrx_word' id='word_1_556' title='bbox 364 2041 423 2063; x_wconf 83' lang='lat' dir='ltr'>non</span> <span class='ocrx_word' id='word_1_557' title='bbox 438 2032 599 2072; x_wconf 78' lang='lat' dir='ltr'>ingerunt,</span> <span class='ocrx_word' id='word_1_558' title='bbox 620 2027 780 2068; x_wconf 79' lang='lat' dir='ltr'>transigere</span> <span class='ocrx_word' id='word_1_559' title='bbox 804 2034 862 2056; x_wconf 87' lang='lat' dir='ltr'>non</span> <span class='ocrx_word' id='word_1_560' title='bbox 879 2025 944 2055; x_wconf 74' lang='lat' dir='ltr'>licet</span> <span class='ocrx_word' id='word_1_561' title='bbox 959 2047 969 2064; x_wconf 91' lang='lat'>‚</span> <span class='ocrx_word' id='word_1_562' title='bbox 999 2026 1075 2055; x_wconf 78' lang='lat' dir='ltr'>citra</span> 
     </span>
     <span class='ocr_line' id='line_1_77' title="bbox 207 2073 538 2116; baseline -0.015 -9"><span class='ocrx_word' id='word_1_563' title='bbox 207 2093 213 2098; x_wconf 91' lang='lat'><strong>·</strong></span> <span class='ocrx_word' id='word_1_564' title='bbox 232 2073 305 2116; x_wconf 81' lang='lat' dir='ltr'>falsi</span> <span class='ocrx_word' id='word_1_565' title='bbox 319 2073 538 2110; x_wconf 79' lang='lat' dir='ltr'>accusationem.</span> 
     </span>
     <span class='ocr_line' id='line_1_78' title="bbox 198 2106 1077 2156; baseline -0.014 -7"><span class='ocrx_word' id='word_1_566' title='bbox 198 2116 282 2154; x_wconf 86' lang='lat' dir='ltr'>Cum</span> <span class='ocrx_word' id='word_1_567' title='bbox 306 2117 392 2156; x_wconf 67' lang='lat' dir='ltr'>ajunt</span> <span class='ocrx_word' id='word_1_568' title='bbox 417 2113 632 2154; x_wconf 76' lang='lat' dir='ltr'>imperatores</span> <span class='ocrx_word' id='word_1_569' title='bbox 647 2132 658 2149; x_wconf 84' lang='lat'>‚</span> <span class='ocrx_word' id='word_1_570' title='bbox 689 2109 728 2142; x_wconf 83' lang='lat' dir='ltr'>In</span> <span class='ocrx_word' id='word_1_571' title='bbox 751 2110 817 2141; x_wconf 83' lang='lat' dir='ltr'>aliis</span> <span class='ocrx_word' id='word_1_572' title='bbox 839 2114 935 2140; x_wconf 70' lang='lat' dir='ltr'>autem</span> <span class='ocrx_word' id='word_1_573' title='bbox 953 2106 1077 2149; x_wconf 80' lang='lat' dir='ltr'>publicis</span> 
     </span>
     <span class='ocr_line' id='line_1_79' title="bbox 199 2148 1076 2194; baseline -0.013 -4"><span class='ocrx_word' id='word_1_574' title='bbox 199 2159 396 2194; x_wconf 66' lang='lat' dir='ltr'>criminibus-3</span> <span class='ocrx_word' id='word_1_575' title='bbox 427 2155 499 2186; x_wconf 80' lang='lat' dir='ltr'>satis</span> <span class='ocrx_word' id='word_1_576' title='bbox 523 2154 627 2194; x_wconf 89' lang='lat' dir='ltr'>liquet</span> <span class='ocrx_word' id='word_1_577' title='bbox 642 2175 652 2190; x_wconf 97' lang='lat'>,</span> <span class='ocrx_word' id='word_1_578' title='bbox 690 2160 746 2182; x_wconf 83' lang='lat' dir='ltr'>eos</span> <span class='ocrx_word' id='word_1_579' title='bbox 770 2151 851 2183; x_wconf 87' lang='lat' dir='ltr'>nihil</span> <span class='ocrx_word' id='word_1_580' title='bbox 879 2148 1013 2182; x_wconf 81' lang='lat' dir='ltr'>definire</span> <span class='ocrx_word' id='word_1_581' title='bbox 1035 2150 1076 2180; x_wconf 85' lang='lat' dir='ltr'>de</span> 
     </span>
     <span class='ocr_line' id='line_1_80' title="bbox 199 2190 1076 2241; baseline -0.011 -10"><span class='ocrx_word' id='word_1_582' title='bbox 199 2199 332 2241; x_wconf 78' lang='lat' dir='ltr'>privatis</span> <span class='ocrx_word' id='word_1_583' title='bbox 349 2196 537 2228; x_wconf 86' lang='lat' dir='ltr'>criminibus</span> <span class='ocrx_word' id='word_1_584' title='bbox 555 2204 566 2233; x_wconf 87' lang='lat'>;</span> <span class='ocrx_word' id='word_1_585' title='bbox 597 2192 651 2225; x_wconf 89' lang='lat' dir='ltr'>sed</span> <span class='ocrx_word' id='word_1_586' title='bbox 674 2200 796 2224; x_wconf 85' lang='lat' dir='ltr'>rantum</span> <span class='ocrx_word' id='word_1_587' title='bbox 813 2192 900 2232; x_wconf 84' lang='lat' dir='ltr'>loqui</span> <span class='ocrx_word' id='word_1_588' title='bbox 918 2192 958 2223; x_wconf 89' lang='lat' dir='ltr'>de</span> <span class='ocrx_word' id='word_1_589' title='bbox 974 2190 1076 2231; x_wconf 89' lang='lat' dir='ltr'>publi-</span> 
     </span>
     <span class='ocr_line' id='line_1_81' title="bbox 200 2232 1077 2278; baseline -0.013 -4"><span class='ocrx_word' id='word_1_590' title='bbox 200 2241 273 2274; x_wconf 73' lang='lat' dir='ltr'>cisx</span> <span class='ocrx_word' id='word_1_591' title='bbox 305 2248 371 2272; x_wconf 86' lang='lat' dir='ltr'>non</span> <span class='ocrx_word' id='word_1_592' title='bbox 390 2261 400 2277; x_wconf 92' lang='lat'>‚</span> <span class='ocrx_word' id='word_1_593' title='bbox 431 2236 520 2278; x_wconf 89' lang='lat' dir='ltr'>quod</span> <span class='ocrx_word' id='word_1_594' title='bbox 544 2235 664 2271; x_wconf 89' lang='lat' dir='ltr'>velint,</span> <span class='ocrx_word' id='word_1_595' title='bbox 696 2234 779 2265; x_wconf 87' lang='lat' dir='ltr'>aliud</span> <span class='ocrx_word' id='word_1_596' title='bbox 798 2235 829 2265; x_wconf 92' lang='lat' dir='ltr'>in</span> <span class='ocrx_word' id='word_1_597' title='bbox 846 2234 910 2272; x_wconf 86' lang='lat' dir='ltr'>his,</span> <span class='ocrx_word' id='word_1_598' title='bbox 935 2232 1019 2264; x_wconf 82' lang='lat' dir='ltr'>aliud</span> <span class='ocrx_word' id='word_1_599' title='bbox 1044 2232 1077 2263; x_wconf 87' lang='lat' dir='ltr'>in</span> 
     </span>
     <span class='ocr_line' id='line_1_82' title="bbox 201 2274 1074 2320; baseline -0.013 -5"><span class='ocrx_word' id='word_1_600' title='bbox 201 2282 283 2320; x_wconf 81' lang='lat' dir='ltr'>illis,</span> <span class='ocrx_word' id='word_1_601' title='bbox 305 2279 476 2317; x_wconf 89' lang='lat' dir='ltr'>obtinere;</span> <span class='ocrx_word' id='word_1_602' title='bbox 508 2277 579 2314; x_wconf 86' lang='lat' dir='ltr'>sed,</span> <span class='ocrx_word' id='word_1_603' title='bbox 602 2276 689 2316; x_wconf 87' lang='lat' dir='ltr'>quod</span> <span class='ocrx_word' id='word_1_604' title='bbox 713 2285 729 2306; x_wconf 92' lang='lat' dir='ltr'>a</span> <span class='ocrx_word' id='word_1_605' title='bbox 754 2274 891 2306; x_wconf 85' lang='lat' dir='ltr'>Valente</span> <span class='ocrx_word' id='word_1_606' title='bbox 918 2275 956 2305; x_wconf 85' lang='lat' dir='ltr'>ad</span> <span class='ocrx_word' id='word_1_607' title='bbox 977 2282 1074 2314; x_wconf 87' lang='lat' dir='ltr'>quem</span> 
     </span>
     <span class='ocr_line' id='line_1_83' title="bbox 198 2316 1075 2364; baseline -0.01 -9"><span class='ocrx_word' id='word_1_608' title='bbox 198 2323 389 2364; x_wconf 73' lang='lat' dir='ltr'>rescriptum</span> <span class='ocrx_word' id='word_1_609' title='bbox 406 2319 471 2359; x_wconf 88' lang='lat' dir='ltr'>est,</span> <span class='ocrx_word' id='word_1_610' title='bbox 494 2317 602 2350; x_wconf 84' lang='lat' dir='ltr'>saltem</span> <span class='ocrx_word' id='word_1_611' title='bbox 620 2316 748 2348; x_wconf 85' lang='lat' dir='ltr'>fuerant</span> <span class='ocrx_word' id='word_1_612' title='bbox 766 2319 806 2348; x_wconf 88' lang='lat' dir='ltr'>de</span> <span class='ocrx_word' id='word_1_613' title='bbox 828 2316 984 2357; x_wconf 86' lang='lat' dir='ltr'>publicis,</span> <span class='ocrx_word' id='word_1_614' title='bbox 1008 2324 1075 2346; x_wconf 90' lang='lat' dir='ltr'>non</span> 
     </span>
     <span class='ocr_line' id='line_1_84' title="bbox 200 2357 1076 2402; baseline -0.013 -4"><span class='ocrx_word' id='word_1_615' title='bbox 200 2366 298 2400; x_wconf 82' lang='lat' dir='ltr'>etiam</span> <span class='ocrx_word' id='word_1_616' title='bbox 323 2365 364 2396; x_wconf 90' lang='lat' dir='ltr'>de</span> <span class='ocrx_word' id='word_1_617' title='bbox 389 2362 522 2402; x_wconf 80' lang='lat' dir='ltr'>privatis</span> <span class='ocrx_word' id='word_1_618' title='bbox 537 2382 548 2399; x_wconf 93' lang='lat'>,</span> <span class='ocrx_word' id='word_1_619' title='bbox 571 2359 756 2392; x_wconf 88' lang='lat' dir='ltr'>criminibus</span> <span class='ocrx_word' id='word_1_620' title='bbox 772 2357 918 2390; x_wconf 90' lang='lat' dir='ltr'>consulti.</span> <span class='ocrx_word' id='word_1_621' title='bbox 966 2357 1076 2388; x_wconf 82' lang='lat' dir='ltr'>Proin·</span> 
     </span>
     <span class='ocr_line' id='line_1_85' title="bbox 200 2399 1076 2446; baseline -0.013 -7"><span class='ocrx_word' id='word_1_622' title='bbox 200 2407 243 2440; x_wconf 84' lang='lat' dir='ltr'>de</span> <span class='ocrx_word' id='word_1_623' title='bbox 258 2405 280 2438; x_wconf 88' lang='lat' dir='ltr'><strong>fi</strong></span> <span class='ocrx_word' id='word_1_624' title='bbox 297 2407 366 2446; x_wconf 89' lang='lat' dir='ltr'>quis</span> <span class='ocrx_word' id='word_1_625' title='bbox 384 2403 550 2440; x_wconf 81' lang='lat' dir='ltr'>sustineat,</span> <span class='ocrx_word' id='word_1_626' title='bbox 575 2410 616 2432; x_wconf 86' lang='lat' dir='ltr'>ex</span> <span class='ocrx_word' id='word_1_627' title='bbox 632 2400 680 2432; x_wconf 87' lang='lat' dir='ltr'>his</span> <span class='ocrx_word' id='word_1_628' title='bbox 696 2400 801 2432; x_wconf 88' lang='lat' dir='ltr'>verbis</span> <span class='ocrx_word' id='word_1_629' title='bbox 818 2409 834 2430; x_wconf 86' lang='lat' dir='ltr'>a</span> <span class='ocrx_word' id='word_1_630' title='bbox 852 2399 1015 2430; x_wconf 84' lang='lat' dir='ltr'>contrario</span> <span class='ocrx_word' id='word_1_631' title='bbox 1032 2407 1076 2429; x_wconf 88' lang='lat' dir='ltr'>ar-</span> 
     </span>
     <span class='ocr_line' id='line_1_86' title="bbox 199 2441 1077 2488; baseline -0.011 -8"><span class='ocrx_word' id='word_1_632' title='bbox 199 2446 378 2488; x_wconf 83' lang='lat' dir='ltr'>gumentari</span> <span class='ocrx_word' id='word_1_633' title='bbox 393 2443 506 2477; x_wconf 83' lang='lat' dir='ltr'>sensu:</span> <span class='ocrx_word' id='word_1_634' title='bbox 537 2442 664 2474; x_wconf 87' lang='lat' dir='ltr'>viderit.</span> <span class='ocrx_word' id='word_1_635' title='bbox 690 2451 754 2473; x_wconf 89' lang='lat' dir='ltr'>non</span> <span class='ocrx_word' id='word_1_636' title='bbox 778 2442 862 2472; x_wconf 86' lang='lat' dir='ltr'>enim</span> <span class='ocrx_word' id='word_1_637' title='bbox 880 2442 957 2481; x_wconf 87' lang='lat' dir='ltr'>quid</span> <span class='ocrx_word' id='word_1_638' title='bbox 974 2441 1077 2471; x_wconf 87' lang='lat' dir='ltr'>velint</span> 
     </span>
     <span class='ocr_line' id='line_1_87' title="bbox 200 2482 1076 2530; baseline -0.013 -8"><span class='ocrx_word' id='word_1_639' title='bbox 200 2490 307 2530; x_wconf 87' lang='lat' dir='ltr'>lmpp.</span> <span class='ocrx_word' id='word_1_640' title='bbox 325 2487 548 2520; x_wconf 87' lang='lat' dir='ltr'>Diocletianus</span> <span class='ocrx_word' id='word_1_641' title='bbox 577 2484 607 2515; x_wconf 82' lang='lat'>&amp;</span> <span class='ocrx_word' id='word_1_642' title='bbox 632 2482 847 2515; x_wconf 84' lang='lat' dir='ltr'>Maximianus</span> <span class='ocrx_word' id='word_1_643' title='bbox 866 2506 875 2521; x_wconf 91' lang='lat'>,</span> <span class='ocrx_word' id='word_1_644' title='bbox 900 2482 1076 2520; x_wconf 79' lang='lat' dir='ltr'>cnarrabit3</span> 
     </span>
     <span class='ocr_line' id='line_1_88' title="bbox 200 2522 1074 2569; baseline -0.008 -7"><span class='ocrx_word' id='word_1_645' title='bbox 200 2531 274 2569; x_wconf 87' lang='lat' dir='ltr'>sed,</span> <span class='ocrx_word' id='word_1_646' title='bbox 298 2530 375 2569; x_wconf 88' lang='lat' dir='ltr'>quid</span> <span class='ocrx_word' id='word_1_647' title='bbox 392 2528 446 2560; x_wconf 87' lang='lat' dir='ltr'>fibi</span> <span class='ocrx_word' id='word_1_648' title='bbox 462 2526 589 2565; x_wconf 87' lang='lat' dir='ltr'>sedeat,</span> <span class='ocrx_word' id='word_1_649' title='bbox 613 2525 672 2557; x_wconf 90' lang='lat' dir='ltr'>illis</span> <span class='ocrx_word' id='word_1_650' title='bbox 690 2525 910 2565; x_wconf 86' lang='lat' dir='ltr'>imprudenter</span> <span class='ocrx_word' id='word_1_651' title='bbox 927 2522 1074 2563; x_wconf 78' lang='lat' dir='ltr'>affinget:</span> 
     </span>
     <span class='ocr_line' id='line_1_89' title="bbox 199 2565 1076 2612; baseline -0.01 -8"><span class='ocrx_word' id='word_1_652' title='bbox 199 2572 273 2606; x_wconf 82' lang='lat' dir='ltr'>fere</span> <span class='ocrx_word' id='word_1_653' title='bbox 297 2571 370 2612; x_wconf 84' lang='lat' dir='ltr'>quia</span> <span class='ocrx_word' id='word_1_654' title='bbox 394 2571 434 2600; x_wconf 85' lang='lat' dir='ltr'>ad</span> <span class='ocrx_word' id='word_1_655' title='bbox 456 2566 612 2607; x_wconf 86' lang='lat' dir='ltr'>Rescripti</span> <span class='ocrx_word' id='word_1_656' title='bbox 630 2568 809 2605; x_wconf 88' lang='lat' dir='ltr'>rationem,</span> <span class='ocrx_word' id='word_1_657' title='bbox 831 2565 978 2605; x_wconf 74' lang='lat' dir='ltr'>jurisque</span> <span class='ocrx_word' id='word_1_658' title='bbox 994 2566 1076 2605; x_wconf 89' lang='lat' dir='ltr'>prin-</span> 
     </span>
     <span class='ocr_line' id='line_1_90' title="bbox 199 2606 1074 2654; baseline -0.009 -9"><span class='ocrx_word' id='word_1_659' title='bbox 199 2613 306 2654; x_wconf 84' lang='lat' dir='ltr'>cipia,</span> <span class='ocrx_word' id='word_1_660' title='bbox 328 2611 359 2643; x_wconf 64' lang='grc' dir='ltr'>δε</span> <span class='ocrx_word' id='word_1_661' title='bbox 383 2608 664 2648; x_wconf 68' lang='grc' dir='ltr'>υῑυηιὛεῑεωῐῃ,</span> <span class='ocrx_word' id='word_1_662' title='bbox 687 2616 798 2649; x_wconf 84' lang='lat' dir='ltr'>parum</span> <span class='ocrx_word' id='word_1_663' title='bbox 820 2606 944 2639; x_wconf 90' lang='lat' dir='ltr'>curiose</span> <span class='ocrx_word' id='word_1_664' title='bbox 971 2614 1074 2638; x_wconf 84' lang='lat' dir='ltr'>atten-</span> 
     </span>
     <span class='ocr_line' id='line_1_91' title="bbox 200 2655 261 2689; baseline -0.049 0"><span class='ocrx_word' id='word_1_665' title='bbox 200 2655 261 2689; x_wconf 84' lang='lat' dir='ltr'>dit.</span> 
     </span>
    </p>

    <p class='ocr_par' dir='ltr' id='par_1_15' title="bbox 200 2688 1080 3237">
     <span class='ocr_line' id='line_1_92' title="bbox 242 2688 1075 2733; baseline -0.008 -6"><span class='ocrx_word' id='word_1_666' title='bbox 242 2694 373 2728; x_wconf 89' lang='lat' dir='ltr'>Deinde</span> <span class='ocrx_word' id='word_1_667' title='bbox 390 2692 477 2732; x_wconf 89' lang='lat' dir='ltr'>ajunt</span> <span class='ocrx_word' id='word_1_668' title='bbox 494 2690 597 2733; x_wconf 82' lang='lat' dir='ltr'>Impp.</span> <span class='ocrx_word' id='word_1_669' title='bbox 613 2690 839 2723; x_wconf 82' lang='lat' dir='ltr'>Diocletianus</span> <span class='ocrx_word' id='word_1_670' title='bbox 858 2690 887 2722; x_wconf 74' lang='grc' dir='ltr'>ἀ</span> <span class='ocrx_word' id='word_1_671' title='bbox 906 2688 1075 2721; x_wconf 82' lang='lat' dir='ltr'>Maximia-</span> 
     </span>
     <span class='ocr_line' id='line_1_93' title="bbox 201 2730 1074 2777; baseline -0.008 -8"><span class='ocrx_word' id='word_1_672' title='bbox 201 2746 283 2777; x_wconf 85' lang='lat' dir='ltr'>nus,</span> <span class='ocrx_word' id='word_1_673' title='bbox 306 2734 478 2775; x_wconf 82' lang='lat' dir='ltr'>Transigere</span> <span class='ocrx_word' id='word_1_674' title='bbox 495 2743 553 2764; x_wconf 83' lang='lat' dir='ltr'>non</span> <span class='ocrx_word' id='word_1_675' title='bbox 569 2733 633 2763; x_wconf 77' lang='lat' dir='ltr'>licet</span> <span class='ocrx_word' id='word_1_676' title='bbox 648 2756 658 2771; x_wconf 92' lang='lat'>,</span> <span class='ocrx_word' id='word_1_677' title='bbox 681 2734 755 2763; x_wconf 79' lang='lat' dir='ltr'>citra</span> <span class='ocrx_word' id='word_1_678' title='bbox 764 2730 839 2771; x_wconf 78' lang='lat' dir='ltr'>falsi</span> <span class='ocrx_word' id='word_1_679' title='bbox 854 2732 1074 2769; x_wconf 69' lang='lat' dir='ltr'>acctiliztionem.</span> 
     </span>
     <span class='ocr_line' id='line_1_94' title="bbox 200 2771 1076 2820; baseline -0.011 -8"><span class='ocrx_word' id='word_1_680' title='bbox 200 2776 409 2820; x_wconf 69' lang='lat' dir='ltr'>Praepositio,</span> <span class='ocrx_word' id='word_1_681' title='bbox 433 2775 528 2813; x_wconf 79' lang='lat' dir='ltr'>citra,</span> <span class='ocrx_word' id='word_1_682' title='bbox 550 2773 597 2804; x_wconf 85' lang='lat' dir='ltr'>ab.</span> <span class='ocrx_word' id='word_1_683' title='bbox 610 2773 858 2813; x_wconf 78' lang='lat' dir='ltr'>imperatoribus</span> <span class='ocrx_word' id='word_1_684' title='bbox 876 2782 935 2814; x_wconf 81' lang='lat' dir='ltr'>pro</span> <span class='ocrx_word' id='word_1_685' title='bbox 944 2771 1008 2810; x_wconf 82' lang='lat' dir='ltr'>fine</span> <span class='ocrx_word' id='word_1_686' title='bbox 1024 2781 1076 2803; x_wconf 86' lang='lat' dir='ltr'>ac·</span> 
     </span>
     <span class='ocr_line' id='line_1_95' title="bbox 201 2814 1074 2863; baseline -0.011 -9"><span class='ocrx_word' id='word_1_687' title='bbox 201 2821 347 2863; x_wconf 86' lang='lat' dir='ltr'>cipitur:</span> <span class='ocrx_word' id='word_1_688' title='bbox 379 2824 414 2848; x_wconf 89' lang='lat' dir='ltr'>ut</span> <span class='ocrx_word' id='word_1_689' title='bbox 437 2816 469 2847; x_wconf 91' lang='lat' dir='ltr'>in</span> <span class='ocrx_word' id='word_1_690' title='bbox 492 2815 512 2845; x_wconf 92' lang='lat' dir='ltr'>l.</span> <span class='ocrx_word' id='word_1_691' title='bbox 532 2823 579 2845; x_wconf 82' lang='lat'>21.</span> <span class='ocrx_word' id='word_1_692' title='bbox 605 2815 638 2845; x_wconf 89' lang='lat' dir='ltr'>C.</span> <span class='ocrx_word' id='word_1_693' title='bbox 663 2816 695 2845; x_wconf 83' lang='lat' dir='ltr'>de</span> <span class='ocrx_word' id='word_1_694' title='bbox 706 2816 961 2855; x_wconf 77' lang='lat' dir='ltr'>procuratoribus,</span> <span class='ocrx_word' id='word_1_695' title='bbox 985 2814 1003 2844; x_wconf 86' lang='lat' dir='ltr'>l.</span> <span class='ocrx_word' id='word_1_696' title='bbox 1027 2822 1074 2845; x_wconf 88' lang='lat'>10.</span> 
     </span>
     <span class='ocr_line' id='line_1_96' title="bbox 201 2855 1074 2901; baseline -0.011 -5"><span class='ocrx_word' id='word_1_697' title='bbox 201 2863 223 2896; x_wconf 74' lang='grc' dir='ltr'>Ι.</span> <span class='ocrx_word' id='word_1_698' title='bbox 241 2872 292 2901; x_wconf 85' lang='lat'>24.</span> <span class='ocrx_word' id='word_1_699' title='bbox 316 2860 350 2892; x_wconf 91' lang='lat' dir='ltr'>C.</span> <span class='ocrx_word' id='word_1_700' title='bbox 372 2860 405 2890; x_wconf 85' lang='lat' dir='ltr'>de</span> <span class='ocrx_word' id='word_1_701' title='bbox 418 2859 459 2889; x_wconf 86' lang='lat' dir='ltr'>rei</span> <span class='ocrx_word' id='word_1_702' title='bbox 473 2857 669 2887; x_wconf 74' lang='lat' dir='ltr'>vindicatione</span> <span class='ocrx_word' id='word_1_703' title='bbox 683 2879 693 2894; x_wconf 90' lang='lat'>,</span> <span class='ocrx_word' id='word_1_704' title='bbox 716 2856 746 2887; x_wconf 69' lang='grc' dir='ltr'>ὅ(</span> <span class='ocrx_word' id='word_1_705' title='bbox 762 2855 892 2888; x_wconf 87' lang='lat' dir='ltr'>infinitis</span> <span class='ocrx_word' id='word_1_706' title='bbox 907 2856 974 2888; x_wconf 83' lang='lat' dir='ltr'>aliis</span> <span class='ocrx_word' id='word_1_707' title='bbox 994 2855 1074 2886; x_wconf 89' lang='lat' dir='ltr'>locis</span> 
     </span>
     <span class='ocr_line' id='line_1_97' title="bbox 202 2895 1075 2947; baseline -0.013 -11"><span class='ocrx_word' id='word_1_708' title='bbox 202 2912 277 2947; x_wconf 87' lang='lat' dir='ltr'>quae</span> <span class='ocrx_word' id='word_1_709' title='bbox 301 2900 442 2944; x_wconf 86' lang='lat' dir='ltr'>ipsorum</span> <span class='ocrx_word' id='word_1_710' title='bbox 471 2897 552 2929; x_wconf 89' lang='lat' dir='ltr'>sunt.</span> <span class='ocrx_word' id='word_1_711' title='bbox 603 2896 731 2937; x_wconf 84' lang='lat' dir='ltr'>Integer</span> <span class='ocrx_word' id='word_1_712' title='bbox 752 2907 830 2928; x_wconf 78' lang='lat' dir='ltr'>vero</span> <span class='ocrx_word' id='word_1_713' title='bbox 856 2898 881 2929; x_wconf 91' lang='lat' dir='ltr'>is</span> <span class='ocrx_word' id='word_1_714' title='bbox 905 2896 1011 2928; x_wconf 86' lang='lat' dir='ltr'>versus</span> <span class='ocrx_word' id='word_1_715' title='bbox 1034 2895 1075 2927; x_wconf 85' lang='lat' dir='ltr'>fic</span> 
     </span>
     <span class='ocr_line' id='line_1_98' title="bbox 203 2936 1076 2987; baseline -0.009 -10"><span class='ocrx_word' id='word_1_716' title='bbox 203 2943 440 2987; x_wconf 83' lang='lat' dir='ltr'>exponendus,</span> <span class='ocrx_word' id='word_1_717' title='bbox 462 2937 544 2977; x_wconf 78' lang='lat' dir='ltr'>quasi</span> <span class='ocrx_word' id='word_1_718' title='bbox 562 2936 714 2979; x_wconf 75' lang='lat' dir='ltr'>significet</span> <span class='ocrx_word' id='word_1_719' title='bbox 729 2960 738 2975; x_wconf 97' lang='lat'>,</span> <span class='ocrx_word' id='word_1_720' title='bbox 761 2937 782 2969; x_wconf 85' lang='lat' dir='ltr'>fi</span> <span class='ocrx_word' id='word_1_721' title='bbox 799 2939 858 2970; x_wconf 84' lang='lat' dir='ltr'>alia</span> <span class='ocrx_word' id='word_1_722' title='bbox 874 2938 932 2970; x_wconf 77' lang='lat' dir='ltr'>sint</span> <span class='ocrx_word' id='word_1_723' title='bbox 949 2938 1076 2979; x_wconf 85' lang='lat' dir='ltr'>publica</span> 
     </span>
     <span class='ocr_line' id='line_1_99' title="bbox 204 2978 1077 3026; baseline -0.011 -6"><span class='ocrx_word' id='word_1_724' title='bbox 204 2986 337 3020; x_wconf 88' lang='lat' dir='ltr'>crimina</span> <span class='ocrx_word' id='word_1_725' title='bbox 352 3007 362 3023; x_wconf 95' lang='lat'>,</span> <span class='ocrx_word' id='word_1_726' title='bbox 392 2991 486 3023; x_wconf 84' lang='lat' dir='ltr'>quam</span> <span class='ocrx_word' id='word_1_727' title='bbox 510 2987 582 3026; x_wconf 59' lang='lat' dir='ltr'>quie</span> <span class='ocrx_word' id='word_1_728' title='bbox 604 2978 796 3010; x_wconf 66' lang='lat' dir='ltr'>adscendunt</span> <span class='ocrx_word' id='word_1_729' title='bbox 826 2980 865 3011; x_wconf 86' lang='lat' dir='ltr'>ad</span> <span class='ocrx_word' id='word_1_730' title='bbox 887 2979 1045 3021; x_wconf 86' lang='lat' dir='ltr'>sanguinis</span> <span class='ocrx_word' id='word_1_731' title='bbox 1067 3002 1077 3018; x_wconf 91' lang='lat'>,</span> 
     </span>
     <span class='ocr_line' id='line_1_100' title="bbox 203 3020 1077 3063; baseline -0.01 -2"><span class='ocrx_word' id='word_1_732' title='bbox 203 3030 270 3063; x_wconf 82' lang='lat' dir='ltr'>five</span> <span class='ocrx_word' id='word_1_733' title='bbox 296 3025 411 3059; x_wconf 89' lang='lat' dir='ltr'>mortis</span> <span class='ocrx_word' id='word_1_734' title='bbox 435 3021 584 3054; x_wconf 87' lang='lat' dir='ltr'>naturalis</span> <span class='ocrx_word' id='word_1_735' title='bbox 603 3043 613 3059; x_wconf 93' lang='lat'>,</span> <span class='ocrx_word' id='word_1_736' title='bbox 651 3029 779 3060; x_wconf 81' lang='lat' dir='ltr'>poenam</span> <span class='ocrx_word' id='word_1_737' title='bbox 797 3042 807 3059; x_wconf 90' lang='lat'>‚</span> <span class='ocrx_word' id='word_1_738' title='bbox 838 3030 926 3053; x_wconf 89' lang='lat' dir='ltr'>reum</span> <span class='ocrx_word' id='word_1_739' title='bbox 957 3022 996 3052; x_wconf 88' lang='lat' dir='ltr'>de</span> <span class='ocrx_word' id='word_1_740' title='bbox 1029 3020 1077 3052; x_wconf 93' lang='lat' dir='ltr'>his</span> 
     </span>
     <span class='ocr_line' id='line_1_101' title="bbox 204 3059 1077 3110; baseline -0.01 -7"><span class='ocrx_word' id='word_1_741' title='bbox 204 3069 383 3110; x_wconf 82' lang='lat' dir='ltr'>transigere</span> <span class='ocrx_word' id='word_1_742' title='bbox 399 3063 583 3107; x_wconf 87' lang='lat' dir='ltr'>prohiberi:</span> <span class='ocrx_word' id='word_1_743' title='bbox 608 3070 663 3100; x_wconf 82' lang='lat' dir='ltr'>ae,</span> <span class='ocrx_word' id='word_1_744' title='bbox 687 3059 708 3092; x_wconf 82' lang='lat' dir='ltr'>si</span> <span class='ocrx_word' id='word_1_745' title='bbox 723 3062 926 3102; x_wconf 80' lang='lat' dir='ltr'>transegerit,</span> <span class='ocrx_word' id='word_1_746' title='bbox 949 3061 1013 3094; x_wconf 80' lang='lat' dir='ltr'>falfi</span> <span class='ocrx_word' id='word_1_747' title='bbox 1031 3069 1077 3094; x_wconf 84' lang='lat' dir='ltr'>te-</span> 
     </span>
     <span class='ocr_line' id='line_1_102' title="bbox 205 3102 1078 3148; baseline -0.011 -4"><span class='ocrx_word' id='word_1_748' title='bbox 205 3112 288 3144; x_wconf 84' lang='lat' dir='ltr'>neri.</span> <span class='ocrx_word' id='word_1_749' title='bbox 330 3108 394 3140; x_wconf 88' lang='lat' dir='ltr'>Sed</span> <span class='ocrx_word' id='word_1_750' title='bbox 409 3106 569 3148; x_wconf 82' lang='lat' dir='ltr'>plerisque</span> <span class='ocrx_word' id='word_1_751' title='bbox 585 3103 671 3134; x_wconf 85' lang='lat' dir='ltr'>aliud</span> <span class='ocrx_word' id='word_1_752' title='bbox 685 3102 809 3142; x_wconf 81' lang='lat' dir='ltr'>placet:</span> <span class='ocrx_word' id='word_1_753' title='bbox 834 3104 922 3142; x_wconf 85' lang='lat' dir='ltr'>quod</span> <span class='ocrx_word' id='word_1_754' title='bbox 944 3112 1078 3143; x_wconf 85' lang='lat' dir='ltr'>putant,</span> 
     </span>
     <span class='ocr_line' id='line_1_103' title="bbox 206 3143 1080 3187; baseline -0.01 -3"><span class='ocrx_word' id='word_1_755' title='bbox 206 3161 279 3184; x_wconf 82' lang='lat' dir='ltr'>eam</span> <span class='ocrx_word' id='word_1_756' title='bbox 296 3158 414 3182; x_wconf 87' lang='lat' dir='ltr'>vocem</span> <span class='ocrx_word' id='word_1_757' title='bbox 430 3157 495 3180; x_wconf 90' lang='lat' dir='ltr'>non</span> <span class='ocrx_word' id='word_1_758' title='bbox 514 3155 573 3187; x_wconf 90' lang='lat' dir='ltr'>pro</span> <span class='ocrx_word' id='word_1_759' title='bbox 583 3143 646 3184; x_wconf 86' lang='lat' dir='ltr'>fine</span> <span class='ocrx_word' id='word_1_760' title='bbox 660 3166 671 3184; x_wconf 92' lang='lat'>,</span> <span class='ocrx_word' id='word_1_761' title='bbox 701 3143 755 3174; x_wconf 89' lang='lat' dir='ltr'>sed</span> <span class='ocrx_word' id='word_1_762' title='bbox 776 3152 836 3183; x_wconf 91' lang='lat' dir='ltr'>pro</span> <span class='ocrx_word' id='word_1_763' title='bbox 851 3149 973 3183; x_wconf 67' lang='lat' dir='ltr'>prtem,</span> <span class='ocrx_word' id='word_1_764' title='bbox 996 3144 1080 3176; x_wconf 87' lang='lat' dir='ltr'>usur-</span> 
     </span>
     <span class='ocr_line' id='line_1_104' title="bbox 207 3183 1078 3237; baseline -0.009 -11"><span class='ocrx_word' id='word_1_765' title='bbox 207 3192 300 3237; x_wconf 80' lang='lat' dir='ltr'>pari:</span> <span class='ocrx_word' id='word_1_766' title='bbox 329 3199 426 3232; x_wconf 80' lang='lat' dir='ltr'>atque</span> <span class='ocrx_word' id='word_1_767' title='bbox 451 3189 534 3222; x_wconf 88' lang='lat' dir='ltr'>adeo</span> <span class='ocrx_word' id='word_1_768' title='bbox 557 3186 645 3221; x_wconf 87' lang='lat' dir='ltr'>huuc</span> <span class='ocrx_word' id='word_1_769' title='bbox 670 3183 733 3218; x_wconf 83' lang='lat' dir='ltr'>effe</span> <span class='ocrx_word' id='word_1_770' title='bbox 755 3183 989 3227; x_wconf 85' lang='lat' dir='ltr'>Imperatorum</span> <span class='ocrx_word' id='word_1_771' title='bbox 1012 3184 1078 3218; x_wconf 85' lang='lat' dir='ltr'>sen-</span> 
     </span>
    </p>
   </div>
   <div class='ocr_carea' id='block_1_12' title="bbox 1117 1765 1995 3177">
    <p class='ocr_par' dir='ltr' id='par_1_16' title="bbox 1117 1765 1995 3177">
     <span class='ocr_line' id='line_1_105' title="bbox 1119 1765 1993 1817; baseline 0.002 -10"><span class='ocrx_word' id='word_1_772' title='bbox 1119 1775 1205 1807; x_wconf 88' lang='lat' dir='ltr'>sum:</span> <span class='ocrx_word' id='word_1_773' title='bbox 1228 1773 1316 1815; x_wconf 90' lang='lat' dir='ltr'>quod</span> <span class='ocrx_word' id='word_1_774' title='bbox 1332 1773 1363 1805; x_wconf 89' lang='lat' dir='ltr'>in</span> <span class='ocrx_word' id='word_1_775' title='bbox 1379 1773 1446 1806; x_wconf 89' lang='lat' dir='ltr'>aliis</span> <span class='ocrx_word' id='word_1_776' title='bbox 1463 1772 1600 1813; x_wconf 89' lang='lat' dir='ltr'>publicis</span> <span class='ocrx_word' id='word_1_777' title='bbox 1615 1773 1802 1806; x_wconf 87' lang='lat' dir='ltr'>criminibus</span> <span class='ocrx_word' id='word_1_778' title='bbox 1819 1765 1993 1817; x_wconf 54' lang='lat' dir='ltr'>transigere</span> 
     </span>
     <span class='ocr_line' id='line_1_106' title="bbox 1120 1814 1992 1855; baseline 0 -7"><span class='ocrx_word' id='word_1_779' title='bbox 1120 1826 1185 1848; x_wconf 88' lang='lat' dir='ltr'>non</span> <span class='ocrx_word' id='word_1_780' title='bbox 1203 1816 1297 1855; x_wconf 83' lang='lat' dir='ltr'>licet,</span> <span class='ocrx_word' id='word_1_781' title='bbox 1321 1823 1533 1855; x_wconf 67' lang='lat' dir='ltr'>praeterquam</span> <span class='ocrx_word' id='word_1_782' title='bbox 1550 1816 1581 1846; x_wconf 88' lang='lat' dir='ltr'>in</span> <span class='ocrx_word' id='word_1_783' title='bbox 1597 1814 1664 1847; x_wconf 84' lang='lat' dir='ltr'>falfi</span> <span class='ocrx_word' id='word_1_784' title='bbox 1680 1815 1890 1848; x_wconf 81' lang='lat' dir='ltr'>accusatione.</span> <span class='ocrx_word' id='word_1_785' title='bbox 1900 1815 1992 1849; x_wconf 67' lang='lat' dir='ltr'>Prot·</span> 
     </span>
     <span class='ocr_line' id='line_1_107' title="bbox 1118 1856 1991 1898; baseline -0.001 -9"><span class='ocrx_word' id='word_1_786' title='bbox 1118 1857 1166 1889; x_wconf 88' lang='lat' dir='ltr'>sus</span> <span class='ocrx_word' id='word_1_787' title='bbox 1177 1881 1187 1896; x_wconf 89' lang='lat'><strong>‚</strong></span> <span class='ocrx_word' id='word_1_788' title='bbox 1211 1866 1246 1889; x_wconf 88' lang='lat' dir='ltr'>ut</span> <span class='ocrx_word' id='word_1_789' title='bbox 1262 1857 1293 1888; x_wconf 92' lang='lat' dir='ltr'>in</span> <span class='ocrx_word' id='word_1_790' title='bbox 1312 1858 1421 1898; x_wconf 87' lang='lat' dir='ltr'>priore</span> <span class='ocrx_word' id='word_1_791' title='bbox 1434 1856 1590 1897; x_wconf 89' lang='lat' dir='ltr'>Rescripti</span> <span class='ocrx_word' id='word_1_792' title='bbox 1607 1865 1697 1897; x_wconf 88' lang='lat' dir='ltr'>parte</span> <span class='ocrx_word' id='word_1_793' title='bbox 1713 1857 1889 1889; x_wconf 75' lang='lat' dir='ltr'>adulterium</span> <span class='ocrx_word' id='word_1_794' title='bbox 1901 1866 1918 1889; x_wconf 88' lang='lat' dir='ltr'>a</span> <span class='ocrx_word' id='word_1_795' title='bbox 1935 1866 1991 1898; x_wconf 87' lang='lat' dir='ltr'>pu-</span> 
     </span>
     <span class='ocr_line' id='line_1_108' title="bbox 1117 1897 1995 1939; baseline -0.002 -8"><span class='ocrx_word' id='word_1_796' title='bbox 1117 1900 1208 1932; x_wconf 90' lang='lat' dir='ltr'>blicis</span> <span class='ocrx_word' id='word_1_797' title='bbox 1225 1899 1409 1930; x_wconf 88' lang='lat' dir='ltr'>criminibus</span> <span class='ocrx_word' id='word_1_798' title='bbox 1428 1907 1498 1938; x_wconf 86' lang='lat' dir='ltr'>quae</span> <span class='ocrx_word' id='word_1_799' title='bbox 1523 1897 1678 1939; x_wconf 83' lang='lat' dir='ltr'>sanguinis</span> <span class='ocrx_word' id='word_1_800' title='bbox 1695 1908 1822 1939; x_wconf 81' lang='lat' dir='ltr'>poenam</span> <span class='ocrx_word' id='word_1_801' title='bbox 1840 1897 1995 1938; x_wconf 77' lang='lat' dir='ltr'>inferant.</span> 
     </span>
     <span class='ocr_line' id='line_1_109' title="bbox 1117 1939 1992 1983; baseline -0.002 -11"><span class='ocrx_word' id='word_1_802' title='bbox 1117 1943 1149 1973; x_wconf 87' lang='lat' dir='ltr'>in</span> <span class='ocrx_word' id='word_1_803' title='bbox 1167 1940 1344 1983; x_wconf 82' lang='lat' dir='ltr'>posteriore</span> <span class='ocrx_word' id='word_1_804' title='bbox 1353 1940 1469 1980; x_wconf 81' lang='lat' dir='ltr'>falsum</span> <span class='ocrx_word' id='word_1_805' title='bbox 1485 1949 1502 1971; x_wconf 87' lang='lat' dir='ltr'>a</span> <span class='ocrx_word' id='word_1_806' title='bbox 1517 1941 1641 1971; x_wconf 85' lang='lat' dir='ltr'>caeteris</span> <span class='ocrx_word' id='word_1_807' title='bbox 1658 1963 1668 1978; x_wconf 93' lang='lat'>,</span> <span class='ocrx_word' id='word_1_808' title='bbox 1692 1941 1882 1981; x_wconf 83' lang='lat' dir='ltr'>excipiatur.</span> <span class='ocrx_word' id='word_1_809' title='bbox 1924 1939 1992 1971; x_wconf 87' lang='lat' dir='ltr'>Ne-</span> 
     </span>
     <span class='ocr_line' id='line_1_110' title="bbox 1118 1980 1994 2023; baseline -0.002 -8"><span class='ocrx_word' id='word_1_810' title='bbox 1118 1992 1182 2023; x_wconf 80' lang='lat' dir='ltr'>que</span> <span class='ocrx_word' id='word_1_811' title='bbox 1198 1982 1304 2023; x_wconf 83' lang='lat' dir='ltr'>negari</span> <span class='ocrx_word' id='word_1_812' title='bbox 1329 1980 1434 2022; x_wconf 87' lang='lat' dir='ltr'>potest</span> <span class='ocrx_word' id='word_1_813' title='bbox 1452 2003 1462 2020; x_wconf 91' lang='lat'>,</span> <span class='ocrx_word' id='word_1_814' title='bbox 1492 1982 1567 2013; x_wconf 81' lang='lat' dir='ltr'>citra</span> <span class='ocrx_word' id='word_1_815' title='bbox 1590 1991 1650 2021; x_wconf 87' lang='lat' dir='ltr'>pro</span> <span class='ocrx_word' id='word_1_816' title='bbox 1668 1987 1804 2020; x_wconf 81' lang='lat' dir='ltr'>praetera</span> <span class='ocrx_word' id='word_1_817' title='bbox 1820 1981 1994 2021; x_wconf 75' lang='lat' dir='ltr'>justiniano</span> 
     </span>
     <span class='ocr_line' id='line_1_111' title="bbox 1117 2021 1993 2064; baseline -0.002 -9"><span class='ocrx_word' id='word_1_818' title='bbox 1117 2024 1193 2056; x_wconf 80' lang='lat' dir='ltr'>sumi</span> <span class='ocrx_word' id='word_1_819' title='bbox 1212 2024 1231 2055; x_wconf 88' lang='lat' dir='ltr'>l.</span> <span class='ocrx_word' id='word_1_820' title='bbox 1250 2024 1328 2054; x_wconf 81' lang='lat' dir='ltr'>unic.</span> <span class='ocrx_word' id='word_1_821' title='bbox 1352 2023 1381 2064; x_wconf 86' lang='lat'>§.</span> <span class='ocrx_word' id='word_1_822' title='bbox 1404 2032 1450 2064; x_wconf 84' lang='lat'>13.</span> <span class='ocrx_word' id='word_1_823' title='bbox 1476 2022 1510 2054; x_wconf 89' lang='lat' dir='ltr'>C.</span> <span class='ocrx_word' id='word_1_824' title='bbox 1532 2024 1565 2054; x_wconf 84' lang='lat' dir='ltr'>de</span> <span class='ocrx_word' id='word_1_825' title='bbox 1588 2026 1628 2054; x_wconf 82' lang='lat' dir='ltr'>rei</span> <span class='ocrx_word' id='word_1_826' title='bbox 1643 2025 1751 2055; x_wconf 82' lang='lat' dir='ltr'>uxoriae</span> <span class='ocrx_word' id='word_1_827' title='bbox 1767 2023 1885 2055; x_wconf 69' lang='lat' dir='ltr'>afflone.</span> <span class='ocrx_word' id='word_1_828' title='bbox 1929 2021 1993 2054; x_wconf 82' lang='lat' dir='ltr'>Sed</span> 
     </span>
     <span class='ocr_line' id='line_1_112' title="bbox 1118 2063 1992 2104; baseline -0.001 -7"><span class='ocrx_word' id='word_1_829' title='bbox 1118 2066 1184 2097; x_wconf 86' lang='lat' dir='ltr'>hoc</span> <span class='ocrx_word' id='word_1_830' title='bbox 1208 2074 1273 2096; x_wconf 90' lang='lat' dir='ltr'>uno</span> <span class='ocrx_word' id='word_1_831' title='bbox 1299 2074 1340 2095; x_wconf 90' lang='lat' dir='ltr'>co</span> <span class='ocrx_word' id='word_1_832' title='bbox 1366 2066 1397 2096; x_wconf 95' lang='lat' dir='ltr'>in</span> <span class='ocrx_word' id='word_1_833' title='bbox 1423 2067 1499 2095; x_wconf 86' lang='lat' dir='ltr'>loco</span> <span class='ocrx_word' id='word_1_834' title='bbox 1516 2084 1526 2103; x_wconf 85' lang='lat'>‚</span> <span class='ocrx_word' id='word_1_835' title='bbox 1555 2072 1652 2104; x_wconf 85' lang='lat' dir='ltr'>atque</span> <span class='ocrx_word' id='word_1_836' title='bbox 1676 2074 1692 2095; x_wconf 90' lang='lat' dir='ltr'>a</span> <span class='ocrx_word' id='word_1_837' title='bbox 1716 2064 1909 2104; x_wconf 83' lang='lat' dir='ltr'>justiniano,</span> <span class='ocrx_word' id='word_1_838' title='bbox 1932 2063 1992 2096; x_wconf 77' lang='lat' dir='ltr'>fit:</span> 
     </span>
     <span class='ocr_line' id='line_1_113' title="bbox 1119 2103 1994 2145; baseline -0.003 -7"><span class='ocrx_word' id='word_1_839' title='bbox 1119 2113 1191 2138; x_wconf 85' lang='lat' dir='ltr'>cum</span> <span class='ocrx_word' id='word_1_840' title='bbox 1219 2106 1441 2137; x_wconf 85' lang='lat' dir='ltr'>Diocletianus</span> <span class='ocrx_word' id='word_1_841' title='bbox 1466 2106 1496 2138; x_wconf 71' lang='grc' dir='ltr'>ἀ</span> <span class='ocrx_word' id='word_1_842' title='bbox 1519 2105 1734 2139; x_wconf 84' lang='lat' dir='ltr'>Maximianus</span> <span class='ocrx_word' id='word_1_843' title='bbox 1759 2107 1834 2137; x_wconf 84' lang='lat' dir='ltr'>citra</span> <span class='ocrx_word' id='word_1_844' title='bbox 1854 2114 1912 2145; x_wconf 89' lang='lat' dir='ltr'>pro</span> <span class='ocrx_word' id='word_1_845' title='bbox 1926 2103 1994 2143; x_wconf 81' lang='lat' dir='ltr'>fine</span> 
     </span>
     <span class='ocr_line' id='line_1_114' title="bbox 1120 2145 1993 2187; baseline -0.002 -7"><span class='ocrx_word' id='word_1_846' title='bbox 1120 2149 1304 2180; x_wconf 72' lang='lat' dir='ltr'>constanter</span> <span class='ocrx_word' id='word_1_847' title='bbox 1324 2148 1488 2178; x_wconf 84' lang='lat' dir='ltr'>dixerint:</span> <span class='ocrx_word' id='word_1_848' title='bbox 1520 2154 1556 2178; x_wconf 82' lang='lat' dir='ltr'>uc</span> <span class='ocrx_word' id='word_1_849' title='bbox 1580 2148 1679 2187; x_wconf 81' lang='lat' dir='ltr'>paulo</span> <span class='ocrx_word' id='word_1_850' title='bbox 1702 2154 1777 2179; x_wconf 79' lang='lat' dir='ltr'>ante</span> <span class='ocrx_word' id='word_1_851' title='bbox 1801 2146 1936 2184; x_wconf 88' lang='lat' dir='ltr'>monui,</span> <span class='ocrx_word' id='word_1_852' title='bbox 1959 2145 1993 2178; x_wconf 70' lang='lat' dir='ltr'>Gt</span> 
     </span>
     <span class='ocr_line' id='line_1_115' title="bbox 1118 2187 1992 2231; baseline -0.003 -10"><span class='ocrx_word' id='word_1_853' title='bbox 1118 2190 1191 2231; x_wconf 90' lang='lat' dir='ltr'>post</span> <span class='ocrx_word' id='word_1_854' title='bbox 1217 2190 1295 2221; x_wconf 85' lang='lat' dir='ltr'>alios</span> <span class='ocrx_word' id='word_1_855' title='bbox 1321 2188 1503 2220; x_wconf 81' lang='lat' dir='ltr'>observavit</span> <span class='ocrx_word' id='word_1_856' title='bbox 1528 2187 1567 2219; x_wconf 93' lang='lat' dir='ltr'>V.</span> <span class='ocrx_word' id='word_1_857' title='bbox 1593 2188 1820 2221; x_wconf 78' lang='lat' dir='ltr'>CLArnoldus</span> <span class='ocrx_word' id='word_1_858' title='bbox 1836 2187 1992 2226; x_wconf 89' lang='lat' dir='ltr'>Vinnius,</span> 
     </span>
     <span class='ocr_line' id='line_1_116' title="bbox 1120 2228 1992 2271; baseline -0.003 -9"><span class='ocrx_word' id='word_1_859' title='bbox 1120 2231 1167 2263; x_wconf 84' lang='lat' dir='ltr'>De</span> <span class='ocrx_word' id='word_1_860' title='bbox 1186 2229 1439 2262; x_wconf 64' lang='lat' dir='ltr'>Transatrionibus</span> <span class='ocrx_word' id='word_1_861' title='bbox 1460 2235 1524 2270; x_wconf 82' lang='lat' dir='ltr'>cup.</span> <span class='ocrx_word' id='word_1_862' title='bbox 1543 2238 1616 2261; x_wconf 85' lang='lat' dir='ltr'>v11.</span> <span class='ocrx_word' id='word_1_863' title='bbox 1640 2228 1670 2271; x_wconf 59' lang='grc' dir='ltr'>ἓ.</span> <span class='ocrx_word' id='word_1_864' title='bbox 1684 2238 1736 2271; x_wconf 77' lang='lat'>3²-</span> <span class='ocrx_word' id='word_1_865' title='bbox 1758 2229 1794 2264; x_wconf 61' lang='grc' dir='ltr'>ἑὲ)</span> <span class='ocrx_word' id='word_1_866' title='bbox 1808 2229 1888 2271; x_wconf 81' lang='lat' dir='ltr'>seqq.</span> <span class='ocrx_word' id='word_1_867' title='bbox 1930 2228 1992 2260; x_wconf 81' lang='lat' dir='ltr'>Ac-</span> 
     </span>
     <span class='ocr_line' id='line_1_117' title="bbox 1120 2270 1990 2312; baseline -0.001 -8"><span class='ocrx_word' id='word_1_868' title='bbox 1120 2274 1208 2305; x_wconf 85' lang='lat' dir='ltr'>cedit</span> <span class='ocrx_word' id='word_1_869' title='bbox 1227 2296 1236 2311; x_wconf 90' lang='lat'>,</span> <span class='ocrx_word' id='word_1_870' title='bbox 1268 2271 1356 2312; x_wconf 90' lang='lat' dir='ltr'>quod</span> <span class='ocrx_word' id='word_1_871' title='bbox 1378 2271 1410 2303; x_wconf 88' lang='lat' dir='ltr'>in</span> <span class='ocrx_word' id='word_1_872' title='bbox 1440 2279 1514 2302; x_wconf 92' lang='lat' dir='ltr'>toto</span> <span class='ocrx_word' id='word_1_873' title='bbox 1540 2270 1636 2303; x_wconf 91' lang='lat' dir='ltr'>Civili</span> <span class='ocrx_word' id='word_1_874' title='bbox 1660 2271 1734 2311; x_wconf 78' lang='lat' dir='ltr'>Jure</span> <span class='ocrx_word' id='word_1_875' title='bbox 1759 2280 1823 2302; x_wconf 90' lang='lat' dir='ltr'>non</span> <span class='ocrx_word' id='word_1_876' title='bbox 1846 2270 1990 2310; x_wconf 80' lang='lat' dir='ltr'>proditur</span> 
     </span>
     <span class='ocr_line' id='line_1_118' title="bbox 1119 2310 1990 2354; baseline -0.002 -8"><span class='ocrx_word' id='word_1_877' title='bbox 1119 2314 1302 2354; x_wconf 83' lang='lat' dir='ltr'>exemplum</span> <span class='ocrx_word' id='word_1_878' title='bbox 1317 2313 1456 2345; x_wconf 88' lang='lat' dir='ltr'>criminis</span> <span class='ocrx_word' id='word_1_879' title='bbox 1465 2310 1540 2352; x_wconf 86' lang='lat' dir='ltr'><em>falfi</em></span> <span class='ocrx_word' id='word_1_880' title='bbox 1556 2313 1598 2344; x_wconf 89' lang='lat' dir='ltr'>de</span> <span class='ocrx_word' id='word_1_881' title='bbox 1616 2321 1681 2353; x_wconf 86' lang='lat' dir='ltr'>quo</span> <span class='ocrx_word' id='word_1_882' title='bbox 1699 2314 1828 2354; x_wconf 86' lang='lat' dir='ltr'>impune</span> <span class='ocrx_word' id='word_1_883' title='bbox 1849 2311 1932 2343; x_wconf 72' lang='lat' dir='ltr'>facta</span> <span class='ocrx_word' id='word_1_884' title='bbox 1955 2310 1990 2344; x_wconf 81' lang='lat' dir='ltr'>fit</span> 
     </span>
     <span class='ocr_line' id='line_1_119' title="bbox 1119 2352 1988 2395; baseline -0.005 -7"><span class='ocrx_word' id='word_1_885' title='bbox 1119 2356 1309 2388; x_wconf 66' lang='lat' dir='ltr'>transactum</span> <span class='ocrx_word' id='word_1_886' title='bbox 1333 2355 1463 2395; x_wconf 89' lang='lat' dir='ltr'>utique,</span> <span class='ocrx_word' id='word_1_887' title='bbox 1487 2362 1560 2386; x_wconf 87' lang='lat' dir='ltr'>cum</span> <span class='ocrx_word' id='word_1_888' title='bbox 1586 2354 1651 2394; x_wconf 88' lang='lat' dir='ltr'>ejus</span> <span class='ocrx_word' id='word_1_889' title='bbox 1676 2353 1834 2386; x_wconf 82' lang='lat' dir='ltr'>accusatio</span> <span class='ocrx_word' id='word_1_890' title='bbox 1860 2352 1988 2386; x_wconf 80' lang='lat' dir='ltr'>subsistit</span> 
     </span>
     <span class='ocr_line' id='line_1_120' title="bbox 1119 2394 1991 2438; baseline -0.005 -9"><span class='ocrx_word' id='word_1_891' title='bbox 1119 2397 1202 2429; x_wconf 86' lang='lat' dir='ltr'>infra</span> <span class='ocrx_word' id='word_1_892' title='bbox 1217 2396 1372 2438; x_wconf 81' lang='lat' dir='ltr'>sanguinis</span> <span class='ocrx_word' id='word_1_893' title='bbox 1388 2405 1527 2437; x_wconf 83' lang='lat' dir='ltr'>poenam.</span> <span class='ocrx_word' id='word_1_894' title='bbox 1569 2394 1653 2428; x_wconf 85' lang='lat' dir='ltr'>Nam</span> <span class='ocrx_word' id='word_1_895' title='bbox 1670 2419 1681 2432; x_wconf 84' lang='lat'>,</span> <span class='ocrx_word' id='word_1_896' title='bbox 1711 2396 1800 2435; x_wconf 82' lang='lat' dir='ltr'>quod</span> <span class='ocrx_word' id='word_1_897' title='bbox 1825 2396 1923 2436; x_wconf 78' lang='lat' dir='ltr'>vulgo</span> <span class='ocrx_word' id='word_1_898' title='bbox 1939 2394 1991 2425; x_wconf 85' lang='lat' dir='ltr'>ad·</span> 
     </span>
     <span class='ocr_line' id='line_1_121' title="bbox 1119 2435 1991 2479; baseline -0.002 -8"><span class='ocrx_word' id='word_1_899' title='bbox 1119 2439 1223 2471; x_wconf 83' lang='lat' dir='ltr'>fertur</span> <span class='ocrx_word' id='word_1_900' title='bbox 1245 2439 1264 2469; x_wconf 84' lang='lat' dir='ltr'>l.</span> <span class='ocrx_word' id='word_1_901' title='bbox 1290 2449 1318 2478; x_wconf 82' lang='lat'>7.</span> <span class='ocrx_word' id='word_1_902' title='bbox 1343 2438 1375 2468; x_wconf 88' lang='lat' dir='ltr'>C.</span> <span class='ocrx_word' id='word_1_903' title='bbox 1400 2439 1452 2469; x_wconf 78' lang='lat' dir='ltr'>Ad</span> <span class='ocrx_word' id='word_1_904' title='bbox 1472 2438 1559 2479; x_wconf 85' lang='lat' dir='ltr'>legem</span> <span class='ocrx_word' id='word_1_905' title='bbox 1577 2436 1739 2469; x_wconf 77' lang='lat' dir='ltr'>Corneliam</span> <span class='ocrx_word' id='word_1_906' title='bbox 1756 2435 1903 2476; x_wconf 78' lang='lat' dir='ltr'>defalsis,</span> <span class='ocrx_word' id='word_1_907' title='bbox 1926 2436 1991 2469; x_wconf 87' lang='lat' dir='ltr'>nul·</span> 
     </span>
     <span class='ocr_line' id='line_1_122' title="bbox 1120 2477 1990 2518; baseline -0.003 -6"><span class='ocrx_word' id='word_1_908' title='bbox 1120 2482 1178 2513; x_wconf 87' lang='lat' dir='ltr'>lius</span> <span class='ocrx_word' id='word_1_909' title='bbox 1202 2481 1359 2512; x_wconf 82' lang='lat' dir='ltr'>momenti</span> <span class='ocrx_word' id='word_1_910' title='bbox 1376 2478 1440 2511; x_wconf 87' lang='lat' dir='ltr'>est:</span> <span class='ocrx_word' id='word_1_911' title='bbox 1465 2479 1538 2518; x_wconf 86' lang='lat' dir='ltr'>quia</span> <span class='ocrx_word' id='word_1_912' title='bbox 1552 2479 1595 2510; x_wconf 90' lang='lat' dir='ltr'>ibi</span> <span class='ocrx_word' id='word_1_913' title='bbox 1613 2488 1678 2510; x_wconf 86' lang='lat' dir='ltr'>non</span> <span class='ocrx_word' id='word_1_914' title='bbox 1696 2479 1736 2510; x_wconf 90' lang='lat' dir='ltr'>de</span> <span class='ocrx_word' id='word_1_915' title='bbox 1752 2478 1818 2511; x_wconf 84' lang='lat' dir='ltr'>falsi</span> <span class='ocrx_word' id='word_1_916' title='bbox 1835 2477 1990 2517; x_wconf 87' lang='lat' dir='ltr'>crimine,</span> 
     </span>
     <span class='ocr_line' id='line_1_123' title="bbox 1119 2519 1989 2561; baseline -0.005 -7"><span class='ocrx_word' id='word_1_917' title='bbox 1119 2524 1151 2554; x_wconf 88' lang='lat' dir='ltr'>id</span> <span class='ocrx_word' id='word_1_918' title='bbox 1169 2521 1232 2561; x_wconf 89' lang='lat' dir='ltr'>est,</span> <span class='ocrx_word' id='word_1_919' title='bbox 1256 2521 1397 2553; x_wconf 80' lang='lat' dir='ltr'>instituta</span> <span class='ocrx_word' id='word_1_920' title='bbox 1415 2521 1464 2552; x_wconf 88' lang='lat' dir='ltr'>vel</span> <span class='ocrx_word' id='word_1_921' title='bbox 1481 2520 1672 2552; x_wconf 80' lang='lat' dir='ltr'>instituenda</span> <span class='ocrx_word' id='word_1_922' title='bbox 1690 2519 1756 2552; x_wconf 83' lang='lat' dir='ltr'>falli</span> <span class='ocrx_word' id='word_1_923' title='bbox 1771 2519 1989 2557; x_wconf 84' lang='lat' dir='ltr'>accusatione,</span> 
     </span>
     <span class='ocr_line' id='line_1_124' title="bbox 1119 2558 1987 2601; baseline -0.007 -6"><span class='ocrx_word' id='word_1_924' title='bbox 1119 2564 1172 2595; x_wconf 85' lang='lat' dir='ltr'>sed</span> <span class='ocrx_word' id='word_1_925' title='bbox 1191 2564 1230 2595; x_wconf 91' lang='lat' dir='ltr'>de</span> <span class='ocrx_word' id='word_1_926' title='bbox 1250 2562 1461 2594; x_wconf 81' lang='lat' dir='ltr'>instrumento</span> <span class='ocrx_word' id='word_1_927' title='bbox 1478 2562 1509 2593; x_wconf 85' lang='lat' dir='ltr'>in</span> <span class='ocrx_word' id='word_1_928' title='bbox 1535 2562 1624 2601; x_wconf 83' lang='lat' dir='ltr'>quod</span> <span class='ocrx_word' id='word_1_929' title='bbox 1650 2562 1786 2593; x_wconf 75' lang='lat' dir='ltr'>cadebat</span> <span class='ocrx_word' id='word_1_930' title='bbox 1807 2560 1874 2593; x_wconf 81' lang='lat' dir='ltr'>falsi</span> <span class='ocrx_word' id='word_1_931' title='bbox 1899 2558 1987 2600; x_wconf 84' lang='lat' dir='ltr'>suspi-</span> 
     </span>
     <span class='ocr_line' id='line_1_125' title="bbox 1119 2601 1990 2643; baseline -0.006 -6"><span class='ocrx_word' id='word_1_932' title='bbox 1119 2606 1191 2643; x_wconf 91' lang='lat' dir='ltr'>cio,</span> <span class='ocrx_word' id='word_1_933' title='bbox 1215 2603 1383 2636; x_wconf 61' lang='lat' dir='ltr'>transactio</span> <span class='ocrx_word' id='word_1_934' title='bbox 1406 2603 1487 2634; x_wconf 71' lang='lat' dir='ltr'>facta</span> <span class='ocrx_word' id='word_1_935' title='bbox 1507 2604 1726 2643; x_wconf 87' lang='lat' dir='ltr'>proponitur:</span> <span class='ocrx_word' id='word_1_936' title='bbox 1757 2605 1786 2634; x_wconf 83' lang='lat'>&amp;</span> <span class='ocrx_word' id='word_1_937' title='bbox 1810 2603 1885 2635; x_wconf 83' lang='lat' dir='ltr'>ideo</span> <span class='ocrx_word' id='word_1_938' title='bbox 1906 2601 1990 2634; x_wconf 86' lang='lat' dir='ltr'>addi-</span> 
     </span>
     <span class='ocr_line' id='line_1_126' title="bbox 1119 2642 1987 2687; baseline -0.006 -9"><span class='ocrx_word' id='word_1_939' title='bbox 1119 2655 1187 2686; x_wconf 81' lang='lat' dir='ltr'>tur3</span> <span class='ocrx_word' id='word_1_940' title='bbox 1211 2647 1298 2687; x_wconf 88' lang='lat' dir='ltr'>quod</span> <span class='ocrx_word' id='word_1_941' title='bbox 1315 2669 1323 2681; x_wconf 86' lang='lat'>,</span> <span class='ocrx_word' id='word_1_942' title='bbox 1357 2645 1377 2677; x_wconf 82' lang='lat' dir='ltr'><strong>fi</strong></span> <span class='ocrx_word' id='word_1_943' title='bbox 1402 2644 1571 2677; x_wconf 70' lang='lat' dir='ltr'>transactio</span> <span class='ocrx_word' id='word_1_944' title='bbox 1597 2646 1637 2676; x_wconf 90' lang='lat' dir='ltr'>de</span> <span class='ocrx_word' id='word_1_945' title='bbox 1662 2654 1702 2676; x_wconf 93' lang='lat' dir='ltr'>eo</span> <span class='ocrx_word' id='word_1_946' title='bbox 1720 2644 1929 2677; x_wconf 87' lang='lat' dir='ltr'>instrumento</span> <span class='ocrx_word' id='word_1_947' title='bbox 1943 2642 1987 2673; x_wconf 85' lang='lat' dir='ltr'>fa·</span> 
     </span>
     <span class='ocr_line' id='line_1_127' title="bbox 1118 2684 1989 2726; baseline -0.003 -6"><span class='ocrx_word' id='word_1_948' title='bbox 1118 2689 1167 2720; x_wconf 68' lang='lat' dir='ltr'>&amp;a</span> <span class='ocrx_word' id='word_1_949' title='bbox 1183 2687 1246 2725; x_wconf 88' lang='lat' dir='ltr'>est,</span> <span class='ocrx_word' id='word_1_950' title='bbox 1269 2686 1399 2718; x_wconf 89' lang='lat' dir='ltr'>difficile</span> <span class='ocrx_word' id='word_1_951' title='bbox 1415 2685 1460 2717; x_wconf 90' lang='lat' dir='ltr'>est</span> <span class='ocrx_word' id='word_1_952' title='bbox 1475 2709 1484 2724; x_wconf 94' lang='lat'><em>‚</em></span> <span class='ocrx_word' id='word_1_953' title='bbox 1516 2694 1550 2717; x_wconf 86' lang='lat' dir='ltr'>ut</span> <span class='ocrx_word' id='word_1_954' title='bbox 1569 2686 1744 2726; x_wconf 81' lang='lat' dir='ltr'>provinciae</span> <span class='ocrx_word' id='word_1_955' title='bbox 1763 2684 1877 2717; x_wconf 84' lang='lat' dir='ltr'>Praeses</span> <span class='ocrx_word' id='word_1_956' title='bbox 1894 2685 1989 2726; x_wconf 84' lang='lat' dir='ltr'>patia-</span> 
     </span>
     <span class='ocr_line' id='line_1_128' title="bbox 1119 2725 1986 2767; baseline -0.007 -5"><span class='ocrx_word' id='word_1_957' title='bbox 1119 2738 1195 2767; x_wconf 87' lang='lat' dir='ltr'>tur,</span> <span class='ocrx_word' id='word_1_958' title='bbox 1226 2728 1292 2760; x_wconf 90' lang='lat' dir='ltr'>hoc</span> <span class='ocrx_word' id='word_1_959' title='bbox 1316 2729 1366 2759; x_wconf 91' lang='lat' dir='ltr'>cui</span> <span class='ocrx_word' id='word_1_960' title='bbox 1393 2728 1594 2767; x_wconf 80' lang='lat' dir='ltr'>adquieverit</span> <span class='ocrx_word' id='word_1_961' title='bbox 1616 2725 1836 2765; x_wconf 83' lang='lat' dir='ltr'>Heliodorus,</span> <span class='ocrx_word' id='word_1_962' title='bbox 1873 2725 1986 2758; x_wconf 82' lang='lat' dir='ltr'>deinde</span> 
     </span>
     <span class='ocr_line' id='line_1_129' title="bbox 1118 2767 1987 2810; baseline -0.006 -7"><span class='ocrx_word' id='word_1_963' title='bbox 1118 2780 1153 2803; x_wconf 91' lang='lat' dir='ltr'>ut</span> <span class='ocrx_word' id='word_1_964' title='bbox 1179 2770 1290 2802; x_wconf 85' lang='lat' dir='ltr'>falsum</span> <span class='ocrx_word' id='word_1_965' title='bbox 1314 2767 1481 2808; x_wconf 82' lang='lat' dir='ltr'>accusari3</span> <span class='ocrx_word' id='word_1_966' title='bbox 1513 2769 1545 2800; x_wconf 95' lang='lat' dir='ltr'>id</span> <span class='ocrx_word' id='word_1_967' title='bbox 1567 2768 1613 2800; x_wconf 89' lang='lat' dir='ltr'>est</span> <span class='ocrx_word' id='word_1_968' title='bbox 1628 2792 1637 2809; x_wconf 93' lang='lat'>‚</span> <span class='ocrx_word' id='word_1_969' title='bbox 1669 2770 1702 2801; x_wconf 91' lang='lat' dir='ltr'>in</span> <span class='ocrx_word' id='word_1_970' title='bbox 1727 2770 1853 2810; x_wconf 84' lang='lat' dir='ltr'>privato</span> <span class='ocrx_word' id='word_1_971' title='bbox 1867 2768 1987 2808; x_wconf 86' lang='lat' dir='ltr'>judicio</span> 
     </span>
     <span class='ocr_line' id='line_1_130' title="bbox 1118 2808 1989 2852; baseline -0.005 -8"><span class='ocrx_word' id='word_1_972' title='bbox 1118 2811 1293 2852; x_wconf 75' lang='lat' dir='ltr'>suspectum</span> <span class='ocrx_word' id='word_1_973' title='bbox 1316 2809 1473 2843; x_wconf 83' lang='lat' dir='ltr'>falsumve</span> <span class='ocrx_word' id='word_1_974' title='bbox 1494 2810 1613 2843; x_wconf 84' lang='lat' dir='ltr'>haberi.</span> <span class='ocrx_word' id='word_1_975' title='bbox 1656 2809 1732 2844; x_wconf 88' lang='lat' dir='ltr'>Non</span> <span class='ocrx_word' id='word_1_976' title='bbox 1749 2811 1846 2851; x_wconf 89' lang='lat' dir='ltr'>igitur.</span> <span class='ocrx_word' id='word_1_977' title='bbox 1858 2808 1925 2842; x_wconf 76' lang='lat' dir='ltr'>falfi</span> <span class='ocrx_word' id='word_1_978' title='bbox 1940 2816 1989 2840; x_wconf 86' lang='lat' dir='ltr'>ac-</span> 
     </span>
     <span class='ocr_line' id='line_1_131' title="bbox 1119 2850 1987 2890; baseline -0.007 -4"><span class='ocrx_word' id='word_1_979' title='bbox 1119 2854 1239 2886; x_wconf 89' lang='lat' dir='ltr'>cusatio</span> <span class='ocrx_word' id='word_1_980' title='bbox 1257 2854 1288 2884; x_wconf 92' lang='lat' dir='ltr'>in</span> <span class='ocrx_word' id='word_1_981' title='bbox 1307 2854 1326 2884; x_wconf 82' lang='lat' dir='ltr'>i.</span> <span class='ocrx_word' id='word_1_982' title='bbox 1347 2857 1392 2886; x_wconf 90' lang='lat'>18.</span> <span class='ocrx_word' id='word_1_983' title='bbox 1418 2853 1451 2883; x_wconf 87' lang='lat' dir='ltr'>C.</span> <span class='ocrx_word' id='word_1_984' title='bbox 1476 2853 1510 2884; x_wconf 80' lang='lat' dir='ltr'>de</span> <span class='ocrx_word' id='word_1_985' title='bbox 1529 2851 1773 2883; x_wconf 63' lang='lat' dir='ltr'>transactionibus</span> <span class='ocrx_word' id='word_1_986' title='bbox 1789 2850 1949 2890; x_wconf 85' lang='lat' dir='ltr'>excipitur</span> <span class='ocrx_word' id='word_1_987' title='bbox 1969 2857 1987 2879; x_wconf 83' lang='lat' dir='ltr'>a</span> 
     </span>
     <span class='ocr_line' id='line_1_132' title="bbox 1119 2890 1984 2935; baseline -0.008 -7"><span class='ocrx_word' id='word_1_988' title='bbox 1119 2895 1303 2928; x_wconf 89' lang='lat' dir='ltr'>criminibus</span> <span class='ocrx_word' id='word_1_989' title='bbox 1328 2893 1482 2935; x_wconf 85' lang='lat' dir='ltr'>sanguinis</span> <span class='ocrx_word' id='word_1_990' title='bbox 1507 2903 1636 2935; x_wconf 83' lang='lat' dir='ltr'>poenam</span> <span class='ocrx_word' id='word_1_991' title='bbox 1660 2903 1725 2926; x_wconf 90' lang='lat' dir='ltr'>non</span> <span class='ocrx_word' id='word_1_992' title='bbox 1750 2890 1984 2933; x_wconf 87' lang='lat' dir='ltr'>ingerentibus:</span> 
     </span>
     <span class='ocr_line' id='line_1_133' title="bbox 1119 2932 1986 2978; baseline -0.01 -9"><span class='ocrx_word' id='word_1_993' title='bbox 1119 2946 1225 2978; x_wconf 87' lang='lat' dir='ltr'>neque</span> <span class='ocrx_word' id='word_1_994' title='bbox 1245 2935 1387 2967; x_wconf 90' lang='lat' dir='ltr'>suaserim</span> <span class='ocrx_word' id='word_1_995' title='bbox 1404 2959 1414 2974; x_wconf 91' lang='lat'><strong>‚</strong></span> <span class='ocrx_word' id='word_1_996' title='bbox 1445 2935 1689 2969; x_wconf 78' lang='lat' dir='ltr'>Diocletianum</span> <span class='ocrx_word' id='word_1_997' title='bbox 1709 2935 1739 2966; x_wconf 71' lang='grc' dir='ltr'>δε</span> <span class='ocrx_word' id='word_1_998' title='bbox 1757 2932 1986 2966; x_wconf 75' lang='lat' dir='ltr'>Maximianum</span> 
     </span>
     <span class='ocr_line' id='line_1_134' title="bbox 1119 2976 1986 3017; baseline -0.01 -7"><span class='ocrx_word' id='word_1_999' title='bbox 1119 2979 1161 3010; x_wconf 89' lang='lat' dir='ltr'>fic</span> <span class='ocrx_word' id='word_1_1000' title='bbox 1177 2977 1279 3017; x_wconf 86' lang='lat' dir='ltr'>accipi</span> <span class='ocrx_word' id='word_1_1001' title='bbox 1297 2987 1307 3016; x_wconf 84' lang='lat'>3</span> <span class='ocrx_word' id='word_1_1002' title='bbox 1339 2976 1391 3008; x_wconf 85' lang='lat' dir='ltr'>sed</span> <span class='ocrx_word' id='word_1_1003' title='bbox 1415 2978 1549 3017; x_wconf 89' lang='lat' dir='ltr'>perinde</span> <span class='ocrx_word' id='word_1_1004' title='bbox 1563 3000 1573 3015; x_wconf 84' lang='grc'><strong><em>,</em></strong></span> <span class='ocrx_word' id='word_1_1005' title='bbox 1597 2986 1634 3009; x_wconf 93' lang='lat' dir='ltr'>ac</span> <span class='ocrx_word' id='word_1_1006' title='bbox 1652 2977 1673 3009; x_wconf 85' lang='lat' dir='ltr'><strong>fi</strong></span> <span class='ocrx_word' id='word_1_1007' title='bbox 1692 2977 1852 3008; x_wconf 88' lang='lat' dir='ltr'>dicerent:</span> <span class='ocrx_word' id='word_1_1008' title='bbox 1876 2980 1986 3011; x_wconf 87' lang='lat' dir='ltr'>quate-</span> 
     </span>
     <span class='ocr_line' id='line_1_135' title="bbox 1120 3018 1986 3059; baseline -0.007 -7"><span class='ocrx_word' id='word_1_1009' title='bbox 1120 3030 1178 3052; x_wconf 84' lang='lat' dir='ltr'>nus</span> <span class='ocrx_word' id='word_1_1010' title='bbox 1196 3020 1312 3051; x_wconf 84' lang='lat' dir='ltr'>attinet</span> <span class='ocrx_word' id='word_1_1011' title='bbox 1335 3019 1374 3050; x_wconf 85' lang='lat' dir='ltr'>ad</span> <span class='ocrx_word' id='word_1_1012' title='bbox 1396 3019 1454 3050; x_wconf 81' lang='lat' dir='ltr'>alia</span> <span class='ocrx_word' id='word_1_1013' title='bbox 1477 3018 1605 3059; x_wconf 84' lang='lat' dir='ltr'>publica</span> <span class='ocrx_word' id='word_1_1014' title='bbox 1625 3018 1776 3053; x_wconf 81' lang='lat' dir='ltr'>crimina,</span> <span class='ocrx_word' id='word_1_1015' title='bbox 1799 3021 1891 3054; x_wconf 82' lang='lat' dir='ltr'>quam</span> <span class='ocrx_word' id='word_1_1016' title='bbox 1913 3021 1986 3052; x_wconf 68' lang='lat' dir='ltr'>quse</span> 
     </span>
     <span class='ocr_line' id='line_1_136' title="bbox 1121 3055 1987 3103; baseline -0.01 -10"><span class='ocrx_word' id='word_1_1017' title='bbox 1121 3061 1277 3103; x_wconf 84' lang='lat' dir='ltr'>sanguinis</span> <span class='ocrx_word' id='word_1_1018' title='bbox 1293 3084 1303 3099; x_wconf 95' lang='lat'>‚</span> <span class='ocrx_word' id='word_1_1019' title='bbox 1335 3060 1400 3092; x_wconf 87' lang='lat' dir='ltr'>five</span> <span class='ocrx_word' id='word_1_1020' title='bbox 1422 3061 1534 3092; x_wconf 90' lang='lat' dir='ltr'>mortis</span> <span class='ocrx_word' id='word_1_1021' title='bbox 1551 3084 1561 3098; x_wconf 88' lang='lat'>,</span> <span class='ocrx_word' id='word_1_1022' title='bbox 1595 3068 1720 3102; x_wconf 84' lang='lat' dir='ltr'>poenam</span> <span class='ocrx_word' id='word_1_1023' title='bbox 1739 3055 1870 3092; x_wconf 85' lang='lat' dir='ltr'>habent,</span> <span class='ocrx_word' id='word_1_1024' title='bbox 1895 3062 1987 3085; x_wconf 90' lang='lat' dir='ltr'>reum</span> 
     </span>
     <span class='ocr_line' id='line_1_137' title="bbox 1121 3095 1987 3176; baseline -0.01 -42"><span class='ocrx_word' id='word_1_1025' title='bbox 1121 3103 1296 3176; x_wconf 54' lang='lat' dir='ltr'>trangigere</span> <span class='ocrx_word' id='word_1_1026' title='bbox 1314 3111 1379 3134; x_wconf 91' lang='lat' dir='ltr'>non</span> <span class='ocrx_word' id='word_1_1027' title='bbox 1395 3101 1503 3143; x_wconf 88' lang='lat' dir='ltr'>posse;</span> <span class='ocrx_word' id='word_1_1028' title='bbox 1526 3103 1602 3144; x_wconf 92' lang='lat' dir='ltr'>quin</span> <span class='ocrx_word' id='word_1_1029' title='bbox 1624 3104 1656 3133; x_wconf 93' lang='lat' dir='ltr'>in</span> <span class='ocrx_word' id='word_1_1030' title='bbox 1671 3097 1738 3132; x_wconf 85' lang='lat' dir='ltr'>falfi</span> <span class='ocrx_word' id='word_1_1031' title='bbox 1753 3095 1987 3131; x_wconf 81' lang='lat' dir='ltr'>accusationem</span> 
     </span>
     <span class='ocr_line' id='line_1_138' title="bbox 1121 3154 1254 3177; baseline -0.008 0"><span class='ocrx_word' id='word_1_1032' title='bbox 1121 3154 1184 3177; x_wconf 83' lang='lat' dir='ltr'>inci</span> <span class='ocrx_word' id='word_1_1033' title='bbox 1211 3154 1254 3176; x_wconf 85' lang='lat' dir='ltr'>at.</span> 
     </span>
    </p>
   </div>
   <div class='ocr_carea' id='block_1_13' title="bbox 1160 3177 1989 3250">
    <p class='ocr_par' dir='ltr' id='par_1_17' title="bbox 1160 3177 1989 3250">
     <span class='ocr_line' id='line_1_139' title="bbox 1160 3177 1989 3250; baseline -0.014 -30"><span class='ocrx_word' id='word_1_1034' title='bbox 1160 3184 1235 3219; x_wconf 90' lang='lat' dir='ltr'>Nec</span> <span class='ocrx_word' id='word_1_1035' title='bbox 1251 3184 1316 3226; x_wconf 88' lang='lat' dir='ltr'>est,</span> <span class='ocrx_word' id='word_1_1036' title='bbox 1340 3184 1429 3227; x_wconf 87' lang='lat' dir='ltr'>qnod</span> <span class='ocrx_word' id='word_1_1037' title='bbox 1446 3193 1542 3226; x_wconf 87' lang='lat' dir='ltr'>quem</span> <span class='ocrx_word' id='word_1_1038' title='bbox 1558 3182 1719 3222; x_wconf 82' lang='lat' dir='ltr'>offendat,</span> <span class='ocrx_word' id='word_1_1039' title='bbox 1741 3178 1829 3222; x_wconf 84' lang='lat' dir='ltr'>quod</span> <span class='ocrx_word' id='word_1_1040' title='bbox 1850 3177 1989 3250; x_wconf 51' lang='grc' dir='ltr'>Ιπέεξὲῗὲ</span> 
     </span>
    </p>
   </div>
  </div>
 </body>
</html>
