2036 3495
179 95 248 140 136

182 190 255 220 quae
272 186 391 220 quartae
409 177 584 214 rationem,
603 174 791 214 intelligitur
806 183 847 204 ex
862 171 925 203 fine
943 172 1056 204 Praefa-

183 222 280 253 tionis
293 219 413 251 Novell.
434 227 457 248 1.
478 217 506 257 §.
526 227 553 248 2.
600 215 695 254 Atqui
713 216 743 245 in
763 214 975 253 Inscriptione
991 216 1058 254 ejus

183 262 304 302 Capitis
316 268 436 291 tantum
447 257 481 288 fit
499 260 621 288 mentio
641 256 831 291 liberorum,
848 256 930 287 nulla
949 264 1062 293 paren-

183 312 272 341 tum,
296 300 379 332 nulla
394 298 527 329 fratrum
544 306 597 328 aut
617 297 769 328 sororum.
802 297 864 327 Sed
883 296 958 328 milii
978 296 1058 328 suffi-

183 344 248 381 cit,
273 342 311 372 ad
328 350 385 372 eos
402 339 540 380 spectare
559 339 625 378 ejus
643 338 751 369 finem.
785 338 814 369 δι
831 338 929 369 simile
948 339 1025 379 quid
1044 347 1060 369 a

183 383 357 424 Justiniano
377 380 563 412 observatur
579 380 607 422 §.
625 381 678 421 uli.
698 380 716 411 l.
734 390 783 421 35.
801 380 833 410 C.
849 380 876 409 h.
892 385 912 410 t.

226 424 350 466 Quarta
367 421 648 453 causainhibendae
667 421 804 461 querelae
823 419 886 458 est,
904 421 924 452 si
943 431 978 452 ea
996 430 1061 452 non

216 465 338 497 taCtum
356 464 436 495 intra
453 462 585 503 spatium
603 462 810 503 quinquennii
828 461 847 493 l.
859 466 887 495 8.
900 462 990 503 §.um
1004 464 1030 493 h.
1042 468 1062 493 t.

188 505 274 538 Olim
297 505 359 537 fuit
381 505 563 536 biennium:
587 513 654 544 quo
677 503 783 544 elapso
803 502 948 543 usucapta
969 504 1061 535 habe-

185 548 303 579 bantur
320 547 438 579 omnia.
482 539 589 578 Testis
608 546 724 577 Plinius
740 545 789 576 lib.
807 555 837 584 5.
854 543 948 585 Epist.
968 554 993 575 ῐ.
1018 545 1062 576 se-

186 589 361 628 quentibus
377 587 493 620 verbis.
519 587 596 623 Scis,
614 593 641 617 ze
658 596 715 617 non
727 584 920 626 Julrlcn'pfiffe
933 595 1061 624 mecum,

188 631 225 665 ὅ)
240 631 302 671 jam
318 631 466 661 biennium
482 628 643 668 trmzsiiffe,
668 630 822 668 omniaque
836 637 878 657 me
896 627 1060 668 usucepzffe.

187 672 251 704 Sed
266 672 409 703 obtinuit
424 671 493 711 jure
509 670 738 702 Panaetrarum
758 672 786 700 oc
804 669 972 708 deinceps,
988 678 1064 709 que-

185 715 259 746 relae
275 712 499 753 quinquennio
516 713 645 743 demum
662 710 820 750 praescribi
840 712 865 740 cl.
883 710 902 741 l.
919 715 947 744 8.
962 709 991 750 §.
1009 710 1064 741 ult.

188 756 208 787 l.
228 766 255 787 2.
272 755 306 787 C.
336 755 372 786 In
388 755 467 794 quib.
485 753 562 792 caus}
583 754 613 783 in
634 754 741 793 integr.
761 750 911 790 restitutio.
947 751 999 782 De
1025 761 1066 782 eo

187 797 368 828 dubitatum
385 796 447 827 fuit
464 795 546 826 inter
571 792 744 833 Ulpianum
770 793 800 823 ἃ
825 792 1065 831 Modestinum,

187 848 204 877 a
221 847 285 879 quo
301 846 448 877 tempore
463 835 715 877 quinquennium
732 834 875 874 incipere
887 842 1067 874 oporteret.

189 881 235 911 illi
254 880 390 919 placuit,
408 887 536 909 currere
551 887 568 907 a
587 885 734 916 tempore
753 876 846 906 adltae
866 874 1067 907 hereditatis:

187 922 264 952 huic
281 930 297 951 a
313 928 461 959 tempore
478 918 601 951 mortis.
621 916 797 949 Modestini
817 916 1004 949 sententiam
1024 916 1066 947 se-

190 970 283 1002 cutus
300 961 345 993 est
365 961 467 993 Vetus
483 960 643 997 Interpres
659 959 690 990 in
707 959 726 989 l.
740 968 769 999 3.
788 958 856 989 Cod.
873 957 976 990 Theod.
995 959 1024 989 h.
1043 964 1064 989 t.

189 1005 242 1035 sed
259 1003 446 1041 justinianus
464 1002 482 1034 l.
495 1006 545 1043 36.
562 1001 590 1043 ὃ.
602 1011 630 1033 2.
650 1000 682 1031 C.
701 1001 760 1033 cm.
786 1000 876 1031 dedit
893 999 1066 1031 secundum

189 1044 382 1086 Ulpianum:
404 1052 506 1085 puto,
523 1043 611 1085 quod
623 1050 702 1074 ⁴ante
719 1041 836 1072 aditam
854 1042 1066 1072 hereditatem

191 1096 256 1118 non
275 1086 319 1118 est
338 1086 485 1126 querela:
509 1094 574 1117 non
600 1084 718 1115 valenti
737 1091 843 1113 autem
872 1091 964 1122 agere
982 1084 1067 1112 nulla

191 1128 292 1160 currit
309 1127 505 1168 praescriptio
523 1127 542 1158 l.
557 1136 582 1158 1.
600 1126 633 1156 C.
651 1126 684 1156 de
699 1124 800 1155 annal.
820 1129 925 1163 except.
951 1124 991 1155 sic
1005 1124 1066 1163 jam

192 1178 268 1201 ante
286 1169 472 1201 Valerianus
489 1169 519 1200 &
535 1166 701 1199 Gallienus
719 1165 737 1196 l.
763 1169 808 1197 16.
829 1165 860 1197 C.
877 1165 904 1195 h.
927 1171 946 1195 τ.
967 1164 1067 1204 Quid

191 1221 289 1253 ergo,
307 1210 327 1242 si
345 1210 438 1242 heres
455 1209 587 1250 scriptus
605 1207 763 1239 trahendo
780 1206 954 1250 aditionem
972 1206 1068 1238 effici<

193 1260 310 1291 εις-ηε
332 1252 546 1283 exheredatus
571 1250 664 1291 possit
687 1248 848 1289 querelam
873 1256 953 1278 intra
978 1248 1067 1287 quin-

191 1295 368 1335 quennium
384 1292 574 1325 instituere?
598 1290 640 1322 Et
657 1291 729 1321 huic
751 1288 944 1320 frustrationi
964 1296 998 1319 ut
1015 1298 1068 1319 oc·

190 1343 297 1367 currat
313 1338 341 1366 d.
357 1335 376 1377 §
404 1345 431 1367 2.
450 1334 470 1365 l.
492 1337 540 1375 36.
563 1332 749 1373 Justinianus
768 1329 878 1374 heredi
896 1329 1031 1370 scripto,
1048 1330 1068 1361 li

192 1377 223 1410 in
241 1377 350 1408 eadem
370 1376 405 1408 fit
425 1376 590 1417 provincia
603 1396 613 1412 ,
636 1373 789 1404 concedit
808 1373 858 1402 lex
883 1371 1024 1410 menses,
1049 1370 1069 1403 fi

192 1419 225 1457 in
243 1419 301 1449 alia
318 1417 373 1456 sit,
395 1426 513 1448 annum
529 1416 732 1447 continuum.
759 1414 838 1444 intra
854 1412 918 1443 hoc
936 1412 1068 1452 spatium

192 1460 351 1500 permittit
374 1460 422 1497 ei,
441 1457 639 1495 deliberare3
657 1463 762 1486 utrum
781 1454 887 1491 malit,
913 1453 1068 1485 heredita-

194 1511 259 1534 tem
278 1500 365 1531 adire
376 1522 385 1538 ,
398 1509 435 1530 an
451 1499 627 1539 repudiare.
652 1496 765 1527 exacto
780 1495 844 1526 hoc
856 1494 960 1536 ,spatio
973 1519 982 1534 ,
1000 1496 1068 1526 vult

193 1552 266 1574 eum
285 1541 437 1580 compelli
454 1550 511 1581 per
528 1537 670 1571 officium
686 1536 826 1577 Judicis,
843 1545 894 1568 aut
912 1536 1069 1568 heredita-

192 1592 258 1615 tem
272 1584 455 1623 repudiare,
471 1591 522 1612 aur
536 1579 687 1621 judicium
702 1578 822 1616 subire,
841 1579 975 1618 perinde
986 1578 1069 1617 quasi

193 1625 404 1656 hereditatem
429 1622 562 1654 adiisset.
593 1622 681 1661 quod
698 1619 719 1651 fi
745 1621 774 1650 in
795 1620 902 1650 medio
922 1627 1069 1659 tempore

193 1665 360 1698 decesserit
377 1665 480 1704 filius,
504 1665 566 1701 ait,
590 1672 663 1694 eum
686 1661 867 1701 hujusmodi
887 1662 1069 1700 querelam,

191 1708 270 1740 licet
279 1717 344 1739 non
356 1713 560 1747 praeparatam
571 1727 581 1743 ,
597 1705 634 1735 ad
646 1703 729 1734 suam
745 1702 963 1743 posteritatem
974 1710 1071 1734 trans-

192 1748 372 1782 miss‘urum:
396 1750 435 1779 ad
456 1755 627 1778 extraneos
655 1753 733 1775 vero
758 1743 892 1774 heredes
910 1751 986 1774 tunc
1005 1753 1072 1774 tan-

194 1791 384 1826 tummode,
401 1789 531 1830 quando
549 1785 689 1825 antiquis
705 1785 793 1816 libris
813 1784 959 1816 insertam
972 1784 1073 1816 saciet

193 1832 472 1873 praeparationem.
511 1829 608 1860 Plane
630 1826 785 1868 Ulpianus
802 1826 821 1856 l.
841 1830 867 1860 8.
884 1826 913 1868 §.
930 1826 984 1857 ult.
1002 1827 1030 1857 h.
1052 1834 1073 1858 ι.

193 1871 408 1906 inofficiosum
420 1874 514 1903 etiam
530 1869 600 1910 post
615 1867 867 1909 quinquennium
885 1868 947 1898 dici
965 1867 1073 1908 posse,

195 1915 373 1953 existiman
388 1921 578 1954 quamquam
594 1920 658 1942 non
679 1908 874 1947 indistincte;
892 1907 943 1940 sed
961 1919 1073 1949 magna

195 1966 237 1988 ex
251 1955 359 1993 causa,
374 1963 447 1995 puta
464 1963 519 1994 per
536 1953 738 1992 inintegrum
748 1949 1003 1982 restitutionem:
1021 1952 1072 1982 ad-

195 1999 241 2029 dit
251 2022 260 2037 ,
277 2007 343 2029 non
361 1996 422 2028 esse
434 2004 501 2027 tum
512 1993 708 2026 revocandas
723 1991 886 2023 libertates
898 2001 968 2031 quae
984 2001 1072 2023 com-

197 2039 369 2080 petierint,
387 2038 436 2068 vel
448 2034 678 2077 praestiraesint:
696 2033 774 2064 seda
791 2032 915 2073 lingulis
929 2033 1073 2073 praestan.

197 2083 257 2112 dos
276 2080 385 2111 victori
404 2078 466 2111 esse
485 2076 597 2118 viginti
613 2085 737 2107 aureos.
783 2073 920 2113 Nescio,
945 2084 982 2106 an
1000 2074 1072 2106 Mo·

197 2121 338 2154 destinus
362 2121 380 2152 l.
404 2131 432 2157 9·
455 2118 630 2160 significet,
655 2115 762 2153 fuisse,
787 2117 839 2156 qui
857 2125 1030 2157 negarent,
1055 2116 1075 2148 si

196 2162 265 2204 quis
290 2164 390 2204 egerit
414 2163 493 2192 intra
519 2159 792 2199 quinquennium,
819 2166 885 2188 tum
912 2158 1074 2189 libertates

196 2213 396 2244 competere.
424 2202 489 2241 ipse
512 2209 600 2232 certe
618 2200 760 2239 subjicit,
778 2201 865 2239 quod
884 2199 996 2231 Paulus
1012 2200 1073 2238 ait,

198 2246 414 2288 praestaturum
426 2241 680 2275 fideicommiffas
699 2240 878 2279 libertates,
897 2239 1016 2271 scilicet
1033 2241 1075 2271 vi-

197 2290 276 2329 ginti
295 2289 396 2318 aureis
416 2285 446 2317 ἂ
464 2286 493 2316 in
512 2284 576 2315 hoc
593 2282 663 2314 casu
682 2292 698 2313 a
726 2282 853 2322 fingulis
881 2281 1074 2322 praestandis.

196 2331 299 2370 lmpp.
318 2336 449 2368 quoque
470 2326 654 2358 Valerianus
672 2324 701 2355 δι
719 2322 884 2355 Gallienus
901 2324 920 2354 l.
940 2334 967 2355 2.
988 2323 1019 2355 C.
1038 2323 1074 2355 In

198 2372 275 2413 quib.
292 2371 368 2409 caus.
387 2371 419 2399 in
438 2368 543 2408 integr.
561 2364 650 2407 restit.
668 2364 766 2405 neceff.
787 2374 843 2395 non
861 2363 899 2405 est
912 2389 921 2403 ,
945 2364 985 2396 sic
1005 2363 1074 2396 scri-

197 2413 288 2444 bunt.
313 2410 513 2447 Adolescentia?
532 2415 643 2449 tempus
669 2417 726 2437 non
743 2408 883 2446 imputari
898 2409 928 2437 z'u
945 2408 974 2437 id
991 2408 1074 2446 quin-

198 2453 356 2496 quennium
379 2451 474 2481 liberis
504 2451 588 2491 cujus
608 2449 782 2489 praescriptz'o
806 2452 898 2483 leram
923 2446 1075 2487 inofficiosi

199 2492 379 2536 quaeftz'onem
404 2493 584 2523 moventibus
609 2491 712 2531 opponi
722 2489 816 2529 solet,
840 2487 990 2530 mamsesle
1006 2496 1074 2521 ame

197 2534 401 2575 descripfimus.

238 2578 290 2608 Sic
305 2577 352 2615 jus
371 2575 432 2606 fuit
447 2575 476 2606 in
495 2574 625 2616 querela
642 2570 819 2604 inofficiosi.
844 2571 929 2603 atde
947 2572 1074 2604 afflone

200 2627 272 2658 quae
294 2619 361 2657 jure
385 2626 473 2648 novo
491 2614 649 2656 competit
665 2614 704 2645 ad
730 2613 985 2653 supplementum
1008 2615 1074 2653 eius

200 2659 288 2700 qnod
307 2656 453 2698 legitimae
471 2656 612 2697 portioni
624 2655 728 2694 deest,
745 2656 835 2686 aliter
845 2655 1013 2686 dicendum
1026 2665 1075 2686 es-

200 2703 251 2740 se,
275 2699 343 2730 fcre
362 2708 473 2729 omnes
493 2697 715 2729 consentiunt:
731 2696 893 2735 arbitrati,
909 2696 984 2727 huic
1000 2706 1076 2736 prae·

200 2741 291 2774 scribi
309 2741 434 2770 demum
454 2739 552 2779 spatio
571 2738 698 2779 triginta
715 2747 883 2769 annorum.
928 2738 990 2769 Sed
1008 2738 1077 2769 haec

200 2782 355 2816 sententia
379 2779 455 2810 mihi
480 2790 542 2811 non
562 2782 682 2819 placet:
709 2789 749 2811 ne
768 2778 864 2810 video
881 2780 1011 2819 quidem
1029 2789 1073 2810 ra·

200 2828 344 2862 tionem,
360 2831 415 2852 cur
426 2829 574 2860 oporteat
593 2822 622 2852 in
642 2821 700 2852 hac
718 2820 844 2851 afflone
860 2821 995 2860 amplius
1011 2820 1074 2852 else

198 2866 352 2908 spatium,
368 2871 460 2903 quam
478 2863 508 2891 in
521 2862 648 2905 querela
660 2861 836 2893 inofficiosi.
863 2861 939 2893 Non
956 2871 1007 2893 me
1023 2861 1072 2893 fu—

199 2910 247 2950 git
265 2931 274 2945 ,
304 2915 363 2946 pro
380 2913 417 2935 ea
433 2902 549 2934 adferri
566 2926 575 2940 ‚
609 2903 690 2933 hanc
707 2903 865 2935 aetionem
882 2902 945 2935 effe
962 2904 1074 2934 condi—

199 2950 340 2982 ctionem
357 2955 396 2977 ex
415 2945 485 2985 lege
497 2967 506 2981 ‚
523 2952 629 2981 eoque
647 2944 676 2974 in
697 2944 881 2983 personam:
906 2954 978 2976 cum
995 2954 1071 2985 que-

197 2992 263 3024 rela
274 2989 309 3020 sit
327 2989 357 3019 in
369 2995 436 3018 rem
447 2985 529 3017 affio
540 3008 547 3019 .
560 2984 590 3030 ὅς
605 2985 753 3029 omnibus
764 2986 939 3017 affionibus
955 2985 986 3017 in
1005 2996 1072 3026 per-

198 3034 307 3065 sonam
326 3030 448 3060 dicatur
465 3025 621 3068 praescrrbi
645 3025 743 3064 spatio
772 3028 899 3067 triginta
920 3036 1074 3059 annorum

200 3076 219 3106 l.
242 3083 264 3104 1.
282 3072 301 3113 §
330 3080 355 3102 1.
375 3070 408 3100 C.
425 3071 458 3100 de
473 3066 576 3099 annali
590 3067 759 3105 exceptione.
782 3066 902 3099 Verum
919 3069 959 3100 de
978 3069 1072 3099 astio-

198 3116 289 3147 nibus
308 3114 337 3143 in
354 3121 420 3143 rem
437 3110 523 3142 idem
538 3108 746 3139 constitutum
765 3107 794 3137 in
812 3108 830 3137 l.
848 3118 878 3148 3.
902 3109 934 3139 C.
952 3111 986 3140 de
1000 3116 1072 3150 prae-

198 3156 352 3196 scriptione
369 3154 494 3193 triginta
509 3149 555 3181 vel
568 3149 764 3191 quadraginta
784 3158 936 3179 annorum.
961 3159 1072 3190 praete-

196 3207 249 3230 rea
266 3194 334 3238 quis
351 3196 494 3235 ignorat,
513 3191 621 3234 generi
634 3199 690 3232 per
707 3189 844 3230 speciem
855 3190 1024 3230 derogari?
1043 3192 1073 3224 &

592 88 947 125 GnRAnnr
1006 84 1269 121 Noonr
1325 86 1542 123 Corin.

1099 182 1170 219 cum
1190 175 1306 207 dicitur
1321 177 1470 208 omnibus
1481 178 1512 208 in
1523 186 1589 208 rem
1601 176 1629 209 δι
1646 177 1676 209 in
1697 176 1860 217 personam
1876 178 1979 212 action

1100 216 1191 246 nibus
1208 217 1363 256 praescribi
1375 218 1555 260 longiffimo
1573 226 1720 259 tempore
1733 219 1859 259 triginta
1875 229 1982 253 anno-J

1101 265 1191 295 rum,
1212 259 1243 288 id
1266 261 1463 299 procedere:
1487 259 1541 291 nisi
1566 259 1586 291 fr
1611 269 1681 300 quae
1705 261 1979 300 praescriptionem:

1103 300 1286 344 acceperint
1302 301 1511 332 breviorem?
1534 302 1561 331 d.
1579 301 1597 331 l.
1615 311 1645 342 3.
1662 303 1693 332 in
1704 300 1760 340 fin.
1794 301 1827 333 ln
1845 302 1891 333 his
1907 304 1984 342 est·,i

1104 339 1193 370 verbi
1218 341 1335 380 gratia,
1359 342 1442 373 aelio
1460 343 1500 373 de
1516 342 1593 373 dolo
1611 343 1713 373 malo:
1735 343 1785 373 cui
1804 341 1972 383 praescribi-

1105 387 1161 426 tur·
1178 380 1278 421 spatio
1294 382 1414 414 biennii
1437 383 1457 414 l.
1477 384 1531 414 ult.
1550 384 1582 414 C.
1599 385 1632 414 cle
1648 384 1708 414 dolo
1725 384 1809 414 malo.
1835 384 1983 425 itemquev

1104 420 1186 468 aetio
1203 423 1402 466 injuriarum,
1418 434 1501 456 anno
1517 424 1599 456 finiri
1617 424 1706 456 solita
1723 425 1742 456 l.
1755 435 1784 465 5.
1806 424 1883 455 (λάε
1897 426 1981 468 injur-1

1105 471 1176 508 nis..
1193 471 1267 502 quin
1287 465 1352 509 ipsa
1368 466 1495 510 querela
1513 465 1677 498 inofficiosi
1696 466 1895 503 testamenti,
1910 471 1982 500 noui

1106 510 1235 548 trigrnta
1259 514 1365 544 annis,
1390 508 1441 538 led
1465 509 1685 548 quinquennio
1701 506 1982 541 circumscribitura

1106 545 1190 588 idem
1211 553 1359 584 putemus
1374 549 1414 579 de
1431 549 1558 580 actione
1574 549 1612 580 ad
1635 548 1890 589 supplementum
1906 548 1983 590 legia

1107 592 1193 616 timae
1216 594 1442 630 competente:
1465 599 1534 629 quae
1554 590 1691 630 querelae
1711 590 1886 630 surrogata‚
1909 599 1984 631 proe

1107 627 1157 673 cul
1175 628 1275 673 dubio
1287 629 1352 675 ejus
1369 629 1445 670 sapit
1462 640 1620 662 naturam:
1637 630 1765 663 ficutde
1782 631 1907 662 afflone
1916 619 1990 664 sur-i

1107 675 1131 699 ti
1145 668 1303 714 manifesti
1321 670 1438 702 ditlum
1450 678 1497 712 pr.
1518 670 1590 712 Inft.
1605 674 1638 703 de
1651 679 1758 713 perpet.
1774 671 1813 709 ⁷&
1824 678 1907 713 temp.
1924 672 1984 705 ast>
2025 670 2026 679 ¹

1109 718 1204 756 mitt-o
1216 719 1420 756 argumenta:
1437 721 1528 745 certo
1543 715 1610 753 jure
1627 724 1666 745 ex
1679 712 1984 753 Constitutione.Ju'-l

1109 750 1234 782 stlnlanl
1250 761 1280 782 in
1300 752 1321 783 l.
1337 762 1386 792 34.
1406 754 1439 785 C.
1458 755 1486 785 h.
1503 760 1524 785 t.
1542 756 1572 786 in
1585 754 1665 786 fine:
1682 755 1735 787 ubi
1753 755 1916 795 sequentia
1928 763 1986 788 exn*
2026 786 2027 797 ¹

1110 800 1178 823 tant
1195 794 1300 840 verba.
1323 793 1398 832 Ecfi
1411 804 1468 825 non
1484 796 1562 826 heres
1572 796 1752 837 apertiffimis
1764 796 1984 837 probationibusz
2027 823 2028 827 ,

1109 831 1259 880 ostenderit
1269 841 1417 876 angrorum
1429 842 1541 876 patrem
1549 839 1657 878 nepotis
1671 840 1748 869 circa.
1763 836 1986 878 testatoremfuoi

1110 874 1176 915 zſje3
1192 873 1355 915 testamento
1370 883 1472 908 remoto
1483 902 1491 915 ‚
1508 880 1542 909 ab
1558 877 1690 917 intestato
1708 889 1772 910 eum
1788 879 1907 917 vocari,
1926 876 1986 915 nisi.

1109 921 1185 946 certa
1203 919 1353 957 quantitas
1366 921 1445 958 parri
1459 919 1518 960 ejus
1535 921 1628 950 minor
1642 927 1726 963 parce
1742 920 1869 961 legitima
1884 918 1985 954 reliftoe

1109 955 1167 998 eft.-
1193 964 1262 988 tunc
1286 961 1390 990 eienim
1406 962 1570 999 secundum
1590 961 1731 992 novellam
1746 958 1836 1001 nostri
1852 960 1984 992 numinis?

1111 997 1368 1039 constitutionem,
1393 1002 1506 1041 repletio
1533 1008 1644 1043 quartae
1661 1003 1758 1043 partis
1780 1003 1873 1042 nepoti
1881 1002 1986 1042 superq.

1109 1037 1148 1080 est
1158 1063 1165 1077 ‚
1176 1038 1204 1077 fi
1220 1050 1278 1087 qua
1288 1043 1366 1081 patri
1380 1043 1441 1082 ejus
1452 1044 1639 1083 competebat,
1656 1052 1690 1074 ur
1700 1044 1877 1085 perfruatur
1892 1040 1985 1083 nostre.
2029 1076 2030 1082 ¹

1109 1084 1240 1128 beneflcio
1257 1092 1274 1113 a
1290 1081 1432 1122 vetustate
1447 1085 1558 1123 quidem
1569 1084 1712 1126 neglectus
1723 1108 1731 1122 ‚
1747 1095 1765 1116 a
1780 1082 1870 1125 nostro
1887 1090 1981 1116 autem

1108 1132 1205 1170 vigore
1222 1132 1384 1162 recreatus,
1408 1125 1463 1163 nisi
1482 1132 1566 1166 pater
1581 1127 1675 1157 adbuc
1687 1123 1824 1167 superstes
1839 1126 1886 1156 vel
1901 1132 1985 1166 repu-

1110 1166 1204 1210 diavit
1221 1165 1383 1205 querelam,
1399 1168 1445 1197 vel
1460 1169 1654 1208 quinquennio
1670 1168 1782 1205 lacuit,
1804 1168 1909 1205 scilicet
1919 1164 1984 1207 post„
2030 1200 2032 1207 s

1110 1209 1220 1236 nazianz
1230 1207 1421 1238 hereditatem.
1438 1209 1488 1239 SlC
1499 1208 1698 1248 justinianus.
1711 1218 1770 1240 nec
1781 1209 1876 1240 velim
1886 1216 1984 1248 quem

1111 1246 1267 1278 confundi
1285 1248 1404 1286 verbo,
1428 1251 1566 1290 querdae,
1585 1260 1650 1290 quo
1667 1250 1766 1281 utitur
1783 1249 1981 1290 Imperator:

1111 1297 1184 1334 cum
1210 1298 1250 1318 eo
1276 1289 1376 1320 verbo
1401 1291 1451 1322 vel
1471 1292 1556 1322 aetio
1577 1293 1615 1322 ad
1633 1290 1906 1331 supplementum,
1930 1287 1985 1322 nifi
2032 1313 2033 1328 2

1111 1330 1316 1376 cavrllamur,
1338 1330 1504 1363 manifeste
1521 1332 1731 1375 significetur:
1754 1331 1833 1364 sicut
1849 1333 1880 1364 in
1900 1332 1918 1363 l.
1934 1341 1987 1373 35.
2032 1365 2033 1369 ,

1111 1371 1140 1413 §.
1158 1381 1186 1401 2.
1206 1380 1282 1402 mox
1302 1373 1461 1412 sequente.
2032 1395 2033 1398 η

1153 1411 1230 1458 Fere
1246 1412 1367 1459 oblitus
1383 1422 1468 1445 eram
1480 1437 1488 1452 ‚
1512 1416 1599 1455 quod
1617 1415 1761 1453 querela.
1785 1414 1938 1455 exemplo
1954 1422 1988 1445 a·
2032 1421 2033 1425 ¹

1113 1453 1225 1485 {tronis
1248 1456 1446 1494 anuriarum,
1469 1457 1565 1488 etiam
1588 1455 1776 1488 exheredati
1792 1465 1896 1488 morte
1914 1454 1987 1486 fini·
2033 1490 2034 1495 ¹

1113 1505 1181 1541 tur3
1206 1495 1225 1525 si
1254 1495 1440 1534 decefferic,
1463 1498 1593 1537 querela
1617 1505 1690 1529 ante
1709 1507 1774 1529 non
1791 1504 1988 1537 praeparata:
2033 1503 2034 1507 ¹

1113 1546 1178 1567 imo
1205 1544 1398 1576 praeparata·‚
1423 1539 1523 1569 modo
1547 1546 1667 1570 mutata
1684 1539 1801 1571 deinde
1819 1538 1987 1569 voluntate
2033 1546 2034 1549 ¹

1111 1578 1254 1609 decedat.
1280 1587 1349 1609 nam
1368 1586 1434 1610 tum
1455 1588 1518 1610 non
1540 1581 1605 1611 dari
1623 1581 1662 1611 de
1676 1578 1857 1611 inofficioso
1874 1587 1988 1617 queres

1113 1620 1192 1658 lam,
1209 1618 1319 1650 audior
1335 1619 1380 1651 est
1396 1619 1586 1661 Papinianus
1602 1621 1621 1651 l.
1639 1631 1685 1661 15.
1701 1621 1731 1662 §.
1755 1630 1778 1652 1.
1797 1621 1825 1652 b.
1844 1625 1867 1651 t.
1884 1618 1985 1653 causa·

1113 1667 1163 1691 tus
1175 1683 1188 1705 ,ἱ
1210 1669 1275 1690 non
1293 1659 1453 1699 sufficere,
1471 1662 1559 1693 litem
1578 1662 1760 1701 instituere,
1783 1661 1803 1693 si
1820 1670 1884 1692 non
1901 1661 1932 1692 in
1948 1669 1987 1692 ea

1113 1703 1304 1747 perseveret.
1328 1703 1494 1742 quomodo
1510 1712 1616 1735 autem
1630 1711 1824 1745 praeparetur
1841 1702 1988 1742 querela,
2034 1716 2035 1722 1

1116 1744 1186 1774 latis
1203 1752 1335 1789 apparet
1354 1753 1393 1774 ex
1410 1744 1428 1774 l.
1440 1748 1469 1774 6.
1489 1744 1516 1785 §.
1534 1755 1565 1776 2.
1583 1744 1619 1779 ὅ)
1634 1745 1654 1776 l.
1672 1755 1698 1785 7.
1716 1746 1743 1776 h.
1761 1750 1782 1776 t.
1799 1743 1986 1784 Justinianus

1117 1793 1223 1831 tamen
1240 1794 1269 1815 1n
1288 1784 1473 1817 exheredati
1491 1786 1559 1817 filio
1575 1787 1651 1827 quid
1669 1786 1821 1828 singulare
1836 1783 1988 1816 constitua

1118 1835 1142 1857 rt
1158 1826 1175 1857 l.
1193 1835 1243 1867 34.
1261 1825 1295 1857 C.
1311 1827 1338 1856 b.
1356 1832 1377 1856 t.
1403 1836 1473 1858 nam
1492 1828 1614 1866 voluit,
1631 1829 1705 1859 huic
1716 1827 1878 1868 querelam
1893 1826 1989 1858 etiam

1117 1876 1325 1907 competere,
1349 1867 1404 1898 etsi
1423 1878 1437 1898 a
1455 1877 1544 1908 patre
1561 1879 1626 1900 non
1644 1869 1679 1900 sit
1699 1876 1882 1910 praeparata.

1157 1909 1313 1941 Praeterea
1331 1910 1372 1939 ait
1389 1908 1544 1947 Ulpianus
1562 1911 1580 1941 Ζ.
1600 1915 1628 1945 8.
1644 1911 1671 1952 §.
1688 1922 1717 1950 5.
1733 1911 1761 1941 h.
1779 1916 1801 1942 t.
1825 1908 1990 1950 querelam

1116 1952 1210 1981 etiam
1227 1952 1256 1981 in
1275 1951 1417 1990 pupillari
1437 1951 1657 1983 substitutione
1672 1951 1798 1983 cess'are.
1815 1959 1917 1991 pone:
1935 1957 1987 1990 pa-

1117 1999 1165 2022 ter
1182 1991 1248 2022 filio
1267 1992 1423 2032 impuberi
1443 1993 1638 2033 pupillaritcr
1656 1993 1829 2031 substituit,
1847 1991 1990 2031 proeteri-
2035 1999 2036 2003 ¹

1118 2041 1147 2063 ta
1165 2033 1229 2072 ejus
1248 2042 1347 2064 matre
1365 2034 1393 2064 ἃ
1409 2032 1507 2064 fratre
1525 2033 1588 2065 su0.
1621 2033 1793 2074 Ulpianus,
1809 2040 1928 2070 mater,
1942 2034 1988 2062 in-

1119 2075 1207 2119 quit,
1223 2084 1287 2106 non
1306 2075 1393 2105 dicet
1408 2075 1618 2106 inofficiosum
1632 2084 1638 2106 :
1653 2076 1725 2116 quia
1742 2083 1830 2116 pater
1847 2074 1876 2105 ei
1893 2072 1988 2104 fecit:

1119 2117 1151 2147 id
1167 2115 1228 2154 est,
1254 2117 1326 2156 quia
1348 2125 1410 2147 non
1430 2117 1568 2156 pupillus
1587 2116 1652 2157 ipse
1669 2117 1766 2155 fecit,
1784 2116 1835 2147 sed
1851 2115 1917 2155 ejus
1936 2123 1986 2153 pa-

1120 2166 1178 2188 ter.
1203 2165 1291 2188 certe
1308 2158 1402 2197 patris
1418 2158 1536 2196 judicio
1553 2158 1598 2190 est
1614 2158 1697 2190 facta
1714 2158 1874 2198 pupillaris
1885 2153 1989 2186 substi-

1119 2200 1211 2230 tutio.
1237 2200 1280 2229 ita
1308 2198 1352 2229 est
1376 2200 1489 2239 patris,
1514 2209 1579 2231 non
1597 2198 1668 2238 filli,
1694 2199 1936 2231 testamentum:
1958 2195 1988 2228 δῖ

1118 2240 1223 2281 potest
1245 2240 1374 2280 quidem
1399 2248 1500 2271 mater
1527 2242 1616 2281 queri
1640 2242 1679 2272 de
1699 2241 1820 2282 judicio
1840 2239 1912 2276 filii,
1937 2236 1989 2268 sed

1118 2291 1202 2313 uxor
1219 2291 1282 2312 non
1299 2281 1405 2322 potest
1422 2282 1510 2321 queri
1533 2284 1572 2314 de
1587 2283 1708 2323 judicio
1724 2282 1836 2313 mariti.
1880 2280 1927 2311 An
1945 2286 1986 2309 ta·

1118 2332 1190 2355 men
1208 2323 1418 2355 inofficiosum
1435 2325 1522 2355 dicet
1544 2324 1639 2365 patris
1656 2323 1778 2355 frater?
1803 2322 1844 2353 Et
1859 2321 1923 2352 hoc
1938 2328 1988 2351 ne-

1116 2373 1170 2405 gat
1189 2363 1364 2404 Ulpianus:
1388 2365 1556 2403 nimirum,
1573 2365 1644 2405 quia
1662 2375 1725 2396 non
1744 2363 1789 2395 est
1808 2363 1922 2403 patris,
1938 2359 1988 2392 sed

1117 2406 1193 2444 filii,
1210 2405 1430 2437 testamentum
1441 2429 1450 2444 ,
1467 2407 1496 2437 <St
1508 2416 1697 2447 quamquam
1709 2406 1795 2438 fratri
1806 2404 1852 2436 fas
1862 2403 1898 2435 sit
1913 2411 1987 2444 que-

1118 2449 1141 2479 ri
1152 2448 1191 2479 de
1206 2447 1385 2478 inofficioso
1395 2447 1500 2479 fratris
1517 2447 1726 2486 testamento,
1743 2454 1924 2479 nontamen
1935 2452 1986 2482 pa-

1119 2497 1190 2520 truo
1210 2489 1368 2528 competit
1379 2490 1507 2528 querela
1525 2489 1673 2520 adversus
1692 2489 1915 2520 testamentum
1931 2484 1988 2517 filii>

1117 2530 1232 2561 fratris.
1272 2530 1324 2561 De
1340 2529 1438 2561 fratre
1454 2531 1628 2570 impuberis
1646 2531 1722 2571 quid
1741 2528 1910 2561 dicemus?
1931 2526 1987 2563 flnff

1116 2581 1173 2612 ge,
1190 2571 1277 2602 effea
1289 2578 1377 2612 patre
1387 2571 1616 2603 exheredatum
1632 2580 1696 2603 tam
1711 2572 1741 2602 in
1754 2571 1881 2611 primis,
1896 2574 1988 2609 quam

1118 2615 1149 2644 in
1167 2612 1328 2651 secundis,
1345 2613 1471 2644 tabulis.
1488 2612 1586 2644 fuerit
1601 2614 1683 2644 ratio
1701 2611 1883 2644 dubitandi:
1901 2607 1987 2651 quod

1117 2655 1290 2694 impuberis
1308 2654 1405 2685 frater
1424 2653 1528 2694 potest
1547 2655 1586 2685 (le
1602 2663 1741 2694 utroque
1756 2654 1865 2694 queri,
1881 2652 1913 2683 id
1927 2649 1989 2687 est,

1120 2704 1182 2728 tam
1202 2697 1240 2726 de
1257 2704 1364 2736 patre,
1381 2704 1474 2735 quam
1493 2696 1532 2727 de
1548 2695 1665 2734 fratre,
1681 2696 1720 2726 ab
1738 2703 1877 2735 utroque
1894 2692 1989 2724 exhe-

1119 2738 1256 2768 redatus.
1296 2735 1402 2777 Negat
1420 2745 1524 2768 tamen
1544 2736 1697 2777 Ulpianus
1712 2738 1739 2767 cl.
1756 2737 1785 2778 §.
1803 2747 1832 2778 5.
1851 2735 1871 2766 l.
1886 2739 1915 2769 8.
1939 2730 1989 2778 γει

1119 2788 1191 2809 eum
1215 2778 1372 2810 dicturum
1396 2777 1626 2817 inofficiosum;
1650 2778 1670 2810 si
1693 2787 1790 2818 patris
1814 2786 1879 2808 non
1895 2775 1988 2806 dixit.

1117 2820 1291 2858 videlicet,
1314 2820 1387 2859 quia
1411 2819 1498 2851 fratri
1518 2829 1582 2851 non
1600 2820 1644 2851 est
1657 2820 1705 2859 jus
1722 2819 1812 2859 queri
1831 2819 1870 2849 de
1885 2814 1988 2848 fratris

1116 2861 1288 2900 impuberis
1313 2860 1523 2900 testamentO,
1547 2861 1602 2893 etsi
1625 2861 1718 2902 poffit
1735 2861 1824 2901 queri
1842 2861 1881 2889 de
1899 2855 1986 2889 testa-

1116 2910 1227 2934 mento
1243 2902 1348 2934 fratris
1368 2903 1515 2943 puberis:
1533 2912 1603 2934 nam
1616 2911 1649 2934 ut
1661 2902 1797 2943 fingatur
1813 2899 1874 2931 effe
1889 2900 1987 2938 impu-

1115 2944 1198 2975 beris
1219 2942 1440 2975 testamentum
1455 2967 1464 2983 ‚
1488 2952 1593 2975 tamen
1621 2943 1801 2984 profestum
1819 2940 1863 2973 est
1880 2949 1895 2970 a
1908 2937 1988 2983 judi·

1119 2986 1171 3016 cio
1196 2986 1310 3025 patris3
1335 2994 1431 3025 atque
1446 2993 1481 3016 ut
1501 2985 1595 3025 poffit
1612 2994 1685 3016 eum
1703 2984 1823 3016 insaniae
1843 2981 1987 3011 acculare

1118 3027 1157 3057 ab
1182 3036 1222 3056 eo
1247 3028 1481 3058 exheredatus:
1505 3036 1569 3058 non
1596 3027 1640 3058 ob
1665 3027 1695 3057 id
1713 3024 1831 3065 poterit
1847 3019 1989 3051 insanum

1116 3069 1222 3099 dicere
1238 3067 1368 3099 fratrem
1380 3069 1432 3108 qui
1451 3077 1507 3107 per
1524 3067 1553 3098 se
1571 3078 1635 3099 non
1651 3066 1696 3098 est
1712 3064 1848 3097 testatus.
1871 3058 1988 3091 Rursus

1113 3118 1179 3140 non
1204 3109 1331 3148 prodest
1355 3110 1382 3139 ei
1408 3110 1447 3139 ad
1470 3109 1650 3149 querelam,
1674 3106 1759 3147 quod
1774 3103 1855 3134 filius
1882 3099 1988 3147 potest

1113 3151 1202 3187 queri
1221 3152 1260 3181 de
1285 3151 1395 3189 injuria
1412 3152 1525 3190 patris:
1549 3151 1620 3190 quia
1636 3156 1671 3179 ut
1686 3147 1769 3183 dixi,
1793 3145 1823 3175 in
1842 3142 1987 3189 pupillari

1113 3191 1338 3225 substitutione
1355 3201 1420 3223 non
1437 3198 1565 3232 putatur
1581 3189 1643 3223 ess'e
1659 3187 1771 3231 patris,
1795 3184 1848 3218 sed
1864 3183 1986 3254 flata}

1898 3232 1928 3256 te
1975 3239 1987 3247 -
