<?xml version="1.0" encoding="UTF-8"?>
<!DOCTYPE html PUBLIC "-//W3C//DTD XHTML 1.0 Transitional//EN"
    "http://www.w3.org/TR/xhtml1/DTD/xhtml1-transitional.dtd">
<html xmlns="http://www.w3.org/1999/xhtml" xml:lang="en" lang="en">
 <head>
  <title>
</title>
<meta http-equiv="Content-Type" content="text/html;charset=utf-8" />
  <meta name='ocr-system' content='tesseract 3.04.00' />
  <meta name='ocr-capabilities' content='ocr_page ocr_carea ocr_par ocr_line ocrx_word'/>
</head>
<body>
  <div class='ocr_page' id='page_1' title='image "./gerardinoodtnovi00nood_0525.png"; bbox 0 0 2036 3495; ppageno 0'>
   <div class='ocr_carea' id='block_1_1' title="bbox 1877 89 1946 125">
    <p class='ocr_par' dir='ltr' id='par_1_1' title="bbox 1877 89 1946 125">
     <span class='ocr_line' id='line_1_1' title="bbox 1877 89 1946 125; baseline -0.029 -1"><span class='ocrx_word' id='word_1_1' title='bbox 1877 89 1946 125; x_wconf 81' lang='lat'>499</span> 
     </span>
    </p>
   </div>
   <div class='ocr_carea' id='block_1_2' title="bbox 440 166 1648 259">
    <p class='ocr_par' dir='ltr' id='par_1_2' title="bbox 440 166 1648 259">
     <span class='ocr_line' id='line_1_2' title="bbox 440 166 1648 259; baseline 0.003 -30"><span class='ocrx_word' id='word_1_2' title='bbox 440 166 1068 230; x_wconf 86' lang='lat' dir='ltr'><strong>GERARDI</strong></span> <span class='ocrx_word' id='word_1_3' title='bbox 1139 167 1648 259; x_wconf 84' lang='lat' dir='ltr'>NOODT,</span> 
     </span>
    </p>
   </div>
   <div class='ocr_carea' id='block_1_3' title="bbox 643 282 1420 350">
    <p class='ocr_par' dir='ltr' id='par_1_3' title="bbox 643 282 1420 350">
     <span class='ocr_line' id='line_1_3' title="bbox 643 282 1420 350; baseline 0.005 -20"><span class='ocrx_word' id='word_1_4' title='bbox 643 282 956 350; x_wconf 80' lang='lat' dir='ltr'>Jurisconfulti</span> <span class='ocrx_word' id='word_1_5' title='bbox 993 284 1043 334; x_wconf 80' lang='lat'>&amp;</span> <span class='ocrx_word' id='word_1_6' title='bbox 1077 283 1420 345; x_wconf 80' lang='lat' dir='ltr'>Antecefforis,</span> 
     </span>
    </p>
   </div>
   <div class='ocr_carea' id='block_1_4' title="bbox 140 397 1931 745">
    <p class='ocr_par' dir='ltr' id='par_1_4' title="bbox 119 397 1931 745">
     <span class='ocr_line' id='line_1_4' title="bbox 311 397 1766 483; baseline -0.001 -2"><span class='ocrx_word' id='word_1_7' title='bbox 311 397 1251 481; x_wconf 81' lang='lat' dir='ltr'><strong>DISSERTATIO</strong></span> <span class='ocrx_word' id='word_1_8' title='bbox 1322 403 1766 483; x_wconf 57' lang='lat' dir='ltr'><strong>PRIMA</strong></span> 
     </span>
     <span class='ocr_line' id='line_1_5' title="bbox 140 545 1931 745; baseline 0.003 -8.93"><span class='ocrx_word' id='word_1_9' title='bbox 140 545 701 737; x_wconf 87' lang='lat' dir='ltr'>CIVILI</span> <span class='ocrx_word' id='word_1_10' title='bbox 813 628 897 731; x_wconf 90' lang='lat' dir='ltr'>P</span> <span class='ocrx_word' id='word_1_11' title='bbox 930 630 1302 734; x_wconf 87' lang='lat' dir='ltr'>RUD</span> <span class='ocrx_word' id='word_1_12' title='bbox 1335 630 1931 745; x_wconf 68' lang='lat' dir='ltr'><strong>ENTIA.</strong></span> 
     </span>
    </p>
   </div>
   <div class='ocr_carea' id='block_1_5' title="bbox 204 798 1857 936">
    <p class='ocr_par' dir='ltr' id='par_1_5' title="bbox 204 798 1857 936">
     <span class='ocr_line' id='line_1_6' title="bbox 204 798 1857 863; baseline 0.001 -10"><span class='ocrx_word' id='word_1_13' title='bbox 204 800 379 853; x_wconf 86' lang='lat' dir='ltr'>Habita</span> <span class='ocrx_word' id='word_1_14' title='bbox 406 800 669 851; x_wconf 81' lang='lat' dir='ltr'>Franckerae</span> <span class='ocrx_word' id='word_1_15' title='bbox 705 798 954 849; x_wconf 76' lang='lat' dir='ltr'>Frisiorum</span> <span class='ocrx_word' id='word_1_16' title='bbox 987 817 1022 848; x_wconf 84' lang='lat' dir='ltr'>a.</span> <span class='ocrx_word' id='word_1_17' title='bbox 1049 800 1091 848; x_wconf 90' lang='lat' dir='ltr'>d.</span> <span class='ocrx_word' id='word_1_18' title='bbox 1130 800 1172 850; x_wconf 89' lang='lat'>6.</span> <span class='ocrx_word' id='word_1_19' title='bbox 1196 802 1423 852; x_wconf 57' lang='lat' dir='ltr'>Onobris.</span> <span class='ocrx_word' id='word_1_20' title='bbox 1451 806 1510 854; x_wconf 90' lang='lat' dir='ltr'>A.</span> <span class='ocrx_word' id='word_1_21' title='bbox 1531 819 1857 863; x_wconf 74' lang='lat' dir='ltr'>MDCLXXIX,</span> 
     </span>
     <span class='ocr_line' id='line_1_7' title="bbox 551 868 1513 936; baseline 0.005 -18"><span class='ocrx_word' id='word_1_22' title='bbox 551 887 659 919; x_wconf 89' lang='lat' dir='ltr'>curn</span> <span class='ocrx_word' id='word_1_23' title='bbox 696 868 987 936; x_wconf 77' lang='lat' dir='ltr'>auspicaretur</span> <span class='ocrx_word' id='word_1_24' title='bbox 1022 868 1136 934; x_wconf 85' lang='lat' dir='ltr'>Juris</span> <span class='ocrx_word' id='word_1_25' title='bbox 1174 868 1513 934; x_wconf 71' lang='lat' dir='ltr'>professionem.</span> 
     </span>
    </p>
   </div>
   <div class='ocr_carea' id='block_1_6' title="bbox 131 989 1011 1123">
    <p class='ocr_par' dir='ltr' id='par_1_6' title="bbox 131 989 1011 1123">
     <span class='ocr_line' id='line_1_8' title="bbox 131 989 1011 1039; baseline -0.006 -13"><span class='ocrx_word' id='word_1_26' title='bbox 131 995 354 1039; x_wconf 46' lang='grc' dir='ltr'>Ξςζὲξζςῑξρξί</span> <span class='ocrx_word' id='word_1_27' title='bbox 375 1003 524 1035; x_wconf 84' lang='lat' dir='ltr'>umquam</span> <span class='ocrx_word' id='word_1_28' title='bbox 540 993 616 1025; x_wconf 90' lang='lat' dir='ltr'>mihi</span> <span class='ocrx_word' id='word_1_29' title='bbox 631 992 739 1039; x_wconf 73' lang='lat' dir='ltr'>suisset</span> <span class='ocrx_word' id='word_1_30' title='bbox 754 992 885 1039; x_wconf 78' lang='lat' dir='ltr'>dubium</span> <span class='ocrx_word' id='word_1_31' title='bbox 897 1014 907 1030; x_wconf 92' lang='lat'>‚</span> <span class='ocrx_word' id='word_1_32' title='bbox 925 990 952 1021; x_wconf 92' lang='lat' dir='ltr'>A</span> <span class='ocrx_word' id='word_1_33' title='bbox 964 989 1011 1029; x_wconf 93' lang='lat' dir='ltr'>A,</span> 
     </span>
     <span class='ocr_line' id='line_1_9' title="bbox 132 1032 1010 1090; baseline -0.006 -23"><span class='ocrx_word' id='word_1_34' title='bbox 132 1041 171 1080; x_wconf 57' lang='lat' dir='ltr'>ps&lt;</span> <span class='ocrx_word' id='word_1_35' title='bbox 308 1042 346 1080; x_wconf 57' lang='lat' dir='ltr'>&gt;ag</span> <span class='ocrx_word' id='word_1_36' title='bbox 361 1036 559 1081; x_wconf 80' lang='lat' dir='ltr'>deberemne</span> <span class='ocrx_word' id='word_1_37' title='bbox 574 1033 837 1075; x_wconf 76' lang='lat' dir='ltr'>jurisprudentiae</span> <span class='ocrx_word' id='word_1_38' title='bbox 851 1032 1010 1090; x_wconf 64' lang='lat' dir='ltr'>docendae</span> 
     </span>
     <span class='ocr_line' id='line_1_10' title="bbox 132 1074 1008 1123; baseline -0.007 -14"><span class='ocrx_word' id='word_1_39' title='bbox 132 1082 175 1123; x_wconf 47' lang='grc' dir='ltr'>ἓξὲξ</span> <span class='ocrx_word' id='word_1_40' title='bbox 219 1074 251 1120; x_wconf 84' lang='lat' dir='ltr'>S</span> <span class='ocrx_word' id='word_1_41' title='bbox 305 1084 344 1123; x_wconf 49' lang='lat' dir='ltr'>gg</span> <span class='ocrx_word' id='word_1_42' title='bbox 360 1077 450 1108; x_wconf 85' lang='lat' dir='ltr'>causa</span> <span class='ocrx_word' id='word_1_43' title='bbox 473 1077 653 1118; x_wconf 86' lang='lat' dir='ltr'>relinquere</span> <span class='ocrx_word' id='word_1_44' title='bbox 685 1076 797 1107; x_wconf 91' lang='lat' dir='ltr'>urbem</span> <span class='ocrx_word' id='word_1_45' title='bbox 829 1074 1008 1106; x_wconf 64' lang='lat' dir='ltr'>lNovioma-</span> 
     </span>
    </p>
   </div>
   <div class='ocr_carea' id='block_1_7' title="bbox 99 1114 1008 3255">
    <p class='ocr_par' dir='ltr' id='par_1_7' title="bbox 178 1114 1008 1210">
     <span class='ocr_line' id='line_1_11' title="bbox 358 1114 1008 1162; baseline -0.006 -13"><span class='ocrx_word' id='word_1_46' title='bbox 358 1127 434 1159; x_wconf 85' lang='lat' dir='ltr'>gum</span> <span class='ocrx_word' id='word_1_47' title='bbox 451 1142 461 1157; x_wconf 85' lang='lat'>‚</span> <span class='ocrx_word' id='word_1_48' title='bbox 490 1117 549 1150; x_wconf 81' lang='lat' dir='ltr'>situ</span> <span class='ocrx_word' id='word_1_49' title='bbox 573 1116 810 1162; x_wconf 86' lang='lat' dir='ltr'>amoeniffimam</span> <span class='ocrx_word' id='word_1_50' title='bbox 826 1139 836 1155; x_wconf 95' lang='lat'>,</span> <span class='ocrx_word' id='word_1_51' title='bbox 868 1116 902 1162; x_wconf 20' lang='lat' dir='ltr'>&amp;h</span> <span class='ocrx_word' id='word_1_52' title='bbox 931 1114 1008 1146; x_wconf 88' lang='lat' dir='ltr'>serie</span> 
     </span>
     <span class='ocr_line' id='line_1_12' title="bbox 178 1159 1007 1210; baseline -0.004 -20"><span class='ocrx_word' id='word_1_53' title='bbox 178 1169 341 1210; x_wconf 40' lang='lat'>3235?</span> <span class='ocrx_word' id='word_1_54' title='bbox 359 1168 541 1206; x_wconf 82' lang='lat' dir='ltr'>temporum</span> <span class='ocrx_word' id='word_1_55' title='bbox 558 1182 569 1197; x_wconf 88' lang='lat'><em>‚</em></span> <span class='ocrx_word' id='word_1_56' title='bbox 590 1159 773 1204; x_wconf 83' lang='lat' dir='ltr'>civiumque</span> <span class='ocrx_word' id='word_1_57' title='bbox 796 1165 952 1202; x_wconf 61' lang='lat' dir='ltr'>ingenm,</span> <span class='ocrx_word' id='word_1_58' title='bbox 969 1164 1007 1187; x_wconf 90' lang='lat' dir='ltr'>ac</span> 
     </span>
    </p>

    <p class='ocr_par' dir='ltr' id='par_1_8' title="bbox 99 1190 1005 3253">
     <span class='ocr_line' id='line_1_13' title="bbox 228 1190 1005 1238; baseline -0.004 -7"><span class='ocrx_word' id='word_1_59' title='bbox 228 1190 249 1209; x_wconf 70' lang='lat'>&#39;¹&#39;</span> <span class='ocrx_word' id='word_1_60' title='bbox 311 1193 345 1209; x_wconf 54' lang='lat' dir='ltr'>..a</span> <span class='ocrx_word' id='word_1_61' title='bbox 363 1207 482 1231; x_wconf 79' lang='lat' dir='ltr'>vrrtute</span> <span class='ocrx_word' id='word_1_62' title='bbox 497 1202 611 1231; x_wconf 87' lang='lat' dir='ltr'>claram</span> <span class='ocrx_word' id='word_1_63' title='bbox 630 1209 667 1231; x_wconf 89' lang='lat' dir='ltr'>ac</span> <span class='ocrx_word' id='word_1_64' title='bbox 683 1199 843 1236; x_wconf 85' lang='lat' dir='ltr'>nobilem,</span> <span class='ocrx_word' id='word_1_65' title='bbox 872 1206 1005 1238; x_wconf 79' lang='lat' dir='ltr'>patriam</span> 
     </span>
     <span class='ocr_line' id='line_1_14' title="bbox 131 1240 1004 1285; baseline -0.006 -11"><span class='ocrx_word' id='word_1_66' title='bbox 131 1254 211 1277; x_wconf 82' lang='lat' dir='ltr'>vero</span> <span class='ocrx_word' id='word_1_67' title='bbox 233 1243 310 1276; x_wconf 88' lang='lat' dir='ltr'>mihi</span> <span class='ocrx_word' id='word_1_68' title='bbox 326 1241 528 1275; x_wconf 86' lang='lat' dir='ltr'>cariffimam:</span> <span class='ocrx_word' id='word_1_69' title='bbox 550 1241 582 1272; x_wconf 90' lang='lat' dir='ltr'>id</span> <span class='ocrx_word' id='word_1_70' title='bbox 599 1250 639 1272; x_wconf 90' lang='lat' dir='ltr'>ne</span> <span class='ocrx_word' id='word_1_71' title='bbox 657 1242 686 1272; x_wconf 88' lang='lat' dir='ltr'>in</span> <span class='ocrx_word' id='word_1_72' title='bbox 705 1240 834 1272; x_wconf 87' lang='lat' dir='ltr'>dubium</span> <span class='ocrx_word' id='word_1_73' title='bbox 852 1248 1004 1285; x_wconf 80' lang='lat' dir='ltr'>vocarem</span> 
     </span>
     <span class='ocr_line' id='line_1_15' title="bbox 129 1282 1003 1327; baseline -0.008 -9"><span class='ocrx_word' id='word_1_74' title='bbox 129 1287 249 1325; x_wconf 87' lang='lat' dir='ltr'>hodie,</span> <span class='ocrx_word' id='word_1_75' title='bbox 272 1294 337 1316; x_wconf 88' lang='lat' dir='ltr'>nou</span> <span class='ocrx_word' id='word_1_76' title='bbox 353 1292 414 1314; x_wconf 91' lang='lat' dir='ltr'>una</span> <span class='ocrx_word' id='word_1_77' title='bbox 438 1292 490 1314; x_wconf 92' lang='lat' dir='ltr'>me</span> <span class='ocrx_word' id='word_1_78' title='bbox 506 1282 686 1323; x_wconf 87' lang='lat' dir='ltr'>impelleret</span> <span class='ocrx_word' id='word_1_79' title='bbox 711 1283 802 1314; x_wconf 83' lang='lat' dir='ltr'>ratio.</span> <span class='ocrx_word' id='word_1_80' title='bbox 826 1289 1003 1327; x_wconf 33' lang='lat' dir='ltr'>cum&#39;en&#39;im</span> 
     </span>
     <span class='ocr_line' id='line_1_16' title="bbox 128 1321 1004 1368; baseline -0.008 -9"><span class='ocrx_word' id='word_1_81' title='bbox 128 1328 169 1359; x_wconf 87' lang='lat' dir='ltr'>ab</span> <span class='ocrx_word' id='word_1_82' title='bbox 182 1336 220 1358; x_wconf 86' lang='lat' dir='ltr'>ea</span> <span class='ocrx_word' id='word_1_83' title='bbox 236 1334 331 1357; x_wconf 83' lang='lat' dir='ltr'>aetate</span> <span class='ocrx_word' id='word_1_84' title='bbox 347 1333 408 1365; x_wconf 88' lang='lat' dir='ltr'>qua</span> <span class='ocrx_word' id='word_1_85' title='bbox 423 1323 471 1355; x_wconf 85' lang='lat' dir='ltr'>fas</span> <span class='ocrx_word' id='word_1_86' title='bbox 488 1323 532 1355; x_wconf 89' lang='lat' dir='ltr'>est</span> <span class='ocrx_word' id='word_1_87' title='bbox 544 1347 554 1362; x_wconf 86' lang='lat'>,</span> <span class='ocrx_word' id='word_1_88' title='bbox 572 1324 613 1354; x_wconf 90' lang='lat' dir='ltr'>de</span> <span class='ocrx_word' id='word_1_89' title='bbox 630 1321 680 1354; x_wconf 88' lang='lat' dir='ltr'>sua</span> <span class='ocrx_word' id='word_1_90' title='bbox 697 1332 859 1368; x_wconf 78' lang='lat' dir='ltr'>quemque</span> <span class='ocrx_word' id='word_1_91' title='bbox 877 1330 941 1353; x_wconf 84' lang='lat' dir='ltr'>vita</span> <span class='ocrx_word' id='word_1_92' title='bbox 957 1331 1004 1368; x_wconf 79' lang='lat' dir='ltr'>ire</span> 
     </span>
     <span class='ocr_line' id='line_1_17' title="bbox 127 1363 1003 1410; baseline -0.009 -9"><span class='ocrx_word' id='word_1_93' title='bbox 127 1369 160 1400; x_wconf 90' lang='lat' dir='ltr'>in</span> <span class='ocrx_word' id='word_1_94' title='bbox 186 1367 372 1404; x_wconf 82' lang='lat' dir='ltr'>confilium,</span> <span class='ocrx_word' id='word_1_95' title='bbox 396 1375 449 1397; x_wconf 91' lang='lat' dir='ltr'>me</span> <span class='ocrx_word' id='word_1_96' title='bbox 470 1365 593 1396; x_wconf 88' lang='lat' dir='ltr'>idcirco</span> <span class='ocrx_word' id='word_1_97' title='bbox 617 1365 791 1395; x_wconf 83' lang='lat' dir='ltr'>addixerim</span> <span class='ocrx_word' id='word_1_98' title='bbox 819 1363 944 1394; x_wconf 87' lang='lat' dir='ltr'>secreto</span> <span class='ocrx_word' id='word_1_99' title='bbox 962 1364 1003 1410; x_wconf 30' lang='lat' dir='ltr'>‘ll-</span> 
     </span>
     <span class='ocr_line' id='line_1_18' title="bbox 126 1404 1004 1451; baseline -0.007 -10"><span class='ocrx_word' id='word_1_100' title='bbox 126 1417 285 1441; x_wconf 80' lang='lat' dir='ltr'>terarum:</span> <span class='ocrx_word' id='word_1_101' title='bbox 308 1414 363 1445; x_wconf 82' lang='lat' dir='ltr'>ut,</span> <span class='ocrx_word' id='word_1_102' title='bbox 386 1406 407 1438; x_wconf 88' lang='lat' dir='ltr'><strong>fi</strong></span> <span class='ocrx_word' id='word_1_103' title='bbox 432 1415 504 1447; x_wconf 85' lang='lat' dir='ltr'>quae</span> <span class='ocrx_word' id='word_1_104' title='bbox 524 1405 612 1437; x_wconf 88' lang='lat' dir='ltr'>foret</span> <span class='ocrx_word' id='word_1_105' title='bbox 635 1414 716 1436; x_wconf 84' lang='lat' dir='ltr'>meae</span> <span class='ocrx_word' id='word_1_106' title='bbox 734 1405 869 1436; x_wconf 76' lang='lat' dir='ltr'>facultas</span> <span class='ocrx_word' id='word_1_107' title='bbox 884 1404 1004 1451; x_wconf 83' lang='lat' dir='ltr'>medio-</span> 
     </span>
     <span class='ocr_line' id='line_1_19' title="bbox 127 1447 1003 1490; baseline -0.006 -8"><span class='ocrx_word' id='word_1_108' title='bbox 127 1451 247 1482; x_wconf 87' lang='lat' dir='ltr'>critatis</span> <span class='ocrx_word' id='word_1_109' title='bbox 262 1473 273 1489; x_wconf 92' lang='lat'>‚</span> <span class='ocrx_word' id='word_1_110' title='bbox 296 1448 361 1490; x_wconf 90' lang='lat' dir='ltr'>ipse</span> <span class='ocrx_word' id='word_1_111' title='bbox 389 1448 552 1489; x_wconf 86' lang='lat' dir='ltr'>egregium</span> <span class='ocrx_word' id='word_1_112' title='bbox 575 1447 739 1488; x_wconf 89' lang='lat' dir='ltr'>publicum</span> <span class='ocrx_word' id='word_1_113' title='bbox 770 1456 827 1487; x_wconf 89' lang='lat' dir='ltr'>pro</span> <span class='ocrx_word' id='word_1_114' title='bbox 849 1456 1003 1487; x_wconf 84' lang='lat' dir='ltr'>portione</span> 
     </span>
     <span class='ocr_line' id='line_1_20' title="bbox 125 1487 1000 1534; baseline -0.006 -10"><span class='ocrx_word' id='word_1_115' title='bbox 125 1493 325 1532; x_wconf 70' lang='lat' dir='ltr'>adiuvat-em:</span> <span class='ocrx_word' id='word_1_116' title='bbox 341 1488 386 1521; x_wconf 87' lang='lat' dir='ltr'>est</span> <span class='ocrx_word' id='word_1_117' title='bbox 397 1492 484 1530; x_wconf 82' lang='lat' dir='ltr'>quod</span> <span class='ocrx_word' id='word_1_118' title='bbox 501 1489 577 1521; x_wconf 88' lang='lat' dir='ltr'>mihi</span> <span class='ocrx_word' id='word_1_119' title='bbox 593 1488 751 1529; x_wconf 81' lang='lat' dir='ltr'>gratuler,</span> <span class='ocrx_word' id='word_1_120' title='bbox 771 1487 911 1534; x_wconf 85' lang='lat' dir='ltr'>perculsa</span> <span class='ocrx_word' id='word_1_121' title='bbox 927 1497 1000 1529; x_wconf 89' lang='lat' dir='ltr'>pro-</span> 
     </span>
     <span class='ocr_line' id='line_1_21' title="bbox 126 1529 1000 1576; baseline -0.005 -12"><span class='ocrx_word' id='word_1_122' title='bbox 126 1534 215 1564; x_wconf 81' lang='lat' dir='ltr'>ximo</span> <span class='ocrx_word' id='word_1_123' title='bbox 233 1533 320 1564; x_wconf 90' lang='lat' dir='ltr'>bello</span> <span class='ocrx_word' id='word_1_124' title='bbox 339 1532 440 1572; x_wconf 82' lang='lat' dir='ltr'>patria</span> <span class='ocrx_word' id='word_1_125' title='bbox 462 1531 632 1562; x_wconf 78' lang='lat' dir='ltr'>Academia</span> <span class='ocrx_word' id='word_1_126' title='bbox 651 1531 682 1561; x_wconf 88' lang='lat' dir='ltr'>in</span> <span class='ocrx_word' id='word_1_127' title='bbox 699 1538 760 1570; x_wconf 89' lang='lat' dir='ltr'>qua</span> <span class='ocrx_word' id='word_1_128' title='bbox 777 1529 1000 1576; x_wconf 73' lang='lat' dir='ltr'>jurispruden-</span> 
     </span>
     <span class='ocr_line' id='line_1_22' title="bbox 126 1571 1000 1614; baseline -0.005 -9"><span class='ocrx_word' id='word_1_129' title='bbox 126 1575 203 1605; x_wconf 79' lang='lat' dir='ltr'>tism</span> <span class='ocrx_word' id='word_1_130' title='bbox 229 1573 359 1614; x_wconf 90' lang='lat' dir='ltr'>publice</span> <span class='ocrx_word' id='word_1_131' title='bbox 383 1571 582 1612; x_wconf 84' lang='lat' dir='ltr'>profitebar,</span> <span class='ocrx_word' id='word_1_132' title='bbox 612 1571 695 1603; x_wconf 88' lang='lat' dir='ltr'>hanc</span> <span class='ocrx_word' id='word_1_133' title='bbox 718 1572 918 1611; x_wconf 85' lang='lat' dir='ltr'>provinciam</span> <span class='ocrx_word' id='word_1_134' title='bbox 943 1581 1000 1602; x_wconf 85' lang='lat' dir='ltr'>mi-</span> 
     </span>
     <span class='ocr_line' id='line_1_23' title="bbox 125 1611 1002 1654; baseline -0.005 -7"><span class='ocrx_word' id='word_1_135' title='bbox 125 1615 159 1646; x_wconf 89' lang='lat' dir='ltr'>hi</span> <span class='ocrx_word' id='word_1_136' title='bbox 183 1616 215 1646; x_wconf 88' lang='lat' dir='ltr'>in</span> <span class='ocrx_word' id='word_1_137' title='bbox 238 1615 297 1646; x_wconf 81' lang='lat' dir='ltr'>hac</span> <span class='ocrx_word' id='word_1_138' title='bbox 319 1613 489 1654; x_wconf 81' lang='lat' dir='ltr'>obtingere</span> <span class='ocrx_word' id='word_1_139' title='bbox 505 1612 666 1644; x_wconf 86' lang='lat' dir='ltr'>Musarum</span> <span class='ocrx_word' id='word_1_140' title='bbox 689 1611 778 1644; x_wconf 89' lang='lat' dir='ltr'>sede:</span> <span class='ocrx_word' id='word_1_141' title='bbox 803 1621 898 1653; x_wconf 87' lang='lat' dir='ltr'>quarn</span> <span class='ocrx_word' id='word_1_142' title='bbox 914 1612 934 1644; x_wconf 88' lang='lat' dir='ltr'>si</span> <span class='ocrx_word' id='word_1_143' title='bbox 951 1612 1002 1644; x_wconf 86' lang='lat' dir='ltr'>sua</span> 
     </span>
     <span class='ocr_line' id='line_1_24' title="bbox 125 1653 1001 1695; baseline -0.001 -8"><span class='ocrx_word' id='word_1_144' title='bbox 125 1655 271 1688; x_wconf 82' lang='lat' dir='ltr'>censeam</span> <span class='ocrx_word' id='word_1_145' title='bbox 288 1654 495 1693; x_wconf 85' lang='lat' dir='ltr'>celebritate,</span> <span class='ocrx_word' id='word_1_146' title='bbox 515 1653 618 1686; x_wconf 87' lang='lat' dir='ltr'>ferme</span> <span class='ocrx_word' id='word_1_147' title='bbox 633 1660 744 1694; x_wconf 89' lang='lat' dir='ltr'>putem</span> <span class='ocrx_word' id='word_1_148' title='bbox 760 1653 863 1695; x_wconf 85' lang='lat' dir='ltr'>Belgii</span> <span class='ocrx_word' id='word_1_149' title='bbox 881 1653 1001 1686; x_wconf 86' lang='lat' dir='ltr'>Princi-</span> 
     </span>
     <span class='ocr_line' id='line_1_25' title="bbox 122 1695 1000 1739; baseline -0.003 -9"><span class='ocrx_word' id='word_1_150' title='bbox 122 1707 199 1739; x_wconf 83' lang='lat' dir='ltr'>pem</span> <span class='ocrx_word' id='word_1_151' title='bbox 218 1696 345 1728; x_wconf 86' lang='lat' dir='ltr'>haberi:</span> <span class='ocrx_word' id='word_1_152' title='bbox 361 1695 533 1736; x_wconf 76' lang='lat' dir='ltr'>sicogitem</span> <span class='ocrx_word' id='word_1_153' title='bbox 551 1704 607 1727; x_wconf 92' lang='lat' dir='ltr'>eos</span> <span class='ocrx_word' id='word_1_154' title='bbox 624 1695 677 1735; x_wconf 86' lang='lat' dir='ltr'>qui</span> <span class='ocrx_word' id='word_1_155' title='bbox 696 1696 727 1726; x_wconf 90' lang='lat' dir='ltr'>in</span> <span class='ocrx_word' id='word_1_156' title='bbox 745 1704 782 1726; x_wconf 90' lang='lat' dir='ltr'>ea</span> <span class='ocrx_word' id='word_1_157' title='bbox 797 1695 914 1727; x_wconf 88' lang='lat' dir='ltr'>famam</span> <span class='ocrx_word' id='word_1_158' title='bbox 931 1704 1000 1727; x_wconf 88' lang='lat' dir='ltr'>om·</span> 
     </span>
     <span class='ocr_line' id='line_1_26' title="bbox 123 1735 999 1782; baseline -0.002 -11"><span class='ocrx_word' id='word_1_159' title='bbox 123 1740 158 1770; x_wconf 88' lang='lat' dir='ltr'>ni</span> <span class='ocrx_word' id='word_1_160' title='bbox 175 1738 388 1770; x_wconf 70' lang='lat' dir='ltr'>doCtrinarum</span> <span class='ocrx_word' id='word_1_161' title='bbox 407 1746 524 1777; x_wconf 79' lang='lat' dir='ltr'><strong>genere</strong></span> <span class='ocrx_word' id='word_1_162' title='bbox 541 1735 610 1767; x_wconf 90' lang='lat' dir='ltr'>sunt</span> <span class='ocrx_word' id='word_1_163' title='bbox 628 1736 773 1782; x_wconf 68' lang='lat' dir='ltr'>ingressi,</span> <span class='ocrx_word' id='word_1_164' title='bbox 786 1744 916 1777; x_wconf 86' lang='lat' dir='ltr'><strong>optem,</strong></span> <span class='ocrx_word' id='word_1_165' title='bbox 932 1746 999 1778; x_wconf 88' lang='lat' dir='ltr'>quo</span> 
     </span>
     <span class='ocr_line' id='line_1_27' title="bbox 122 1778 997 1819; baseline -0.002 -7"><span class='ocrx_word' id='word_1_166' title='bbox 122 1781 156 1812; x_wconf 89' lang='lat' dir='ltr'>in</span> <span class='ocrx_word' id='word_1_167' title='bbox 172 1780 249 1812; x_wconf 89' lang='lat' dir='ltr'>loco</span> <span class='ocrx_word' id='word_1_168' title='bbox 265 1787 314 1810; x_wconf 90' lang='lat' dir='ltr'>tot</span> <span class='ocrx_word' id='word_1_169' title='bbox 333 1778 544 1809; x_wconf 81' lang='lat' dir='ltr'>inclaruerunt</span> <span class='ocrx_word' id='word_1_170' title='bbox 559 1778 694 1816; x_wconf 88' lang='lat' dir='ltr'>lumina,</span> <span class='ocrx_word' id='word_1_171' title='bbox 710 1786 751 1809; x_wconf 89' lang='lat' dir='ltr'>eo</span> <span class='ocrx_word' id='word_1_172' title='bbox 766 1787 798 1809; x_wconf 87' lang='lat' dir='ltr'>in</span> <span class='ocrx_word' id='word_1_173' title='bbox 817 1780 892 1810; x_wconf 90' lang='lat' dir='ltr'>loco</span> <span class='ocrx_word' id='word_1_174' title='bbox 908 1788 997 1819; x_wconf 87' lang='lat' dir='ltr'>egre-</span> 
     </span>
     <span class='ocr_line' id='line_1_28' title="bbox 121 1819 997 1862; baseline 0 -10"><span class='ocrx_word' id='word_1_175' title='bbox 121 1822 174 1862; x_wconf 82' lang='lat' dir='ltr'>gia</span> <span class='ocrx_word' id='word_1_176' title='bbox 192 1820 263 1852; x_wconf 87' lang='lat' dir='ltr'>sane</span> <span class='ocrx_word' id='word_1_177' title='bbox 279 1828 390 1852; x_wconf 89' lang='lat' dir='ltr'>eorum</span> <span class='ocrx_word' id='word_1_178' title='bbox 407 1819 555 1859; x_wconf 80' lang='lat' dir='ltr'>exempla</span> <span class='ocrx_word' id='word_1_179' title='bbox 578 1819 704 1850; x_wconf 86' lang='lat' dir='ltr'>imitari.</span> <span class='ocrx_word' id='word_1_180' title='bbox 735 1820 884 1858; x_wconf 86' lang='lat' dir='ltr'>accedit,</span> <span class='ocrx_word' id='word_1_181' title='bbox 907 1821 997 1861; x_wconf 91' lang='lat' dir='ltr'>quod</span> 
     </span>
     <span class='ocr_line' id='line_1_29' title="bbox 122 1860 996 1903; baseline 0 -9"><span class='ocrx_word' id='word_1_182' title='bbox 122 1864 178 1894; x_wconf 88' lang='lat' dir='ltr'>hic</span> <span class='ocrx_word' id='word_1_183' title='bbox 202 1862 277 1894; x_wconf 89' lang='lat' dir='ltr'>olim</span> <span class='ocrx_word' id='word_1_184' title='bbox 295 1860 515 1901; x_wconf 77' lang='lat' dir='ltr'>jurisconsulti</span> <span class='ocrx_word' id='word_1_185' title='bbox 536 1869 655 1892; x_wconf 87' lang='lat' dir='ltr'>nornen</span> <span class='ocrx_word' id='word_1_186' title='bbox 673 1868 770 1901; x_wconf 89' lang='lat' dir='ltr'>atque</span> <span class='ocrx_word' id='word_1_187' title='bbox 787 1860 915 1903; x_wconf 87' lang='lat' dir='ltr'>insignia</span> <span class='ocrx_word' id='word_1_188' title='bbox 929 1861 996 1894; x_wconf 87' lang='lat' dir='ltr'>sum</span> 
     </span>
     <span class='ocr_line' id='line_1_30' title="bbox 124 1902 995 1944; baseline 0 -9"><span class='ocrx_word' id='word_1_189' title='bbox 124 1905 276 1944; x_wconf 81' lang='lat' dir='ltr'>adeptus:</span> <span class='ocrx_word' id='word_1_190' title='bbox 301 1904 330 1933; x_wconf 67' lang='lat' dir='ltr'>&lt;Sc</span> <span class='ocrx_word' id='word_1_191' title='bbox 355 1910 437 1942; x_wconf 93' lang='lat' dir='ltr'>quos</span> <span class='ocrx_word' id='word_1_192' title='bbox 460 1911 546 1933; x_wconf 87' lang='lat' dir='ltr'>nunc</span> <span class='ocrx_word' id='word_1_193' title='bbox 567 1902 716 1943; x_wconf 80' lang='lat' dir='ltr'>Collegas</span> <span class='ocrx_word' id='word_1_194' title='bbox 741 1902 860 1941; x_wconf 88' lang='lat' dir='ltr'>saluto,</span> <span class='ocrx_word' id='word_1_195' title='bbox 884 1912 925 1934; x_wconf 85' lang='lat' dir='ltr'>ex</span> <span class='ocrx_word' id='word_1_196' title='bbox 947 1903 995 1935; x_wconf 82' lang='lat' dir='ltr'>his</span> 
     </span>
     <span class='ocr_line' id='line_1_31' title="bbox 123 1942 996 1984; baseline 0 -8"><span class='ocrx_word' id='word_1_197' title='bbox 123 1953 190 1976; x_wconf 92' lang='lat' dir='ltr'>tum</span> <span class='ocrx_word' id='word_1_198' title='bbox 204 1944 343 1976; x_wconf 78' lang='lat' dir='ltr'>tirocinii</span> <span class='ocrx_word' id='word_1_199' title='bbox 360 1942 424 1975; x_wconf 89' lang='lat' dir='ltr'>mei</span> <span class='ocrx_word' id='word_1_200' title='bbox 441 1942 536 1975; x_wconf 87' lang='lat' dir='ltr'>testes</span> <span class='ocrx_word' id='word_1_201' title='bbox 553 1950 651 1984; x_wconf 89' lang='lat' dir='ltr'>atque</span> <span class='ocrx_word' id='word_1_202' title='bbox 665 1943 802 1975; x_wconf 82' lang='lat' dir='ltr'>arbitros</span> <span class='ocrx_word' id='word_1_203' title='bbox 819 1945 926 1976; x_wconf 90' lang='lat' dir='ltr'>inveni</span> <span class='ocrx_word' id='word_1_204' title='bbox 942 1945 996 1976; x_wconf 91' lang='lat' dir='ltr'>ali·</span> 
     </span>
     <span class='ocr_line' id='line_1_32' title="bbox 120 1984 993 2026; baseline 0 -9"><span class='ocrx_word' id='word_1_205' title='bbox 120 1996 211 2026; x_wconf 87' lang='lat' dir='ltr'>quos.</span> <span class='ocrx_word' id='word_1_206' title='bbox 234 1985 321 2025; x_wconf 82' lang='lat' dir='ltr'>quod</span> <span class='ocrx_word' id='word_1_207' title='bbox 346 1993 439 2025; x_wconf 85' lang='lat' dir='ltr'>quam</span> <span class='ocrx_word' id='word_1_208' title='bbox 452 1985 627 2025; x_wconf 88' lang='lat' dir='ltr'>jucundum</span> <span class='ocrx_word' id='word_1_209' title='bbox 645 1984 722 2016; x_wconf 90' lang='lat' dir='ltr'>mihi</span> <span class='ocrx_word' id='word_1_210' title='bbox 739 1984 784 2016; x_wconf 88' lang='lat' dir='ltr'>est</span> <span class='ocrx_word' id='word_1_211' title='bbox 800 1984 993 2026; x_wconf 70' lang='lat' dir='ltr'>meminisse,</span> 
     </span>
     <span class='ocr_line' id='line_1_33' title="bbox 118 2025 992 2068; baseline 0.003 -11"><span class='ocrx_word' id='word_1_212' title='bbox 118 2035 182 2058; x_wconf 88' lang='lat' dir='ltr'>tam</span> <span class='ocrx_word' id='word_1_213' title='bbox 201 2028 299 2059; x_wconf 90' lang='lat' dir='ltr'>modo</span> <span class='ocrx_word' id='word_1_214' title='bbox 317 2025 486 2058; x_wconf 86' lang='lat' dir='ltr'>honestum</span> <span class='ocrx_word' id='word_1_215' title='bbox 510 2026 655 2065; x_wconf 91' lang='lat' dir='ltr'>videtur,</span> <span class='ocrx_word' id='word_1_216' title='bbox 680 2027 711 2057; x_wconf 91' lang='lat' dir='ltr'>in</span> <span class='ocrx_word' id='word_1_217' title='bbox 727 2025 886 2068; x_wconf 88' lang='lat' dir='ltr'>Inclytum</span> <span class='ocrx_word' id='word_1_218' title='bbox 903 2028 992 2060; x_wconf 90' lang='lat' dir='ltr'>illum</span> 
     </span>
     <span class='ocr_line' id='line_1_34' title="bbox 115 2066 991 2109; baseline 0.001 -9"><span class='ocrx_word' id='word_1_219' title='bbox 115 2067 333 2100; x_wconf 87' lang='lat' dir='ltr'>Professorum</span> <span class='ocrx_word' id='word_1_220' title='bbox 356 2066 512 2099; x_wconf 84' lang='lat' dir='ltr'>Ordinem</span> <span class='ocrx_word' id='word_1_221' title='bbox 535 2066 674 2099; x_wconf 83' lang='lat' dir='ltr'>adscisci.</span> <span class='ocrx_word' id='word_1_222' title='bbox 716 2075 814 2109; x_wconf 87' lang='lat' dir='ltr'>atque</span> <span class='ocrx_word' id='word_1_223' title='bbox 837 2069 863 2100; x_wconf 90' lang='lat' dir='ltr'>is</span> <span class='ocrx_word' id='word_1_224' title='bbox 884 2068 991 2101; x_wconf 89' lang='lat' dir='ltr'>honor</span> 
     </span>
     <span class='ocr_line' id='line_1_35' title="bbox 113 2108 990 2155; baseline 0 -13"><span class='ocrx_word' id='word_1_225' title='bbox 113 2110 191 2142; x_wconf 81' lang='lat' dir='ltr'>mihi</span> <span class='ocrx_word' id='word_1_226' title='bbox 212 2109 315 2141; x_wconf 85' lang='lat' dir='ltr'>adhuc</span> <span class='ocrx_word' id='word_1_227' title='bbox 333 2108 378 2140; x_wconf 85' lang='lat' dir='ltr'>est</span> <span class='ocrx_word' id='word_1_228' title='bbox 394 2118 435 2140; x_wconf 92' lang='lat' dir='ltr'>eo</span> <span class='ocrx_word' id='word_1_229' title='bbox 451 2109 591 2150; x_wconf 80' lang='lat' dir='ltr'>gratior,</span> <span class='ocrx_word' id='word_1_230' title='bbox 611 2108 699 2155; x_wconf 77' lang='lat' dir='ltr'>quod</span> <span class='ocrx_word' id='word_1_231' title='bbox 714 2118 779 2141; x_wconf 85' lang='lat' dir='ltr'>nou</span> <span class='ocrx_word' id='word_1_232' title='bbox 796 2110 913 2142; x_wconf 80' lang='lat' dir='ltr'>ambivi</span> <span class='ocrx_word' id='word_1_233' title='bbox 929 2121 936 2142; x_wconf 75' lang='grc' dir='ltr'>ε</span> <span class='ocrx_word' id='word_1_234' title='bbox 960 2111 990 2143; x_wconf 86' lang='lat'>&amp;</span> 
     </span>
     <span class='ocr_line' id='line_1_36' title="bbox 114 2149 989 2192; baseline 0.002 -10"><span class='ocrx_word' id='word_1_235' title='bbox 114 2151 290 2192; x_wconf 83' lang='lat' dir='ltr'>defignatus</span> <span class='ocrx_word' id='word_1_236' title='bbox 304 2151 332 2181; x_wconf 91' lang='lat' dir='ltr'>ei</span> <span class='ocrx_word' id='word_1_237' title='bbox 356 2149 403 2182; x_wconf 90' lang='lat' dir='ltr'>fui</span> <span class='ocrx_word' id='word_1_238' title='bbox 420 2159 514 2189; x_wconf 89' lang='lat' dir='ltr'>ante,</span> <span class='ocrx_word' id='word_1_239' title='bbox 536 2159 631 2191; x_wconf 86' lang='lat' dir='ltr'>quam</span> <span class='ocrx_word' id='word_1_240' title='bbox 648 2149 759 2182; x_wconf 83' lang='lat' dir='ltr'>scirem</span> <span class='ocrx_word' id='word_1_241' title='bbox 771 2174 782 2190; x_wconf 96' lang='lat'>,</span> <span class='ocrx_word' id='word_1_242' title='bbox 797 2151 860 2183; x_wconf 81' lang='lat' dir='ltr'>esse</span> <span class='ocrx_word' id='word_1_243' title='bbox 875 2160 989 2185; x_wconf 89' lang='lat' dir='ltr'>notum</span> 
     </span>
     <span class='ocr_line' id='line_1_37' title="bbox 113 2191 989 2234; baseline 0.002 -11"><span class='ocrx_word' id='word_1_244' title='bbox 113 2191 162 2223; x_wconf 85' lang='lat' dir='ltr'>his</span> <span class='ocrx_word' id='word_1_245' title='bbox 179 2193 218 2224; x_wconf 91' lang='lat' dir='ltr'>ad</span> <span class='ocrx_word' id='word_1_246' title='bbox 236 2201 316 2233; x_wconf 88' lang='lat' dir='ltr'>quos</span> <span class='ocrx_word' id='word_1_247' title='bbox 333 2191 450 2223; x_wconf 87' lang='lat' dir='ltr'>summa</span> <span class='ocrx_word' id='word_1_248' title='bbox 467 2192 532 2232; x_wconf 86' lang='lat' dir='ltr'>ejus</span> <span class='ocrx_word' id='word_1_249' title='bbox 547 2193 592 2223; x_wconf 90' lang='lat' dir='ltr'>rei</span> <span class='ocrx_word' id='word_1_250' title='bbox 610 2192 805 2233; x_wconf 83' lang='lat' dir='ltr'>pertineret:</span> <span class='ocrx_word' id='word_1_251' title='bbox 829 2193 989 2234; x_wconf 85' lang='lat' dir='ltr'>denique,</span> 
     </span>
     <span class='ocr_line' id='line_1_38' title="bbox 113 2226 988 2275; baseline 0.001 -10"><span class='ocrx_word' id='word_1_252' title='bbox 113 2226 179 2272; x_wconf 76' lang='lat' dir='ltr'>quo</span> <span class='ocrx_word' id='word_1_253' title='bbox 196 2233 246 2265; x_wconf 90' lang='lat' dir='ltr'>die</span> <span class='ocrx_word' id='word_1_254' title='bbox 264 2242 314 2264; x_wconf 88' lang='lat' dir='ltr'>me</span> <span class='ocrx_word' id='word_1_255' title='bbox 340 2232 509 2264; x_wconf 81' lang='lat' dir='ltr'>innotuiffe</span> <span class='ocrx_word' id='word_1_256' title='bbox 527 2233 660 2272; x_wconf 88' lang='lat' dir='ltr'>accepi,</span> <span class='ocrx_word' id='word_1_257' title='bbox 684 2243 725 2265; x_wconf 88' lang='lat' dir='ltr'>eo</span> <span class='ocrx_word' id='word_1_258' title='bbox 749 2244 807 2275; x_wconf 90' lang='lat' dir='ltr'>per</span> <span class='ocrx_word' id='word_1_259' title='bbox 832 2233 988 2267; x_wconf 84' lang='lat' dir='ltr'>Illustrem</span> 
     </span>
     <span class='ocr_line' id='line_1_39' title="bbox 113 2273 987 2315; baseline 0.003 -10"><span class='ocrx_word' id='word_1_260' title='bbox 113 2274 146 2305; x_wconf 72' lang='grc' dir='ltr'>δε</span> <span class='ocrx_word' id='word_1_261' title='bbox 162 2274 371 2315; x_wconf 84' lang='lat' dir='ltr'>Magnificum</span> <span class='ocrx_word' id='word_1_262' title='bbox 390 2273 522 2313; x_wconf 86' lang='lat' dir='ltr'>Virum,</span> <span class='ocrx_word' id='word_1_263' title='bbox 545 2274 759 2307; x_wconf 89' lang='lat' dir='ltr'>Wilhelmum</span> <span class='ocrx_word' id='word_1_264' title='bbox 780 2285 839 2307; x_wconf 88' lang='lat' dir='ltr'>van</span> <span class='ocrx_word' id='word_1_265' title='bbox 859 2275 987 2315; x_wconf 84' lang='lat' dir='ltr'>Haren,</span> 
     </span>
     <span class='ocr_line' id='line_1_40' title="bbox 109 2315 989 2355; baseline 0.001 -7"><span class='ocrx_word' id='word_1_266' title='bbox 109 2315 313 2348; x_wconf 67' lang='lat' dir='ltr'>Praefetturae</span> <span class='ocrx_word' id='word_1_267' title='bbox 328 2315 461 2348; x_wconf 78' lang='lat' dir='ltr'>Biltanae</span> <span class='ocrx_word' id='word_1_268' title='bbox 478 2316 651 2348; x_wconf 74' lang='lat' dir='ltr'>Praetorem</span> <span class='ocrx_word' id='word_1_269' title='bbox 664 2339 674 2355; x_wconf 95' lang='lat'>,</span> <span class='ocrx_word' id='word_1_270' title='bbox 697 2316 776 2348; x_wconf 88' lang='lat' dir='ltr'>mihi</span> <span class='ocrx_word' id='word_1_271' title='bbox 792 2318 954 2349; x_wconf 86' lang='lat' dir='ltr'>decretam</span> <span class='ocrx_word' id='word_1_272' title='bbox 971 2328 989 2349; x_wconf 91' lang='lat' dir='ltr'>a</span> 
     </span>
     <span class='ocr_line' id='line_1_41' title="bbox 109 2356 987 2398; baseline 0.003 -10"><span class='ocrx_word' id='word_1_273' title='bbox 109 2356 289 2398; x_wconf 87' lang='lat' dir='ltr'>Republica</span> <span class='ocrx_word' id='word_1_274' title='bbox 307 2356 369 2389; x_wconf 81' lang='lat' dir='ltr'>esse</span> <span class='ocrx_word' id='word_1_275' title='bbox 385 2357 467 2388; x_wconf 85' lang='lat' dir='ltr'>hane</span> <span class='ocrx_word' id='word_1_276' title='bbox 484 2358 691 2398; x_wconf 87' lang='lat' dir='ltr'>dignitatem,</span> <span class='ocrx_word' id='word_1_277' title='bbox 714 2358 870 2391; x_wconf 82' lang='lat' dir='ltr'>intellexi.</span> <span class='ocrx_word' id='word_1_278' title='bbox 910 2359 987 2391; x_wconf 92' lang='lat' dir='ltr'>Inde</span> 
     </span>
     <span class='ocr_line' id='line_1_42' title="bbox 109 2398 988 2440; baseline 0.003 -11"><span class='ocrx_word' id='word_1_279' title='bbox 109 2400 188 2438; x_wconf 87' lang='lat' dir='ltr'>quid</span> <span class='ocrx_word' id='word_1_280' title='bbox 204 2399 298 2431; x_wconf 89' lang='lat' dir='ltr'>animi</span> <span class='ocrx_word' id='word_1_281' title='bbox 316 2398 393 2430; x_wconf 89' lang='lat' dir='ltr'>mihi</span> <span class='ocrx_word' id='word_1_282' title='bbox 411 2398 529 2436; x_wconf 88' lang='lat' dir='ltr'>fuerit,</span> <span class='ocrx_word' id='word_1_283' title='bbox 553 2398 649 2430; x_wconf 85' lang='lat' dir='ltr'>facile</span> <span class='ocrx_word' id='word_1_284' title='bbox 665 2400 837 2440; x_wconf 80' lang='lat' dir='ltr'>conjicitis.</span> <span class='ocrx_word' id='word_1_285' title='bbox 870 2409 988 2440; x_wconf 83' lang='lat' dir='ltr'>nempe</span> 
     </span>
     <span class='ocr_line' id='line_1_43' title="bbox 110 2439 986 2482; baseline 0.001 -10"><span class='ocrx_word' id='word_1_286' title='bbox 110 2448 177 2472; x_wconf 86' lang='lat' dir='ltr'>erat</span> <span class='ocrx_word' id='word_1_287' title='bbox 201 2440 279 2472; x_wconf 90' lang='lat' dir='ltr'>mihi</span> <span class='ocrx_word' id='word_1_288' title='bbox 300 2439 488 2481; x_wconf 85' lang='lat' dir='ltr'>pulchrum,</span> <span class='ocrx_word' id='word_1_289' title='bbox 512 2439 599 2472; x_wconf 87' lang='lat' dir='ltr'>illum</span> <span class='ocrx_word' id='word_1_290' title='bbox 617 2439 731 2472; x_wconf 91' lang='lat' dir='ltr'>Virum</span> <span class='ocrx_word' id='word_1_291' title='bbox 746 2449 842 2482; x_wconf 89' lang='lat' dir='ltr'>quem</span> <span class='ocrx_word' id='word_1_292' title='bbox 860 2440 986 2473; x_wconf 89' lang='lat' dir='ltr'>Novio-</span> 
     </span>
     <span class='ocr_line' id='line_1_44' title="bbox 107 2481 985 2522; baseline 0.001 -9"><span class='ocrx_word' id='word_1_293' title='bbox 107 2481 262 2522; x_wconf 83' lang='lat' dir='ltr'>magenfis</span> <span class='ocrx_word' id='word_1_294' title='bbox 286 2491 328 2514; x_wconf 84' lang='lat' dir='ltr'>ex</span> <span class='ocrx_word' id='word_1_295' title='bbox 351 2482 439 2513; x_wconf 90' lang='lat' dir='ltr'>omni</span> <span class='ocrx_word' id='word_1_296' title='bbox 463 2481 591 2522; x_wconf 88' lang='lat' dir='ltr'>Europa</span> <span class='ocrx_word' id='word_1_297' title='bbox 614 2482 654 2514; x_wconf 93' lang='lat' dir='ltr'>de</span> <span class='ocrx_word' id='word_1_298' title='bbox 679 2490 759 2522; x_wconf 89' lang='lat' dir='ltr'>pace</span> <span class='ocrx_word' id='word_1_299' title='bbox 783 2491 985 2522; x_wconf 80' lang='lat' dir='ltr'>conventus,</span> 
     </span>
     <span class='ocr_line' id='line_1_45' title="bbox 107 2522 985 2564; baseline 0.003 -11"><span class='ocrx_word' id='word_1_300' title='bbox 107 2531 224 2562; x_wconf 83' lang='lat' dir='ltr'>praeter</span> <span class='ocrx_word' id='word_1_301' title='bbox 246 2523 320 2555; x_wconf 86' lang='lat' dir='ltr'>alias</span> <span class='ocrx_word' id='word_1_302' title='bbox 346 2522 541 2564; x_wconf 86' lang='lat' dir='ltr'>Legationes</span> <span class='ocrx_word' id='word_1_303' title='bbox 562 2531 637 2554; x_wconf 89' lang='lat' dir='ltr'>ante</span> <span class='ocrx_word' id='word_1_304' title='bbox 655 2532 714 2563; x_wconf 87' lang='lat' dir='ltr'>pro</span> <span class='ocrx_word' id='word_1_305' title='bbox 729 2523 897 2556; x_wconf 84' lang='lat' dir='ltr'>Foederata</span> <span class='ocrx_word' id='word_1_306' title='bbox 913 2524 985 2556; x_wconf 83' lang='lat' dir='ltr'>Bel-</span> 
     </span>
     <span class='ocr_line' id='line_1_46' title="bbox 108 2563 983 2605; baseline 0.003 -11"><span class='ocrx_word' id='word_1_307' title='bbox 108 2563 180 2604; x_wconf 85' lang='lat' dir='ltr'>gica</span> <span class='ocrx_word' id='word_1_308' title='bbox 203 2564 349 2604; x_wconf 87' lang='lat' dir='ltr'>plaeclare</span> <span class='ocrx_word' id='word_1_309' title='bbox 366 2564 484 2605; x_wconf 86' lang='lat' dir='ltr'>gestas,</span> <span class='ocrx_word' id='word_1_310' title='bbox 507 2565 538 2596; x_wconf 90' lang='lat' dir='ltr'>in</span> <span class='ocrx_word' id='word_1_311' title='bbox 556 2564 723 2604; x_wconf 82' lang='lat' dir='ltr'>praesentia</span> <span class='ocrx_word' id='word_1_312' title='bbox 745 2574 857 2603; x_wconf 87' lang='lat' dir='ltr'>ornat,</span> <span class='ocrx_word' id='word_1_313' title='bbox 881 2565 983 2597; x_wconf 88' lang='lat' dir='ltr'>sortiri</span> 
     </span>
     <span class='ocr_line' id='line_1_47' title="bbox 109 2604 983 2647; baseline 0.005 -13"><span class='ocrx_word' id='word_1_314' title='bbox 109 2604 230 2644; x_wconf 90' lang='lat' dir='ltr'>publici</span> <span class='ocrx_word' id='word_1_315' title='bbox 248 2605 477 2645; x_wconf 70' lang='lat' dir='ltr'>huius.decreti</span> <span class='ocrx_word' id='word_1_316' title='bbox 501 2606 732 2646; x_wconf 81' lang='lat' dir='ltr'>interpretem,</span> <span class='ocrx_word' id='word_1_317' title='bbox 749 2607 779 2638; x_wconf 70' lang='grc' dir='ltr'>ἃ</span> <span class='ocrx_word' id='word_1_318' title='bbox 798 2614 862 2638; x_wconf 86' lang='lat' dir='ltr'>tam</span> <span class='ocrx_word' id='word_1_319' title='bbox 879 2616 983 2647; x_wconf 89' lang='lat' dir='ltr'>prorn-</span> 
     </span>
     <span class='ocr_line' id='line_1_48' title="bbox 104 2644 985 2687; baseline 0.006 -12"><span class='ocrx_word' id='word_1_320' title='bbox 104 2652 166 2686; x_wconf 83' lang='lat' dir='ltr'>pto</span> <span class='ocrx_word' id='word_1_321' title='bbox 182 2644 314 2677; x_wconf 75' lang='lat' dir='ltr'>affeetus</span> <span class='ocrx_word' id='word_1_322' title='bbox 331 2645 457 2678; x_wconf 86' lang='lat' dir='ltr'>officio:</span> <span class='ocrx_word' id='word_1_323' title='bbox 480 2654 516 2678; x_wconf 90' lang='lat' dir='ltr'>ut</span> <span class='ocrx_word' id='word_1_324' title='bbox 530 2648 570 2678; x_wconf 89' lang='lat' dir='ltr'>ad</span> <span class='ocrx_word' id='word_1_325' title='bbox 592 2647 744 2679; x_wconf 82' lang='lat' dir='ltr'>summam</span> <span class='ocrx_word' id='word_1_326' title='bbox 761 2648 827 2687; x_wconf 78' lang='lat' dir='ltr'>eJus</span> <span class='ocrx_word' id='word_1_327' title='bbox 850 2649 985 2680; x_wconf 81' lang='lat' dir='ltr'>comita·</span> 
     </span>
     <span class='ocr_line' id='line_1_49' title="bbox 107 2684 983 2729; baseline 0.005 -13"><span class='ocrx_word' id='word_1_328' title='bbox 107 2694 175 2716; x_wconf 86' lang='lat' dir='ltr'>tem</span> <span class='ocrx_word' id='word_1_329' title='bbox 190 2684 267 2717; x_wconf 91' lang='lat' dir='ltr'>nihil</span> <span class='ocrx_word' id='word_1_330' title='bbox 281 2685 521 2720; x_wconf 84' lang='lat' dir='ltr'>desideraretur.</span> <span class='ocrx_word' id='word_1_331' title='bbox 545 2688 654 2728; x_wconf 86' lang='lat' dir='ltr'>Atque</span> <span class='ocrx_word' id='word_1_332' title='bbox 665 2697 728 2729; x_wconf 88' lang='lat' dir='ltr'>ego</span> <span class='ocrx_word' id='word_1_333' title='bbox 742 2690 906 2721; x_wconf 87' lang='lat' dir='ltr'>volueram</span> <span class='ocrx_word' id='word_1_334' title='bbox 918 2689 983 2720; x_wconf 89' lang='lat' dir='ltr'>hoc</span> 
     </span>
     <span class='ocr_line' id='line_1_50' title="bbox 107 2726 982 2771; baseline 0.005 -13"><span class='ocrx_word' id='word_1_335' title='bbox 107 2726 315 2766; x_wconf 86' lang='lat' dir='ltr'>diffimulare,</span> <span class='ocrx_word' id='word_1_336' title='bbox 339 2728 681 2768; x_wconf 76' lang='lat' dir='ltr'>evitaturusJactantiae</span> <span class='ocrx_word' id='word_1_337' title='bbox 698 2730 904 2771; x_wconf 84' lang='lat' dir='ltr'>opinionem:</span> <span class='ocrx_word' id='word_1_338' title='bbox 928 2730 982 2762; x_wconf 88' lang='lat' dir='ltr'>sed</span> 
     </span>
     <span class='ocr_line' id='line_1_51' title="bbox 106 2768 982 2806; baseline 0.003 -6"><span class='ocrx_word' id='word_1_339' title='bbox 106 2768 229 2806; x_wconf 85' lang='lat' dir='ltr'>metui,</span> <span class='ocrx_word' id='word_1_340' title='bbox 252 2777 292 2799; x_wconf 91' lang='lat' dir='ltr'>ne</span> <span class='ocrx_word' id='word_1_341' title='bbox 315 2776 421 2800; x_wconf 88' lang='lat' dir='ltr'>meum</span> <span class='ocrx_word' id='word_1_342' title='bbox 449 2768 606 2801; x_wconf 82' lang='lat' dir='ltr'>silentium</span> <span class='ocrx_word' id='word_1_343' title='bbox 630 2778 696 2802; x_wconf 92' lang='lat' dir='ltr'>non</span> <span class='ocrx_word' id='word_1_344' title='bbox 723 2779 787 2802; x_wconf 87' lang='lat' dir='ltr'>tam</span> <span class='ocrx_word' id='word_1_345' title='bbox 811 2771 873 2802; x_wconf 83' lang='lat' dir='ltr'>esse</span> <span class='ocrx_word' id='word_1_346' title='bbox 891 2781 982 2803; x_wconf 91' lang='lat' dir='ltr'>vere-</span> 
     </span>
     <span class='ocr_line' id='line_1_52' title="bbox 106 2809 980 2852; baseline 0.005 -12"><span class='ocrx_word' id='word_1_347' title='bbox 106 2809 204 2840; x_wconf 84' lang='lat' dir='ltr'>cundi</span> <span class='ocrx_word' id='word_1_348' title='bbox 223 2809 406 2840; x_wconf 88' lang='lat' dir='ltr'>crederetur</span> <span class='ocrx_word' id='word_1_349' title='bbox 428 2809 541 2848; x_wconf 88' lang='lat' dir='ltr'>animi,</span> <span class='ocrx_word' id='word_1_350' title='bbox 566 2819 659 2851; x_wconf 89' lang='lat' dir='ltr'>quam</span> <span class='ocrx_word' id='word_1_351' title='bbox 678 2812 868 2852; x_wconf 84' lang='lat' dir='ltr'>negligentis</span> <span class='ocrx_word' id='word_1_352' title='bbox 884 2820 980 2844; x_wconf 86' lang='lat' dir='ltr'>tantae</span> 
     </span>
     <span class='ocr_line' id='line_1_53' title="bbox 105 2848 980 2892; baseline 0.003 -10"><span class='ocrx_word' id='word_1_353' title='bbox 105 2848 230 2882; x_wconf 85' lang='lat' dir='ltr'>sensum</span> <span class='ocrx_word' id='word_1_354' title='bbox 252 2849 424 2881; x_wconf 85' lang='lat' dir='ltr'>facilitatis.</span> <span class='ocrx_word' id='word_1_355' title='bbox 458 2849 567 2882; x_wconf 85' lang='lat' dir='ltr'>adhaec</span> <span class='ocrx_word' id='word_1_356' title='bbox 592 2851 775 2884; x_wconf 85' lang='lat' dir='ltr'>blandiebar</span> <span class='ocrx_word' id='word_1_357' title='bbox 791 2854 888 2892; x_wconf 84' lang='lat' dir='ltr'>mibi,</span> <span class='ocrx_word' id='word_1_358' title='bbox 911 2853 932 2885; x_wconf 86' lang='lat' dir='ltr'>si</span> <span class='ocrx_word' id='word_1_359' title='bbox 948 2855 980 2886; x_wconf 91' lang='lat' dir='ltr'>id</span> 
     </span>
     <span class='ocr_line' id='line_1_54' title="bbox 106 2890 980 2930; baseline 0.003 -7"><span class='ocrx_word' id='word_1_360' title='bbox 106 2891 256 2930; x_wconf 87' lang='lat' dir='ltr'>ederem,</span> <span class='ocrx_word' id='word_1_361' title='bbox 279 2890 367 2929; x_wconf 87' lang='lat' dir='ltr'>sore,</span> <span class='ocrx_word' id='word_1_362' title='bbox 395 2897 430 2922; x_wconf 88' lang='lat' dir='ltr'>ut</span> <span class='ocrx_word' id='word_1_363' title='bbox 454 2893 631 2924; x_wconf 85' lang='lat' dir='ltr'>reverentia</span> <span class='ocrx_word' id='word_1_364' title='bbox 658 2900 721 2925; x_wconf 86' lang='lat' dir='ltr'>tam</span> <span class='ocrx_word' id='word_1_365' title='bbox 744 2894 854 2926; x_wconf 91' lang='lat' dir='ltr'>decori</span> <span class='ocrx_word' id='word_1_366' title='bbox 877 2896 980 2926; x_wconf 89' lang='lat' dir='ltr'>norni-</span> 
     </span>
     <span class='ocr_line' id='line_1_55' title="bbox 104 2931 979 2977; baseline 0.001 -11"><span class='ocrx_word' id='word_1_367' title='bbox 104 2933 155 2966; x_wconf 85' lang='lat' dir='ltr'>nis</span> <span class='ocrx_word' id='word_1_368' title='bbox 177 2932 271 2964; x_wconf 92' lang='lat' dir='ltr'>vobis</span> <span class='ocrx_word' id='word_1_369' title='bbox 297 2931 574 2964; x_wconf 83' lang='lat' dir='ltr'>commendatiora</span> <span class='ocrx_word' id='word_1_370' title='bbox 595 2932 696 2966; x_wconf 80' lang='lat' dir='ltr'>essent</span> <span class='ocrx_word' id='word_1_371' title='bbox 710 2935 780 2965; x_wconf 81' lang='lat' dir='ltr'>haec</span> <span class='ocrx_word' id='word_1_372' title='bbox 796 2944 866 2967; x_wconf 87' lang='lat' dir='ltr'>mea</span> <span class='ocrx_word' id='word_1_373' title='bbox 882 2935 979 2977; x_wconf 87' lang='lat' dir='ltr'>auspi-</span> 
     </span>
     <span class='ocr_line' id='line_1_56' title="bbox 102 2972 978 3018; baseline 0.003 -12"><span class='ocrx_word' id='word_1_374' title='bbox 102 2975 167 3006; x_wconf 88' lang='lat' dir='ltr'>cia.</span> <span class='ocrx_word' id='word_1_375' title='bbox 207 2972 280 3006; x_wconf 89' lang='lat' dir='ltr'>Nec</span> <span class='ocrx_word' id='word_1_376' title='bbox 297 2980 402 3004; x_wconf 87' lang='lat' dir='ltr'>tamen</span> <span class='ocrx_word' id='word_1_377' title='bbox 419 2981 472 3005; x_wconf 89' lang='lat' dir='ltr'>me</span> <span class='ocrx_word' id='word_1_378' title='bbox 488 2974 648 3014; x_wconf 84' lang='lat' dir='ltr'>praeterit,</span> <span class='ocrx_word' id='word_1_379' title='bbox 671 2975 755 3014; x_wconf 88' lang='lat' dir='ltr'>AA,</span> <span class='ocrx_word' id='word_1_380' title='bbox 778 2976 830 3007; x_wconf 88' lang='lat' dir='ltr'>illa</span> <span class='ocrx_word' id='word_1_381' title='bbox 846 2976 978 3018; x_wconf 85' lang='lat' dir='ltr'>singula-</span> 
     </span>
     <span class='ocr_line' id='line_1_57' title="bbox 101 3014 978 3058; baseline 0.002 -10"><span class='ocrx_word' id='word_1_382' title='bbox 101 3015 146 3048; x_wconf 74' lang='lat' dir='ltr'>:is</span> <span class='ocrx_word' id='word_1_383' title='bbox 169 3014 399 3047; x_wconf 86' lang='lat' dir='ltr'>benevolentia</span> <span class='ocrx_word' id='word_1_384' title='bbox 421 3022 482 3053; x_wconf 86' lang='lat' dir='ltr'>qua</span> <span class='ocrx_word' id='word_1_385' title='bbox 499 3014 584 3046; x_wconf 90' lang='lat' dir='ltr'>ultro</span> <span class='ocrx_word' id='word_1_386' title='bbox 601 3014 727 3054; x_wconf 84' lang='lat' dir='ltr'>soletis,</span> <span class='ocrx_word' id='word_1_387' title='bbox 750 3025 862 3049; x_wconf 88' lang='lat' dir='ltr'>omnes</span> <span class='ocrx_word' id='word_1_388' title='bbox 877 3019 931 3058; x_wconf 91' lang='lat' dir='ltr'>qui</span> <span class='ocrx_word' id='word_1_389' title='bbox 947 3028 978 3050; x_wconf 90' lang='lat' dir='ltr'>a·</span> 
     </span>
     <span class='ocr_line' id='line_1_58' title="bbox 100 3055 976 3100; baseline 0.003 -11"><span class='ocrx_word' id='word_1_390' title='bbox 100 3063 194 3091; x_wconf 84' lang='lat' dir='ltr'>ment</span> <span class='ocrx_word' id='word_1_391' title='bbox 222 3055 322 3089; x_wconf 88' lang='lat' dir='ltr'>studia</span> <span class='ocrx_word' id='word_1_392' title='bbox 352 3055 446 3087; x_wconf 83' lang='lat' dir='ltr'>bonae</span> <span class='ocrx_word' id='word_1_393' title='bbox 477 3055 593 3088; x_wconf 86' lang='lat' dir='ltr'>mentis</span> <span class='ocrx_word' id='word_1_394' title='bbox 610 3079 620 3095; x_wconf 90' lang='lat'>,</span> <span class='ocrx_word' id='word_1_395' title='bbox 650 3057 777 3097; x_wconf 89' lang='lat' dir='ltr'>optimo</span> <span class='ocrx_word' id='word_1_396' title='bbox 803 3059 976 3100; x_wconf 73' lang='lat' dir='ltr'>complecti</span> 
     </span>
     <span class='ocr_line' id='line_1_59' title="bbox 99 3096 977 3140; baseline 0.006 -12"><span class='ocrx_word' id='word_1_397' title='bbox 99 3098 266 3140; x_wconf 81' lang='lat' dir='ltr'>exemplo.</span> <span class='ocrx_word' id='word_1_398' title='bbox 298 3096 336 3130; x_wconf 89' lang='lat' dir='ltr'>fit</span> <span class='ocrx_word' id='word_1_399' title='bbox 350 3097 445 3138; x_wconf 88' lang='lat' dir='ltr'>igitur</span> <span class='ocrx_word' id='word_1_400' title='bbox 460 3097 511 3128; x_wconf 92' lang='lat' dir='ltr'>vel</span> <span class='ocrx_word' id='word_1_401' title='bbox 529 3096 581 3128; x_wconf 91' lang='lat' dir='ltr'>illa</span> <span class='ocrx_word' id='word_1_402' title='bbox 598 3106 669 3138; x_wconf 77' lang='lat' dir='ltr'>qua:</span> <span class='ocrx_word' id='word_1_403' title='bbox 687 3098 754 3130; x_wconf 85' lang='lat' dir='ltr'>aliis</span> <span class='ocrx_word' id='word_1_404' title='bbox 773 3097 853 3140; x_wconf 85' lang='lat' dir='ltr'>saepe</span> <span class='ocrx_word' id='word_1_405' title='bbox 868 3100 977 3140; x_wconf 90' lang='lat' dir='ltr'>profu-</span> 
     </span>
     <span class='ocr_line' id='line_1_60' title="bbox 100 3137 975 3181; baseline 0.007 -13"><span class='ocrx_word' id='word_1_406' title='bbox 100 3138 128 3169; x_wconf 84' lang='lat' dir='ltr'>it</span> <span class='ocrx_word' id='word_1_407' title='bbox 142 3160 153 3176; x_wconf 93' lang='lat'>,</span> <span class='ocrx_word' id='word_1_408' title='bbox 176 3140 271 3172; x_wconf 88' lang='lat' dir='ltr'>etiam</span> <span class='ocrx_word' id='word_1_409' title='bbox 288 3137 383 3170; x_wconf 88' lang='lat' dir='ltr'>vestri</span> <span class='ocrx_word' id='word_1_410' title='bbox 399 3147 472 3181; x_wconf 88' lang='lat' dir='ltr'>erga</span> <span class='ocrx_word' id='word_1_411' title='bbox 488 3147 540 3170; x_wconf 89' lang='lat' dir='ltr'>me</span> <span class='ocrx_word' id='word_1_412' title='bbox 558 3139 654 3171; x_wconf 86' lang='lat' dir='ltr'>animi</span> <span class='ocrx_word' id='word_1_413' title='bbox 672 3140 803 3180; x_wconf 87' lang='lat' dir='ltr'>pignus:</span> <span class='ocrx_word' id='word_1_414' title='bbox 827 3141 904 3181; x_wconf 89' lang='lat' dir='ltr'>quid</span> <span class='ocrx_word' id='word_1_415' title='bbox 920 3141 975 3174; x_wconf 86' lang='lat' dir='ltr'>ha-</span> 
     </span>
     <span class='ocr_line' id='line_1_61' title="bbox 99 3178 972 3253; baseline 0.009 -43"><span class='ocrx_word' id='word_1_416' title='bbox 99 3178 172 3252; x_wconf 52' lang='lat' dir='ltr'>be}</span> <span class='ocrx_word' id='word_1_417' title='bbox 188 3180 273 3253; x_wconf 73' lang='lat' dir='ltr'>aliuId</span> <span class='ocrx_word' id='word_1_418' title='bbox 287 3179 429 3223; x_wconf 86' lang='lat' dir='ltr'>sperare,</span> <span class='ocrx_word' id='word_1_419' title='bbox 451 3188 547 3221; x_wconf 85' lang='lat' dir='ltr'>quam</span> <span class='ocrx_word' id='word_1_420' title='bbox 561 3187 597 3213; x_wconf 90' lang='lat' dir='ltr'>ut</span> <span class='ocrx_word' id='word_1_421' title='bbox 610 3180 812 3216; x_wconf 83' lang='lat' dir='ltr'>difficultates</span> <span class='ocrx_word' id='word_1_422' title='bbox 828 3183 972 3226; x_wconf 87' lang='lat' dir='ltr'>vultum,</span> 
     </span>
    </p>

    <p class='ocr_par' dir='ltr' id='par_1_9' title="bbox 168 3229 272 3255">
     <span class='ocr_line' id='line_1_62' title="bbox 168 3229 272 3255; baseline -0.01 0"><span class='ocrx_word' id='word_1_423' title='bbox 168 3229 222 3255; x_wconf 73' lang='lat' dir='ltr'>Om-</span> <span class='ocrx_word' id='word_1_424' title='bbox 263 3245 272 3254; x_wconf 91' lang='lat'><strong>.</strong></span> 
     </span>
    </p>
   </div>
   <div class='ocr_carea' id='block_1_8' title="bbox 131 1126 173 1207">
    <p class='ocr_par' dir='ltr' id='par_1_10' title="bbox 131 1126 173 1207">
     <span class='ocr_line' id='line_1_63' title="bbox 131 1126 173 1207; textangle 90"><span class='ocrx_word' id='word_1_425' title='bbox 131 1126 173 1207; x_wconf 52' lang='lat' dir='ltr'>MS(</span> 
     </span>
    </p>
   </div>
   <div class='ocr_carea' id='block_1_9' title="bbox 1016 989 1933 3232">
    <p class='ocr_par' dir='ltr' id='par_1_11' title="bbox 1051 989 1932 1147">
     <span class='ocr_line' id='line_1_64' title="bbox 1054 989 1930 1039; baseline 0.011 -19"><span class='ocrx_word' id='word_1_426' title='bbox 1054 989 1212 1031; x_wconf 83' lang='lat' dir='ltr'>linguam,</span> <span class='ocrx_word' id='word_1_427' title='bbox 1235 999 1379 1024; x_wconf 87' lang='lat' dir='ltr'>mentem</span> <span class='ocrx_word' id='word_1_428' title='bbox 1397 1002 1500 1026; x_wconf 81' lang='lat' dir='ltr'>meam</span> <span class='ocrx_word' id='word_1_429' title='bbox 1525 996 1557 1028; x_wconf 92' lang='lat' dir='ltr'>in</span> <span class='ocrx_word' id='word_1_430' title='bbox 1574 996 1709 1039; x_wconf 76' lang='lat' dir='ltr'>ingressu</span> <span class='ocrx_word' id='word_1_431' title='bbox 1726 996 1816 1038; x_wconf 84' lang='lat' dir='ltr'>hujus</span> <span class='ocrx_word' id='word_1_432' title='bbox 1833 997 1930 1030; x_wconf 74' lang='lat' dir='ltr'>atuo-</span> 
     </span>
     <span class='ocr_line' id='line_1_65' title="bbox 1054 1030 1931 1079; baseline 0.01 -18"><span class='ocrx_word' id='word_1_433' title='bbox 1054 1031 1102 1062; x_wconf 88' lang='lat' dir='ltr'>nis</span> <span class='ocrx_word' id='word_1_434' title='bbox 1126 1030 1324 1074; x_wconf 83' lang='lat' dir='ltr'>defigentes,</span> <span class='ocrx_word' id='word_1_435' title='bbox 1348 1043 1422 1066; x_wconf 90' lang='lat' dir='ltr'>meo</span> <span class='ocrx_word' id='word_1_436' title='bbox 1447 1037 1617 1069; x_wconf 86' lang='lat' dir='ltr'>remittatis</span> <span class='ocrx_word' id='word_1_437' title='bbox 1644 1039 1777 1079; x_wconf 91' lang='lat' dir='ltr'>pudori:</span> <span class='ocrx_word' id='word_1_438' title='bbox 1801 1038 1888 1071; x_wconf 84' lang='lat' dir='ltr'>forte</span> <span class='ocrx_word' id='word_1_439' title='bbox 1913 1049 1931 1070; x_wconf 84' lang='lat' dir='ltr'>a</span> 
     </span>
     <span class='ocr_line' id='line_1_66' title="bbox 1052 1071 1932 1122; baseline 0.013 -20"><span class='ocrx_word' id='word_1_440' title='bbox 1052 1071 1209 1118; x_wconf 82' lang='lat' dir='ltr'>praesente</span> <span class='ocrx_word' id='word_1_441' title='bbox 1232 1083 1364 1116; x_wconf 90' lang='lat' dir='ltr'>quoque</span> <span class='ocrx_word' id='word_1_442' title='bbox 1387 1077 1542 1110; x_wconf 85' lang='lat' dir='ltr'>orationis</span> <span class='ocrx_word' id='word_1_443' title='bbox 1566 1080 1657 1111; x_wconf 85' lang='lat' dir='ltr'>causa</span> <span class='ocrx_word' id='word_1_444' title='bbox 1679 1080 1798 1121; x_wconf 89' lang='lat' dir='ltr'>aliquid</span> <span class='ocrx_word' id='word_1_445' title='bbox 1823 1080 1932 1122; x_wconf 78' lang='lat' dir='ltr'>gratiae</span> 
     </span>
     <span class='ocr_line' id='line_1_67' title="bbox 1051 1122 1235 1147; baseline 0.016 -3"><span class='ocrx_word' id='word_1_446' title='bbox 1051 1122 1235 1147; x_wconf 79' lang='lat' dir='ltr'>inventuro.</span> 
     </span>
    </p>

    <p class='ocr_par' dir='ltr' id='par_1_12' title="bbox 1040 1154 1933 1906">
     <span class='ocr_line' id='line_1_68' title="bbox 1090 1154 1933 1200; baseline 0.012 -14"><span class='ocrx_word' id='word_1_447' title='bbox 1090 1154 1145 1187; x_wconf 85' lang='lat' dir='ltr'>Est</span> <span class='ocrx_word' id='word_1_448' title='bbox 1161 1157 1247 1189; x_wconf 88' lang='lat' dir='ltr'>enirn</span> <span class='ocrx_word' id='word_1_449' title='bbox 1263 1158 1340 1190; x_wconf 80' lang='lat' dir='ltr'>mihi</span> <span class='ocrx_word' id='word_1_450' title='bbox 1357 1159 1388 1190; x_wconf 91' lang='lat' dir='ltr'>in</span> <span class='ocrx_word' id='word_1_451' title='bbox 1408 1161 1534 1200; x_wconf 89' lang='lat' dir='ltr'>anim0‚</span> <span class='ocrx_word' id='word_1_452' title='bbox 1553 1161 1580 1193; x_wconf 90' lang='lat' dir='ltr'><strong>A</strong></span> <span class='ocrx_word' id='word_1_453' title='bbox 1592 1162 1616 1193; x_wconf 90' lang='lat' dir='ltr'><strong>A</strong></span> <span class='ocrx_word' id='word_1_454' title='bbox 1631 1185 1640 1200; x_wconf 84' lang='lat'><strong>‚</strong></span> <span class='ocrx_word' id='word_1_455' title='bbox 1664 1163 1772 1195; x_wconf 85' lang='lat' dir='ltr'>dicere</span> <span class='ocrx_word' id='word_1_456' title='bbox 1789 1164 1829 1195; x_wconf 90' lang='lat' dir='ltr'>de</span> <span class='ocrx_word' id='word_1_457' title='bbox 1847 1163 1933 1196; x_wconf 90' lang='lat' dir='ltr'>Civi-</span> 
     </span>
     <span class='ocr_line' id='line_1_69' title="bbox 1048 1195 1932 1246; baseline 0.011 -19"><span class='ocrx_word' id='word_1_458' title='bbox 1048 1195 1069 1227; x_wconf 90' lang='lat' dir='ltr'>li</span> <span class='ocrx_word' id='word_1_459' title='bbox 1088 1196 1268 1231; x_wconf 78' lang='lat' dir='ltr'>Prudentia.</span> <span class='ocrx_word' id='word_1_460' title='bbox 1301 1201 1350 1231; x_wconf 90' lang='lat' dir='ltr'>cui</span> <span class='ocrx_word' id='word_1_461' title='bbox 1369 1202 1447 1241; x_wconf 88' lang='lat' dir='ltr'>quid</span> <span class='ocrx_word' id='word_1_462' title='bbox 1462 1202 1671 1243; x_wconf 66' lang='lat' dir='ltr'>praeferatur,</span> <span class='ocrx_word' id='word_1_463' title='bbox 1694 1212 1748 1235; x_wconf 92' lang='lat' dir='ltr'>aut</span> <span class='ocrx_word' id='word_1_464' title='bbox 1765 1213 1932 1246; x_wconf 79' lang='lat' dir='ltr'>compare·</span> 
     </span>
     <span class='ocr_line' id='line_1_70' title="bbox 1048 1240 1930 1284; baseline 0.012 -16"><span class='ocrx_word' id='word_1_465' title='bbox 1048 1245 1117 1276; x_wconf 89' lang='lat' dir='ltr'>tur,</span> <span class='ocrx_word' id='word_1_466' title='bbox 1141 1240 1195 1270; x_wconf 85' lang='lat' dir='ltr'>vix</span> <span class='ocrx_word' id='word_1_467' title='bbox 1215 1241 1365 1281; x_wconf 90' lang='lat' dir='ltr'>equidem</span> <span class='ocrx_word' id='word_1_468' title='bbox 1383 1241 1467 1274; x_wconf 92' lang='lat' dir='ltr'>scio:</span> <span class='ocrx_word' id='word_1_469' title='bbox 1491 1246 1617 1284; x_wconf 86' lang='lat' dir='ltr'>paucis,</span> <span class='ocrx_word' id='word_1_470' title='bbox 1641 1244 1705 1275; x_wconf 89' lang='lat' dir='ltr'>sive</span> <span class='ocrx_word' id='word_1_471' title='bbox 1723 1248 1858 1278; x_wconf 88' lang='lat' dir='ltr'>naturali</span> <span class='ocrx_word' id='word_1_472' title='bbox 1875 1249 1930 1279; x_wconf 87' lang='lat' dir='ltr'>de-</span> 
     </span>
     <span class='ocr_line' id='line_1_71' title="bbox 1047 1280 1930 1327; baseline 0.011 -18"><span class='ocrx_word' id='word_1_473' title='bbox 1047 1288 1144 1319; x_wconf 89' lang='lat' dir='ltr'>core,</span> <span class='ocrx_word' id='word_1_474' title='bbox 1169 1280 1231 1312; x_wconf 85' lang='lat' dir='ltr'>sive</span> <span class='ocrx_word' id='word_1_475' title='bbox 1248 1283 1385 1315; x_wconf 86' lang='lat' dir='ltr'>utilitate</span> <span class='ocrx_word' id='word_1_476' title='bbox 1400 1283 1613 1324; x_wconf 85' lang='lat' dir='ltr'>aestimentur,</span> <span class='ocrx_word' id='word_1_477' title='bbox 1634 1295 1725 1326; x_wconf 72' lang='lat' dir='ltr'>teque</span> <span class='ocrx_word' id='word_1_478' title='bbox 1740 1287 1779 1318; x_wconf 86' lang='lat' dir='ltr'>ad</span> <span class='ocrx_word' id='word_1_479' title='bbox 1795 1287 1930 1327; x_wconf 76' lang='lat' dir='ltr'>dignita-</span> 
     </span>
     <span class='ocr_line' id='line_1_72' title="bbox 1050 1321 1927 1363; baseline 0.01 -12"><span class='ocrx_word' id='word_1_480' title='bbox 1050 1328 1115 1353; x_wconf 91' lang='lat' dir='ltr'>tem</span> <span class='ocrx_word' id='word_1_481' title='bbox 1139 1321 1298 1363; x_wconf 83' lang='lat' dir='ltr'>honestis,</span> <span class='ocrx_word' id='word_1_482' title='bbox 1322 1326 1374 1356; x_wconf 87' lang='lat' dir='ltr'>vel</span> <span class='ocrx_word' id='word_1_483' title='bbox 1398 1326 1437 1357; x_wconf 89' lang='lat' dir='ltr'>ad</span> <span class='ocrx_word' id='word_1_484' title='bbox 1461 1325 1599 1358; x_wconf 58' lang='lat' dir='ltr'>frustum</span> <span class='ocrx_word' id='word_1_485' title='bbox 1617 1327 1777 1360; x_wconf 86' lang='lat' dir='ltr'>uberibus.</span> <span class='ocrx_word' id='word_1_486' title='bbox 1821 1328 1927 1360; x_wconf 84' lang='lat' dir='ltr'>Mitto</span> 
     </span>
     <span class='ocr_line' id='line_1_73' title="bbox 1047 1364 1929 1410; baseline 0.011 -18"><span class='ocrx_word' id='word_1_487' title='bbox 1047 1370 1180 1394; x_wconf 76' lang='lat' dir='ltr'>caetera:</span> <span class='ocrx_word' id='word_1_488' title='bbox 1204 1364 1267 1403; x_wconf 90' lang='lat' dir='ltr'>est,</span> <span class='ocrx_word' id='word_1_489' title='bbox 1286 1366 1369 1405; x_wconf 90' lang='lat' dir='ltr'>AA,</span> <span class='ocrx_word' id='word_1_490' title='bbox 1388 1375 1479 1398; x_wconf 80' lang='lat' dir='ltr'>extra</span> <span class='ocrx_word' id='word_1_491' title='bbox 1496 1368 1764 1400; x_wconf 84' lang='lat' dir='ltr'>controversiam:</span> <span class='ocrx_word' id='word_1_492' title='bbox 1788 1371 1877 1410; x_wconf 89' lang='lat' dir='ltr'>quod</span> <span class='ocrx_word' id='word_1_493' title='bbox 1892 1371 1929 1402; x_wconf 87' lang='lat' dir='ltr'>il-</span> 
     </span>
     <span class='ocr_line' id='line_1_74' title="bbox 1046 1403 1927 1451; baseline 0.01 -17"><span class='ocrx_word' id='word_1_494' title='bbox 1046 1403 1075 1435; x_wconf 90' lang='lat' dir='ltr'>la</span> <span class='ocrx_word' id='word_1_495' title='bbox 1091 1404 1205 1436; x_wconf 86' lang='lat' dir='ltr'>artium</span> <span class='ocrx_word' id='word_1_496' title='bbox 1232 1407 1395 1449; x_wconf 84' lang='lat' dir='ltr'>princeps,</span> <span class='ocrx_word' id='word_1_497' title='bbox 1420 1410 1577 1450; x_wconf 90' lang='lat' dir='ltr'>quidquid</span> <span class='ocrx_word' id='word_1_498' title='bbox 1596 1419 1728 1451; x_wconf 80' lang='lat' dir='ltr'>usquam</span> <span class='ocrx_word' id='word_1_499' title='bbox 1746 1410 1791 1442; x_wconf 82' lang='lat' dir='ltr'>est</span> <span class='ocrx_word' id='word_1_500' title='bbox 1809 1412 1927 1443; x_wconf 82' lang='lat' dir='ltr'>divinae</span> 
     </span>
     <span class='ocr_line' id='line_1_75' title="bbox 1045 1445 1927 1492; baseline 0.011 -17"><span class='ocrx_word' id='word_1_501' title='bbox 1045 1453 1099 1476; x_wconf 87' lang='lat' dir='ltr'>aut</span> <span class='ocrx_word' id='word_1_502' title='bbox 1122 1445 1268 1479; x_wconf 70' lang='lat' dir='ltr'>numanae</span> <span class='ocrx_word' id='word_1_503' title='bbox 1284 1450 1346 1488; x_wconf 87' lang='lat' dir='ltr'>rei,</span> <span class='ocrx_word' id='word_1_504' title='bbox 1373 1459 1433 1481; x_wconf 86' lang='lat' dir='ltr'>una</span> <span class='ocrx_word' id='word_1_505' title='bbox 1450 1450 1623 1490; x_wconf 87' lang='lat' dir='ltr'>praesertim</span> <span class='ocrx_word' id='word_1_506' title='bbox 1646 1452 1758 1492; x_wconf 89' lang='lat' dir='ltr'>fovet,</span> <span class='ocrx_word' id='word_1_507' title='bbox 1783 1452 1927 1485; x_wconf 86' lang='lat' dir='ltr'>sustinet-</span> 
     </span>
     <span class='ocr_line' id='line_1_76' title="bbox 1045 1490 1926 1531; baseline 0.011 -14"><span class='ocrx_word' id='word_1_508' title='bbox 1045 1495 1119 1526; x_wconf 77' lang='lat' dir='ltr'>que.</span> <span class='ocrx_word' id='word_1_509' title='bbox 1144 1497 1222 1526; x_wconf 92' lang='lat' dir='ltr'>nec,</span> <span class='ocrx_word' id='word_1_510' title='bbox 1246 1498 1279 1520; x_wconf 93' lang='lat' dir='ltr'>ut</span> <span class='ocrx_word' id='word_1_511' title='bbox 1296 1498 1388 1531; x_wconf 88' lang='lat' dir='ltr'>putet</span> <span class='ocrx_word' id='word_1_512' title='bbox 1404 1490 1540 1531; x_wconf 86' lang='lat' dir='ltr'>aliquis,</span> <span class='ocrx_word' id='word_1_513' title='bbox 1557 1492 1658 1525; x_wconf 78' lang='lat' dir='ltr'>haeret</span> <span class='ocrx_word' id='word_1_514' title='bbox 1676 1494 1757 1525; x_wconf 89' lang='lat' dir='ltr'>intra</span> <span class='ocrx_word' id='word_1_515' title='bbox 1773 1493 1926 1527; x_wconf 85' lang='lat' dir='ltr'>solemnia</span> 
     </span>
     <span class='ocr_line' id='line_1_77' title="bbox 1044 1528 1925 1574; baseline 0.011 -16"><span class='ocrx_word' id='word_1_516' title='bbox 1044 1528 1108 1559; x_wconf 88' lang='lat' dir='ltr'>fori</span> <span class='ocrx_word' id='word_1_517' title='bbox 1120 1551 1129 1567; x_wconf 94' lang='lat'>,</span> <span class='ocrx_word' id='word_1_518' title='bbox 1146 1530 1322 1571; x_wconf 66' lang='lat' dir='ltr'>civilesque</span> <span class='ocrx_word' id='word_1_519' title='bbox 1340 1532 1426 1573; x_wconf 79' lang='lat' dir='ltr'>leges</span> <span class='ocrx_word' id='word_1_520' title='bbox 1443 1532 1557 1574; x_wconf 86' lang='lat' dir='ltr'>Populi</span> <span class='ocrx_word' id='word_1_521' title='bbox 1570 1534 1723 1566; x_wconf 84' lang='lat' dir='ltr'>Romani:</span> <span class='ocrx_word' id='word_1_522' title='bbox 1742 1535 1797 1566; x_wconf 87' lang='lat' dir='ltr'>etsi</span> <span class='ocrx_word' id='word_1_523' title='bbox 1814 1537 1864 1568; x_wconf 92' lang='lat' dir='ltr'>vel</span> <span class='ocrx_word' id='word_1_524' title='bbox 1881 1537 1925 1568; x_wconf 86' lang='lat' dir='ltr'>fic</span> 
     </span>
     <span class='ocr_line' id='line_1_78' title="bbox 1046 1569 1927 1616; baseline 0.01 -16"><span class='ocrx_word' id='word_1_525' title='bbox 1046 1569 1116 1601; x_wconf 88' lang='lat' dir='ltr'>satis</span> <span class='ocrx_word' id='word_1_526' title='bbox 1132 1570 1194 1601; x_wconf 89' lang='lat' dir='ltr'>late</span> <span class='ocrx_word' id='word_1_527' title='bbox 1211 1580 1334 1612; x_wconf 84' lang='lat' dir='ltr'>pateret</span> <span class='ocrx_word' id='word_1_528' title='bbox 1353 1575 1419 1613; x_wconf 84' lang='lat' dir='ltr'>ejus</span> <span class='ocrx_word' id='word_1_529' title='bbox 1437 1576 1626 1615; x_wconf 87' lang='lat' dir='ltr'>amplitudo.</span> <span class='ocrx_word' id='word_1_530' title='bbox 1650 1583 1756 1608; x_wconf 86' lang='lat' dir='ltr'>tamen</span> <span class='ocrx_word' id='word_1_531' title='bbox 1775 1577 1875 1616; x_wconf 83' lang='lat' dir='ltr'>major</span> <span class='ocrx_word' id='word_1_532' title='bbox 1893 1588 1927 1609; x_wconf 91' lang='lat' dir='ltr'>e-</span> 
     </span>
     <span class='ocr_line' id='line_1_79' title="bbox 1044 1611 1926 1659; baseline 0.01 -18"><span class='ocrx_word' id='word_1_533' title='bbox 1044 1611 1085 1642; x_wconf 84' lang='lat' dir='ltr'>rit</span> <span class='ocrx_word' id='word_1_534' title='bbox 1102 1612 1204 1652; x_wconf 84' lang='lat' dir='ltr'>gloria</span> <span class='ocrx_word' id='word_1_535' title='bbox 1221 1614 1380 1646; x_wconf 72' lang='lat' dir='ltr'>tractantis</span> <span class='ocrx_word' id='word_1_536' title='bbox 1395 1615 1520 1657; x_wconf 87' lang='lat' dir='ltr'>insuper</span> <span class='ocrx_word' id='word_1_537' title='bbox 1539 1617 1626 1657; x_wconf 80' lang='lat' dir='ltr'>leges</span> <span class='ocrx_word' id='word_1_538' title='bbox 1643 1617 1731 1649; x_wconf 83' lang='lat' dir='ltr'>orbis</span> <span class='ocrx_word' id='word_1_539' title='bbox 1750 1625 1926 1659; x_wconf 82' lang='lat' dir='ltr'>terrarum,</span> 
     </span>
     <span class='ocr_line' id='line_1_80' title="bbox 1044 1653 1924 1698; baseline 0.011 -15"><span class='ocrx_word' id='word_1_540' title='bbox 1044 1653 1213 1686; x_wconf 82' lang='lat' dir='ltr'>maximam</span> <span class='ocrx_word' id='word_1_541' title='bbox 1244 1653 1308 1686; x_wconf 88' lang='lat' dir='ltr'>Dei</span> <span class='ocrx_word' id='word_1_542' title='bbox 1335 1657 1544 1698; x_wconf 85' lang='lat' dir='ltr'>omniumque</span> <span class='ocrx_word' id='word_1_543' title='bbox 1567 1658 1734 1691; x_wconf 83' lang='lat' dir='ltr'>hominum</span> <span class='ocrx_word' id='word_1_544' title='bbox 1756 1659 1924 1693; x_wconf 85' lang='lat' dir='ltr'>civitatem</span> 
     </span>
     <span class='ocr_line' id='line_1_81' title="bbox 1043 1693 1926 1741; baseline 0.01 -16"><span class='ocrx_word' id='word_1_545' title='bbox 1043 1693 1251 1728; x_wconf 87' lang='lat' dir='ltr'>stabilientes.</span> <span class='ocrx_word' id='word_1_546' title='bbox 1284 1698 1360 1737; x_wconf 90' lang='lat' dir='ltr'>quid</span> <span class='ocrx_word' id='word_1_547' title='bbox 1386 1697 1558 1739; x_wconf 87' lang='lat' dir='ltr'>respicitis,</span> <span class='ocrx_word' id='word_1_548' title='bbox 1582 1701 1659 1741; x_wconf 92' lang='lat' dir='ltr'>quid</span> <span class='ocrx_word' id='word_1_549' title='bbox 1677 1700 1845 1740; x_wconf 77' lang='lat' dir='ltr'>quaeritis‘?</span> <span class='ocrx_word' id='word_1_550' title='bbox 1867 1702 1926 1734; x_wconf 77' lang='lat' dir='ltr'>ubi</span> 
     </span>
     <span class='ocr_line' id='line_1_82' title="bbox 1042 1739 1923 1780; baseline 0.009 -14"><span class='ocrx_word' id='word_1_551' title='bbox 1042 1743 1194 1777; x_wconf 84' lang='lat' dir='ltr'>utrasque</span> <span class='ocrx_word' id='word_1_552' title='bbox 1210 1739 1339 1778; x_wconf 88' lang='lat' dir='ltr'>appello</span> <span class='ocrx_word' id='word_1_553' title='bbox 1358 1739 1465 1780; x_wconf 83' lang='lat' dir='ltr'>leges,</span> <span class='ocrx_word' id='word_1_554' title='bbox 1489 1742 1542 1780; x_wconf 82' lang='lat' dir='ltr'>Jus</span> <span class='ocrx_word' id='word_1_555' title='bbox 1559 1740 1689 1773; x_wconf 82' lang='lat' dir='ltr'>Naturae</span> <span class='ocrx_word' id='word_1_556' title='bbox 1705 1742 1734 1773; x_wconf 76' lang='grc' dir='ltr'>ὅ(</span> <span class='ocrx_word' id='word_1_557' title='bbox 1753 1741 1858 1774; x_wconf 86' lang='lat' dir='ltr'>Civile</span> <span class='ocrx_word' id='word_1_558' title='bbox 1875 1744 1923 1775; x_wconf 88' lang='lat' dir='ltr'>in-</span> 
     </span>
     <span class='ocr_line' id='line_1_83' title="bbox 1043 1777 1922 1831; baseline 0.01 -23"><span class='ocrx_word' id='word_1_559' title='bbox 1043 1777 1209 1823; x_wconf 73' lang='lat' dir='ltr'>digit03&amp;</span> <span class='ocrx_word' id='word_1_560' title='bbox 1226 1789 1289 1811; x_wconf 91' lang='lat' dir='ltr'>uno</span> <span class='ocrx_word' id='word_1_561' title='bbox 1308 1782 1408 1812; x_wconf 88' lang='lat' dir='ltr'>verbo</span> <span class='ocrx_word' id='word_1_562' title='bbox 1429 1791 1562 1822; x_wconf 80' lang='lat' dir='ltr'>quantas</span> <span class='ocrx_word' id='word_1_563' title='bbox 1579 1792 1675 1824; x_wconf 82' lang='lat' dir='ltr'>opes,</span> <span class='ocrx_word' id='word_1_564' title='bbox 1693 1784 1922 1831; x_wconf 30' lang='lat' dir='ltr'>quantumthuu*</span> 
     </span>
     <span class='ocr_line' id='line_1_84' title="bbox 1040 1821 1922 1866; baseline 0.01 -17"><span class='ocrx_word' id='word_1_565' title='bbox 1040 1827 1125 1860; x_wconf 78' lang='lat' dir='ltr'>mani</span> <span class='ocrx_word' id='word_1_566' title='bbox 1150 1821 1275 1860; x_wconf 84' lang='lat' dir='ltr'>generis</span> <span class='ocrx_word' id='word_1_567' title='bbox 1308 1831 1530 1855; x_wconf 87' lang='lat' dir='ltr'>ornamentum</span> <span class='ocrx_word' id='word_1_568' title='bbox 1558 1833 1667 1856; x_wconf 86' lang='lat' dir='ltr'>mente</span> <span class='ocrx_word' id='word_1_569' title='bbox 1690 1832 1788 1866; x_wconf 89' lang='lat' dir='ltr'>atque</span> <span class='ocrx_word' id='word_1_570' title='bbox 1811 1834 1922 1859; x_wconf 84' lang='lat' dir='ltr'>animo</span> 
     </span>
     <span class='ocr_line' id='line_1_85' title="bbox 1040 1859 1603 1906; baseline 0.011 -15"><span class='ocrx_word' id='word_1_571' title='bbox 1040 1859 1148 1892; x_wconf 91' lang='lat' dir='ltr'>vestro</span> <span class='ocrx_word' id='word_1_572' title='bbox 1166 1863 1341 1904; x_wconf 90' lang='lat' dir='ltr'>concipere</span> <span class='ocrx_word' id='word_1_573' title='bbox 1357 1874 1436 1903; x_wconf 75' lang='lat' dir='ltr'>voe,</span> <span class='ocrx_word' id='word_1_574' title='bbox 1459 1865 1603 1906; x_wconf 83' lang='lat' dir='ltr'>postulo!</span> 
     </span>
    </p>

    <p class='ocr_par' dir='ltr' id='par_1_13' title="bbox 1016 1902 1921 3190">
     <span class='ocr_line' id='line_1_86' title="bbox 1079 1902 1921 1952; baseline 0.012 -19"><span class='ocrx_word' id='word_1_575' title='bbox 1079 1902 1129 1934; x_wconf 86' lang='lat' dir='ltr'>An</span> <span class='ocrx_word' id='word_1_576' title='bbox 1157 1904 1325 1944; x_wconf 89' lang='lat' dir='ltr'>quisquam</span> <span class='ocrx_word' id='word_1_577' title='bbox 1348 1908 1501 1948; x_wconf 82' lang='lat' dir='ltr'>ambigit,</span> <span class='ocrx_word' id='word_1_578' title='bbox 1523 1917 1620 1939; x_wconf 90' lang='lat' dir='ltr'>omne</span> <span class='ocrx_word' id='word_1_579' title='bbox 1641 1910 1692 1949; x_wconf 87' lang='lat' dir='ltr'>jus</span> <span class='ocrx_word' id='word_1_580' title='bbox 1714 1909 1779 1941; x_wconf 87' lang='lat' dir='ltr'>five</span> <span class='ocrx_word' id='word_1_581' title='bbox 1801 1919 1921 1952; x_wconf 82' lang='lat' dir='ltr'>cogna-</span> 
     </span>
     <span class='ocr_line' id='line_1_87' title="bbox 1039 1945 1919 1988; baseline 0.013 -14"><span class='ocrx_word' id='word_1_582' title='bbox 1039 1949 1108 1975; x_wconf 92' lang='lat' dir='ltr'>tum</span> <span class='ocrx_word' id='word_1_583' title='bbox 1126 1946 1221 1976; x_wconf 87' lang='lat' dir='ltr'>nobis</span> <span class='ocrx_word' id='word_1_584' title='bbox 1239 1945 1296 1986; x_wconf 87' lang='lat' dir='ltr'>sit,</span> <span class='ocrx_word' id='word_1_585' title='bbox 1319 1946 1383 1979; x_wconf 85' lang='lat' dir='ltr'>five</span> <span class='ocrx_word' id='word_1_586' title='bbox 1402 1948 1470 1988; x_wconf 79' lang='lat' dir='ltr'>poll</span> <span class='ocrx_word' id='word_1_587' title='bbox 1492 1949 1679 1987; x_wconf 90' lang='lat' dir='ltr'>inventum,</span> <span class='ocrx_word' id='word_1_588' title='bbox 1702 1951 1788 1983; x_wconf 89' lang='lat' dir='ltr'>coelo</span> <span class='ocrx_word' id='word_1_589' title='bbox 1813 1952 1919 1985; x_wconf 87' lang='lat' dir='ltr'>trahe-</span> 
     </span>
     <span class='ocr_line' id='line_1_88' title="bbox 1037 1986 1919 2029; baseline 0.012 -14"><span class='ocrx_word' id='word_1_590' title='bbox 1037 1993 1074 2016; x_wconf 85' lang='lat' dir='ltr'>re</span> <span class='ocrx_word' id='word_1_591' title='bbox 1099 1986 1274 2027; x_wconf 87' lang='lat' dir='ltr'>originem,</span> <span class='ocrx_word' id='word_1_592' title='bbox 1299 1987 1429 2029; x_wconf 90' lang='lat' dir='ltr'>Deique</span> <span class='ocrx_word' id='word_1_593' title='bbox 1450 1990 1638 2025; x_wconf 85' lang='lat' dir='ltr'>immortalis</span> <span class='ocrx_word' id='word_1_594' title='bbox 1657 1993 1779 2025; x_wconf 85' lang='lat' dir='ltr'>donum</span> <span class='ocrx_word' id='word_1_595' title='bbox 1796 2002 1833 2024; x_wconf 90' lang='lat' dir='ltr'>ac</span> <span class='ocrx_word' id='word_1_596' title='bbox 1849 2003 1919 2026; x_wconf 88' lang='lat' dir='ltr'>mu·</span> 
     </span>
     <span class='ocr_line' id='line_1_89' title="bbox 1037 2026 1918 2076; baseline 0.011 -19"><span class='ocrx_word' id='word_1_597' title='bbox 1037 2035 1096 2058; x_wconf 88' lang='lat' dir='ltr'>nus</span> <span class='ocrx_word' id='word_1_598' title='bbox 1113 2026 1249 2061; x_wconf 75' lang='lat' dir='ltr'>haberi?</span> <span class='ocrx_word' id='word_1_599' title='bbox 1266 2029 1357 2061; x_wconf 86' lang='lat' dir='ltr'>simus</span> <span class='ocrx_word' id='word_1_600' title='bbox 1374 2030 1524 2064; x_wconf 62' lang='lat' dir='ltr'>subducta</span> <span class='ocrx_word' id='word_1_601' title='bbox 1540 2032 1579 2064; x_wconf 91' lang='lat' dir='ltr'>ad</span> <span class='ocrx_word' id='word_1_602' title='bbox 1595 2043 1661 2065; x_wconf 92' lang='lat' dir='ltr'>rem</span> <span class='ocrx_word' id='word_1_603' title='bbox 1679 2033 1822 2066; x_wconf 83' lang='lat' dir='ltr'>ratione:</span> <span class='ocrx_word' id='word_1_604' title='bbox 1843 2044 1918 2076; x_wconf 59' lang='lat' dir='ltr'>qua-¹</span> 
     </span>
     <span class='ocr_line' id='line_1_90' title="bbox 1035 2068 1918 2111; baseline 0.012 -13"><span class='ocrx_word' id='word_1_605' title='bbox 1035 2068 1207 2110; x_wconf 91' lang='lat' dir='ltr'>lecumque</span> <span class='ocrx_word' id='word_1_606' title='bbox 1230 2070 1265 2102; x_wconf 83' lang='lat' dir='ltr'>sit</span> <span class='ocrx_word' id='word_1_607' title='bbox 1284 2072 1352 2111; x_wconf 82' lang='lat' dir='ltr'>jus,</span> <span class='ocrx_word' id='word_1_608' title='bbox 1376 2071 1495 2105; x_wconf 91' lang='lat' dir='ltr'>summa</span> <span class='ocrx_word' id='word_1_609' title='bbox 1518 2074 1601 2105; x_wconf 86' lang='lat' dir='ltr'>redit</span> <span class='ocrx_word' id='word_1_610' title='bbox 1630 2075 1669 2106; x_wconf 90' lang='lat' dir='ltr'>ad</span> <span class='ocrx_word' id='word_1_611' title='bbox 1692 2084 1787 2108; x_wconf 83' lang='lat' dir='ltr'>unam</span> <span class='ocrx_word' id='word_1_612' title='bbox 1811 2074 1918 2109; x_wconf 88' lang='lat' dir='ltr'>Natu-</span> 
     </span>
     <span class='ocr_line' id='line_1_91' title="bbox 1033 2110 1917 2157; baseline 0.012 -17"><span class='ocrx_word' id='word_1_613' title='bbox 1033 2118 1076 2140; x_wconf 86' lang='lat' dir='ltr'>rae</span> <span class='ocrx_word' id='word_1_614' title='bbox 1101 2110 1225 2152; x_wconf 81' lang='lat' dir='ltr'>legem:</span> <span class='ocrx_word' id='word_1_615' title='bbox 1250 2112 1446 2145; x_wconf 89' lang='lat' dir='ltr'>intendentis</span> <span class='ocrx_word' id='word_1_616' title='bbox 1470 2116 1614 2147; x_wconf 88' lang='lat' dir='ltr'>omnium</span> <span class='ocrx_word' id='word_1_617' title='bbox 1639 2116 1826 2157; x_wconf 89' lang='lat' dir='ltr'>homiuum,</span> <span class='ocrx_word' id='word_1_618' title='bbox 1850 2117 1917 2151; x_wconf 86' lang='lat' dir='ltr'>five</span> 
     </span>
     <span class='ocr_line' id='line_1_92' title="bbox 1032 2151 1917 2198; baseline 0.011 -16"><span class='ocrx_word' id='word_1_619' title='bbox 1032 2151 1065 2182; x_wconf 92' lang='lat' dir='ltr'>in</span> <span class='ocrx_word' id='word_1_620' title='bbox 1085 2152 1233 2184; x_wconf 87' lang='lat' dir='ltr'>civitates</span> <span class='ocrx_word' id='word_1_621' title='bbox 1250 2154 1409 2194; x_wconf 72' lang='lat' dir='ltr'>coierint,</span> <span class='ocrx_word' id='word_1_622' title='bbox 1433 2155 1497 2187; x_wconf 89' lang='lat' dir='ltr'>five</span> <span class='ocrx_word' id='word_1_623' title='bbox 1515 2155 1625 2198; x_wconf 74' lang='lat' dir='ltr'>singuli</span> <span class='ocrx_word' id='word_1_624' title='bbox 1641 2157 1718 2197; x_wconf 87' lang='lat' dir='ltr'>sint,</span> <span class='ocrx_word' id='word_1_625' title='bbox 1741 2159 1839 2191; x_wconf 86' lang='lat' dir='ltr'>vitam</span> <span class='ocrx_word' id='word_1_626' title='bbox 1856 2162 1917 2192; x_wconf 88' lang='lat' dir='ltr'>mi·</span> 
     </span>
     <span class='ocr_line' id='line_1_93' title="bbox 1033 2195 1914 2242; baseline 0.012 -20"><span class='ocrx_word' id='word_1_627' title='bbox 1033 2200 1118 2232; x_wconf 87' lang='lat' dir='ltr'>tem,</span> <span class='ocrx_word' id='word_1_628' title='bbox 1143 2195 1364 2234; x_wconf 86' lang='lat' dir='ltr'>tranquillam,</span> <span class='ocrx_word' id='word_1_629' title='bbox 1388 2196 1525 2230; x_wconf 88' lang='lat' dir='ltr'>beatam.</span> <span class='ocrx_word' id='word_1_630' title='bbox 1557 2206 1653 2239; x_wconf 89' lang='lat' dir='ltr'>atque</span> <span class='ocrx_word' id='word_1_631' title='bbox 1675 2199 1729 2231; x_wconf 84' lang='lat' dir='ltr'>illa</span> <span class='ocrx_word' id='word_1_632' title='bbox 1751 2199 1815 2232; x_wconf 91' lang='lat' dir='ltr'>fine</span> <span class='ocrx_word' id='word_1_633' title='bbox 1836 2201 1914 2242; x_wconf 86' lang='lat' dir='ltr'>juris</span> 
     </span>
     <span class='ocr_line' id='line_1_94' title="bbox 1032 2235 1914 2282; baseline 0.011 -18"><span class='ocrx_word' id='word_1_634' title='bbox 1032 2242 1129 2273; x_wconf 89' lang='lat' dir='ltr'>atque</span> <span class='ocrx_word' id='word_1_635' title='bbox 1153 2235 1335 2268; x_wconf 87' lang='lat' dir='ltr'>officiorum</span> <span class='ocrx_word' id='word_1_636' title='bbox 1358 2236 1512 2271; x_wconf 89' lang='lat' dir='ltr'>societate</span> <span class='ocrx_word' id='word_1_637' title='bbox 1534 2248 1604 2281; x_wconf 88' lang='lat' dir='ltr'>quae</span> <span class='ocrx_word' id='word_1_638' title='bbox 1622 2240 1754 2280; x_wconf 89' lang='lat' dir='ltr'>haberi,</span> <span class='ocrx_word' id='word_1_639' title='bbox 1778 2251 1849 2282; x_wconf 88' lang='lat' dir='ltr'>quae</span> <span class='ocrx_word' id='word_1_640' title='bbox 1865 2243 1914 2274; x_wconf 92' lang='lat' dir='ltr'>in-</span> 
     </span>
     <span class='ocr_line' id='line_1_95' title="bbox 1034 2276 1915 2321; baseline 0.011 -16"><span class='ocrx_word' id='word_1_641' title='bbox 1034 2276 1132 2316; x_wconf 81' lang='lat' dir='ltr'>telligi</span> <span class='ocrx_word' id='word_1_642' title='bbox 1153 2277 1284 2315; x_wconf 80' lang='lat' dir='ltr'>potest?</span> <span class='ocrx_word' id='word_1_643' title='bbox 1309 2277 1409 2321; x_wconf 87' lang='lat' dir='ltr'>Quod</span> <span class='ocrx_word' id='word_1_644' title='bbox 1425 2279 1447 2312; x_wconf 87' lang='lat' dir='ltr'>si</span> <span class='ocrx_word' id='word_1_645' title='bbox 1468 2280 1574 2312; x_wconf 88' lang='lat' dir='ltr'>adhuc</span> <span class='ocrx_word' id='word_1_646' title='bbox 1592 2281 1680 2314; x_wconf 88' lang='lat' dir='ltr'>foret</span> <span class='ocrx_word' id='word_1_647' title='bbox 1696 2283 1779 2314; x_wconf 88' lang='lat' dir='ltr'>inter</span> <span class='ocrx_word' id='word_1_648' title='bbox 1795 2291 1915 2315; x_wconf 81' lang='lat' dir='ltr'>morta-</span> 
     </span>
     <span class='ocr_line' id='line_1_96' title="bbox 1032 2316 1912 2363; baseline 0.011 -17"><span class='ocrx_word' id='word_1_649' title='bbox 1032 2316 1077 2347; x_wconf 89' lang='lat' dir='ltr'>les</span> <span class='ocrx_word' id='word_1_650' title='bbox 1103 2317 1251 2357; x_wconf 76' lang='lat' dir='ltr'>dubium,</span> <span class='ocrx_word' id='word_1_651' title='bbox 1275 2319 1395 2352; x_wconf 80' lang='lat' dir='ltr'>essetne</span> <span class='ocrx_word' id='word_1_652' title='bbox 1417 2321 1467 2361; x_wconf 74' lang='lat' dir='ltr'>ius</span> <span class='ocrx_word' id='word_1_653' title='bbox 1493 2323 1624 2363; x_wconf 86' lang='lat' dir='ltr'>aliquod</span> <span class='ocrx_word' id='word_1_654' title='bbox 1642 2333 1658 2353; x_wconf 86' lang='lat' dir='ltr'>a</span> <span class='ocrx_word' id='word_1_655' title='bbox 1677 2322 1800 2355; x_wconf 84' lang='lat' dir='ltr'>Natura</span> <span class='ocrx_word' id='word_1_656' title='bbox 1823 2334 1912 2357; x_wconf 66' lang='lat' dir='ltr'>com«</span> 
     </span>
     <span class='ocr_line' id='line_1_97' title="bbox 1031 2362 1912 2400; baseline 0.012 -13"><span class='ocrx_word' id='word_1_657' title='bbox 1031 2366 1192 2397; x_wconf 83' lang='lat' dir='ltr'>paratum:</span> <span class='ocrx_word' id='word_1_658' title='bbox 1210 2362 1320 2400; x_wconf 88' lang='lat' dir='ltr'>utique</span> <span class='ocrx_word' id='word_1_659' title='bbox 1336 2362 1429 2394; x_wconf 84' lang='lat' dir='ltr'>rudes</span> <span class='ocrx_word' id='word_1_660' title='bbox 1447 2363 1478 2394; x_wconf 61' lang='grc' dir='ltr'>δὲ</span> <span class='ocrx_word' id='word_1_661' title='bbox 1495 2364 1604 2395; x_wconf 87' lang='lat' dir='ltr'>tardos</span> <span class='ocrx_word' id='word_1_662' title='bbox 1620 2365 1810 2397; x_wconf 86' lang='lat' dir='ltr'>admoneret</span> <span class='ocrx_word' id='word_1_663' title='bbox 1822 2365 1912 2399; x_wconf 89' lang='lat' dir='ltr'>Gen-</span> 
     </span>
     <span class='ocr_line' id='line_1_98' title="bbox 1032 2399 1909 2448; baseline 0.013 -19"><span class='ocrx_word' id='word_1_664' title='bbox 1032 2399 1111 2430; x_wconf 90' lang='lat' dir='ltr'>tium</span> <span class='ocrx_word' id='word_1_665' title='bbox 1135 2400 1322 2441; x_wconf 84' lang='lat' dir='ltr'>consensus,</span> <span class='ocrx_word' id='word_1_666' title='bbox 1349 2402 1506 2444; x_wconf 86' lang='lat' dir='ltr'>sapientes</span> <span class='ocrx_word' id='word_1_667' title='bbox 1530 2406 1630 2443; x_wconf 85' lang='lat' dir='ltr'>ratio,</span> <span class='ocrx_word' id='word_1_668' title='bbox 1655 2415 1720 2437; x_wconf 88' lang='lat' dir='ltr'>non</span> <span class='ocrx_word' id='word_1_669' title='bbox 1747 2408 1909 2448; x_wconf 81' lang='lat' dir='ltr'>arceffita,</span> 
     </span>
     <span class='ocr_line' id='line_1_99' title="bbox 1031 2440 1910 2488; baseline 0.011 -17"><span class='ocrx_word' id='word_1_670' title='bbox 1031 2440 1085 2471; x_wconf 89' lang='lat' dir='ltr'>sed</span> <span class='ocrx_word' id='word_1_671' title='bbox 1101 2449 1189 2473; x_wconf 88' lang='lat' dir='ltr'>certa</span> <span class='ocrx_word' id='word_1_672' title='bbox 1207 2442 1236 2474; x_wconf 66' lang='grc' dir='ltr'><strong>ἃ</strong></span> <span class='ocrx_word' id='word_1_673' title='bbox 1263 2444 1339 2476; x_wconf 91' lang='lat' dir='ltr'>olim</span> <span class='ocrx_word' id='word_1_674' title='bbox 1357 2444 1528 2477; x_wconf 90' lang='lat' dir='ltr'>seminibus</span> <span class='ocrx_word' id='word_1_675' title='bbox 1544 2445 1646 2477; x_wconf 78' lang='lat' dir='ltr'>infusa</span> <span class='ocrx_word' id='word_1_676' title='bbox 1661 2456 1678 2478; x_wconf 94' lang='lat' dir='ltr'>a</span> <span class='ocrx_word' id='word_1_677' title='bbox 1695 2446 1837 2488; x_wconf 79' lang='lat' dir='ltr'>Natura,</span> <span class='ocrx_word' id='word_1_678' title='bbox 1861 2459 1910 2482; x_wconf 89' lang='lat' dir='ltr'>re-</span> 
     </span>
     <span class='ocr_line' id='line_1_100' title="bbox 1030 2481 1911 2531; baseline 0.012 -19"><span class='ocrx_word' id='word_1_679' title='bbox 1030 2481 1088 2513; x_wconf 93' lang='lat' dir='ltr'>bus</span> <span class='ocrx_word' id='word_1_680' title='bbox 1106 2484 1316 2516; x_wconf 90' lang='lat' dir='ltr'>convinceret</span> <span class='ocrx_word' id='word_1_681' title='bbox 1330 2485 1530 2525; x_wconf 73' lang='lat' dir='ltr'>necessariis,</span> <span class='ocrx_word' id='word_1_682' title='bbox 1554 2486 1616 2518; x_wconf 80' lang='lat' dir='ltr'>esse</span> <span class='ocrx_word' id='word_1_683' title='bbox 1632 2486 1783 2520; x_wconf 87' lang='lat' dir='ltr'>Numinis</span> <span class='ocrx_word' id='word_1_684' title='bbox 1801 2491 1911 2531; x_wconf 91' lang='lat' dir='ltr'>provi-</span> 
     </span>
     <span class='ocr_line' id='line_1_101' title="bbox 1030 2524 1911 2573; baseline 0.011 -19"><span class='ocrx_word' id='word_1_685' title='bbox 1030 2524 1191 2557; x_wconf 88' lang='lat' dir='ltr'>dentiam:</span> <span class='ocrx_word' id='word_1_686' title='bbox 1215 2534 1231 2556; x_wconf 88' lang='lat' dir='ltr'>a</span> <span class='ocrx_word' id='word_1_687' title='bbox 1258 2534 1319 2566; x_wconf 90' lang='lat' dir='ltr'>qua</span> <span class='ocrx_word' id='word_1_688' title='bbox 1337 2527 1401 2558; x_wconf 90' lang='lat' dir='ltr'>vim</span> <span class='ocrx_word' id='word_1_689' title='bbox 1429 2526 1588 2568; x_wconf 85' lang='lat' dir='ltr'>proficisci</span> <span class='ocrx_word' id='word_1_690' title='bbox 1609 2529 1790 2571; x_wconf 81' lang='lat' dir='ltr'>universos,</span> <span class='ocrx_word' id='word_1_691' title='bbox 1815 2541 1911 2573; x_wconf 77' lang='lat' dir='ltr'>quot-</span> 
     </span>
     <span class='ocr_line' id='line_1_102' title="bbox 1029 2566 1907 2608; baseline 0.013 -13"><span class='ocrx_word' id='word_1_692' title='bbox 1029 2572 1110 2605; x_wconf 89' lang='lat' dir='ltr'>quot</span> <span class='ocrx_word' id='word_1_693' title='bbox 1128 2574 1260 2606; x_wconf 88' lang='lat' dir='ltr'>usquam</span> <span class='ocrx_word' id='word_1_694' title='bbox 1276 2566 1334 2599; x_wconf 88' lang='lat' dir='ltr'>sint</span> <span class='ocrx_word' id='word_1_695' title='bbox 1351 2568 1520 2608; x_wconf 87' lang='lat' dir='ltr'>homines,</span> <span class='ocrx_word' id='word_1_696' title='bbox 1541 2577 1604 2602; x_wconf 88' lang='lat' dir='ltr'>tam</span> <span class='ocrx_word' id='word_1_697' title='bbox 1621 2571 1660 2603; x_wconf 92' lang='lat' dir='ltr'>ad</span> <span class='ocrx_word' id='word_1_698' title='bbox 1675 2570 1718 2603; x_wconf 91' lang='lat' dir='ltr'>sui</span> <span class='ocrx_word' id='word_1_699' title='bbox 1737 2572 1907 2606; x_wconf 83' lang='lat' dir='ltr'>conscrva-</span> 
     </span>
     <span class='ocr_line' id='line_1_103' title="bbox 1032 2607 1907 2651; baseline 0.014 -15"><span class='ocrx_word' id='word_1_700' title='bbox 1032 2607 1174 2646; x_wconf 90' lang='lat' dir='ltr'>tionem,</span> <span class='ocrx_word' id='word_1_701' title='bbox 1191 2616 1327 2649; x_wconf 88' lang='lat' dir='ltr'>quaeque</span> <span class='ocrx_word' id='word_1_702' title='bbox 1343 2610 1370 2640; x_wconf 90' lang='lat' dir='ltr'>ei</span> <span class='ocrx_word' id='word_1_703' title='bbox 1389 2608 1577 2651; x_wconf 85' lang='lat' dir='ltr'>inserviant,</span> <span class='ocrx_word' id='word_1_704' title='bbox 1601 2612 1779 2646; x_wconf 88' lang='lat' dir='ltr'>inevitabili</span> <span class='ocrx_word' id='word_1_705' title='bbox 1796 2624 1907 2648; x_wconf 61' lang='lat' dir='ltr'>necesa</span> 
     </span>
     <span class='ocr_line' id='line_1_104' title="bbox 1028 2646 1906 2690; baseline 0.013 -12"><span class='ocrx_word' id='word_1_706' title='bbox 1028 2646 1118 2679; x_wconf 85' lang='lat' dir='ltr'>sitate</span> <span class='ocrx_word' id='word_1_707' title='bbox 1135 2650 1333 2689; x_wconf 88' lang='lat' dir='ltr'>rapientem,</span> <span class='ocrx_word' id='word_1_708' title='bbox 1356 2659 1453 2690; x_wconf 90' lang='lat' dir='ltr'>quam</span> <span class='ocrx_word' id='word_1_709' title='bbox 1469 2661 1487 2683; x_wconf 89' lang='lat' dir='ltr'>a</span> <span class='ocrx_word' id='word_1_710' title='bbox 1506 2653 1635 2685; x_wconf 87' lang='lat' dir='ltr'>diversis</span> <span class='ocrx_word' id='word_1_711' title='bbox 1653 2654 1883 2689; x_wconf 88' lang='lat' dir='ltr'>absterrentem</span> <span class='ocrx_word' id='word_1_712' title='bbox 1895 2669 1906 2689; x_wconf 91' lang='lat'>:</span> 
     </span>
     <span class='ocr_line' id='line_1_105' title="bbox 1027 2691 1906 2732; baseline 0.014 -13"><span class='ocrx_word' id='word_1_713' title='bbox 1027 2698 1098 2720; x_wconf 84' lang='lat' dir='ltr'>eam</span> <span class='ocrx_word' id='word_1_714' title='bbox 1116 2699 1194 2722; x_wconf 92' lang='lat' dir='ltr'>vero</span> <span class='ocrx_word' id='word_1_715' title='bbox 1210 2699 1276 2723; x_wconf 89' lang='lat' dir='ltr'>non</span> <span class='ocrx_word' id='word_1_716' title='bbox 1292 2691 1421 2732; x_wconf 79' lang='lat' dir='ltr'>coepiffe</span> <span class='ocrx_word' id='word_1_717' title='bbox 1436 2692 1579 2726; x_wconf 87' lang='lat' dir='ltr'>humanis</span> <span class='ocrx_word' id='word_1_718' title='bbox 1593 2694 1760 2729; x_wconf 69' lang='lat' dir='ltr'>aflectibus</span> <span class='ocrx_word' id='word_1_719' title='bbox 1778 2697 1841 2730; x_wconf 80' lang='lat' dir='ltr'>ess&#39;e</span> <span class='ocrx_word' id='word_1_720' title='bbox 1858 2708 1906 2730; x_wconf 66' lang='lat' dir='ltr'>re«</span> 
     </span>
     <span class='ocr_line' id='line_1_106' title="bbox 1025 2730 1905 2778; baseline 0.011 -17"><span class='ocrx_word' id='word_1_721' title='bbox 1025 2730 1150 2769; x_wconf 79' lang='lat' dir='ltr'>gulam,</span> <span class='ocrx_word' id='word_1_722' title='bbox 1174 2740 1248 2764; x_wconf 90' lang='lat' dir='ltr'>curn</span> <span class='ocrx_word' id='word_1_723' title='bbox 1271 2732 1404 2765; x_wconf 90' lang='lat' dir='ltr'>decreto</span> <span class='ocrx_word' id='word_1_724' title='bbox 1422 2733 1588 2768; x_wconf 89' lang='lat' dir='ltr'>hominurn</span> <span class='ocrx_word' id='word_1_725' title='bbox 1604 2737 1724 2770; x_wconf 87' lang='lat' dir='ltr'>virtute</span> <span class='ocrx_word' id='word_1_726' title='bbox 1739 2738 1905 2778; x_wconf 85' lang='lat' dir='ltr'>sapientia-</span> 
     </span>
     <span class='ocr_line' id='line_1_107' title="bbox 1026 2772 1903 2813; baseline 0.013 -12"><span class='ocrx_word' id='word_1_727' title='bbox 1026 2780 1089 2811; x_wconf 90' lang='lat' dir='ltr'>que</span> <span class='ocrx_word' id='word_1_728' title='bbox 1109 2772 1358 2813; x_wconf 81' lang='lat' dir='ltr'>excellentium,</span> <span class='ocrx_word' id='word_1_729' title='bbox 1382 2775 1499 2808; x_wconf 85' lang='lat' dir='ltr'>alicubi</span> <span class='ocrx_word' id='word_1_730' title='bbox 1523 2777 1569 2809; x_wconf 88' lang='lat' dir='ltr'>est</span> <span class='ocrx_word' id='word_1_731' title='bbox 1586 2779 1640 2810; x_wconf 85' lang='lat' dir='ltr'>aeri</span> <span class='ocrx_word' id='word_1_732' title='bbox 1657 2787 1712 2811; x_wconf 83' lang='lat' dir='ltr'>aut</span> <span class='ocrx_word' id='word_1_733' title='bbox 1729 2780 1842 2811; x_wconf 89' lang='lat' dir='ltr'>tabulis</span> <span class='ocrx_word' id='word_1_734' title='bbox 1857 2781 1903 2812; x_wconf 77' lang='lat' dir='ltr'>in-</span> 
     </span>
     <span class='ocr_line' id='line_1_108' title="bbox 1024 2813 1902 2861; baseline 0.011 -18"><span class='ocrx_word' id='word_1_735' title='bbox 1024 2813 1140 2852; x_wconf 83' lang='lat' dir='ltr'>scripta</span> <span class='ocrx_word' id='word_1_736' title='bbox 1157 2824 1165 2844; x_wconf 90' lang='lat'>:</span> <span class='ocrx_word' id='word_1_737' title='bbox 1189 2813 1241 2846; x_wconf 87' lang='lat' dir='ltr'>sed</span> <span class='ocrx_word' id='word_1_738' title='bbox 1255 2815 1318 2856; x_wconf 88' lang='lat' dir='ltr'>jam</span> <span class='ocrx_word' id='word_1_739' title='bbox 1340 2816 1415 2848; x_wconf 89' lang='lat' dir='ltr'>inde</span> <span class='ocrx_word' id='word_1_740' title='bbox 1430 2817 1521 2850; x_wconf 82' lang='lat' dir='ltr'>fuisse</span> <span class='ocrx_word' id='word_1_741' title='bbox 1538 2819 1664 2861; x_wconf 88' lang='lat' dir='ltr'>legem,</span> <span class='ocrx_word' id='word_1_742' title='bbox 1688 2830 1729 2852; x_wconf 81' lang='lat' dir='ltr'>ex</span> <span class='ocrx_word' id='word_1_743' title='bbox 1746 2829 1811 2861; x_wconf 90' lang='lat' dir='ltr'>quo</span> <span class='ocrx_word' id='word_1_744' title='bbox 1824 2829 1902 2853; x_wconf 83' lang='lat' dir='ltr'>cum</span> 
     </span>
     <span class='ocr_line' id='line_1_109' title="bbox 1024 2853 1903 2902; baseline 0.01 -18"><span class='ocrx_word' id='word_1_745' title='bbox 1024 2863 1130 2885; x_wconf 85' lang='lat' dir='ltr'>rerum</span> <span class='ocrx_word' id='word_1_746' title='bbox 1148 2853 1269 2887; x_wconf 90' lang='lat' dir='ltr'>Natura</span> <span class='ocrx_word' id='word_1_747' title='bbox 1286 2866 1323 2888; x_wconf 92' lang='lat' dir='ltr'>ac</span> <span class='ocrx_word' id='word_1_748' title='bbox 1339 2865 1448 2890; x_wconf 88' lang='lat' dir='ltr'>mente</span> <span class='ocrx_word' id='word_1_749' title='bbox 1464 2858 1586 2892; x_wconf 89' lang='lat' dir='ltr'>Divina</span> <span class='ocrx_word' id='word_1_750' title='bbox 1602 2869 1672 2893; x_wconf 87' lang='lat' dir='ltr'>orta</span> <span class='ocrx_word' id='word_1_751' title='bbox 1688 2861 1743 2893; x_wconf 90' lang='lat' dir='ltr'>est.</span> <span class='ocrx_word' id='word_1_752' title='bbox 1766 2861 1864 2902; x_wconf 85' lang='lat' dir='ltr'>Igitur</span> <span class='ocrx_word' id='word_1_753' title='bbox 1878 2861 1903 2895; x_wconf 79' lang='lat' dir='ltr'>si</span> 
     </span>
     <span class='ocr_line' id='line_1_110' title="bbox 1024 2895 1902 2943; baseline 0.011 -18"><span class='ocrx_word' id='word_1_754' title='bbox 1024 2895 1064 2926; x_wconf 89' lang='lat' dir='ltr'>ad</span> <span class='ocrx_word' id='word_1_755' title='bbox 1083 2895 1169 2927; x_wconf 86' lang='lat' dir='ltr'>Artis</span> <span class='ocrx_word' id='word_1_756' title='bbox 1186 2897 1394 2939; x_wconf 88' lang='lat' dir='ltr'>dignitatem,</span> <span class='ocrx_word' id='word_1_757' title='bbox 1411 2901 1626 2934; x_wconf 88' lang='lat' dir='ltr'>utilitatemve</span> <span class='ocrx_word' id='word_1_758' title='bbox 1641 2902 1836 2943; x_wconf 71' lang='lat' dir='ltr'>spectamus:</span> <span class='ocrx_word' id='word_1_759' title='bbox 1853 2902 1902 2935; x_wconf 81' lang='lat' dir='ltr'>di·</span> 
     </span>
     <span class='ocr_line' id='line_1_111' title="bbox 1022 2936 1899 2984; baseline 0.011 -17"><span class='ocrx_word' id='word_1_760' title='bbox 1022 2936 1068 2969; x_wconf 77' lang='lat' dir='ltr'>xi.</span> <span class='ocrx_word' id='word_1_761' title='bbox 1099 2945 1246 2978; x_wconf 87' lang='lat' dir='ltr'>perorata</span> <span class='ocrx_word' id='word_1_762' title='bbox 1268 2949 1317 2972; x_wconf 87' lang='lat' dir='ltr'>res</span> <span class='ocrx_word' id='word_1_763' title='bbox 1344 2940 1399 2974; x_wconf 88' lang='lat' dir='ltr'>est.</span> <span class='ocrx_word' id='word_1_764' title='bbox 1438 2951 1477 2975; x_wconf 89' lang='lat' dir='ltr'>an</span> <span class='ocrx_word' id='word_1_765' title='bbox 1500 2943 1723 2984; x_wconf 84' lang='lat' dir='ltr'>reputantibus</span> <span class='ocrx_word' id='word_1_766' title='bbox 1750 2942 1899 2982; x_wconf 89' lang='lat' dir='ltr'>Supremi</span> 
     </span>
     <span class='ocr_line' id='line_1_112' title="bbox 1021 2976 1897 3023; baseline 0.009 -14"><span class='ocrx_word' id='word_1_767' title='bbox 1021 2976 1171 3012; x_wconf 88' lang='lat' dir='ltr'>Numinis</span> <span class='ocrx_word' id='word_1_768' title='bbox 1192 2980 1400 3023; x_wconf 87' lang='lat' dir='ltr'>majestatem,</span> <span class='ocrx_word' id='word_1_769' title='bbox 1422 2983 1552 3016; x_wconf 89' lang='lat' dir='ltr'>humani</span> <span class='ocrx_word' id='word_1_770' title='bbox 1574 2983 1701 3016; x_wconf 88' lang='lat' dir='ltr'>decoris</span> <span class='ocrx_word' id='word_1_771' title='bbox 1727 2983 1897 3017; x_wconf 91' lang='lat' dir='ltr'>conserva-</span> 
     </span>
     <span class='ocr_line' id='line_1_113' title="bbox 1021 3019 1896 3068; baseline 0.009 -18"><span class='ocrx_word' id='word_1_772' title='bbox 1021 3019 1135 3052; x_wconf 85' lang='lat' dir='ltr'>tricem</span> <span class='ocrx_word' id='word_1_773' title='bbox 1149 3020 1293 3055; x_wconf 76' lang='lat' dir='ltr'>instinctu</span> <span class='ocrx_word' id='word_1_774' title='bbox 1310 3032 1347 3056; x_wconf 87' lang='lat' dir='ltr'>ac</span> <span class='ocrx_word' id='word_1_775' title='bbox 1361 3031 1455 3057; x_wconf 91' lang='lat' dir='ltr'>motu</span> <span class='ocrx_word' id='word_1_776' title='bbox 1471 3025 1566 3057; x_wconf 77' lang='lat' dir='ltr'>1ectae</span> <span class='ocrx_word' id='word_1_777' title='bbox 1581 3024 1732 3063; x_wconf 85' lang='lat' dir='ltr'>rationis,</span> <span class='ocrx_word' id='word_1_778' title='bbox 1755 3024 1833 3057; x_wconf 92' lang='lat' dir='ltr'>licet</span> <span class='ocrx_word' id='word_1_779' title='bbox 1847 3027 1896 3068; x_wconf 87' lang='lat' dir='ltr'>ig-</span> 
     </span>
     <span class='ocr_line' id='line_1_114' title="bbox 1020 3064 1898 3109; baseline 0.009 -17"><span class='ocrx_word' id='word_1_780' title='bbox 1020 3068 1152 3102; x_wconf 86' lang='lat' dir='ltr'>norare,</span> <span class='ocrx_word' id='word_1_781' title='bbox 1176 3071 1309 3104; x_wconf 88' lang='lat' dir='ltr'>quantus</span> <span class='ocrx_word' id='word_1_782' title='bbox 1334 3065 1372 3098; x_wconf 85' lang='lat' dir='ltr'>sit</span> <span class='ocrx_word' id='word_1_783' title='bbox 1400 3066 1549 3107; x_wconf 89' lang='lat' dir='ltr'>splendor</span> <span class='ocrx_word' id='word_1_784' title='bbox 1573 3064 1761 3105; x_wconf 76' lang='lat' dir='ltr'>fructusque</span> <span class='ocrx_word' id='word_1_785' title='bbox 1788 3066 1898 3109; x_wconf 91' lang='lat' dir='ltr'>Artis,</span> 
     </span>
     <span class='ocr_line' id='line_1_115' title="bbox 1018 3101 1895 3145; baseline 0.009 -12"><span class='ocrx_word' id='word_1_786' title='bbox 1018 3101 1124 3143; x_wconf 88' lang='lat' dir='ltr'>usum,</span> <span class='ocrx_word' id='word_1_787' title='bbox 1141 3103 1238 3137; x_wconf 90' lang='lat' dir='ltr'>finem</span> <span class='ocrx_word' id='word_1_788' title='bbox 1249 3129 1259 3145; x_wconf 93' lang='lat'>,</span> <span class='ocrx_word' id='word_1_789' title='bbox 1282 3106 1406 3140; x_wconf 89' lang='lat' dir='ltr'>causam</span> <span class='ocrx_word' id='word_1_790' title='bbox 1420 3106 1596 3139; x_wconf 78' lang='lat' dir='ltr'>sanctisfimi</span> <span class='ocrx_word' id='word_1_791' title='bbox 1610 3105 1744 3139; x_wconf 84' lang='lat' dir='ltr'>foederis</span> <span class='ocrx_word' id='word_1_792' title='bbox 1759 3106 1895 3141; x_wconf 81' lang='lat' dir='ltr'>Naturae</span> 
     </span>
     <span class='ocr_line' id='line_1_116' title="bbox 1016 3145 1892 3190; baseline 0.009 -14"><span class='ocrx_word' id='word_1_793' title='bbox 1016 3145 1055 3177; x_wconf 86' lang='lat' dir='ltr'>ad</span> <span class='ocrx_word' id='word_1_794' title='bbox 1070 3145 1221 3185; x_wconf 82' lang='lat' dir='ltr'>juvandas</span> <span class='ocrx_word' id='word_1_795' title='bbox 1235 3149 1435 3190; x_wconf 88' lang='lat' dir='ltr'>tuendasque</span> <span class='ocrx_word' id='word_1_796' title='bbox 1444 3157 1495 3180; x_wconf 85' lang='lat' dir='ltr'>res</span> <span class='ocrx_word' id='word_1_797' title='bbox 1506 3147 1659 3180; x_wconf 81' lang='lat' dir='ltr'>humanas</span> <span class='ocrx_word' id='word_1_798' title='bbox 1675 3148 1892 3190; x_wconf 73' lang='lat' dir='ltr'>explicantis?</span> 
     </span>
    </p>

    <p class='ocr_par' dir='ltr' id='par_1_14' title="bbox 1054 3185 1891 3232">
     <span class='ocr_line' id='line_1_117' title="bbox 1054 3185 1891 3232; baseline 0.005 -12"><span class='ocrx_word' id='word_1_799' title='bbox 1054 3185 1162 3220; x_wconf 87' lang='lat' dir='ltr'>Multa</span> <span class='ocrx_word' id='word_1_800' title='bbox 1185 3188 1252 3221; x_wconf 80' lang='lat' dir='ltr'>dixi</span> <span class='ocrx_word' id='word_1_801' title='bbox 1267 3191 1352 3223; x_wconf 85' lang='lat' dir='ltr'>AA:</span> <span class='ocrx_word' id='word_1_802' title='bbox 1374 3198 1440 3224; x_wconf 85' lang='lat' dir='ltr'>non</span> <span class='ocrx_word' id='word_1_803' title='bbox 1457 3189 1582 3229; x_wconf 82' lang='lat' dir='ltr'>omnia3</span> <span class='ocrx_word' id='word_1_804' title='bbox 1608 3188 1638 3222; x_wconf 83' lang='lat'>&amp;</span> <span class='ocrx_word' id='word_1_805' title='bbox 1653 3198 1711 3224; x_wconf 87' lang='lat' dir='ltr'>vos</span> <span class='ocrx_word' id='word_1_806' title='bbox 1726 3190 1816 3232; x_wconf 86' lang='lat' dir='ltr'>plura</span> <span class='ocrx_word' id='word_1_807' title='bbox 1834 3201 1891 3224; x_wconf 86' lang='lat' dir='ltr'>ex-</span> 
     </span>
    </p>
   </div>
   <div class='ocr_carea' id='block_1_10' title="bbox 1125 3228 1890 3272">
    <p class='ocr_par' dir='ltr' id='par_1_15' title="bbox 1125 3228 1890 3272">
     <span class='ocr_line' id='line_1_118' title="bbox 1125 3228 1890 3272; baseline -0.001 -10"><span class='ocrx_word' id='word_1_808' title='bbox 1125 3228 1213 3263; x_wconf 83' lang='lat' dir='ltr'>Rrr</span> <span class='ocrx_word' id='word_1_809' title='bbox 1232 3241 1251 3262; x_wconf 85' lang='lat'>2</span> <span class='ocrx_word' id='word_1_810' title='bbox 1819 3231 1890 3272; x_wconf 80' lang='lat' dir='ltr'>spe.</span> 
     </span>
    </p>
   </div>
  </div>
 </body>
</html>
