2052 3487
498 109 818 145 Pssoniinmuir
868 109 997 156 Junis
1047 109 1226 148 ClVILIS.

114 206 248 239 utraque
266 198 335 232 usos
354 198 524 231 sententia:
549 198 579 228 id
597 190 661 236 est,
679 196 734 229 ista
751 207 819 238 quae
838 206 897 238 pro
915 208 969 230 ex-

1280 113 1371 150 ιω.
1423 104 1473 151 ii.
1826 122 1870 164 ιι

1011 199 1100 231 tione
1121 209 1181 241 qua
1198 202 1240 234 de
1262 202 1393 242 quaeris,
1418 202 1469 235 uti·
1480 202 1619 245 poteris:
1643 202 1794 238 caeterurr'i
1820 205 1873 239 ve-

113 242 269 281 ceptionc
292 241 433 278 faceret3
463 241 557 270 etiam
580 239 630 270 illa
653 248 722 279 quae
747 239 965 280 hypothecam
1009 250 1077 272 rum
1096 242 1161 281 est,
1186 243 1401 285 hypothecam
1419 246 1447 276 ἃ
1474 245 1626 277 consensu
1648 249 1814 287 contrahi,
1839 249 1870 281 &

113 283 177 314 fine
193 283 387 324 exceptione
406 281 534 312 tolleret
552 280 619 321 ipso
635 281 714 320 jure.
758 280 844 312 Idem
861 280 964 312 obser-

112 333 237 362 vatum,
262 331 359 364 put0,
381 322 460 360 fuit3
492 323 543 353 ubi
563 322 691 353 debitor
713 323 881 354 creditoris
906 332 962 353 vo-

109 365 232 397 luntate
249 365 466 406 hypothecam
483 364 625 395 vendidit
641 374 648 394 :
679 363 710 394 id
728 372 833 394 autern
857 371 890 394 ut
908 372 962 404 pu·

111 414 175 438 tem
195 429 204 444 ,
239 408 373 437 inducor
396 405 504 436 Severi
533 406 562 436 (St
586 404 742 436 Antonini
766 405 870 437 verbis
892 414 960 446 quae

111 447 224 478 suntin
243 447 263 479 l.
282 457 308 478 2.
333 447 365 478 C.
389 448 422 477 cie
438 445 590 486 remzffione
600 447 743 486 pignoris.

148 487 181 518 Si
198 490 364 528 probaveris
382 493 407 518 te
417 488 550 526 functum
564 493 720 518 mercatum
735 510 745 526 ,
763 486 960 528 poffeffionem-

167 539 222 570 que
236 530 297 571 ejus
322 531 374 560 tibi
396 531 534 559 traciitanz
552 551 561 566 ‚
586 531 691 567 sciente
717 528 753 563 ἐξ
776 532 962 566 consentiente

168 570 221 608 ea,
244 581 305 611 quae
320 570 378 608 sibi
398 580 460 600 eum
482 581 500 600 a
522 571 668 601 venditore
694 570 849 611 obligatum
871 572 960 609 aicit,

166 614 325 651 exceptione
336 621 397 642 eam
414 613 575 642 removebis.
618 612 701 642 Nam
716 612 846 652 obligatio
860 613 960 654 pigno-

165 654 205 683 ris
222 653 352 692 consensu
364 652 399 687 fi‘?
417 653 598 683 contrahitur
617 652 651 687 ὅ)
671 652 838 692 difflblvitur.

106 693 199 725 Casus
219 694 286 726 talis
305 693 348 724 est
382 693 489 726 Titius
506 693 638 725 fundum
655 693 739 725 suum
764 693 958 739 hypothecae

105 735 260 775 obligavit
289 735 427 766 Maexiae.
460 736 594 773 deinde,
626 736 684 766 hac
716 737 957 774 contendente,

104 777 251 807 eumdem
283 775 416 808 fundum
449 776 600 808 Materno
626 776 788 815 vendidit3
823 777 955 815 addam,

103 817 134 848 ἃ
159 818 297 848 tradidit.
322 818 439 849 dehinc
466 818 585 849 Maevia
609 817 826 859 hypothecam
851 827 868 848 a
890 817 948 848 Ma

104 866 196 889 terno
222 860 303 896 petit
319 859 443 891 actione
460 859 543 899 quafi
559 859 716 890 Serviana.
739 859 763 889 is
784 866 875 899 rogat
900 857 957 890 Im-

104 909 287 940 peratores3
319 910 356 932 an
384 901 413 932 ἀ
443 901 495 940 qui
520 901 635 932 debeat
652 899 681 930 se
704 900 782 931 tueri
811 899 957 931 adversus

102 941 273 981 Maeviam;
303 942 332 974 ἅ
366 943 405 973 de
436 943 632 982 exceptione
655 941 736 981 pacti
767 941 956 972 nominatim

104 983 222 1022 adjicit.
265 983 326 1014 Pro
354 983 468 1014 Maevia
495 984 653 1014 dubitatio
676 983 745 1013 haze
772 982 835 1021 est,
868 983 956 1022 quod

103 1025 201 1064 magis
232 1023 386 1056 consensit
416 1025 592 1056 venditioni
624 1024 839 1065 hypothecae,
863 1032 956 1063 quain

103 1065 292 1098 remissioni:
316 1065 451 1106 superest
465 1066 559 1106 igitur
575 1065 677 1105 actio,
700 1074 787 1105 aqua
802 1063 954 1095 recessum

103 1116 171 1138 non
195 1106 249 1137 est.
281 1107 402 1139 Contra
430 1106 535 1146 facit,
574 1107 662 1147 quod
694 1106 745 1137 hic
770 1106 888 1150 fundus
912 1104 957 1136 est

100 1147 255 1179 Materno
266 1148 392 1180 Maeviae
407 1150 570 1179 voluntate
587 1148 739 1179 alienatus
755 1147 783 1177 dt
803 1146 956 1185 traditus3

101 1189 223 1220 &ideo
247 1189 327 1230 ipsa,
352 1199 385 1220 ut
406 1189 458 1221 sibi
475 1199 490 1220 a
511 1189 663 1220 Materno
689 1188 866 1233 applicetur
885 1186 956 1233 fun-

102 1231 160 1261 dus
182 1239 276 1269 quem
304 1240 331 1261 ei
350 1231 380 1261 δε
404 1230 518 1268 vendi,
543 1230 572 1261 ἃ.
597 1229 675 1261 tradi
703 1227 782 1269 pass'a
805 1228 884 1266 fuit,
911 1238 954 1259 in-

99 1271 281 1302 verecunde
297 1271 449 1303 deliderat
465 1272 482 1301 l.
502 1276 529 1305 8.
556 1271 574 1313 §
603 1275 631 1301 6.
658 1272 676 1301 l.
700 1279 746 1302 10.
771 1269 803 1300 D
838 1268 953 1318 Quibus

99 1312 188 1343 mollis
203 1314 312 1353 pignus
328 1312 373 1343 vel
388 1313 541 1353 bjypotbeca
554 1312 693 1350 >solvitur.
719 1311 798 1343 Haec
821 1312 951 1343 difficul-

99 1360 145 1384 tas
172 1362 249 1384 una:
276 1352 320 1385 est
348 1354 374 1385 δι
398 1355 514 1391 altera,
538 1361 634 1393 atque
657 1352 719 1394 ipsa
735 1354 766 1384 iii
786 1354 884 1384 modo
901 1353 952 1384 de·

97 1393 266 1426 fensionis:
290 1395 361 1434 quia
386 1395 430 1426 est
459 1395 510 1425 hic
535 1395 662 1435 quidem
690 1395 792 1433 palam
824 1394 951 1433 paetum

95 1444 291 1467 conventum
318 1437 357 1467 de
385 1436 547 1467 alienanda
581 1435 784 1477 hypotheca3
813 1435 864 1467 sed
887 1445 950 1466 non

97 1477 137 1507 de
157 1477 313 1509 tollenda:
337 1478 417 1508 adeo
441 1477 460 1509 fi
484 1479 553 1517 quis
574 1476 643 1508 sinis
666 1487 706 1508 eo
732 1477 824 1517 patto
852 1477 950 1522 eiad-

95 1518 216 1557 fertur3
237 1518 261 1549 is
278 1519 304 1549 ei
326 1528 382 1558 per
404 1517 683 1559 consequentiam,
708 1528 771 1550 non
796 1519 950 1559 principa-

94 1559 186 1596 liter,
215 1558 374 1591 adfertur:
400 1569 506 1600 eoque
531 1560 600 1591 casu
625 1560 702 1591 ficut
732 1560 859 1591 difficile
883 1559 947 1598 eit,

97 1609 132 1630 ut
151 1601 336 1641 hypotheca
353 1600 420 1641 ipso
434 1602 502 1642 jure
520 1602 669 1633 tollatur:
691 1602 733 1632 ita
752 1602 904 1640 exceptio
917 1600 950 1631 si-

96 1641 340 1673 nehaesitatioiie
357 1643 524 1674 adhibetur
543 1643 562 1675 l.
576 1648 603 1677 8.
623 1642 813 1684 §.9.13.11.
837 1641 876 1673 D.
889 1643 947 1673 eod.

95 1683 133 1713 tit
166 1682 246 1714 Haec
263 1683 428 1715 difficultas
446 1684 551 1715 altera.
581 1685 629 1715 Ad
648 1692 814 1725 utramque
836 1684 878 1714 ita
895 1684 948 1729 in13

93 1732 275 1764 pei-atores:
307 1724 337 1755 Si
362 1725 568 1765 probaveris,
598 1725 766 1763 Materne,
798 1725 827 1756 δε
858 1724 949 1756 fundi

92 1765 315 1797 alienationem
334 1766 362 1796 ἂ
379 1766 563 1797 consensum
581 1766 725 1798 Mae‹.1iae:
750 1776 807 1804 en,
833 1766 951 1806 duplex

96 1806 153 1837 tibi
170 1806 209 1838 ad
225 1805 440 1841 defensionem
456 1808 522 1839 via:
546 1808 590 1839 uti
605 1807 626 1839 fi
644 1808 721 1840 velis
730 1807 812 1849 pacti
832 1817 950 1848 excep-

796 1927 960 1964 CAPu

92 2030 295 2065 Matrimonii
308 2042 374 2065 cum
390 2033 548 2075 amicitia,
578 2033 684 2067 mariti
699 2043 765 2067 cum
778 2039 884 2078 patre,
912 2034 1018 2068 uxoris
1035 2045 1100 2069 cum
1109 2033 1182 2079 filia
1197 2061 1206 2077 ‚
1233 2037 1419 2081 comparatio
1436 2036 1569 2082 elegans.

1008 282 1162 314 consensu
1180 285 1315 316 diffolvi.
1341 285 1368 317 Is
1392 286 1467 318 mihi
1490 288 1616 318 videtui·
1638 286 1870 328 imperatorum

1007 322 1133 356 lenius:
1165 325 1301 358 sortaffis
1328 327 1357 358 &
1385 328 1469 366 tibi,
1499 327 1520 360 si
1545 329 1696 370 intelligis
1720 331 1868 363 voculam

1004 374 1090 403 nani,
1116 375 1177 406 qua
1196 375 1324 398 utuntur
1345 367 1576 408 imperatores:
1600 370 1690 402 ahter
1703 372 1787 403 enim
1798 379 1869 405 eam

1004 408 1158 446 exaudio,
1183 417 1276 446 quani
1293 408 1394 442 solent
1412 409 1615 451 Interpretes.
1639 412 1683 443 illi
1700 421 1759 453 pro
1775 412 1866 445 ‘causa
1886 415 1887 421 ¹

1004 448 1200 480 existimant:
1230 460 1292 490 ego
1325 453 1441 489 opinor
1471 453 1643 492 incipiendi
1678 456 1761 493 vim,
1798 463 1866 487 non

1005 489 1144 528 eausam,
1169 490 1304 529 habere3
1329 492 1358 522 &
1378 494 1420 522 ita
1440 492 1576 533 usurpari
1595 495 1626 526 iu
1649 493 1776 535 Ulpiani
1796 506 1866 527 ver-

1005 530 1053 560 bis
1072 532 1129 562 illis
1144 532 1163 562 l.
1190 542 1216 562 2.
1233 532 1261 574 §.
1284 542 1310 563 1.
1331 531 1371 563 D.
1391 533 1435 565 Vt
1455 536 1591 565 bonorum
1618 542 1777 576 raptorum.
1797 537 1864 568 Hoc

1003 571 1092 602 edicto
1116 578 1216 604 contra
1240 583 1292 612 ea,
1314 583 1375 614 quae
1399 575 1432 605 vi
1457 579 1697 614 committuntur,
1721 578 1864 615 consuluit

1006 613 1124 645 Praetor.
1157 614 1239 645 Nam
1249 612 1278 652 fi
1294 615 1398 655 quisse
1425 617 1487 647 vim
1508 616 1622 657 paffum
1647 620 1742 649 docere
1755 618 1864 659 poffit,

998 654 1111 694 publico
1124 655 1233 696 judicio
1258 658 1290 686 de
1312 665 1343 686 vz
1369 654 1456 699 potest}
1487 659 1621 697 experiri.
1656 658 1774 698 Vides,
1809 660 1863 691 hic

1002 697 1139 735 proponi
1166 696 1323 728 actionem
1347 699 1376 728 vi
1400 698 1558 730 bonorum
1586 708 1767 740 raptorum,
1793 710 1863 741 quae

1000 739 1123 777 privata
1141 737 1222 769 aetio
1233 737 1292 777 est;
1306 738 1333 769 ei
1350 737 1455 779 subjici
1469 740 1620 780 judicium
1638 741 1863 781 publicumzid

1000 787 1079 809 vero
1102 787 1176 809 num
1192 778 1280 810 causa
1298 778 1370 811 cst?
1392 790 1429 813 an
1450 780 1546 812 limile
1564 781 1812 822 imperatoribus
1828 785 1862 816 in

1001 820 1028 850 ci.
1047 820 1064 850 l.
1082 820 1130 850 2.‘?
1153 820 1232 858 Sed,
1251 829 1348 860 puto,
1361 820 1424 852 hoc
1440 822 1538 855 dices.
1564 823 1656 863 Apud
1669 824 1860 857 Suetonium

1002 869 1130 900 quoque
1155 862 1197 891 ita
1219 862 1374 902 accipitur
1397 863 1427 893 in
1451 863 1585 905 Caligula
1615 875 1638 896 c.
1664 875 1712 906 23.
1748 866 1800 897 ubi
1818 866 1861 897 fic

1000 900 1115 932 scribit.
1147 901 1276 933 Fratrem
1309 902 1452 934 Tiberium
1481 905 1676 945 inopinantem
1704 908 1858 939 interemit.

999 942 1133 973 Silanum
1148 944 1215 974 item
1235 946 1360 982 socerum
1376 947 1413 975 ad
1430 955 1524 976 necem
1552 948 1702 988 compulit,
1725 952 1861 984 causatus

999 985 1030 1014 in
1053 989 1189 1024 utroque,
1212 986 1288 1025 quod
1313 985 1358 1015 bic
1382 986 1535 1028 ingreffum
1552 988 1585 1025 se
1610 990 1756 1020 turbatius
1778 1000 1857 1021 mare

998 1034 1055 1055 non
1071 1024 1306 1066 efflet-sequutus,
1338 1026 1384 1056 ille
1407 1029 1569 1060 antidotum
1591 1030 1755 1070 oboluiffet,
1791 1036 1859 1063 cum

1000 1065 1037 1099 ὅ)
1063 1066 1181 1096 Silanus
1206 1068 1416 1106 impatientiam
1440 1073 1550 1107 nauseoe
1566 1070 1698 1111 vitaffet‚
1722 1071 1857 1106 &mole-

991 1105 1081 1146 stiam
1104 1109 1287 1148 navigandi,
1312 1107 1349 1141 ἐξ*
1378 1108 1509 1140 Tiberius
1526 1118 1641 1152 propter
1659 1111 1798 1154 afficluam
1819 1113 1857 1148 δ’

998 1149 1241 1189 ingravescentem
1257 1147 1351 1189 tuffim
1366 1151 1565 1182 medicamento
1590 1156 1656 1193 usus
1673 1154 1747 1193 effet.
1773 1155 1856 1186 Nam

1000 1189 1154 1220 Claudium
1165 1195 1307 1230 patruum
1326 1199 1382 1221 non
1397 1190 1452 1229 nisi
1469 1194 1499 1222 in
1515 1193 1673 1225 ludibrium
1683 1198 1852 1233 reservavit.

999 1230 1143 1269 Vocula,
1165 1241 1232 1262 nam
1254 1232 1384 1272 incipit,
1409 1241 1444 1264 ut
1470 1234 1551 1273 dixi,
1577 1234 1606 1266 &
1627 1234 1764 1275 separat3
1789 1247 1860 1268 cau-

996 1270 1057 1303 sam
1077 1273 1325 1311 praecedentium
1345 1282 1408 1305 non
1433 1274 1546 1306 adfert.
1570 1275 1656 1307 Idem
1677 1279 1772 1309 crede
1794 1278 1857 1310 effe

996 1312 1026 1344 in
1037 1314 1063 1343 cl.
1081 1314 1100 1343 l.
1114 1323 1141 1345 2.
1152 1313 1183 1345 C.
1194 1315 1226 1344 cle
1241 1314 1400 1355 remiffzone
1410 1317 1549 1357 pignoris.
1578 1319 1648 1348 nain
1660 1317 1680 1350 fi
1697 1319 1787 1350 aliter
1804 1325 1859 1351 exS

995 1363 1098 1393 pnes
1116 1364 1184 1386 eam
1210 1356 1415 1396 particulam3
1444 1360 1551 1398 inepta
1575 1359 1635 1389 erit
1663 1359 1726 1399 ejus
1745 1361 1808 1391 loci
1828 1361 1859 1392 δε

994 1396 1075 1426 ratio
1100 1396 1129 1427 &
1153 1396 1397 1437 consequentia:
1421 1401 1507 1438 quod
1525 1399 1545 1431 fi
1564 1401 1648 1431 enim
1668 1410 1775 1433 verum
1793 1401 1858 1440 est,

995 1437 1211 1477 hypothecam
1236 1439 1277 1469 ita
1304 1439 1373 1470 tolli
1402 1441 1487 1471 nudo
1511 1440 1683 1481 consensu,
1709 1443 1753 1473 uti
1780 1452 1859 1474 con-

994 1477 1147 1518 stituitur3
1170 1478 1237 1519 ipso
1257 1479 1324 1519 jure
1343 1481 1490 1519 tolletur,
1515 1483 1544 1513 dc
1563 1481 1754 1522 supervacua
1770 1493 1857 1524 emp-

995 1520 1056 1550 tori
1082 1520 1141 1551 erit
1166 1522 1318 1561 exceptio
1334 1523 1354 1553 l.
1377 1532 1407 1559 9.
1435 1523 1467 1553 C.
1495 1524 1528 1553 tie
1552 1526 1771 1565 exceptionibus.
1795 1535 1855 1556 cae-

994 1568 1114 1599 terum,
1146 1563 1218 1602 quia
1243 1563 1326 1603 apud
1357 1562 1490 1596 Veteres
1514 1564 1648 1604 aliquam
1681 1567 1858 1606 recipiebat

993 1601 1248 1642 dubitationem,
1281 1612 1384 1636 utrum
1416 1605 1600 1646 hypotheca
1626 1607 1689 1637 hoc
1721 1608 1751 1638 in
1784 1608 1857 1640 casu

992 1643 1145 1675 consensu
1164 1644 1229 1685 ipso
1242 1645 1330 1686 jure,
1354 1655 1391 1677 an
1412 1655 1468 1686 per
1496 1650 1724 1688 exceptionem
1742 1648 1858 1680 libera·

994 1693 1098 1725 retur3
1122 1695 1185 1717 non
1203 1686 1369 1719 ablui-dum
1384 1687 1445 1726 est,
1464 1696 1632 1729 utrumque
1650 1688 1856 1722 observatum

995 1724 1056 1757 effe
1084 1736 1100 1757 a
1123 1726 1370 1767 Jureconsultis:
1405 1736 1508 1761 tamen
1536 1738 1570 1761 ut
1587 1730 1685 1762 tutior
1702 1732 1855 1770 exceptio

994 1767 1180 1800 haberetur:
1205 1778 1277 1800 narn
1294 1770 1325 1800 id
1350 1769 1389 1801 &'
1405 1771 1478 1802 alibi
1496 1772 1637 1804 obtinuit
1654 1772 1672 1803 l.
1690 1782 1741 1813 134.
1767 1771 1803 1807 D.
1820 1774 1853 1804 cle'

995 1809 1214 1850 obligationibus
1241 1809 1277 1844 &⁸
1305 1810 1476 1843 ailionibus.

985 1922 1140 1965 TIX.

1626 2036 1703 2071 Tum
1721 2049 1851 2073 commu-

141 2081 190 2113 nio
211 2081 352 2114 bonorum
374 2093 414 2114 an
432 2083 511 2115 iuter
530 2083 580 2115 hos
596 2083 677 2126 apud
692 2082 815 2115 Veteres
828 2080 951 2126 fuerit,
980 2079 1021 2121 δέ)
1041 2083 1164 2129 qualis?
1190 2084 1401 2130 Nuptiarum,
1428 2093 1462 2120 ut
1485 2097 1525 2120 ece
1552 2085 1739 2131 definiuntur
1764 2099 1788 2123 c.
1822 2098 1853 2124 Ι.

139 2129 180 2163 D.
210 2129 244 2162 de
267 2131 329 2163 ritu
351 2131 545 2175 nuptiarum,
575 2130 735 2175 explicatio
749 2132 883 2175 gemina.

182 2234 228 2255 uae
254 2224 293 2255 de
314 2225 516 2257 matrimonio
540 2225 685 2263 scripsere
707 2224 863 2265 Veteres,
887 2236 947 2274 (ζει,
983 2227 1038 2268 sus
1065 2228 1102 2263 ἐξ
1117 2228 1240 2269 fiicietas
1263 2226 1493 2266 consiliorum&
1523 2230 1722 2263 voluntatum.
1772 2230 1854 2263 Haec

196 2266 308 2297 mirum
326 2265 389 2303 est,
407 2267 437 2297 ni
454 2276 597 2308 magnam
618 2274 738 2307 pai-tem
757 2268 795 2298 ab
811 2269 949 2300 amieitia

198 2307 345 2345 petierint
358 2317 365 2337 :
376 2306 437 2339 sive
448 2309 530 2340 enim
541 2308 658 2349 species
670 2309 771 2349 legem
784 2311 949 2350 utriusque

93 2348 233 2386 generis,
257 2346 319 2378 five
336 2347 502 2388 effectum3
526 2351 554 2381 in
576 2350 623 2381 his
648 2349 725 2381 nihil
745 2350 789 2381 est
804 2352 893 2391 quod
919 2352 949 2382 in

95 2396 211 2427 magno
239 2397 337 2428 ponas
360 2389 551 2421 discrimine:
575 2399 783 2431 praeterquam
808 2393 896 2431 quod
920 2393 951 2424 in

96 2429 298 2460 matrimonio
327 2431 420 2462 maris
446 2441 482 2462 ac
505 2431 651 2471 feminae,
683 2433 713 2463 in
738 2434 874 2464 amicitia
899 2441 952 2465 aut

96 2470 255 2509 virorum,
278 2470 538 2504 aut'feminarum
552 2497 561 2511 ‚
585 2482 637 2505 aut
655 2471 742 2506 sexus
764 2475 951 2516 utriusque,

98 2510 263 2542 consensus
282 2512 333 2543 est.
361 2513 478 2544 Adhaec
496 2515 617 2554 plures,
642 2524 733 2554 quam
756 2516 855 2553 duos,
879 2517 952 2548 ami-

98 2552 173 2582 citia
189 2554 326 2584 admittit
343 2564 352 2592 3
375 2556 610 2588 matrimonium
631 2557 734 2597 plures
751 2557 885 2597 respuit:
902 2558 954 2588 illa

99 2594 219 2625 animos
241 2594 367 2631 miscet,·
392 2595 455 2627 hoc
476 2598 570 2628 etiam
591 2607 744 2639 corpora,
769 2607 833 2629 non
853 2598 952 2631 solum

99 2635 226 2665 animos.
262 2634 333 2667 Nec
364 2645 467 2669 tamen
498 2637 582 2676 scio,
614 2649 651 2670 an
676 2638 811 2670 Veteres
840 2640 869 2670 ἃ
900 2639 955 2671 ista

101 2675 140 2704 ab
158 2676 265 2708 iisdem
286 2677 433 2709 duxerint
448 2679 626 2720 principiis:
648 2690 719 2712 cum
732 2680 812 2712 banc
824 2681 954 2720 primam

101 2713 236 2747 fecerint
260 2719 402 2758 amicitiae
426 2720 548 2761 legem3
572 2729 605 2752 ut
628 2730 688 2752 nec
705 2731 795 2763 roges
819 2731 868 2752 res
888 2730 950 2753 tur-

102 2763 178 2795 ΡΕΞ,
201 2758 355 2791 alienasve
381 2770 396 2790 a
421 2762 562 2792 moribus
579 2763 710 2802 populi3
736 2771 840 2802 neque
862 2772 951 2804 roga-

104 2803 154 2825 tus
171 2795 273 2828 facias.
298 2799 420 2831 Tamen
438 2801 550 2834 horum
569 2804 720 2843 quidquid
742 2803 799 2842 fit,
822 2803 852 2834 in
877 2813 950 2844 prae-

103 2835 267 2883 sentiarum
293 2841 334 2871 nil
353 2841 490 2881 definio,
513 2853 572 2875 nec
598 2854 726 2883 inor0r3
750 2845 823 2876 dum
847 2845 951 2876 matri-

102 2886 244 2909 monium
271 2881 499 2923 amicitiamque
517 2885 546 2916 in
574 2887 696 2917 caeteris
722 2887 896 2917 convenire
920 2896 953 2917 o-

102 2917 243 2966 stendam
264 2929 297 2950 ut
314 2931 410 2961 genus
425 2925 454 2955 ὅ(
472 2924 626 2965 speciem3
647 2926 754 2965 simul,
778 2937 815 2958 an
834 2927 862 2958 ἃ
881 2936 954 2967 qua-

101 2959 139 2991 lr-
159 2969 272 3005 marito
296 2971 366 2992 cum
383 2973 481 2996 uxore
504 2968 586 3006 apud
608 2967 743 3000 Veteres
769 2970 954 3000 communio

100 2999 215 3032 fuerit:
238 3003 324 3039 quod
349 3003 427 3043 saepe
451 3007 610 3044 quaefitum
644 3009 683 3040 ab
709 3009 858 3047 eruditis,
889 3019 953 3042 non

100 3050 206 3072 autem
229 3042 298 3074 satis
331 3044 505 3084 expolitum
534 3049 587 3080 est.
621 3049 758 3082 Primum
784 3051 887 3091 legem
911 3053 953 3082 vi-

101 3083 248 3114 deamus:
273 3094 364 3121 quam
390 3087 533 3118 amicitiae
555 3091 641 3128 ponit
662 3091 779 3123 Cicero
791 3098 843 3131 pro
865 3092 951 3124 Plan·

99 3125 149 3154 cio.
173 3125 278 3155 Verba
299 3126 475 3160 Ciceronis.
499 3129 589 3161 Vetus
605 3129 643 3172 est
656 3132 702 3163 lex
716 3133 765 3163 illa
775 3130 859 3174 justa
868 3143 952 3165 veroe·

99 3174 154 3204 que
169 3167 317 3206 amicitia,
342 3175 374 3198 ut
394 3170 465 3199 idem
489 3172 575 3202 amici
595 3176 700 3212 semper
729 3173 839 3212 velint,
863 3184 952 3216 neque

97 3203 255 3280 estqulluml
265 3210 369 3240 certius
385 3211 518 3243 amicitiae
540 3214 711 3254 vinculum,
734 3224 822 3256 quam
841 3223 951 3257 consen·

158 3257 212 3279 om.
253 3271 262 3280 .

992 2270 1157 2308 amicitiae,
1189 2270 1291 2307 addo,
1323 2272 1534 2311 matrimonii,
1568 2273 1619 2304 lex
1646 2272 1712 2312 est3
1734 2273 1764 2304 &
1790 2273 1854 2313 ipsa

992 2321 1031 2342 ex
1053 2311 1243 2343 prudentum
1260 2309 1358 2349 festa,
1382 2313 1518 2353 Apulejo
1538 2313 1616 2345 teste
1634 2323 1708 2346 cum
1736 2315 1776 2346 de
1791 2323 1855 2345 ma-

994 2353 1057 2384 rito
1078 2352 1125 2383 lib.
1148 2362 1169 2389 9
1203 2352 1393 2393 Metamorpb.
1418 2355 1459 2384 ita
1488 2353 1566 2385 infit.
1592 2356 1652 2395 lpse
1660 2357 1772 2396 semper
1788 2365 1855 2386 cum

994 2403 1054 2425 mea
1072 2394 1189 2435 conjuge
1207 2400 1266 2424 tam
1297 2395 1470 2425 concorditer
1490 2397 1572 2433 vixi,
1595 2401 1628 2426 ut
1645 2406 1680 2427 ex
1696 2396 1769 2433 sebia
1782 2404 1853 2436 pru-

995 2436 1111 2466 dentum
1132 2436 1225 2466 eaa'em
1249 2436 1326 2465 nobis
1349 2437 1480 2466 ambobus
1499 2437 1653 2477 placerent.
1676 2437 1743 2477 Jani
1776 2437 1855 2469 Gra-

998 2477 1099 2508 tianus
1127 2485 1166 2506 ex
1184 2476 1295 2507 eadem
1316 2475 1396 2507 setta
1412 2487 1436 2507 c.
1462 2476 1552 2508 Beata
1568 2477 1673 2509 ,liseria
1690 2479 1719 2520 §.
1743 2480 1855 2520 consen-

985 2520 1039 2557 sus
1055 2527 1078 2547 c.
1090 2527 1138 2557 27.
1156 2527 1183 2558 q.
1195 2527 1223 2548 2.
1249 2517 1403 2557 Consensus
1416 2518 1598 2550 cohabitandi
1615 2519 1651 2553 ἐξ
1669 2521 1855 2551 individuam

994 2560 1061 2589 vitae
1077 2559 1307 2589 consuetudinem
1322 2560 1464 2589 retinendi
1480 2561 1674 2592 interveniens
1690 2571 1734 2592 eos
1755 2562 1854 2603 conju-

996 2608 1044 2639 ges
1061 2600 1146 2639 fecit.
1173 2599 1333 2630 Individua
1356 2609 1423 2630 vero
1447 2602 1515 2631 vitae
1541 2603 1709 2641 consuetudo
1729 2600 1788 2643 est,
1810 2608 1855 2633 ta-

998 2641 1050 2670 lem
1063 2643 1097 2680 se
1115 2642 1146 2670 in
1166 2642 1294 2671 omnibus
1310 2641 1438 2672 exhibere
1453 2644 1535 2681 viro,
1559 2643 1654 2684 qualis
1669 2642 1853 2685 ipsafibiesb,

999 2680 1034 2715 ἐφ’
1052 2691 1065 2711 e
1081 2683 1220 2721 converso.
1244 2681 1303 2712 Sed
1321 2683 1513 2714 matrimonii
1530 2685 1855 2726 amicitiaequelegem

997 2722 1104 2754 habes.
1133 2722 1210 2754 Inde
1238 2722 1387 2754 effectum
1406 2725 1536 2765 accipe;
1562 2725 1590 2757 ἀ
1612 2725 1716 2764 hunc,
1739 2735 1856 2766 excep-

996 2765 1032 2795 tis
1044 2787 1052 2800 ,
1064 2773 1131 2803 quae
1144 2764 1227 2803 dixi,
1239 2766 1345 2805 paucis
1356 2788 1365 2804 ,
1377 2765 1496 2806 ubique
1506 2770 1612 2813 parem
1628 2775 1681 2799 aut
1691 2769 1851 2799 eumdem.-

995 2803 1147 2836 Etiamne
1166 2806 1195 2836 in
1221 2805 1339 2837 bonis?
1363 2807 1476 2838 etiam:
1500 2809 1652 2848 liquidem
1673 2810 1855 2841 communia

995 2845 1064 2877 sunt
1083 2847 1253 2886 conjugum
1272 2846 1365 2878 bona.
1390 2856 1484 2889 negat
1501 2857 1589 2881 certe
1607 2848 1716 2881 Nerva
1733 2859 1769 2881 ac
1780 2849 1856 2880 Cas-

996 2886 1054 2918 fius
1075 2896 1206 2918 uxorem
1225 2888 1294 2920 viro
1312 2887 1432 2920 furtum
1452 2889 1577 2922 facere:
1601 2901 1636 2923 ea
1655 2890 1759 2928 causa,
1783 2890 1855 2930 quia

997 2927 1131 2960 societas
1158 2930 1231 2960 vitae
1261 2931 1502 2970 quodammodo
1525 2941 1594 2964 eam
1626 2932 1788 2963 dominam
1810 2929 1856 2961 fa-

997 2978 1085 3000 ceret
1114 2970 1133 3001 l.
1163 2979 1187 3002 1.
1214 2970 1255 3002 D.
1286 2972 1319 3002 de
1345 2972 1454 3003 ustione
1473 2980 1568 3004 rerum
1600 2979 1768 3004 amotarum.
1791 2970 1855 3003 Sed

997 3012 1026 3041 <Sc
1051 3012 1224 3043 amicorum
1252 3013 1433 3044 communia
1458 3014 1609 3053 pleraque
1641 3012 1726 3051 effe,
1749 3012 1856 3043 amici-

997 3052 1047 3082 tiae
1065 3052 1263 3091 consequens
1280 3054 1344 3091 est,
1368 3055 1396 3085 ἀ
1413 3056 1586 3094 proverbio
1606 3062 1713 3085 verere
1728 3062 1855 3094 percre-

995 3093 1072 3125 buit.
1115 3093 1204 3126 Dido
1223 3095 1307 3134 apud
1326 3095 1492 3136 Virgilium
1508 3096 1555 3126 lib.
1584 3105 1608 3125 1.
1625 3094 1762 3126 AEneidos
1778 3095 1852 3138 vers.

992 3143 1061 3174 57t-
1701 3177 1707 3183 ,

1039 3176 1146 3207 Urbem
1165 3186 1252 3219 quom
1260 3174 1361 3217 statuo
1372 3197 1380 3210 ‚
1396 3175 1490 3217 vestra
1507 3173 1554 3216 est.
1579 3176 1735 3208 Subductte
1750 3185 1851 3209 naves.

1037 3217 1107 3249 Tros
1124 3217 1284 3259 Tyriusque
1302 3218 1372 3249 mibi
1389 3219 1467 3283 pullo
1485 3217 1647 3259 discrimine
1667 3222 1786 3290 agi-’tunI

1389 3258 1412 3288 j
1788 3265 1851 3290 tem
