2036 3495
892 30 903 54 l

395 115 425 150 A
437 125 460 149 D
488 115 574 150 Lm.
604 112 661 147 IX.
698 111 797 148 TrT.
826 113 852 147 Ι.
888 113 924 148 Si
936 113 1104 160 quadrupes
1116 115 1293 160 pauperiem
1301 113 1412 161 fectffi*
1429 116 1560 152 dicatur.

80 216 154 241 cum
172 205 273 238 bruto
296 205 449 237 societate
474 203 605 235 rationis
622 202 651 233 ἂ
665 201 760 241 juris)
783 200 835 232 sed
853 199 956 242 injuri-

75 259 127 282 am
146 250 310 281 imitatur:
328 256 434 286 eoque
453 244 538 277 sensu
553 243 634 275 infra
651 244 739 274 noxia
757 243 953 283 appellatur:

78 292 153 332 quia
171 290 274 321 veluti
291 286 395 320 noxiae
413 286 631 319 simulachrum
649 283 704 315 est.
750 283 827 328 Inde
847 283 954 323 Ulpia-

77 341 138 366 nus
155 333 182 363 d.
199 332 218 362 l.
239 339 264 363 1.
283 328 312 372 §.
329 337 358 370 7.
381 327 569 370 generaliter
584 327 644 362 ait,
669 334 851 366 pauperiem
867 324 932 372 fieri
944 349 953 365 ,

79 371 208 414 quoties
233 371 302 403 fera
327 379 439 401 contra
463 376 603 400 naturam
631 375 718 397 mota
735 390 744 404 ‚
770 376 954 407 pauperiem

79 415 179 447 dedit.
199 413 227 444 ἁ
248 412 292 444 est
311 412 510 452 exemplum,
528 408 548 441 fi
567 409 677 439 nocuit
696 408 819 439 lascivia
835 417 886 439 aut
904 417 956 449 pa·

79 465 159 487 vore
175 462 227 486 aut
246 454 373 485 feritate
389 460 432 493 pr.
450 449 521 491 lust.
540 447 577 486 ὅ)
596 451 622 480 d.
641 449 659 480 l.
683 459 706 481 1.
724 450 753 490 §.
773 461 802 488 4·
822 450 861 480 D.
874 451 912 496 ἰ),
932 456 952 481 ι.

80 497 190 538 Quid,
214 495 234 526 fi
258 495 386 536 genitali
410 493 537 523 feritate
562 491 694 535 utatur?
719 499 830 536 contra
850 493 955 522 dicen-

78 539 155 570 dum
181 535 224 568 est
244 559 253 575 ,
276 545 338 567 non
363 533 470 566 feciss'e
496 541 704 573 pauperiem:
729 542 848 572 quippe
871 533 954 563 usam

78 580 147 620 jure
165 585 280 609 naturae
304 577 369 606 suae.
392 575 461 606 fac:
477 583 546 613 quae
564 575 711 613 exempla
731 583 904 605 occurrunt
923 575 952 605 in

79 623 108 652 d.
128 620 147 651 l.
169 628 193 651 1.
232 643 236 647 .
259 628 284 659 7.
309 627 407 656 equus
432 617 551 647 dolone
569 617 768 653 concitatus,
792 616 879 646 calce
898 625 950 655 pe-

79 661 140 692 tiit.
163 662 212 700 pai
225 660 267 690 im
293 660 397 690 editur
412 659 513 688 dolore.
537 657 638 695 male,
664 657 882 694 scribendum,
906 658 952 687 tlo-

79 703 157 734 lone:
181 702 208 732 &
228 700 271 731 est
289 698 392 731 similis
408 709 495 729 error
516 708 545 729 in
566 702 582 729 l.
595 709 644 738 52.
663 698 691 740 ἓ.
708 708 733 729 1.
753 698 792 729 D.
810 699 860 729 Ad
876 698 950 738 Leg.

77 742 180 784 Aquil.
205 750 332 773 notatus
357 751 373 771 a
398 741 538 776 Budaeo,
564 740 602 771 V.
623 740 682 771 CL.
704 740 811 770 Armoc.
832 742 950 780 priorib.

73 791 106 826 p.
124 793 191 815 222.
215 783 368 814 dolonem
382 786 612 822 interpretante
629 781 787 820 flagellum
804 782 882 811 intra
899 790 951 812 cu-

74 826 122 866 jus
135 825 250 865 virgam
271 825 348 856 latet
367 824 463 864 pugio
482 822 527 852 ἕπτ’
545 822 661 860 Zadris,
679 822 709 854 id
730 822 791 861 est,
807 832 823 852 a
840 821 951 853 fallen-

77 868 137 904 do,
161 867 247 907 quod
270 866 410 905 decipiat
436 864 542 901 ferro,
577 873 650 895 cum
676 864 791 894 habeat
814 862 949 902 speeiem

77 909 164 950 ligni.
188 912 262 948 quid
278 906 455 947 Ulpianus?
470 905 509 936 air
523 929 531 942 ,
549 904 666 936 cessare
681 906 762 936 lianc
775 905 950 936 actionem:

77 951 152 989 quia
177 958 277 989 equus
304 958 368 980 non
394 948 481 979 dedit
506 952 653 977 damnum
680 955 792 978 contra
810 955 949 977 naturam

78 991 183 1029 suam,
207 991 258 1021 sed
277 999 491 1031 provocatus,
509 988 621 1028 &jure
639 996 756 1019 naturae
776 987 834 1019 suae
853 987 881 1018 se
901 990 952 1019 de·

77 1033 225 1065 senueris.
250 1032 358 1063 Simile
368 1031 552 1069 exemplum
572 1030 615 1061 est
632 1032 661 1061 in
677 1029 801 1070 §.11.d.
819 1030 838 1060 l.
859 1039 883 1061 1.
901 1038 952 1075 ‘³9‘

78 1084 136 1106 ce:
153 1076 217 1105 duo
236 1074 349 1105 arietes
360 1073 411 1104 vel
430 1072 530 1110 boves
546 1072 783 1103 commilerunt.
805 1079 952 1102 commic-

79 1125 149 1147 tere
178 1116 234 1156 (ut
257 1115 341 1146 bene
368 1111 590 1144 animadvertit
616 1112 749 1144 Budaeus
771 1119 838 1152 pag,
864 1112 953 1152 219.)

78 1156 220 1195 Latinis,
243 1165 340 1197 atque
356 1155 410 1195 ipsi
426 1155 562 1195 Ulpiano
578 1153 596 1184 l.
614 1165 640 1195 7.
662 1153 690 1195 §.
706 1164 734 1192 4.
755 1154 794 1185 D.
813 1153 864 1184 Ad
883 1154 952 1194 Leg.

79 1198 182 1239 Aquil.
207 1197 269 1236 est,
295 1198 334 1228 ad
359 1198 605 1227 contentionem
627 1196 656 1226 ὅ(
673 1197 951 1226 concertationem

81 1240 251 1272 exhibere:
276 1237 328 1270 sed
351 1237 404 1269 hic
423 1237 551 1268 sumitur
567 1246 625 1276 pro
643 1246 793 1277 pugnare.
819 1246 904 1267 nove
922 1236 952 1267 ὅ(

80 1281 232 1319 vetuste3
263 1287 298 1311 ut
327 1280 451 1311 erudite
476 1277 658 1309 observavit
684 1277 888 1308 Casaubonus
913 1278 953 1308 ad

80 1323 266 1355 Suetonium
294 1320 400 1352 Οέῖαυ.
422 1329 446 1350 c.
473 1324 520 1356 89.
545 1318 621 1349 Duo
642 1318 738 1359 igitur
762 1318 874 1351 arietes
899 1319 950 1350 vel

80 1365 182 1396 boves
197 1361 444 1400 commiserunt,
462 1360 512 1392 seu
530 1368 716 1401 pugnarunt.
735 1370 813 1392 unus
832 1360 953 1392 occidit

80 1406 223 1437 alterum.
248 1414 284 1435 an
297 1402 393 1434 occisi
405 1403 537 1433 domino
547 1402 704 1442 competit
721 1402 803 1433 aftio
820 1403 860 1433 de
878 1411 951 1442 pau-

79 1447 168 1488 perie
185 1446 202 1477 ‘2
227 1445 270 1488 Q.
289 1445 418 1476 Mucius
436 1445 519 1484 apud
538 1442 709 1483 Ulpianum
727 1445 752 1474 d.
769 1444 789 1474 l.
811 1453 836 1475 ι.
856 1442 883 1486 §.
907 1453 951 1476 11.

80 1488 240 1526 distinxit,
257 1495 361 1518 utrum
373 1484 530 1527 aggressor
545 1486 702 1517 occiderit
719 1494 951 1525 provocatum3

80 1539 118 1561 an
135 1537 244 1560 contra
255 1536 450 1569 provocatus
461 1527 618 1558 occiderit
633 1526 853 1568 aggress'orem.
870 1527 953 1567 prio-

81 1581 115 1602 re
139 1570 210 1601 casu
232 1571 295 1608 ait,
318 1569 503 1609 pauperiem
531 1567 612 1606 else-3
637 1568 813 1608 posteriore
831 1578 895 1600 non
912 1578 952 1599 ae-

81 1620 162 1652 que:
178 1610 362 1650 arbitratus,
378 1611 474 1642 etiam
491 1609 665 1641 convenire
684 1618 800 1641 naturae
820 1619 951 1641 caetero-

81 1662 152 1686 rum
169 1645 369 1690 animalium,
391 1651 421 1682 se
438 1650 584 1682 adversus
602 1649 664 1682 vini
684 1650 867 1683 defendere.
899 1651 954 1683 Est

84 1694 115 1726 &
138 1694 266 1725 alterius
291 1695 416 1735 generis
442 1693 624 1733 exemplum
640 1693 668 1723 in
687 1695 714 1723 cl.
732 1692 760 1734 ἓ.
778 1702 806 1732 7.
833 1693 952 1730 Aliquis

81 1744 199 1776 equum
219 1734 379 1776 permulsit
404 1734 455 1764 vel
483 1734 625 1774 palpatus
642 1734 695 1764 est.
723 1735 746 1765 is
763 1743 863 1774 equus
880 1744 952 1766 eum

82 1777 231 1819 percuflit
247 1777 344 1808 calce.
366 1784 404 1807 an
416 1774 460 1806 est
476 1775 564 1806 locus
574 1776 687 1806 actioni
698 1775 727 1807 Si
746 1776 951 1816 quadrupes?

81 1820 125 1850 ait
141 1816 311 1858 Ulpianus,
329 1817 485 1848 contraria
501 1818 633 1862 ratione.
658 1816 765 1858 Quid,
781 1816 800 1849 si
818 1820 950 1856 quadru-

81 1869 139 1901 pes
157 1860 303 1891 damnum
321 1858 444 1897 dederit
456 1857 810 1897 propterinfirmitatem
823 1859 948 1891 autcul-

79 1911 152 1943 pam
171 1900 327 1931 rectoris?
344 1900 395 1930 liic
407 1899 535 1930 cessabit
550 1900 650 1931 attio:
669 1899 739 1940 quia
750 1910 813 1932 nori
824 1901 867 1932 est
878 1911 950 1941 qua-

82 1943 252 1981 drupedis,
275 1942 327 1972 sed
353 1941 504 1979 retroris,
527 1942 630 1979 culpa.
663 1950 751 1972 certe
773 1943 950 1981 quadrupes

80 1993 146 2014 non
173 1982 217 2013 est
243 1990 329 2014 mota
352 1991 464 2013 contra
483 1991 624 2013 naturam
642 1983 668 2013 d.
685 1983 704 2014 l.
725 1983 785 2025 1.§
816 1995 844 2022 4.
865 1983 900 2018 ὅ)
919 1995 946 2023 5.

78 2023 168 2056 Idem
195 2024 386 2062 dicendum,
409 2023 430 2054 ii
454 2022 580 2063 depasta
605 2023 639 2054 [it
666 2024 801 2055 alienum
820 2035 949 2065 agrum:

81 2066 154 2105 quia
171 2064 313 2106 depastio
331 2065 358 2095 ei
378 2064 571 2104 permittitur
589 2072 709 2096 naturae
725 2066 881 2098 instinctu.
907 2067 950 2098 ita

82 2106 204 2147 depasci
220 2105 265 2138 est
276 2129 285 2142 ,
301 2107 363 2137 uti:
379 2115 444 2137 non
462 2105 525 2145 est,
542 2108 690 2138 damnum
701 2116 754 2138 aut
766 2109 950 2148 pauperiem

81 2149 155 2179 dare
171 2148 189 2178 l.
205 2157 254 2189 30.
276 2147 303 2189 §.
322 2157 349 2178 2.
366 2147 407 2177 D.
425 2148 476 2178 Ad
492 2148 563 2189 Leg.
584 2148 685 2189 Aquil.
703 2149 843 2189 ideoque
861 2150 950 2191 Lege

79 2188 264 2221 Duodecim
291 2187 487 2220 Tabularum
514 2188 685 2220 constituta
701 2189 746 2221 est
763 2189 903 2230 specialis
918 2201 947 2222 a·

82 2231 147 2262 cuo
163 2230 203 2261 de
222 2229 308 2270 pastu
332 2230 457 2274 pecoris
479 2230 498 2261 l.
519 2240 562 2268 14.
581 2230 609 2272 §.
629 2241 658 2271 3.
681 2230 721 2262 D.
746 2232 779 2262 cle
791 2234 947 2273 praelcript.

81 2274 161 2305 verb.
199 2270 250 2302 Est
267 2272 361 2311 igitur
379 2271 451 2302 huic
468 2271 581 2302 actioni
602 2273 710 2310 locus;
733 2272 753 2304 fi
770 2276 950 2314 quadrupes

78 2312 261 2355 pauperiem
279 2312 404 2344 fecerit.
444 2311 516 2344 Nec
532 2313 648 2350 refert;
673 2322 776 2345 utrum
794 2325 861 2347 eam
880 2326 948 2347 cor·

78 2364 158 2396 pore
174 2354 229 2385 suo
247 2355 391 2391 dederit,
407 2363 444 2385 an
461 2355 621 2386 concitata
639 2355 678 2385 ab
696 2355 754 2386 alia
771 2358 946 2396 quadrupe-

78 2396 138 2434 de,
162 2403 215 2427 aut
239 2404 296 2436 per
317 2395 408 2426 aliam
427 2405 511 2432 rem,
534 2405 551 2426 a
568 2396 596 2427 se
614 2405 744 2427 motam.
768 2397 949 2438 [impliciter

77 2438 161 2472 enim
182 2438 225 2468 ait
242 2436 382 2476 Praemr,
408 2437 428 2468 fi
445 2437 623 2479 quadrupes
641 2439 823 2479 pauperiem
839 2439 950 2472 feciss'e

79 2480 202 2510 dicatur
217 2480 245 2510 d.
264 2479 283 2509 l.
304 2488 329 2510 1.
348 2478 375 2519 §.
394 2483 423 2513 8.
443 2478 479 2512 &³
494 2489 523 2516 9·

118 2520 268 2559 Sequitur
286 2520 316 2550 in
335 2519 470 2558 Edicto,
491 2521 623 2551 Noxiam
631 2520 758 2559 sarciri,
774 2530 891 2553 noxaeve
906 2523 949 2553 de-

79 2560 228 2602 dijubebo.
253 2559 330 2592 Haec
347 2562 444 2593 verba
461 2562 620 2600 indicant,
638 2563 719 2594 hanc
736 2563 893 2595 afflonem
911 2565 949 2595 ad

82 2601 146 2631 hoc
162 2602 244 2640 dari,
268 2609 303 2632 ut
319 2603 414 2633 noxia
430 2601 598 2642 sarciatur3
623 2604 676 2635 nisi
695 2604 842 2636 dominus
863 2606 949 2636 malit

79 2642 198 2673 dedere
213 2643 326 2673 animal
344 2643 486 2675 noxium.
513 2644 651 2676 l¹oxiam
669 2655 774 2676 autem
794 2645 948 2687 Ulpianus

81 2686 109 2714 d.
126 2683 145 2713 l.
166 2693 190 2714 1.
211 2683 239 2724 §.
262 2693 286 2715 1.
303 2683 527 2724 interpretatur
544 2687 642 2726 ipsum
661 2686 827 2718 delictum:
842 2697 946 2728 quam-

82 2733 177 2763 quam
196 2724 279 2755 bruti
298 2723 437 2757 animalis
453 2729 538 2765 quod
556 2728 680 2759 ratione
697 2736 802 2766 caret,
821 2730 950 2769 proprie

81 2775 146 2796 non
165 2764 201 2795 sit
216 2765 377 2796 delictum.
395 2765 445 2796 sed
463 2768 589 2799 noxiam
607 2778 678 2800 cum
690 2769 731 2801 ait
751 2770 890 2807 Praeror,
907 2773 951 2800 iri-

80 2806 197 2846 telligit
214 2814 372 2847 tamquam
390 2809 525 2839 noxiam.
544 2813 711 2848 quomodo
727 2811 847 2842 Seneca
864 2811 910 2841 lib.
922 2821 951 2850 5.

79 2847 129 2878 De
144 2846 255 2886 benefic.
275 2857 298 2878 c.
319 2857 365 2888 13.
385 2847 542 2890 Quaedam,
558 2850 676 2890 inquit,
692 2852 801 2890 etiamsi
814 2862 884 2883 vera
894 2862 951 2882 non

76 2887 159 2927 fint,
177 2895 295 2929 propter
308 2887 530 2925 fimilz'zudz'nem
549 2893 640 2922 eodem
664 2895 801 2924 vocabulo
829 2900 948 2933 compre-

83 2930 169 2969 hensu
182 2930 260 2967 liant.
277 2928 321 2966 sic
334 2931 470 2969 pyxidem
486 2929 521 2964 &⁹
540 2940 704 2973 argenteum
721 2934 757 2969 ἐξ
775 2945 893 2966 auream
908 2935 948 2964 di-

83 2972 191 3002 ximus.
208 2969 252 3007 fic
270 2971 436 3002 illiteratum
452 2982 510 3002 non
530 2982 565 3003 ex
583 2980 639 3003 toto
657 2978 775 3014 rudem,
800 2978 843 3008 led
861 2977 897 3006 acl
916 2975 937 3005 li

81 3018 160 3043 teras
176 3012 291 3042 altiores
307 3021 363 3043 non
375 3012 556 3052 perductum.
564 3013 608 3051 fic
618 3017 668 3054 qui
683 3018 754 3047 male
770 3015 904 3057 vestitum
915 3016 951 3050 ἐξ

79 3056 238 3095 pannosum
255 3054 352 3091 vidit,
376 3055 487 3085 nudum
497 3056 530 3094 se
547 3056 648 3095 viclz'ffe
664 3059 742 3088 dicit.
771 3059 873 3090 Porro
884 3058 950 3098 μιν·

78 3097 136 3125 cire
151 3095 216 3133 est,
239 3095 388 3126 damnum
405 3094 528 3127 solvere
552 3097 604 3127 vel
628 3100 778 3136 praeliare.
825 3098 951 3130 Festus:

81 3135 194 3166 Sortito
209 3137 241 3166 in
257 3145 316 3167 ΧΠ
336 3136 455 3167 Servius
473 3137 620 3178 Sulpicius
635 3140 678 3169 ait
686 3138 856 3180 significare
871 3143 949 3172 clam·

81 3179 151 3207 dum
162 3177 267 3216 salvito
286 3175 427 3220 praeslato.
450 3177 606 3220 Ulpianus
623 3179 642 3211 l.
664 3189 690 3212 1.
708 3184 735 3212 h.
754 3188 773 3212 ι.
789 3183 944 3223 exponit,

110 3257 188 3290 Tom.
220 3258 261 3291 II.

1806 127 1871 165 17?

998 201 1252 235 AEstimationem
1264 205 1367 236 noxiae
1380 204 1508 237 offeri-e.
1533 205 1574 237 At
1586 205 1707 237 Praetor
1724 214 1788 237 non
1799 213 1878 246 prae-

998 244 1184 283 cilejubet,
1209 248 1336 277 noxiam
1363 246 1490 278 sarcire:
1515 247 1564 278 sed
1584 247 1689 286 addit,
1714 256 1876 278 noxamve

998 285 1082 315 dedi.
1115 284 1156 316 fic
1181 289 1316 326 concepi
1344 288 1511 320 Edifium}
1537 297 1570 319 ut
1589 290 1618 320 in
1636 289 1654 320 l.
1676 297 1704 320 1.
1723 287 1764 319 D.
1783 290 1815 318 de
1831 289 1876 319 his

996 326 1049 365 qui
1063 336 1074 354 e
1104 328 1151 357 ud.
1171 327 1218 357 vel
1235 329 1319 366 dejec.
1335 328 1354 359 l.
1379 338 1404 360 1.
1425 329 1452 370 §.
1472 339 1539 370 μη.
1557 329 1598 361 D.
1618 331 1646 361 h.
1665 336 1687 360 t.
1705 329 1734 371 §
1756 339 1780 361 1.
1800 327 1872 369 lust.

997 369 1030 396 <ie
1046 376 1058 395 o
1095 376 1118 397 c.
1131 368 1222 406 judic.
1241 368 1316 399 Non
1337 378 1443 401 tamen
1463 371 1658 403 intercedam
1674 370 1823 408 malenti,
1839 372 1873 402 in

998 406 1115 438 Edicto
1133 406 1315 447 restituere,
1339 408 1488 444 Noxaeve
1506 412 1595 444 dedi:
1622 422 1656 444 ut
1673 414 1703 444 in
1721 413 1738 444 l.
1756 422 1785 453 5.
1803 411 1832 453 §.
1842 414 1871 443 6.

999 447 1040 479 D.
1058 449 1091 478 de
1106 448 1150 479 his
1165 451 1217 521 ῗιιὶ
1232 450 1322 491 effusi.
1338 452 1385 481 vel
1402 453 1486 492 dejec.
1511 452 1679 493 Quidquid
1697 455 1776 485 erit:
1792 453 1872 485 illud

996 498 1120 520 certum
1146 501 1162 520 e
1179 490 1209 528 t,
1235 491 1385 531 pauperie
1411 502 1428 522 a
1452 496 1655 534 quadrupede
1679 494 1785 534 facia,
1817 501 1872 526 aut

998 531 1102 575 damni
1123 531 1362 575 aeslimationeni
1375 532 1502 572 offerri,
1520 536 1694 568 autanimal
1707 538 1795 576 quod
1813 546 1872 567 no-

997 581 1062 602 cuit
1074 596 1083 610 ,
1097 574 1342 613 ded10p01·tere.
1360 575 1492 606 alterum
1505 575 1632 607 suffieit:
1649 586 1784 617 nempe,
1800 577 1873 618 quia

996 612 1066 644 Lex
1088 612 1270 646 Duodecim
1295 614 1491 648 Tabularum
1517 617 1560 647 ita
1580 617 1691 655 scripta
1709 618 1762 649 est.
1788 619 1871 649 hanc

995 654 1150 685 rationem
1171 655 1472 697 datjusti‘ni‘aiiuspr.
1484 655 1556 698 Infi.
1568 659 1595 689 l).
1606 664 1625 689 t„
1645 657 1716 689 Nec
1726 668 1871 691 contem-

995 697 1099 740 nenda
1117 696 1296 728 oblerxatio
1315 699 1440 738 Ulpiani
1458 699 1476 731 l.
1492 703 1520 730 6.
1541 699 1568 741 §.
1586 708 1606 731 ι.
1628 700 1668 730 l).
1685 702 1718 730 tle
1734 710 1763 730 re
1774 701 1869 741 judic.

994 747 1024 768 in
1044 737 1213 769 noxalibus
1225 739 1403 771 aflionibus
1414 739 1654 773 aestimationem
1668 742 1697 771 in
1715 744 1871 773 condem-

995 787 1126 810 natione
1144 778 1224 817 effe3
1242 790 1334 812 noxae
1353 781 1552 814 deditionem
1571 781 1601 813 in
1623 782 1801 821 solutione,
1818 784 1872 814 be-

994 819 1112 850 neficio
1130 818 1238 860 Legis-
1258 822 1372 861 Plane,
1389 823 1409 854 fi
1429 825 1543 855 animal
1562 823 1730 855 decefferit
1747 833 1820 855 ante
1837 825 1872 857 li-

994 868 1059 892 tem
1078 863 1308 901 contestatam
1327 865 1370 894 ait
1388 865 1540 905 Ulpianus
1556 865 1574 895 l.
1593 875 1619 897 1.
1640 864 1667 907 §.
1689 875 1737 907 13.
1754 865 1795 896 D.
1809 867 1836 896 h.
1846 871 1870 897 t.

994 902 1164 948 extinctam
1183 903 1244 935 effe
1262 906 1440 938 aaronem:
1466 915 1562 945 puto,
1587 916 1658 947 quia
1673 907 1822 938 dominus
1838 907 1872 938 id

994 944 1110 975 deinde
1130 954 1193 976 non
1213 946 1309 977 habet
1326 947 1355 977 in
1374 948 1552 987 potestate,
1570 957 1603 980 ut
1621 949 1726 980 dedat.
1752 949 1795 979 ita
1814 958 1873 980 no-

994 993 1043 1016 xae
1061 987 1180 1017 dedere
1197 987 1260 1026 est,
1277 989 1390 1019 animal
1410 990 1533 1021 tradere
1546 990 1652 1021 vivum
1670 991 1697 1021 d.
1710 990 1727 1021 l.
1742 999 1767 1022 1.
1780 989 1808 1032 §.
1824 999 1870 1030 14.

995 1028 1083 1066 quod
1102 1026 1121 1058 fi
1150 1037 1310 1060 moi-tuum
1331 1031 1480 1070 traditur,
1504 1040 1571 1062 non
1588 1032 1701 1063 animal
1720 1033 1872 1071 traditur,

996 1068 1216 1113 sedrcadaven
1233 1070 1263 1101 id
1280 1070 1343 1108 est,
1360 1071 1461 1111 aliud,
1479 1082 1571 1112 quam
1588 1074 1676 1112 quod
1688 1072 1873 1113 pauperiem

995 1109 1085 1141 fecit.
1110 1110 1165 1142 Est
1180 1119 1285 1143 tamen
1297 1112 1382 1144 casus
1397 1114 1504 1153 inquo
1517 1115 1664 1147 dominus
1682 1114 1789 1147 nonin
1807 1115 1872 1146 hoc

996 1154 1208 1191 convenitur,
1233 1162 1267 1184 ut
1291 1163 1384 1185 noxae
1401 1156 1513 1187 dedat:
1538 1155 1588 1187 sed
1611 1157 1639 1187 in
1660 1157 1803 1188 solidum.
1827 1155 1874 1188 est

996 1193 1041 1225 is:
1065 1193 1087 1224 fi
1105 1194 1135 1225 in
1154 1195 1222 1234 jure
1239 1195 1473 1237 interrogatus,
1496 1206 1533 1228 an
1552 1196 1602 1228 sua
1621 1199 1803 1239 quadrupes
1822 1207 1872 1229 es-

996 1233 1062 1272 set,
1078 1234 1296 1275 responderit,
1316 1246 1381 1269 non
1400 1237 1462 1269 effe
1478 1237 1571 1270 suam.
1596 1248 1667 1271 nam
1685 1238 1705 1270 fi
1723 1239 1875 1271 constite-

995 1276 1054 1314 rit,
1079 1276 1140 1308 effe
1166 1277 1249 1317 eJus:
1273 1279 1304 1310 in
1329 1278 1465 1311 solidum
1489 1280 1775 1320 condemnabitur,
1798 1290 1873 1323 pro·

996 1326 1069 1357 pter
1091 1319 1294 1351 mendacium
1313 1321 1341 1352 d.
1360 1320 1378 1351 l.
1403 1330 1427 1351 i.
1445 1320 1475 1363 §.
1496 1330 1542 1361 15.
1566 1321 1676 1353 Simile
1698 1323 1828 1360 evetiit3
1850 1321 1874 1355 fi

995 1359 1067 1400 post
1086 1359 1173 1392 litem
1184 1361 1396 1394 contestatam
1408 1364 1523 1394 animal
1537 1362 1621 1394 fitab
1632 1362 1695 1395 alio
1712 1363 1872 1395 occisum:

996 1409 1067 1432 nam
1097 1409 1163 1434 tuin
1191 1411 1224 1434 ut
1242 1403 1376 1435 domino
1394 1405 1553 1444 competit
1571 1403 1616 1436 Le
1641 1406 1665 1436 is
1688 1404 1824 1445 Aquilia-1
1840 1415 1870 1435 a=

997 1442 1080 1482 &103
1096 1442 1137 1474 fic
1153 1443 1317 1484 injudicio
1335 1444 1505 1477 habebitur
1521 1446 1602 1477 ratio
1642 1447 1709 1487 egis
1720 1447 1872 1487 Aquiliae:

997 1484 1107 1524 utique
1117 1485 1265 1518 dominus
1281 1485 1379 1518 amisit
1396 1496 1488 1518 noxae
1499 1489 1653 1519 dedendae
1669 1488 1872 1520 facultatem.

996 1524 1112 1558 offeret
1129 1536 1207 1568 ergo
1232 1537 1272 1559 ex
1297 1526 1416 1568 judicio
1433 1528 1600 1569 proposito
1617 1530 1678 1561 litis
1694 1530 1875 1561 aestimatio-

996 1576 1087 1598 nem:
1111 1568 1164 1600 nifi
1184 1577 1309 1609 paratus
1336 1568 1455 1607 fuerit,
1479 1569 1635 1602 astionem
1652 1574 1801 1602 mandare
1817 1571 1871 1603 ade

997 1608 1103 1640 versus
1126 1619 1199 1641 eum
1225 1611 1277 1651 qui
1296 1612 1419 1642 occidit
1435 1614 1462 1642 d.
1479 1612 1498 1643 l.
1519 1621 1543 1643 i.
1563 1611 1591 1653 ὃ.
1615 1615 1661 1643 16.
1697 1611 1813 1653 Igitur,
1838 1618 1873 1643 ut

996 1660 1038 1681 eo
1055 1651 1203 1690 redeam,
1221 1654 1312 1684 datur
1331 1654 1399 1683 haec
1410 1652 1493 1685 aetio
1505 1678 1514 1692 ‚
1532 1655 1583 1684 vel
1600 1662 1633 1691 ut
1645 1654 1794 1685 damnum
1813 1654 1873 1686 sai·-

996 1691 1117 1731 ciamr,
1141 1694 1192 1726 vel
1211 1702 1244 1725 ut
1264 1695 1376 1726 animal
1393 1696 1509 1726 noxale
1525 1695 1667 1726 dedaturv
1695 1694 1771 1726 lnde
1790 1704 1874 1735 quae-

995 1733 1085 1769 situm
1103 1737 1162 1776 l.3.
1177 1737 1204 1766 h.
1223 1742 1244 1766 t.
1268 1745 1305 1767 an
1324 1737 1417 1767 etiam
1437 1736 1531 1777 possit
1549 1738 1596 1777 agi
1615 1736 1784 1768 liberarum
1804 1746 1874 1776 per·

995 1774 1139 1807 sonarum
1153 1779 1300 1809 nomine:
1317 1777 1404 1809 forte
1420 1776 1440 1809 si
1460 1779 1639 1819 quadrupes
1656 1779 1873 1810 vulneraverit

993 1818 1253 1857 patremfamilias
1270 1828 1323 1850 aut
1339 1819 1602 1851 filiumfamilias?
1624 1820 1715 1851 furise
1731 1820 1809 1852 olim
1827 1820 1873 1851 vi·

994 1860 1109 1890 dentur
1127 1861 1181 1896 qui
1199 1868 1362 1902 negarent.
1387 1860 1437 1892 sed
1456 1861 1553 1901 Gajus
1572 1861 1589 1892 l.
1602 1871 1629 1901 3.
1649 1863 1675 1892 cl.
1694 1867 1716 1892 t.
1734 1861 1794 1899 ait,
1809 1862 1874 1901 jam

994 1910 1058 1931 non
1078 1901 1233 1941 dubitari,
1257 1904 1332 1941 quin
1353 1912 1390 1933 ex
1409 1902 1467 1933 hac
1488 1902 1575 1944 Lege
1602 1903 1696 1942 possit
1719 1904 1815 1934 etiam
1835 1903 1872 1935 li·

994 1942 1139 1974 berarum
1158 1944 1360 1983 personarum
1375 1944 1503 1975 nomine
1519 1945 1578 1985 agi.
1600 1944 1738 1983 scilicet,
1756 1953 1789 1975 ut
1807 1953 1874 1975 non

994 1983 1238 2016 balneatum-atio
1250 1985 1482 2017 deformitatis:
1500 1986 1735 2025 (cumliberum
1753 1995 1872 2025 corpus

994 2034 1059 2056 non
1087 2027 1220 2066 recipiat
1244 2027 1505 2064 aestimationem)
1527 2026 1577 2057 sed
1606 2026 1813 2066 impensarum
1841 2027 1873 2058 in

992 2068 1190 2099 curationem
1217 2068 1368 2099 fastarum
1388 2092 1396 2106 ,
1430 2069 1459 2099 ek
1483 2078 1652 2108 operarum
1677 2068 1873 2108 amissarum,

993 2117 1136 2149 quasque
1153 2109 1314 2141 amissurus
1332 2110 1400 2149 quis
1418 2109 1513 2148 effet,
1538 2111 1655 2141 inutilis
1672 2109 1784 2141 factus.

1035 2151 1178 2191 Sequens
1195 2152 1284 2182 locus
1310 2150 1373 2188 est,
1398 2150 1447 2182 cui
1474 2151 1542 2182 liaec
1563 2153 1654 2182 detur
1676 2152 1768 2182 attio.
1793 2157 1872 2191 puto

992 2199 1118 2230 autem,
1135 2194 1198 2224 dari
1217 2194 1245 2224 ei
1261 2192 1313 2223 cui
1329 2194 1472 2224 nocitum
1489 2192 1540 2224 iit:
1559 2202 1628 2224 nam
1645 2195 1710 2233 ejus
1730 2192 1872 2224 interest.

995 2232 1064 2264 talis
1084 2244 1161 2265 vero
1179 2233 1224 2265 est
1234 2235 1380 2266 dominus
1397 2235 1508 2274 procul
1528 2234 1626 2265 dubio
1636 2234 1653 2264 l.
1667 2243 1694 2264 2.
1706 2234 1732 2264 h.
1742 2239 1763 2263 t.
1775 2233 1872 2274 quid,

993 2273 1014 2306 fi
1027 2284 1090 2305 non
1107 2274 1142 2306 fit
1159 2274 1331 2307 dominus?
1355 2276 1449 2306 etiam
1462 2277 1489 2307 ei
1507 2276 1687 2315 competit,
1703 2274 1722 2306 fi
1739 2275 1804 2314 ejus
1823 2276 1871 2306 in-

994 2315 1099 2347 terest.
1125 2316 1166 2348 sic
1180 2319 1209 2347 ei
1227 2320 1276 2348 cui
1296 2326 1345 2348 res
1362 2318 1568 2349 commodata
1583 2315 1646 2354 est,
1665 2318 1776 2355 datur3
1792 2319 1872 2347 item
1910 2346 1914 2349 i

993 2356 1128 2389 fulloni:
1145 2357 1217 2399 quia
1235 2361 1375 2399 eoquod
1393 2366 1544 2390 tenentur
1556 2381 1566 2396 ,
1581 2358 1731 2389 damnum
1744 2358 1807 2398 pati
1826 2357 1872 2389 vi-

993 2399 1118 2431 dentur.
1160 2399 1193 2431 In
1210 2398 1299 2441 Lege
1318 2400 1444 2439 Aquilia
1459 2400 1543 2430 aliud
1559 2397 1761 2430 observatum
1780 2399 1798 2430 l.
1818 2407 1867 2431 11.

992 2440 1020 2482 §.
1031 2449 1060 2476 9.
1079 2440 1121 2472 D.
1138 2442 1190 2472 Aa
1203 2441 1264 2483 Leg
1290 2441 1390 2482 Aquil.
1408 2441 1438 2472 &
1456 2439 1671 2472 differentiam
1688 2440 1801 2472 tradidi
1816 2440 1868 2472 lib.

984 2482 1066 2524 sing.
1086 2482 1136 2512 Ait
1153 2483 1215 2523 Leg
1244 2483 1346 2523 Aquil.
1366 2492 1388 2512 c.
1406 2491 1456 2512 Χῖ.

1034 2523 1132 2560 Dixi,
1156 2525 1206 2554 cui
1232 2524 1325 2554 detur
1349 2523 1430 2554 actio
1454 2522 1485 2553 Si
1511 2523 1703 2563 quadrupes.
1734 2523 1869 2563 quaeris‚

992 2564 1140 2596 adversus
1157 2574 1251 2605 quem
1270 2564 1385 2595 detur?
1404 2565 1487 2595 hunc
1504 2573 1567 2596 tion
1580 2565 1869 2605 defignatPraetorz

995 2614 1116 2637 tantum
1132 2607 1194 2644 ait,
1220 2605 1353 2637 Noxianz
1367 2605 1488 2643 sarciri,
1511 2615 1653 2637 noxamve
1677 2608 1741 2636 dedi
1753 2607 1870 2647 jubebo.

993 2657 1030 2679 ea
1054 2657 1131 2678 vero
1158 2647 1253 2678 verba
1272 2646 1340 2677 sunt
1363 2646 1392 2677 in
1413 2656 1498 2684 rem,
1524 2648 1555 2678 id
1573 2646 1634 2685 est,
1657 2648 1874 2688 generaliter,

993 2688 1116 2725 scripta.
1142 2696 1289 2727 putemus
1315 2686 1428 2727 igitur,
1453 2689 1533 2718 lianc
1556 2689 1714 2720 aaronem
1733 2690 1795 2720 dari
1813 2689 1867 2718 ad-

994 2730 1098 2760 versus
1117 2730 1280 2760 dominum
1294 2753 1302 2767 ‚
1327 2730 1358 2760 id
1382 2730 1494 2761 animal
1519 2729 1547 2760 in
1568 2730 1617 2760 sua
1639 2731 1797 2770 potestate
1816 2730 1870 2758 lia-

993 2771 1145 2802 beiitein:
1170 2780 1278 2802 verum
1297 2770 1316 2801 fi
1335 2770 1458 2802 desierit
1478 2771 1614 2809 habere,
1640 2781 1755 2802 noxam
1774 2777 1870 2808 caput

995 2811 1101 2852 sequi,
1118 2811 1248 2851 darique
1265 2812 1421 2843 aetionem
1439 2812 1586 2844 adversus
1603 2814 1786 2844 dominum:
1804 2818 1870 2841 non

995 2854 1082 2893 cujus
1100 2854 1296 2892 quadrupes,
1320 2863 1391 2884 cum
1407 2863 1557 2892 noceret,
1573 2854 1688 2892 fuerit3
1712 2854 1761 2883 sed
1779 2852 1869 2891 cujus

995 2903 1079 2924 nunc
1095 2895 1140 2925 est
1155 2896 1182 2924 d.
1196 2894 1213 2925 l.
1229 2903 1251 2925 1.
1267 2895 1295 2936 §.
1314 2905 1359 2926 ιε.
1378 2896 1421 2926 l).
1439 2897 1494 2927 h.t
1527 2896 1574 2926 An
1595 2898 1688 2925 ctiam
1706 2895 1797 2924 datur
1815 2894 1870 2923 ad-

994 2935 1097 2965 versus
1110 2935 1243 2967 heredes
1254 2945 1454 2977 caeterosque
1472 2936 1687 2967 successores?
1704 2942 1745 2964 ait
1763 2933 1871 2973 Ulpia-

994 2986 1051 3007 nus
1069 2977 1132 3007 dari
1148 2979 1175 3007 d.
1186 2979 1201 3007 l.
1220 2977 1347 3019 1‚§.ult.
1366 2987 1395 3009 at
1415 2988 1477 3009 non
1492 2979 1561 3018 jure
1581 2975 1797 3021 lucceffionis.
1816 2974 1868 3006 ‘ed

994 3028 1034 3048 eo
1049 3018 1117 3057 jure
1135 3027 1199 3056 quo
1215 3018 1284 3049 sunt
1303 3021 1435 3051 domini.
1461 3021 1609 3056 idemque
1627 3018 1655 3047 in
1668 3025 1792 3047 caeterls
1812 3025 1871 3047 no-

996 3059 1114 3090 xalibus
1129 3060 1304 3091 actionibus
1323 3060 1470 3092 observat
1487 3061 1576 3099 spen.
1595 3058 1613 3099 §
1635 3057 1687 3087 ult.
1711 3057 1749 3089 D.
1771 3062 1803 3087 tie
1819 3067 1868 3088 no-

993 3101 1055 3132 xal.
1073 3099 1127 3131 aa.
1147 3102 1214 3132 Sic:
1236 3101 1258 3134 fi
1275 3105 1454 3142 quadrupes
1472 3100 1506 3131 [it
1526 3101 1624 3129 unius.
1649 3098 1784 3144 quid.·fi
1802 3099 1869 3145 piu-

993 3142 1070 3173 rium
1086 3142 1121 3173 fit
1138 3144 1345 3175 communis?
1361 3140 1505 3173 adversus
1523 3140 1658 3182 lingulos
1673 3149 1732 3172 erit
1747 3150 1778 3173 in
1795 3139 1868 3172 soii-

991 3184 1066 3216 dum
1080 3184 1183 3217 acuo:
1207 3184 1286 3217 ficut
1303 3186 1335 3217 in
1351 3182 1481 3229 homine
1498 3182 1525 3212 d.
1541 3182 1560 3213 l.
1584 3191 1608 3213 1.
1627 3181 1656 3224 §.
1677 3192 1725 3222 14.

1092 3262 1121 3299 Ζ
1791 3260 1862 3295 Tr-
