2036 3495
613 97 956 132 GERARDI
1015 94 1051 129 N

171 107 242 152 306

176 200 274 233 atque
298 190 449 232 Optimam
469 209 478 224 ‚
507 194 578 225 quae
606 191 740 224 utraque
770 183 799 214 in
829 183 934 224 specie
958 183 1048 214 verbi

175 232 435 275 fignificationem
458 228 587 267 separat.
611 234 648 256 ea
672 225 754 256 ratio
771 224 832 257 est:
859 225 946 265 quod
965 233 1050 257 utro·

177 276 276 315 bique
293 273 415 308 aeluim
439 278 478 299 ne
497 265 684 308 promissor,
708 274 854 306 emptor,
880 266 970 297 verbi
984 275 1051 307 gra-

177 317 240 354 tia,
264 315 356 345 aliter
379 318 473 349 quam
498 309 603 340 voluit
620 331 629 348 ,
660 307 831 348 obligetur.
857 307 928 338 sane
943 329 953 345 ‚
978 317 1051 339 cuni

177 354 301 395 emptio
318 350 442 384 constet
457 359 497 381 ex
515 351 652 381 duorum
668 349 855 387 voluntate3
878 349 909 379 in
926 358 963 379 ea
986 358 1050 380 non

174 395 379 437 spectandum
407 393 507 423 modo
531 390 576 423 est
593 414 603 429 ,
626 390 704 431 quid
728 391 879 431 cogitarit
900 390 1053 422 venditor

177 438 230 477 qui
248 437 353 476 Iegem
371 433 461 465 dedit
479 432 671 464 contractui:
696 431 748 462 sed
765 432 879 469 etiam,
902 431 980 472 quid
997 442 1052 462 vo-

174 478 270 510 luerit
286 483 411 516 emptor
428 475 481 515 qui
505 474 610 516 legem
629 470 773 514 accepit:
798 473 864 513 ejus
886 482 962 504 vero
981 472 1051 503 talis

174 516 290 561 procul
309 516 406 548 dubio
420 515 483 547 fuit
501 515 675 556 cogitati03
693 524 733 546 ne
750 515 785 545 lit
801 514 957 554 obligatio
969 536 980 552 ,
998 513 1053 544 ubi

174 569 242 592 non
265 557 434 590 arbitratur
458 555 586 588 Titius:
610 556 640 587 &
664 564 773 587 contra
789 578 799 595 ,
838 565 879 586 ne
909 565 949 586 eo
970 555 1051 586 arbi-

175 607 280 633 trante
305 599 378 632 alias
404 599 583 639 obligetur,
606 606 700 638 quam
723 596 813 637 juste.
838 596 877 628 sic
894 597 979 628 enim
999 595 1052 627 fit:

172 651 211 674 ut
230 651 298 673 non
321 641 499 682 obligetur,
525 648 598 670 cum
623 638 730 679 potest
764 637 912 670 liberari:
944 638 974 668 δε
1000 637 1052 668 ubi

174 682 302 716 necesse
324 682 387 715 est.
421 691 493 713 eum
518 680 678 721 obligari3
712 687 748 711 ut
779 689 873 720 quam
899 679 1053 711 leviffime

175 733 332 758 teneatur.
377 722 456 755 Non
476 721 599 760 obstat3
622 722 712 761 quod
728 731 768 753 ex
784 721 913 753 adverso
935 720 1053 751 ditium

175 768 217 798 de
236 765 353 798 effectu
370 764 510 805 impletae
530 763 728 795 conditionis
742 771 800 802 per
814 762 979 793 arbitrium
994 760 1053 792 Ti-

175 808 221 840 tii.
244 807 322 839 Non
340 806 425 837 enim
441 811 572 844 oportet
589 802 739 836 effectum
754 803 816 835 esse
834 804 1054 843 alium,quam

173 849 285 887 foret,
308 848 330 879 fi
346 847 483 887 pretium
507 846 547 877 ab
570 844 640 886 ipsis
664 845 928 877 contrahentibus
946 843 1054 875 fuisset

175 890 396 922 constitutum.
421 895 484 928 quo
508 887 578 918 casu
603 886 776 926 potuissent
801 886 830 917 se
856 886 996 917 invicem
1021 886 1052 917 in

173 931 280 973 pretio
295 929 529 961 circumvenire
545 928 564 959 l.
584 932 630 959 16.
655 927 682 969 §.
696 935 762 968 pen.
779 926 822 958 D.
839 929 872 958 de
888 928 1054 958 minoribus.

175 980 213 1004 ut
229 980 355 1011 tamen,
378 969 548 1002 immodica
564 969 666 1008 laesio,
684 969 785 1010 qualis
805 969 902 1000 hodie
919 968 965 1000 est
984 977 1053 1008 quae

174 1014 337 1055 egreditur
361 1012 528 1044 dimidium
550 1010 620 1051 justi
650 1009 743 1051 pretii
764 1033 773 1048 ,
805 1009 915 1041 officio
940 1010 1054 1049 judicis

174 1065 216 1087 ex
236 1056 322 1086 bona
344 1053 410 1085 fide
430 1053 619 1093 judicantis,
644 1052 804 1084 emendari
822 1050 934 1091 poss‘et.
960 1051 1054 1092 igitui-

123 1113 125 1115 ·
173 1093 267 1128 ideiii'
285 1103 439 1136 putetur3
463 1094 484 1125 fi
511 1100 639 1134 emptor
663 1092 716 1124 vel
739 1092 871 1124 arbitrio
894 1090 974 1123 Titii
998 1092 1054 1123 im·

174 1138 307 1169 modice
330 1135 419 1169 laesus
443 1135 505 1167 effe
522 1136 655 1167 dicatur.
697 1132 773 1165 Hoc
788 1135 819 1165 iii
839 1133 991 1164 societate
1011 1131 1055 1163 vi-

172 1179 242 1211 sum
257 1178 377 1217 Celso,
399 1177 549 1209 suadente
577 1176 726 1213 aequitate
743 1175 850 1215 Judicii
872 1175 963 1206 bonae
981 1172 1055 1205 fidei

175 1221 193 1252 l.
212 1225 262 1261 78.
284 1220 328 1251 Ι).
347 1219 498 1259 Prosocio.
522 1226 583 1248 nec
599 1216 771 1255 succurrit3
794 1225 849 1247 cui·
865 1215 896 1247 in
918 1216 1055 1255 emptio-

174 1272 217 1293 ne
241 1270 314 1302 quai:
338 1261 434 1292 etiam
457 1260 552 1291 bonae
575 1257 651 1289 fidei
677 1257 740 1295 est,
773 1256 875 1288 minus
899 1257 1055 1287 obtineat.

174 1304 219 1335 At
235 1302 423 1342 Justinianus
446 1300 600 1341 prohibet
623 1300 642 1330 l.
660 1299 715 1330 ult.
734 1299 765 1330 C.
781 1299 808 1329 h.
826 1304 845 1329 t.
865 1298 969 1329 verbis
988 1297 1055 1328 sub-

172 1344 284 1386 jectis:
319 1344 472 1375 Sancimus
488 1364 498 1380 ‚
529 1351 594 1372 cum
617 1340 782 1380 hujusmodi
804 1341 952 1370 conventio
973 1338 1056 1378 super

174 1386 343 1417 venditione
355 1385 508 1426 procedat,
534 1382 638 1423 quanti
654 1381 701 1411 ille
716 1379 918 1421 aestimaverit,
931 1380 985 1419 sub
1002 1381 1055 1411 hac

174 1428 339 1459 conditione
358 1424 439 1466 stare
463 1424 676 1460 venditionem,
699 1429 733 1452 ut
754 1421 783 1460 fi
797 1424 908 1463 quidem
932 1423 987 1463 ipse
1004 1422 1056 1463 qui

175 1469 344 1500 nominatus
363 1464 421 1506 est,
442 1465 571 1504 pretium
593 1462 757 1503 definierit,
780 1463 936 1494 omnimodo
949 1463 1055 1503 secun-

175 1512 244 1542 dum
270 1509 332 1549 ejus
359 1506 553 1546 definitionem
573 1503 609 1538 ὅ)
623 1505 719 1544 pretia
730 1504 878 1543 persolvi,
902 1504 939 1539 ὅ)
956 1505 1055 1536 venili-

175 1553 282 1583 tionem
309 1550 346 1579 ad
369 1546 502 1588 effetium
521 1547 681 1587 pervenire.
727 1545 789 1577 Sed
807 1545 990 1584 videamus,
1014 1555 1055 1577 ne

174 1591 348 1632 justiniano
364 1589 400 1620 fit
417 1588 600 1625 consilium,
625 1594 749 1619 tantuin
768 1587 881 1618 tollere
906 1596 1055 1628 quorum-

175 1634 248 1665 dam
267 1630 425 1662 Veterum
446 1629 702 1668 dubitationem3
726 1634 830 1660 utrum
850 1628 988 1669 pretium
1002 1627 1059 1659 Ti-

176 1675 212 1706 tii
238 1672 371 1705 arbitrio
395 1678 519 1702 certum
542 1669 618 1709 fiat,
642 1670 672 1701 &
700 1668 844 1701 venditio
863 1670 1057 1711 perficiatur.

170 1715 253 1749 nihii
272 1714 356 1746 aliud
371 1712 509 1745 intendit
523 1711 721 1752 Justinianus.
767 1711 927 1751 Proinde,
953 1711 974 1743 si
991 1711 1059 1750 ouis

171 1758 305 1790 ulterius
323 1761 465 1796 quaei·at;
488 1763 526 1786 an
550 1761 698 1794 emptore
724 1752 796 1784 laeso
811 1751 891 1784 Titii
908 1753 1058 1790 arbitrio,

176 1799 329 1839 iniquitas
355 1795 451 1837 poffit
477 1795 593 1836 corrigi
619 1793 749 1826 arbitrio
766 1794 843 1825 boni
863 1794 939 1827 viri:
964 1795 996 1825 itl
1018 1802 1060 1825 ex

174 1840 237 1872 hac
263 1840 356 1880 lege,
378 1838 410 1869 in
432 1846 494 1878 qua
519 1836 563 1868 nil
588 1836 673 1874 tale,
703 1835 833 1867 minime
856 1836 923 1875 peti
948 1834 1060 1867 debet.

174 1881 244 1914 Nisi
268 1879 458 1921 Justinianus
479 1878 588 1917 jubet,
613 1876 751 1918 pretium
777 1877 967 1909 omnimodo
989 1885 1060 1917 per·

175 1922 257 1955 solvi
282 1921 455 1953 secundum
479 1918 561 1951 Titii
589 1917 823 1950 definitionem.
866 1918 987 1950 Verum
1006 1917 1062 1957 id,

178 1965 335 1997 omnimodo
353 1986 363 2001 ,
392 1961 532 1993 civiliter
559 1960 804 2000 intelligendum
829 1959 899 1991 est:
932 1968 967 1991 ut
993 1969 1063 1990 ver-

181 2007 279 2042 bum,
305 2004 441 2046 quilibet,
465 2003 496 2034 in
517 2002 535 2033 l.
552 2012 581 2039 9.
602 2002 644 2033 D.
664 2003 845 2042 deservitur.
878 2001 909 2033 ἃ
930 2001 987 2033 alia
1011 2000 1063 2032 ali-

177 2048 223 2080 bi.
266 2046 435 2078 Postremo
467 2044 544 2075 nihil
576 2043 657 2075 facit
682 2050 905 2084 argumentum
928 2052 944 2073 a
969 2052 1057 2074 com-

177 2087 331 2130 promiffo
357 2086 569 2127 desumptum.
595 2093 686 2123 nam,
715 2093 788 2117 cuin
811 2084 975 2116 arbitrium
1001 2084 1057 2115 du-

178 2131 300 2172 plicem
326 2128 441 2160 habeat
473 2125 765 2168 significationem,
798 2125 908 2166 inspici
941 2125 1057 2164 debet,

180 2173 258 2211 quid
274 2171 378 2202 actum
396 2169 441 2201 fit.
467 2170 568 2209 agitur
585 2175 691 2200 autem
711 2168 742 2199 in
757 2166 1000 2207 compromisso:
1024 2174 1058 2197 ut

179 2213 246 2246 five
263 2221 405 2253 aequain,
430 2210 493 2242 ssve
512 2210 671 2249 iniquam,
697 2209 885 2240 sententiam
910 2209 996 2239 dicat
1012 2217 1057 2238 ai·-

180 2256 283 2293 biter,
307 2254 336 2284 ei
355 2252 463 2284 stetur.
488 2253 577 2292 quod
595 2250 626 2282 in
642 2249 804 2291 proposito
819 2259 885 2282 non
902 2249 981 2289 effe,
995 2249 1058 2290 jam

179 2295 430 2329 demonstratum
447 2292 503 2333 est,

222 2340 265 2369 At
281 2338 417 2377 pretium
443 2343 509 2366 non
531 2341 654 2365 tantuin
680 2340 805 2365 certum
827 2330 890 2363 effe
908 2338 1057 2373 oportet:

181 2389 293 2410 verum
317 2379 413 2410 etiam
435 2375 604 2407 consistere
629 2376 661 2407 in
684 2374 819 2415 pecunia
843 2380 1006 2405 numerata
1026 2373 1056 2414 §.

184 2430 213 2451 2.
231 2418 301 2460 Inft.
326 2420 353 2451 h.
374 2426 396 2450 t.
421 2427 492 2450 nam
511 2417 531 2449 si
548 2418 580 2448 in
597 2415 659 2449 alio
677 2416 905 2454 constituatur,
928 2424 992 2446 non
1012 2414 1057 2445 eil:

186 2463 306 2500 emptio
326 2484 336 2500 ‚
367 2460 419 2491 sed
441 2468 544 2491 rerum
570 2459 763 2499 permutatio
786 2464 925 2499 putatur.
969 2454 1057 2487 Olim

185 2501 334 2533 confusus
362 2501 424 2532 fuit
447 2509 582 2539 uterque
611 2499 808 2538 contractus,
832 2508 896 2529 non
919 2501 1056 2529 invento

186 2542 290 2574 adhuc
316 2552 463 2574 nummo:
487 2542 573 2582 cujus
596 2541 722 2582 publica
743 2550 780 2571 ac
797 2547 951 2580 perpetua
977 2538 1056 2570 aesti-

186 2585 285 2617 matio
311 2584 548 2615 difficultatibus
571 2583 844 2623 permutationum
875 2580 1056 2621 aequalitate

188 2624 372 2665 quantitatis
396 2625 585 2656 subveniret.
616 2634 656 2655 eo
687 2624 821 2654 invento
852 2622 882 2654 ἃ
912 2620 1057 2662 percuss‘o

188 2666 292 2698 forma
309 2665 453 2705 publica,
476 2665 638 2698 aiiiinuus
655 2665 700 2696 est
716 2673 850 2704 uterque
863 2662 1057 2695 contradus.

191 2708 271 2739 alter
293 2707 414 2745 emptio
430 2708 593 2746 venditio,
617 2707 696 2738 alter
714 2706 927 2747 permutatio,
950 2704 1057 2745 appel-

189 2750 283 2781 latur.
300 2749 331 2778 in
348 2748 411 2778 hoc
429 2755 560 2786 uterque
578 2756 707 2787 emptor
726 2748 1060 2779 &venditor1utrum-

192 2800 255 2831 que
277 2797 366 2821 merx
387 2787 418 2818 ἃ
441 2790 575 2827 pretium
601 2789 724 2821 dicitur.
747 2789 778 2820 in
800 2789 856 2820 illo
880 2788 958 2820 alius
974 2796 1060 2828 emp-

194 2840 264 2869 tor,
288 2830 366 2862 alius
384 2828 547 2874 venditor:
571 2839 630 2861 nec
653 2832 732 2862 ultra
755 2840 846 2862 meri:
872 2837 1061 2870 utrumque,

195 2874 249 2904 sed
275 2873 411 2903 alterum
440 2878 596 2909 pretium,
620 2880 763 2903 vocatur.
787 2871 838 2903 Sic
854 2871 885 2903 in
902 2871 921 2902 l.
943 2879 969 2902 1.
994 2873 1020 2902 b.
1039 2876 1061 2901 t.

195 2915 225 2946 δι
250 2912 421 2953 pianiffime
438 2911 469 2941 in
485 2911 504 2941 l.
523 2920 550 2949 5.
570 2910 599 2951 §-
620 2920 646 2941 1·
665 2914 712 2944 D.
729 2913 885 2954 depraescr.
901 2914 978 2943 verb.
1016 2912 1062 2943 Si-

195 2957 325 2997 quidem,
349 2952 472 2992 inquit,
492 2952 644 2992 pecuniam
665 2953 742 2991 dem,
763 2960 796 2985 ut
821 2964 880 2986 rem
907 2954 1043 2994 accipiam
1051 2963 1061 2989 ς

195 3000 294 3037 emptio
319 2995 355 3029 ὅ)
378 2994 505 3024 venditio
536 2990 590 3033 eft:
606 2990 655 3030 fin
673 3000 765 3025 ailiam
789 3005 847 3026 rem
869 2997 922 3034 clo,
945 3001 980 3026 ut
1003 3004 1064 3026 rem

197 3040 352 3078 accipiam:
375 3045 432 3066 non
449 3035 561 3075 placet,
578 3035 815 3074 permutationem
838 3046 933 3067 rerum
947 3038 1062 3077 emptio·

198 3089 261 3110 nem
278 3078 338 3119 effe.
381 3076 476 3108 Hoc:
500 3075 521 3107 ss
536 3074 715 3114 [impliciter
730 3079 944 3110 contrahatur.
968 3078 1063 3118 quid,

198 3120 219 3157 si
235 3121 359 3159 placeat
375 3116 655 3155 contrahentibus,
671 3125 704 3147 re
721 3116 811 3154 data,
834 3126 869 3147 ut
887 3128 933 3149 res
949 3120 1042 3150 detur
1053 3142 1064 3157 ,

200 3163 398 3201 emptionem
423 3157 643 3190 venditionem
665 3157 795 3190 dicere:
826 3166 878 3187 aut
894 3181 903 3195 ‚
932 3161 1064 3197 pecunia

201 3203 290 3241 data,
314 3208 348 3232 iit
370 3211 419 3233 res
443 3201 552 3239 detur,
583 3197 848 3241 permutationem
864 3198 881 3231 ἱ)
912 3199 979 3239 jam
1003 3203 1063 3241 pri-

1087 101 1279 127 ooni·
1337 92 1550 129 Corin.

1094 181 1167 211 dem
1194 180 1316 212 ostendi
1350 181 1396 212 lib.
1414 180 1495 224 sing.
1520 183 1571 213 Ad
1596 182 1696 216 Editt.
1729 183 1776 215 De
1809 185 1902 225 patris
1928 186 1967 221 ὃ)

1094 220 1233 267 transabii.
1260 232 1283 252 c.
1305 231 1350 258 19-
1375 222 1598 264 ess‘errationis,
1621 235 1656 256 ut
1678 225 1908 258 contrahentes
1929 228 1967 258 ab

1094 270 1187 293 initio
1215 272 1309 303 quem
1337 263 1437 296 velint
1454 287 1464 303 ,
1494 266 1602 298 ineant
1624 267 1846 306 contractum3
1868 268 1966 299 modo

1094 303 1219 334 servent
1236 303 1372 336 formam
1391 306 1418 336 ei
1438 315 1455 336 a
1469 306 1538 345 jure
1555 306 1641 339 civili
1659 309 1783 339 datam:
1798 316 1830 339 at
1848 315 1884 339 ut
1899 317 1967 340 mu·

1095 352 1157 390 tata
1178 343 1299 391 forma,
1322 355 1387 377 non
1403 355 1557 381 mutetur
1580 350 1785 389 contractus,
1815 358 1881 381 non
1906 349 1966 384 effe

1095 392 1234 418 rationis.
1277 386 1375 428 Igitur
1401 386 1572 422 secundum
1592 387 1658 422 Hoc
1675 400 1842 430 putemus,
1866 399 1900 422 re
1917 391 1968 422 da·-

1096 434 1126 457 ta
1144 448 1154 465 ,
1185 435 1219 458 ut
1245 437 1293 459 res
1317 430 1430 468 detur,
1461 439 1633 471 numquam
1659 433 1860 473 emptionem
1884 431 1967 472 dici;

1096 466 1274 513 sed-rerum
1296 471 1576 509 permutationem.
1620 472 1725 505 Fuiss‘e
1756 481 1864 505 tamen
1886 471 1967 505 inter

1095 508 1284 548 Sabinianos
1309 510 1339 540 <Sc
1364 510 1572 556 Proculianos
1597 515 1638 546 de
1656 516 1720 547 hoc
1740 515 1918 546 dubitatum
1936 513 1969 546 iit

1094 550 1113 580 l.
1132 558 1156 581 1.
1183 549 1212 591 §.
1234 557 1258 580 1.
1283 550 1311 581 h.
1331 556 1352 581 t.
1384 554 1527 585 indicant
1560 556 1721 597 sequentia
1746 555 1832 587 Pauli
1856 556 1968 586 verba:

1096 591 1211 639 Sed-an
1227 589 1292 629 fine
1323 595 1448 640 nummis
1467 597 1595 628 venditio
1625 598 1683 628 dici
1712 598 1848 638 hodieque
1866 596 1968 637 poffit,

1095 633 1273 679 dubitatur.-
1301 632 1393 679 veluti
1412 633 1441 672 fi
1464 644 1513 675 ego
1539 643 1633 678 togam
1658 640 1721 670 dedi
1739 662 1749 677 ,
1781 645 1813 670 ut
1838 638 1968 669 tunicam

1094 680 1259 719 acciperem.
1300 673 1414 705 Senius
1438 674 1525 707 Pauli
1552 680 1615 718 eit,
1638 680 1659 711 fi
1676 680 1811 712 habeam
1829 680 1969 711 animum

1096 715 1223 746 emendi
1246 717 1406 754 tunicam,
1428 725 1575 749 nummos
1597 730 1663 751 non
1682 721 1814 753 habeam
1832 745 1841 760 ,
1873 722 1903 751 ὅς
1924 728 1972 751 to-

1096 765 1168 802 gam
1186 756 1259 786 dem
1275 765 1479 803 nummorum
1505 759 1597 790 loco:
1619 760 1708 793 fuine
1726 763 1907 803 quaesitum,
1932 770 1971 792 an

1097 800 1246 843 idcirco,
1277 798 1365 838 quod
1391 808 1473 830 inter
1512 802 1737 834 contrahentes
1777 805 1903 845 agitur,
1936 812 1970 833 ut

1098 845 1221 883 emptio
1240 837 1296 875 fit3
1321 839 1414 879 poffit
1438 842 1562 881 emptio
1585 841 1664 874 fieri.
1711 843 1754 875 Et
1777 847 1821 876 ait
1836 845 1970 880 Paulus.
2002 851 2003 854 ’

1098 880 1249 925 Sabinum
1281 880 1310 911 ἃ.
1334 880 1469 913 Caffium
1496 883 1643 923 putass‘e3
1673 885 1748 917 ideo
1779 887 1867 925 quod
1888 885 1971 915 hauc

1097 920 1283 968 spectassent
1299 922 1524 956 contrahentes
1536 935 1545 964 ;
1556 925 1586 956 δε
1602 935 1756 966 praeterea
1771 925 1972 957 existimaffec
1992 936 2009 957 ,’

1097 964 1138 993 iic
1167 962 1330 994 Homerus
1353 965 1384 995 in
1412 965 1555 997 adductis
1578 968 1617 998 ab
1643 978 1683 999 eo
1705 968 1795 999 iocis.

1098 1003 1241 1035 Nervam
1267 1004 1298 1035 <St
1315 1004 1488 1048 Proculum
1512 1010 1701 1040 contrariam
1719 1008 1851 1040 tenuisse
1868 1007 1968 1046 viam,

1096 1053 1232 1091 eamque
1256 1055 1440 1092 veriorem:
1471 1049 1658 1090 arbitratos,
1681 1050 1819 1082 formam
1848 1058 1971 1081 contra-

1097 1086 1189 1124 tius,
1217 1095 1286 1126 jure
1316 1088 1403 1134 C¹Y¹1¹
1435 1099 1538 1122 rerum
1568 1092 1842 1131 expediendamm
1872 1091 1969 1132 gratia

1099 1128 1273 1173 prud—enter
1296 1129 1473 1162 ordinatam
1493 1154 1503 1170 ,
1540 1141 1580 1163 ne
1606 1133 1764 1165 difficilior
1786 1133 1841 1165 fiat
1864 1140 1969 1163 earum

1099 1169 1291 1208 explicatio,
1314 1169 1413 1216 rursus
1429 1172 1586 1205 confundi
1602 1184 1668 1206 non
1691 1182 1855 1215 oportere.
1896 1172 1971 1204 Hoc

1099 1209 1218 1241 Nervae
1237 1210 1266 1242 &
1287 1211 1415 1259 Proculi
1438 1222 1659 1255 argumentum
1681 1216 1796 1248 Paulus
1818 1215 1973 1254 sequenti-

1099 1251 1157 1283 bus
1173 1253 1420 1298 comprehendit
1438 1257 1562 1296 verbis,
1586 1257 1671 1289 Nam
1686 1263 1719 1289 ut
1734 1258 1815 1289 aliud
1839 1255 1879 1296 ⁶²st
1898 1266 1969 1287 veu-

1097 1295 1180 1340 deie‚
1203 1293 1285 1324 aliud
1302 1303 1408 1342 emere,
1432 1297 1509 1328 alius
1526 1305 1650 1338 emptor,
1673 1299 1748 1330 alius
1761 1299 1911 1329 venditor:
1927 1296 1970 1336 fic

1099 1334 1181 1381 alizcci
1205 1332 1244 1380 esi}
1254 1340 1402 1374 pretium,
1425 1337 1484 1368 alia
1503 1349 1604 1371 merx.-
1626 1341 1702 1381 quod
1717 1341 1749 1370 in
1757 1341 1971 1379 permutatione

1099 1376 1221 1414 discerni
1248 1385 1309 1422 nort
1325 1376 1435 1417 potest,
1459 1385 1524 1410 uter
1546 1387 1672 1420 emptor,
1693 1386 1758 1411 uter
1772 1381 1905 1411 venditor
1918 1378 1969 1417 stt.

1098 1415 1179 1456 Imp.
1199 1416 1388 1457 justinianus
1411 1419 1440 1460 ᾗ.
1467 1429 1494 1451 2.
1519 1419 1591 1461 Inst.
1613 1423 1640 1453 b.
1663 1428 1684 1452 t.
1707 1420 1806 1462 ipsum
1830 1422 1862 1452 in
1884 1421 1971 1451 hunc

1097 1457 1198 1504 refert
1216 1459 1367 1505 modum:
1391 1460 1522 1500 Diversis
1537 1463 1638 1501 scholae
1653 1462 1781 1494 αιιέῖονεε
1795 1468 1975 1501 contruseri-

1098 1500 1232 1530 nebant:
1264 1499 1398 1546 aliudque
1429 1501 1479 1542 effe
1513 1501 1714 1545 existimabant
1734 1505 1971 1545 permutationem

1098 1550 1195 1571 rerum
1211 1562 1222 1578 ‚
1251 1540 1332 1571 aliud
1356 1545 1522 1583 emptionem
1547 1545 1583 1578 ὅ)
1616 1545 1832 1576 venditionem:
1863 1544 1971 1584 alioqui

1100 1591 1157 1612 non
1175 1580 1252 1621 poffe
1274 1591 1333 1612 rem
1359 1584 1507 1623 expediri,
1525 1587 1698 1625 permutatis
1721 1587 1822 1624 iebus,
1845 1595 1906 1626 quae
1929 1585 1987 1614 vz'-.
2035 1602 2036 1605 =

1102 1624 1206 1654 deutur
1226 1632 1270 1653 res
1293 1623 1417 1670 venzffe,
1441 1624 1477 1659 ἐξ*
1502 1635 1564 1667 quoe
1585 1629 1670 1666 pretii
1693 1628 1804 1658 nomine
1826 1627 1896 1657 duta
1912 1625 1970 1666 effe.

1102 1674 1171 1695 nam
1187 1670 1340 1706 utramque
1356 1667 1451 1697 videri
1466 1667 1502 1701 ὣ»
1520 1667 1625 1708 veniffe
1643 1668 1679 1702 ὅ)
1695 1669 1779 1705 pretii
1798 1668 1909 1698 nomine
1924 1669 1972 1698 clu-

1103 1712 1163 1752 toni
1180 1705 1247 1745 effe,
1271 1707 1411 1738 rationem
1433 1718 1489 1739 non
1508 1710 1583 1748 pati.
1626 1709 1722 1750 Igitur
1740 1710 1780 1741 lic
1796 1708 1972 1740 breviffinie

1103 1746 1327 1779 Diocletianus
1352 1748 1381 1779 &
1407 1748 1624 1782 Maximianus
1649 1752 1667 1781 l.
1684 1761 1712 1791 7.
1740 1751 1772 1782 C.
1796 1752 1829 1781 de
1843 1760 1898 1781 rer.
1910 1756 1974 1790 per-

1102 1795 1176 1837 mut.
1220 1789 1403 1830 Emptionem
1422 1792 1502 1823 rebus
1513 1791 1583 1832 fieri
1599 1801 1656 1823 non
1674 1791 1747 1832 poffe
1759 1814 1769 1831 ,
1786 1793 1898 1833 pridem
1910 1791 1975 1831 pla-

1102 1835 1188 1875 cuit.¹
1200 1829 1359 1875 Caeterum
1376 1834 1645 1872 permutationem
1662 1842 1756 1875 quam
1770 1833 1802 1865 in
1817 1833 1976 1874 superiore

1105 1872 1210 1912 specie
1233 1871 1389 1913 fecimus,
1413 1873 1469 1906 etfi
1494 1884 1559 1907 non
1580 1874 1617 1907 fit
1633 1876 1773 1916 emptio,
1797 1883 1903 1906 tamen
1920 1874 1974 1905 ha·

1105 1913 1182 1959 bere
1207 1912 1357 1946 effectum
1381 1917 1539 1956 emptioni
1563 1917 1593 1948 δι
1615 1917 1794 1948 venditioni
1812 1926 1878 1948 non
1896 1914 1972 1947 abli-

1105 1955 1234 1993 mirem,
1260 1957 1391 1996 egregie
1418 1956 1566 1989 observat
1589 1957 1772 1990 Gordianus
1796 1957 1814 1988 l.
1832 1967 1859 1989 1.
1886 1958 1918 1988 C.
1941 1947 1973 1987 Ze

1105 2006 1162 2036 rer.
1182 2003 1309 2037 permut.
1338 1997 1488 2030 Therasae
1511 1999 1635 2031 cuidam
1658 2001 1702 2030 ita
1724 1998 1916 2030 rescribens:
1939 1998 1974 2028 Si·

1105 2047 1171 2069 cum
1205 2044 1333 2079 patruus
1365 2045 1436 2070 tuus
1465 2040 1596 2072 venalem
1620 2039 1808 2081 poffcffionem
1837 2040 1969 2076 haberet,

1096 2085 1180 2120 pater
1196 2084 1264 2110 tuus
1277 2081 1364 2120 pretii
1380 2080 1492 2112 nomine
1502 2082 1587 2121 ,licet
1603 2092 1660 2113 non
1677 2087 1781 2113 taxata
1795 2082 1972 2122 quontitate,

1100 2120 1391 2168 ali-ampoffefflonem
1404 2123 1495 2153 dedit:
1518 2125 1602 2165 idque
1617 2125 1691 2165 quod
1705 2123 1898 2162 comparavit,
1913 2131 1970 2152 non

1100 2172 1212 2204 injuria
1226 2162 1363 2202 Judicis,
1385 2172 1436 2195 nec
1447 2166 1541 2205 patris
1557 2166 1600 2196 tui
1615 2166 1699 2206 culpa
1719 2163 1845 2195 evitium
1858 2162 1912 2203 eft:
1934 2163 1971 2193 ad

1100 2203 1261 2244 exemplum
1284 2213 1321 2236 ex
1343 2211 1432 2246 empto
1461 2205 1582 2237 aelionis
1606 2216 1663 2237 non
1687 2207 1825 2237 immerito
1845 2205 1875 2236 id
1896 2204 1969 2246 quod

1100 2251 1153 2276 tua
1176 2243 1312 2284 interelb,
1336 2245 1365 2285 fi
1388 2250 1420 2278 in
1438 2249 1532 2286 patris
1552 2248 1621 2289 jura
1634 2246 1810 2288 ,succeffifizg
1839 2245 1968 2286 consequi

1099 2285 1248 2324 desideras.
1272 2288 1315 2319 At
1331 2289 1406 2320 enim
1415 2287 1445 2327 fi
1460 2299 1525 2320 cum
1541 2289 1651 2322 venalis
1663 2287 1786 2331 poffeffio
1806 2297 1863 2319 non
1878 2287 1942 2328 effet
1955 2309 1965 2324 ,

1095 2330 1271 2369 permutatio
1293 2328 1377 2369 satia
1394 2328 1452 2370 est,
1475 2331 1560 2372 idque
1581 2332 1656 2372 quocl
1672 2333 1707 2362 ab
1722 2329 1885 2369 adversario
1897 2335 1968 2369 prcu-

1097 2368 1200 2410 sutum
1215 2368 1274 2410 est,
1297 2372 1423 2403 evitium
1452 2369 1506 2408 eli:
1528 2375 1602 2413 quod
1625 2373 1724 2404 clatum
1740 2369 1795 2410 esi,
1812 2369 1842 2408 fi
1855 2370 1904 2400 hoc
1916 2369 1969 2399 elo·

1096 2413 1193 2453 geris,
1216 2422 1281 2443 cum
1298 2414 1409 2444 ratione
1424 2412 1536 2454 restitui
1549 2413 1710 2454 postulabis.
1733 2412 1865 2443 Patruus
1880 2409 1912 2441 T
1917 2411 1969 2441 lie·

1100 2452 1172 2485 rasae
1197 2454 1342 2486 venalem
1373 2455 1511 2487 habebat
1531 2455 1750 2493 poffeffionem
1767 2477 1776 2492 ‚
1809 2452 1872 2484 five
1898 2451 1968 2482 fun-

1100 2496 1187 2527 dum.
1199 2504 1269 2527 eam
1284 2495 1506 2536 poffeffionem
1521 2496 1670 2527 Theral'ae
1686 2502 1795 2535 pater,
1811 2503 1884 2525 cum
1902 2493 1968 2524 vel·

1099 2537 1145 2568 let
1168 2545 1295 2582 emere,
1317 2547 1379 2568 nec
1401 2538 1534 2569 haberet
1559 2545 1755 2568 numeratam
1780 2533 1967 2576 pecuniam,

1099 2579 1193 2619 pretii
1218 2578 1367 2617 nomine,
1389 2579 1422 2610 id
1446 2578 1491 2610 est
1506 2601 1515 2616 ,
1545 2587 1604 2619 pro
1629 2586 1793 2610 numerata
1816 2576 1967 2617 pecunia,

1099 2620 1191 2650 aliam
1215 2619 1303 2651 dedit
1326 2619 1544 2659 poffeffionem
1569 2620 1809 2658 inaestimatam3
1838 2617 1907 2655 vel,
1936 2623 1969 2647 ut

1100 2659 1285 2691 Gordianus
1326 2661 1467 2701 loquitur
1483 2684 1493 2700 ,
1531 2671 1597 2693 non
1636 2669 1741 2692 taxata
1782 2659 1966 2700 quantitate.

1103 2702 1220 2748 deinde
1244 2701 1387 2741 posseffio
1413 2711 1430 2732 a
1451 2710 1563 2742 patruo
1580 2704 1693 2734 tradita
1707 2700 1856 2733 Therasae
1870 2698 1969 2740 patri,

1104 2752 1134 2775 ei
1151 2743 1252 2774 evicta
1274 2743 1337 2783 est,
1360 2753 1424 2776 non
1448 2744 1559 2784 injuria
1577 2744 1696 2784 Judicis
1713 2767 1723 2782 ,
1753 2751 1859 2783 neque
1878 2741 1970 2780 culpa

1104 2785 1200 2825 patris
1217 2783 1378 2816 Therasae.
1402 2784 1453 2825 (id
1478 2785 1543 2825 est,
1567 2794 1602 2818 ut
1627 2787 1741 2818 dicitur
1764 2787 1794 2815 in
1813 2785 1832 2815 l.
1852 2788 1880 2818 8.
1899 2781 1970 2816 &l-

1107 2836 1155 2866 15.
1177 2826 1209 2857 C.
1231 2827 1264 2857 de
1280 2826 1366 2858 evirfit.
1391 2826 1436 2858 est
1457 2827 1558 2858 evicta
1575 2828 1650 2868 juris
1672 2825 1815 2866 ratione)
1838 2824 1971 2855 Mortuo

1106 2868 1221 2899 deinde
1230 2867 1479 2908 pati·e,Therasa
1488 2869 1671 2901 succeffitin
1688 2869 1753 2907 eius
1767 2868 1853 2907 iura:
1876 2863 1972 2901 idest,

1104 2908 1187 2940 facta
1196 2909 1240 2940 est
1250 2909 1314 2949 ejus
1328 2909 1431 2942 heres.
1449 2910 1667 2951 quaeritur-qua
1676 2908 1861 2941 actioneiiia
1877 2914 1973 2945 expe-

1105 2950 1158 2982 riri
1177 2951 1300 2981 debeat.
1325 2951 1414 2982 causa
1425 2952 1712 2993 quaerendi,qualis
1727 2947 1971 2990 fitcontrac'tus:

1105 3000 1210 3024 utrum
1229 2994 1352 3032 emptio
1369 2993 1398 3024 ὅ(
1415 2993 1578 3032 venditio,
1600 3004 1637 3025 an
1654 3001 1758 3025 rerum
1771 2994 1973 3032 permutatio,

1104 3033 1227 3072 Aliquis
1252 3035 1338 3065 dicat
1354 3058 1364 3073 ,
1397 3036 1625 3067 contrahentes
1657 3035 1710 3066 hic
1734 3032 1845 3064 tradita
1869 3028 1975 3072 venali

1106 3074 1314 3115 poffeffione,
1346 3075 1419 3107 inde
1440 3078 1499 3108 alia
1523 3076 1707 3118 poffeffione
1728 3070 1819 3114 pretii
1842 3077 1972 3101 nomme

1107 3125 1221 3148 contra
1245 3117 1334 3155 data,
1359 3118 1507 3157 voluiss‘e,
1539 3119 1735 3159 emptionem
1761 3114 1791 3143 δι
1815 3110 1972 3143 venditio-

1106 3167 1179 3189 nem
1210 3159 1409 3190 contrahere.
1445 3165 1726 3201 argumentumque
1754 3153 1815 3185 effe
1837 3176 1847 3191 ³
1884 3149 1972 3193 qUOd

1106 3197 1255 3234 Tiierasae
1275 3210 1292 3232 a
1319 3199 1484 3234 Gordiano
1509 3208 1630 3233 tantum
1658 3206 1717 3230 una
1735 3194 1972 3264 concedituhff·

1940 3241 1970 3261 l)
2008 3252 2009 3257 κ

1849 966 1972 998 Verum
1994 975 1996 979 ’
2012 977 2018 989 ³
