2036 3495
182 90 254 124 216

185 186 254 217 quae
279 176 392 212 dictat,
414 181 472 213 per
493 171 624 204 liberam
648 167 812 209 personam
839 176 905 198 non
930 166 1052 205 adquiri

186 219 278 249 nobis
288 217 529 255 obligationem.
541 210 589 242 sed
601 215 656 251 (ut
667 210 708 240 ait
720 208 874 248 Ulpianus
884 208 902 238 l.
918 217 962 247 15.
979 207 1015 238 D.
1026 209 1054 238 b.

184 259 225 299 z.)
236 258 279 289 cst
291 252 569 297 fingularijure‚vel
580 253 633 292 (ut
644 251 837 281 Africanusi.
847 259 895 290 34.
908 248 948 278 D.
962 250 1052 280 slafan-

186 302 267 338 a'ntz‘)
285 297 329 328 est
347 297 503 335 benigne,
527 301 693 331 receptum
719 290 865 322 adversus
889 299 1054 330 utramque

183 340 342 380 regulam,
359 345 393 367 ut
408 337 428 367 ss
448 343 654 374 procurator,
673 333 724 363 vel
741 333 867 363 debitor
879 354 888 368 ,
902 332 983 362 suam
1001 342 1052 372 pe-

184 381 306 410 cuniam
333 387 402 408 mea
431 376 616 413 voluntate,
648 383 787 413 meoque
813 374 962 410 nornine,
986 382 1053 404 mu-

185 429 267 451 tuam
289 420 361 457 det,
386 427 426 449 ex
444 427 478 448 ea
498 416 717 448 numeratione
735 415 810 446 milii
829 424 883 452 per
894 423 966 445 eum
987 424 1054 454 per-

184 461 257 493 inde
274 460 456 500 adquiratur
473 459 551 489 certi
576 457 758 494 condictio,
782 465 818 486 ac
835 453 853 486 li
877 455 940 494 ipse
959 465 1053 495 pecu-

181 503 265 534 niam
286 500 503 532 numerassem.
548 498 656 538 Atque
674 499 785 529 hocin
804 497 857 528 illa
874 496 975 536 specie
993 496 1055 527 esse

184 545 262 574 citra
273 539 690 580 dubitationem‚Julianum
702 538 1054 578 dixiffeffllpianusast.

182 583 289 626 Quid,
305 583 325 615 si
338 593 438 614 meam
457 582 624 623 pecuniam
642 589 697 611 tuo
715 580 842 620 quidem
854 580 982 610 nomine
1000 580 1053 609 de-

184 629 233 661 di,
262 624 312 656 sed
339 632 371 655 te
395 625 562 663 ignorante
581 622 610 653 ὅ(
629 622 782 653 absente?
805 621 873 651 liaec
890 620 934 650 est
957 620 1054 651 altera

182 667 304 708 species
321 667 347 697 d.
362 666 381 696 l.
397 675 425 702 9.
443 665 471 707 §v
494 670 511 698 8
528 674 557 694 in
570 673 670 703 eaque
681 671 748 693 erat
763 663 862 702 major
879 659 1056 709 dubitatio3

183 711 275 749 quia,
300 717 334 738 ut
351 706 406 738 tibi
423 714 526 737 invito
545 714 601 743 per
617 714 668 736 me
684 703 725 735 fic
743 705 961 744 adquireretur
978 703 1058 734 obli-

182 750 290 791 gatio,
314 746 343 780 id
369 758 433 779 non
466 747 633 777 videbatui·
658 746 773 776 rationi
799 743 1058 776 consentaneum.

182 791 303 832 placuit
321 798 426 821 tamen
446 788 604 826 Aristoni,
621 787 651 818 ἃ
669 786 739 826 post
757 796 829 817 eum
848 786 1058 824 Julian0,dis-

181 832 392 868 sentientibus
403 830 489 861 forte
506 829 591 868 aliis,
608 830 702 859 etiam
721 828 785 859 hoe
802 826 871 857 casu
883 827 938 857 tibi
950 827 1058 866 adqui-

183 875 209 906 ri
227 874 305 904 certi
321 870 578 908 condictionem,
595 869 678 910 quasi
696 880 750 909 per
768 867 972 900 traditionem
989 868 1056 899 bre-

181 915 230 945 vis
249 924 378 952 manue,
400 913 422 944 fi
437 912 664 952 approbaveris
684 920 819 941 nomen:
844 920 883 940 eo
902 910 989 948 quod
1011 919 1055 940 ra-

184 955 332 988 tihabitio
350 955 594 991 retrotrahitur,
621 953 649 983 ὅ(
668 962 739 983 cum
759 952 908 983 mandato
927 959 1055 990 compa-

183 1006 278 1029 ratur.
310 996 372 1028 Sed
388 994 512 1041 quidffii
533 1003 565 1025 tu
580 994 666 1034 cnjus
677 995 807 1025 nomine
825 1002 840 1022 a
855 1002 904 1023 me
915 991 994 1022 faeta
1012 991 1055 1023 est

182 1039 385 1075 numeratio,
409 1046 476 1067 eam
493 1037 674 1076 improbes,
694 1035 832 1066 recusata
851 1035 928 1064 certi
948 1033 1056 1064 condi-

185 1080 318 1111 Ctione‘?
342 1087 463 1110 certum
491 1077 554 1115 est,
579 1078 712 1108 invitum
733 1085 763 1106 te
781 1085 844 1107 nori
871 1075 962 1114 cogi,
988 1083 1056 1105 eam

184 1130 345 1153 exercere.
362 1130 398 1151 an
410 1119 502 1160 igitur
518 1128 579 1160 ego
596 1118 676 1149 hanc
694 1117 797 1148 habeo
808 1127 846 1147 ex
866 1116 1056 1146 numeratio·

183 1173 225 1194 ne
243 1163 339 1194 mea?
362 1163 448 1201 atqui
470 1168 534 1191 non
561 1161 646 1190 volui
665 1169 732 1189 eam
750 1168 818 1190 mea
836 1159 1057 1188 numeratione

184 1204 262 1236 mihi
280 1204 466 1244 adquirere,
492 1202 542 1232 sed
568 1201 636 1232 tibi.
655 1201 788 1241 proinde
811 1209 873 1229 non
895 1198 996 1229 babeo
1015 1197 1058 1229 di·

184 1246 303 1277 rectam
329 1245 504 1280 aetionern,
522 1243 596 1282 quia
613 1251 664 1272 tua
689 1241 732 1272 est
751 1241 837 1281 cujus
855 1240 985 1270 nornine
1005 1249 1058 1271 nu·

184 1295 304 1319 meraca
315 1285 359 1317 est
375 1284 525 1326 pecunia,
542 1283 660 1314 etiamsi
677 1292 776 1314 ratum
794 1291 857 1312 non
876 1281 972 1312 habes
984 1290 1059 1312 con·

185 1328 319 1360 uanum
331 1336 386 1358 tuo
397 1325 671 1366 nominegestum:
687 1332 798 1355 mutuo
808 1322 847 1354 fic
858 1330 990 1362 recepto
1000 1321 1054 1353 fin-

183 1370 282 1411 gulari
298 1372 364 1409 jure
380 1366 526 1398 adversus
543 1367 616 1405 juris
634 1365 845 1397 subtilitatem.
874 1373 933 1394 nec
950 1371 1053 1394 tamen

184 1411 303 1442 invitus
328 1411 453 1450 cogeris
470 1418 538 1439 eain
563 1417 723 1438 exercere.
751 1409 844 1446 plane
863 1406 972 1436 utilem
990 1405 1054 1436 dari

182 1452 262 1485 mibi
281 1452 332 1492 qui
351 1450 533 1486 numeravi,
557 1449 576 1479 fi
595 1457 626 1478 tu
643 1450 730 1487 cujus
748 1446 877 1478 nomine
894 1454 1056 1478 numerata

183 1494 228 1525 est
253 1493 405 1533 pecunia,
431 1499 499 1521 eam
525 1499 620 1520 ratam
639 1499 702 1520 non
722 1489 853 1527 babeas,
877 1497 982 1528 neque
1001 1488 1053 1518 ini-

186 1544 282 1574 quum
301 1533 414 1569 fuerit,
440 1541 544 1570 neque
569 1532 647 1562 citra
664 1530 843 1571 exemplum
860 1529 879 1561 l.
898 1540 926 1569 4.
946 1529 978 1560 C.
988 1530 1016 1560 h.
1033 1535 1054 1559 τ.

184 1576 204 1607 l.
227 1585 250 1607 1.
273 1575 304 1606 C.
322 1576 354 1606 de
369 1574 452 1614 oblig.
471 1572 506 1607 &²
523 1571 580 1603 αὲἶ.

227 1616 325 1654 Dixi,
350 1616 399 1646 cui
419 1618 511 1645 detur
529 1613 608 1645 certi
626 1613 788 1644 condictio
805 1622 845 1644 ex
867 1619 988 1643 mutuo.
1011 1612 1055 1643 di-

182 1667 252 1690 cam
264 1681 273 1696 ,
289 1656 434 1689 adversus
448 1665 542 1696 quem
561 1656 662 1686 detur.
679 1655 769 1686 datur
785 1662 890 1685 autern
909 1653 1054 1685 adversos

181 1709 254 1732 eum
277 1700 329 1740 qui
357 1707 467 1730 mutuo
492 1697 634 1735 accepit:
665 1696 794 1735 utique,
818 1694 836 1726 si
860 1695 929 1735 jure
953 1694 1055 1735 posset

181 1743 347 1781 accipere:
373 1748 444 1771 nam
461 1738 480 1770 fi
499 1748 561 1769 non
580 1736 701 1778 postet,
718 1738 794 1769 licet
810 1737 849 1767 de
865 1735 951 1767 fatto
968 1745 1055 1767 acce-

180 1782 283 1825 perit,
300 1780 446 1813 adversus
456 1786 529 1811 eum
540 1789 604 1811 non
621 1780 712 1810 datur
730 1779 798 1809 haec
807 1788 845 1809 ex
855 1786 967 1808 mutuo
977 1776 1056 1808 certi

181 1824 357 1856 condictio.
382 1821 607 1861 exemplumin
627 1820 767 1861 pupillo:
785 1820 824 1851 de
844 1828 910 1858 quo
927 1821 968 1849 ita
985 1817 1054 1849 scri-

180 1866 229 1898 bit
247 1864 388 1896 Licinius
408 1863 537 1894 Rufinus
557 1863 608 1893 lib.
627 1867 654 1896 8.
682 1861 891 1902 Regularum:
917 1859 1056 1898 Pupillus

179 1916 321 1940 mutuam
339 1904 504 1946 pecuniam
515 1903 705 1944 accipiendo
723 1912 762 1935 ne
779 1903 906 1942 quidem
923 1902 988 1940 jure
1005 1911 1055 1933 na·

181 1948 274 1980 turali
291 1948 451 1988 obligatur
468 1947 486 1977 l.
500 1955 551 1985 59.
575 1946 617 1975 l).
638 1945 670 1975 de
680 1944 793 1984 obligat.
807 1942 843 1977 ὅ)
861 1943 965 1974 aelian.
982 1943 1055 1974 Sen-

181 1990 230 2022 sus
249 1989 312 2027 cst,
336 1997 459 2020 tantum
477 1985 599 2024 abesse,
617 1994 651 2017 ut
669 1985 805 2025 pupillus
819 1986 888 2025 jure
906 1984 994 2016 civili
1013 1993 1054 2015 te-

184 2041 298 2063 neatur
309 2029 500 2070 accipiendo
515 2037 657 2059 mutuam
676 2027 864 2067 pecuniam
883 2033 918 2057 ut
935 2035 1053 2056 neena-

182 2073 274 2105 turali
297 2072 364 2112 jure
391 2071 574 2111 obligetur:
598 2068 617 2100 si
641 2068 785 2099 adversus
810 2076 888 2112 eum·
906 2067 1057 2107 dirigatur

181 2116 331 2147 naturalis
356 2112 530 2152 obligatio:
554 2120 623 2142 nam
651 2117 716 2141 tum
738 2119 773 2140 ea
795 2110 960 2146 eximitur,
985 2117 1054 2147 pro-

182 2164 256 2196 pter
281 2155 503 2186 conditionem
521 2153 662 2193 personae
680 2151 748 2182 suae.
773 2159 922 2181 caeterum
947 2150 1056 2180 adver-

182 2196 232 2229 sus
262 2197 389 2227 tertium
418 2195 471 2235 qui
504 2203 560 2232 pro
593 2203 633 2224 eo
660 2201 866 2231 quocumque
890 2193 987 2222 niodo
1011 2193 1057 2222 in-

184 2239 344 2275 tervenit,
371 2236 554 2267 sustinetur:
579 2242 613 2264 ut
637 2234 710 2265 alibi
734 2234 846 2264 dicam.
871 2234 957 2271 quod
975 2232 994 2263 fi
1013 2233 1058 2263 lo-

182 2280 343 2320 cupletior
359 2277 459 2309 faetus
476 2276 510 2308 fit
530 2276 686 2316 pupillus,
711 2276 848 2314 placuit,
873 2283 944 2304 eum
962 2274 1057 2305 etiam

182 2322 322 2353 civiliter
347 2318 448 2350 teneri
463 2318 482 2349 i.
507 2328 535 2356 4.
555 2317 583 2359 §.
614 2329 642 2355 4.
666 2318 710 2347 l).
735 2318 767 2346 de
783 2315 837 2346 dol.
862 2316 928 2346 mal.
947 2321 1056 2355 except.

180 2362 253 2403 post
270 2360 538 2393 Constitutionem
562 2359 603 2390 ί).
624 2358 669 2389 Pii
685 2358 705 2389 l.
721 2367 749 2398 3.
768 2357 795 2399 ᾗ.
811 2367 839 2395 4.
858 2356 899 2387 D.
917 2358 948 2387 de
965 2362 1056 2398 negot.

179 2403 249 2445 gest.
268 2405 286 2434 l.
309 2414 337 2445 3.
358 2403 399 2433 D.
421 2402 562 2432 Commod.
585 2399 672 2441 Quid
693 2400 732 2430 de
749 2408 871 2431 minore
891 2398 1057 2429 dicemus?

183 2454 208 2475 is
227 2444 246 2475 si
266 2445 359 2475 babet
377 2451 576 2479 curatorem,
594 2442 738 2481 quianon
757 2439 903 2471 absimilis
922 2440 1057 2470 habetur

182 2487 319 2526 prodigo
337 2486 386 2516 cui
405 2487 481 2516 dato
497 2491 644 2514 curatore
664 2483 755 2512 bonis
771 2480 973 2512 interdic’tuin
991 2480 1056 2517 est,

186 2526 408 2557 contrahendo
425 2527 493 2566 jure
510 2525 595 2556 civili
616 2533 679 2554 non
698 2523 874 2562 obligatur:
897 2521 947 2553 sed
963 2521 982 2553 fi
1003 2522 1054 2552 de-

181 2567 327 2600 stituatur
336 2576 500 2605 curatore,
517 2565 730 2607 quialiberam
753 2563 848 2595 habet
864 2562 1056 2594 administra-

183 2610 307 2641 tionem
323 2609 440 2639 suarum
457 2616 578 2639 rerum:
605 2608 709 2637 verius
734 2604 800 2643 est,
825 2614 898 2636 eum
917 2604 1001 2635 recte
1021 2613 1056 2634 o-

183 2648 293 2692 bligari
310 2649 376 2688 jure
394 2650 498 2681 civili:
520 2648 573 2681 sed
597 2647 685 2689 posse
707 2647 739 2678 in
756 2647 917 2688 integi-um
935 2644 1055 2677 restitui

860 2706 1216 2751 TITUL‘th

623 65 1587 118 GenAnn1Noonr‘Comits'

1094 165 1113 197 l.
1127 175 1155 206 3.
1165 166 1198 197 C.
1216 167 1249 198 de
1265 168 1296 198 in
1310 168 1415 206 integr.
1432 164 1522 207 restit.
1536 166 1606 197 min.
1626 164 1678 197 sed
1694 173 1760 207 quo
1769 163 1975 209 ifi'odomuls-

1097 206 1174 252 chre
1193 208 1329 248 disputat
1348 208 1446 249 Gajus
1463 208 1482 238 l.
1501 217 1536 246 27
1563 207 1592 248 §.
1613 214 1638 238 1.
1661 208 1702 238 I).
1722 208 1752 237 de
1769 209 1888 239 minorib
1917 204 1984 241 De*

1095 247 1299 281 filiofamilias
1316 249 1549 288 hicquidquam
1567 249 1646 287 dici,
1664 247 1740 281 nihil
1757 248 1886 281 attinet}
1898 249 1969 291 quia

1097 291 1138 320 de
1154 300 1194 320 eo
1219 300 1260 321 ex
1287 290 1427 330 professo
1451 298 1560 331 agetur
1579 289 1632 320 sub
1658 288 1792 328 Titulo,
1816 292 1867 321 lje
1883 291 1968 323 Sena·

1097 330 1268 372 zuseonstalto
1286 331 1508 363 Macedoniam.

1140 371 1189 403 De
1218 373 1401 404 civitatibus
1426 372 1596 403 videamus.
1621 371 1661 402 de
1686 370 1732 403 his
1756 372 1800 402 ita
1822 371 1968 412 scripturn

1098 413 1137 443 ab
1160 414 1297 453 Ulpiano
1314 414 1358 445 est
1374 414 1392 447 l.
1412 424 1461 453 27.
1474 415 1518 444 l).
1529 414 1555 444 h.
1566 420 1587 444 z.
1600 412 1719 444 Civitas
1730 413 1969 445 mutuidatione

1100 455 1233 498 obligari
1252 454 1375 494 potest,
1391 455 1410 486 si
1428 456 1465 485 ad
1478 454 1647 485 utilitatem
1658 454 1722 494 ejus
1743 455 1887 493 pecuniae
1904 464 1972 486 ver·

1099 494 1136 540 sae
1153 495 1238 540 lunt:
1260 495 1399 535 alioquin
1417 495 1471 536 ipfi
1488 495 1543 528 soli
1564 496 1616 536 qui
1633 503 1881 534 contraxerunt,
1905 501 1973 529 nott

1098 544 1231 573 emitas,
1255 537 1459 568 tenebuntur.

1141 576 1203 623 Vix
1219 586 1300 617 opus
1310 577 1355 608 est
1370 579 1459 617 addi,
1477 579 1514 609 ad
1533 578 1608 619 quid
1624 587 1663 610 ex
1676 585 1788 610 mutuo
1806 584 1971 616 competat

1097 625 1177 649 certi
1201 617 1383 664 coiidi&io;
1406 628 1478 650 cum
1496 619 1584 659 supra
1607 619 1765 651 ostensum
1792 618 1846 658 fit,
1871 621 1900 649 in
1930 628 1971 650 eo

1098 667 1309 699 quantitatem
1334 659 1397 690 dari
1421 670 1457 691 ea
1482 662 1570 700 lege,
1595 669 1628 692 ut
1654 663 1872 696 tantumdem,
1904 669 1969 692 non

1100 704 1231 745 minus,
1249 701 1398 731 reddatur
1424 700 1454 732 in
1482 702 1597 732 eodem
1624 712 1741 742 genere
1759 704 1785 732 <St
1805 702 1968 741 qualitate.

1101 742 1207 783 petest
1226 743 1321 782 igitur
1352 741 1480 773 debitor
1502 752 1519 772 a
1543 744 1701 774 creditore
1718 746 1754 774 ad
1773 743 1835 773 boc
1851 752 1971 772 conve-

1101 784 1178 821 niri;
1195 784 1223 813 ὅ(
1240 784 1260 813 li
1278 783 1309 813 id
1318 783 1465 822 solverit,
1483 782 1620 814 extincta
1637 785 1696 815 erit
1713 784 1876 815 comitello
1893 784 1972 815 certi

1100 834 1141 856 ex
1165 832 1286 856 mutuo.
1310 824 1362 855 Sic
1385 824 1506 855 Seneca
1533 824 1571 854 lz'b
1607 834 1633 855 2.-
1660 827 1710 855 De
1730 825 1834 862 benefic
1869 836 1883 856 c
1925 829 1970 858 18.

1101 867 1289 907 Diligentius
1304 869 1472 906 quaerendus
1497 865 1643 904 beneficii,
1666 875 1752 907 quain
1770 861 1899 906 pecuniae
1915 875 1974 896 cre-

1099 908 1181 937 dicor⁴
1200 908 1268 937 huit·
1277 910 1351 937 enim
1369 909 1544 938 reddendum
1554 904 1608 946 eft,
1626 915 1766 947 quantum
1775 909 1885 946 accepi,
1897 907 1932 941 ξδ’
1941 905 1971 943 fi

1098 949 1227 985 reddidi,
1238 948 1354 987 solutus
1365 950 1428 984 sitm
1444 959 1476 979 tic
1493 949 1570 978 liber.
1589 947 1619 978 §i
1636 957 1741 979 tamen
1752 950 1878 979 debitor
1890 948 1973 979 nolit

1098 989 1185 1021 simul
1204 998 1308 1020 toturn
1325 989 1447 1021 solvere
1464 990 1627 1028 debitum3
1650 999 1686 1020 an
1710 989 1754 1020 est
1772 990 1947 1022 audiendus
1961 1011 1973 1028 ‚

1098 1030 1119 1062 fi
1136 1040 1260 1070 paratus
1278 1030 1331 1069 fit,
1357 1032 1388 1061 id
1408 1040 1463 1070 per
1481 1039 1584 1070 partes
1607 1030 1756 1062 ibivere?
1782 1029 1873 1061 Hanc
1890 1035 1992 1070 quae··

1098 1072 1233 1103 stionem
1254 1074 1406 1111 proponit
1424 1072 1562 1111 Julianus
1585 1073 1602 1102 l.
1624 1081 1671 1103 21.
1696 1073 1740 1102 D.
1756 1072 1783 1102 h.
1802 1078 1822 1102 t.
1842 1081 1909 1112 quae
1927 1071 1978 1103 est'-
2029 1068 2031 1089 ²

1100 1114 1323 1155 conjungenda
1340 1123 1410 1144 cum
1427 1115 1444 1143 l.
1457 1118 1484 1148 8.
1503 1114 1548 1144 D.
1567 1113 1680 1152 Sipars
1696 1113 1883 1152 hereditatam
1898 1121 1972 1144 cum

1101 1164 1234 1195 utraque
1250 1155 1283 1186 [it
1300 1164 1338 1186 ex
1350 1155 1462 1194 juliani
1480 1155 1590 1192 lib.48.
1605 1154 1807 1194 Digestorum
1820 1178 1828 1192 ‚
1845 1154 1875 1185 &
1893 1155 1972 1194 ejus·

1102 1197 1172 1228 dem
1193 1197 1322 1227 tenoris.
1338 1196 1474 1236 explicui
1487 1205 1651 1236 utramque
1668 1195 1756 1236 supra
1779 1194 1832 1227 sub
1849 1197 1876 1226 d.
1895 1201 1917 1226 t.
1937 1195 1971 1226 Si
2002 1197 2004 1200 '

1094 1245 1166 1278 pars
1184 1238 1276 1268 hereti.
1290 1244 1381 1277 petat.

1143 1278 1311 1319 Reliquum
1325 1279 1385 1315 eil,
1402 1286 1435 1310 ut
1445 1279 1485 1309 de
1502 1276 1740 1317 officioJudieis
1760 1276 1970 1318 dispiciamus-

1101 1319 1136 1352 ld
1155 1323 1185 1352 iti
1204 1319 1419 1360 bocjudicio,
1446 1322 1531 1360 quod
1553 1320 1597 1351 est
1616 1320 1710 1350 stricti
1729 1320 1825 1360 juris,
1850 1320 1972 1359 quippe

1098 1371 1170 1393 curn
1190 1370 1331 1393 mutuum
1350 1361 1384 1392 lit
1400 1362 1580 1392 contractus
1597 1361 1636 1392 ab
1657 1371 1716 1392 una
1742 1370 1861 1391 tantum
1881 1368 1971 1400 parte-¹

1098 1403 1324 1444 obligatorius,
1341 1410 1394 1433 aut
1413 1404 1683 1433 condemnatione
1701 1410 1753 1432 aut
1771 1402 1971 1432 abioiutione

1098 1444 1221 1476 finitur:
1236 1453 1308 1475 cum
1324 1445 1354 1475 in
1374 1445 1464 1475 bonae
1481 1443 1553 1474 fidei
1568 1443 1691 1483 judiciis
1709 1443 1744 1474 sit
1762 1443 1902 1474 latiffima
1918 1443 1970 1482 Ju-

1098 1485 1175 1516 dicis
1195 1485 1333 1526 porestas
1352 1486 1534 1525 exaequo&
1555 1486 1642 1516 bono
1659 1484 1813 1515 statuendi
1833 1486 1921 1522 quod
1940 1483 1970 1514 ci

1099 1530 1223 1558 Videtur
1239 1526 1267 1568 ᾗ.
1284 1536 1334 1567 30.
1354 1525 1424 1566 Inst.
1441 1525 1613 1557 deastionib.
1631 1535 1726 1566 quare
1738 1526 1801 1556 hoc
1818 1524 1970 1564 judicium

1098 1570 1191 1600 etiarn
1209 1567 1365 1599 incertum
1383 1567 1577 1607 appellatur:
1592 1576 1664 1598 cum
1681 1566 1756 1597 illud
1772 1565 1807 1597 fit
1824 1574 1971 1604 certum-,-

1099 1610 1152 1641 ubi
1176 1609 1319 1649 judicem
1351 1608 1489 1640 formula
1514 1609 1665 1646 includit,
1697 1608 1726 1639 &
1750 1616 1858 1638 certos
1883 1616 1965 1646 quos

1099 1661 1163 1682 non
1182 1652 1335 1688 excedat,
1360 1651 1513 1681 terminos
1540 1659 1642 1690 ponit.
1667 1659 1730 1681 non
1755 1649 1848 1689 igitur
1864 1647 1970 1688 potest

1098 1693 1128 1724 in
1144 1693 1286 1732 praesenti
1303 1691 1405 1732 judex
1423 1692 1725 1723 condemnationem
1737 1690 1832 1731 pluris
1841 1699 1894 1720 aut
1912 1690 1973 1721 mi-·

1099 1735 1185 1766 noris
1210 1733 1335 1765 facere:
1357 1732 1408 1764 sed
1432 1741 1465 1764 ut
1489 1734 1573 1771 dixi,
1605 1741 1728 1763 tantum
1755 1731 1858 1770 potest
1883 1740 1972 1763 reum

1097 1776 1260 1807 absolvere
1278 1782 1331 1806 aut
1347 1776 1570 1806 condemnare.
1587 1774 1616 1806 ὅ(
1634 1775 1676 1806 ita
1694 1772 1846 1814 Ulpianus
1861 1773 1891 1804 in
1905 1773 1927 1804 l.
1943 1781 1972 1805 1.

1098 1819 1145 1848 D.
1162 1819 1194 1848 de
1211 1818 1347 1857 interrog.
1364 1818 1394 1847 in
1405 1817 1467 1858 jur.
1484 1816 1546 1854 fao.
1767 1848 1770 1851 ,

1140 1858 1191 1890 De
1209 1858 1305 1890 usuris
1315 1857 1486 1889 videamus.
1503 1857 1558 1888 has
1575 1867 1615 1889 ex
1633 1865 1746 1890 mutuo
1763 1866 1828 1888 non
1841 1855 1973 1895 deberi,

1099 1909 1211 1932 mutuo
1231 1899 1428 1939 consequens
1446 1898 1506 1930 est:
1531 1900 1650 1939 quippe
1678 1907 1749 1930 cum
1776 1906 1919 1930 mutuum
1936 1896 1975 1928 fic

1097 1943 1277 1983 gratuitum.
1293 1941 1338 1972 Sit
1355 1949 1395 1972 ita
1407 1964 1416 1979 ,
1433 1940 1453 1972 fi
1471 1949 1558 1971 mora
1583 1941 1666 1972 nulla
1683 1939 1902 1971 intervenerit.
1921 1937 1975 1969 sed

1099 1985 1195 2024 quid,
1219 1981 1307 2014 fiilia
1325 1982 1639 2017 acculetur2adhuc
1664 1981 1748 2012 idem
1770 1981 1816 2020 jus
1834 1979 1894 2010 est:
1917 1988 1979 2010 an·¹
2035 1996 2036 2008 l

1098 2025 1186 2066 gusta
1206 2025 1324 2065 Judicis
1349 2023 1525 2064 potestate,
1556 2024 1685 2063 utique,
1717 2021 1738 2053 fi
1762 2022 1839 2053 nibil
1866 2020 1902 2051 fit
1928 2021 1971 2051 de
2013 2032 2036 2051 .“

1099 2066 1195 2097 usuris
1212 2066 1346 2106 pactum.
1369 2067 1434 2096 imo
1459 2065 1487 2095 δι
1513 2063 1531 2095 li
1557 2063 1608 2096 sit:
1631 2073 1702 2095 nam
1728 2072 1768 2094 ne
1785 2062 1826 2094 sic
1841 2063 1973 2102 quidem

1099 2109 1275 2145 debentur,
1299 2116 1370 2146 quia
1393 2106 1537 2146 paetum,
1569 2104 1711 2144 quamvis
1735 2107 1764 2135 in
1790 2100 1979 2138 continenti.

1099 2149 1253 2189 adjtstum
1271 2148 1448 2179 conti-actui
1464 2146 1555 2178 stricti
1569 2147 1661 2186 juris,
1678 2155 1750 2176 cum
1769 2155 1840 2176 eum
1858 2152 1975 2186 auget,

1101 2193 1128 2221 ei
1152 2201 1213 2221 non
1233 2189 1330 2227 inest,
1355 2188 1494 2228 utsupra
1512 2188 1770 2227 demonstratum.
1795 2187 1870 2226 quid
1894 2195 1972 2226 ergo

1100 2231 1170 2263 est?
1196 2232 1294 2263 solum
1312 2230 1469 2261 debentur
1486 2239 1525 2260 ex
1543 2238 1655 2265 mutuo
1673 2228 1789 2267 usurae3
1813 2227 1832 2259 si
1851 2227 1908 2258 sint
1924 2227 1974 2258 ffl-
2001 2226 2003 2230 ’

1101 2274 1264 2313 pulatione
1290 2271 1463 2312 promiss'ae:
1491 2279 1557 2302 tum
1574 2272 1657 2302 enim
1683 2279 1721 2301 ex
1748 2269 1894 2308 stipulatu
1916 2277 1979 2309 pe·-

1101 2323 1228 2353 tuntur;
1248 2323 1308 2344 nec
1321 2313 1382 2353 jam
1401 2321 1564 2350 mutuum,
1580 2310 1632 2343 sed
1648 2311 1756 2342 foenus
1780 2310 1972 2350 appellatur.

1100 2355 1243 2387 Nonius:
1268 2356 1416 2386 M'utuum
1434 2354 1574 2392 afoenore
1589 2353 1638 2384 hoc
1653 2350 1760 2392 distat:
1783 2353 1856 2391 quocl
1873 2357 1970 2382 mutu-

1100 2408 1147 2428 um
1157 2396 1220 2435 sirie
1244 2396 1361 2434 usuris,
1378 2396 1481 2435 foenus
1507 2404 1571 2425 cum
1593 2395 1688 2433 usitrz's
1705 2393 1854 2432 sumitur,
1879 2392 1915 2430 {⁵9⁹
1933 2390 1972 2432 est

1099 2439 1316 2479 acceptisoettis.
1340 2439 1415 2468 unde
1437 2435 1473 2470 59⁹
1489 2436 1591 2475 foenus
1614 2434 1722 2466 dibhrm
1743 2432 1798 2473 est,
1822 2439 1855 2463 ut
1873 2434 1972 2468 Groece

1104 2482 1209 2517 τέκέμ,
1228 2477 1649 2520 quafipartusmuiuisumpti.
1676 2475 1775 2506 plaut..
1791 2471 1876 2511 Astu.
1890 2473 1975 2506 Nam

1100 2521 1120 2556 fi
1142 2530 1254 2552 mutuo
1270 2529 1332 2550 non
1345 2526 1477 2558 potero,
1495 2526 1614 2548 certum
1627 2516 1688 2554 est,
1708 2515 1824 2546 sumam
1834 2515 1978 2553 soenore.

1105 2562 1190 2594 Unde
1205 2559 1347 2601 honestius
1363 2566 1500 2590 mutuum
1521 2556 1577 2598 eft,
1602 2559 1676 2599 quod
1694 2559 1743 2593 lub
1758 2560 1846 2587 auzito
1864 2556 1970 2597 ciffestu

1093 2602 1152 2644 fiat
1164 2627 1174 2642 ‚
1190 2610 1284 2634 tamen
1292 2605 1347 2637 usu
1356 2602 1485 2640 temporis
1496 2599 1641 2639 rieceffizrii
1644 2600 1757 2639 foenore
1757 2603 1873 2639 sumere
1882 2598 1969 2630 cie-cet.

1098 2645 1161 2676 Sed
1178 2645 1217 2676 de
1235 2643 1330 2675 usuris
1345 2642 1478 2683 proprio
1494 2639 1609 2672 Titulo
1626 2641 1680 2672 lib.
1694 2650 1744 2672 22.

1272 2712 1312 2746 11

517 2787 566 2820 De
577 2786 798 2833 jurejurando,
818 2783 888 2830 five
903 2784 1094 2825 voluntario,
1115 2780 1185 2826 five
1206 2777 1364 2824 neccffizrio
1378 2804 1388 2822 ,
1407 2778 1476 2826 five
1486 2779 1639 2825 judiciali.

200 2859 213 2930 Ι
258 2856 396 2919 ΙΙρίεηυε
413 2853 526 2886 lib.22.
553 2856 599 2886 Ad
619 2856 764 2887 Edictum
785 2855 850 2897 egit
867 2854 906 2886 de
924 2854 1058 2885 interro·

296 2896 476 2939 gationibus
492 2897 598 2935 injure
608 2896 780 2929 faciendis:
796 2897 991 2928 monstrante
1011 2894 1059 2926 In-

186 2942 360 2981 scriptione
377 2938 396 2969 l.
414 2947 441 2968 2.
457 2948 485 2976 4.
502 2941 532 2968 6.
561 2945 607 2966 11.
633 2937 668 2970 ὅ)
685 2948 733 2968 21.
756 2939 801 2968 D.
819 2941 852 2968 de
870 2939 1005 2977 interrog.
1026 2937 1059 2966 in

181 2984 244 3025 jur.
253 2983 316 3022 fac.
337 2988 437 3019 eaque
454 2977 620 3009 occasione
637 2978 818 3016 explicuisse
842 2986 937 3019 caput
955 2977 1058 3008 Edicti

189 3024 242 3055 De
266 3021 485 3062 jurejurando,
514 3018 653 3059 spectans
686 3020 723 3048 ad
751 3019 978 3058 exceptionem
1001 3027 1058 3049 reo

189 3067 321 3095 dandam
333 3087 341 3100 ,
365 3062 384 3093 si
398 3062 550 3101 juraverit
566 3059 755 3089 conditione
770 3061 870 3090 delata
881 3084 890 3098 ,
914 3058 1059 3100 intelligi-

189 3114 239 3136 tur
257 3115 295 3135 ex
314 3104 539 3143 inscriptione,
557 3101 585 3131 ἃ
601 3101 618 3130 l.
635 3111 664 3140 5.
679 3109 708 3139 7.
725 3108 754 3134 9.
775 3101 819 3130 D.
839 3102 866 3130 b.
886 3108 907 3130 ε.
928 3101 971 3131 An
989 3102 1059 3131 atti-

188 3145 269 3188 gerit
294 3153 387 3184 caput
412 3142 608 3184 propositum
634 3143 674 3172 de
699 3140 800 3171 danda
818 3141 917 3170 actori
935 3142 1059 3172 actione

188 3196 220 3220 in
234 3186 374 3225 suetum,
389 3186 442 3226 qui
459 3185 561 3217 delata
577 3183 765 3215 conditione
783 3181 922 3213 similiter
936 3180 1059 3219 jurave·

1101 2851 1161 2891 rit,
1174 2849 1228 2882 vix
1247 2849 1380 2888 dubito,
1396 2858 1530 2890 propter
1546 2857 1694 2880 tenorem
1710 2848 1729 2880 l.
1742 2857 1788 2880 12.
1807 2846 1843 2882 δ’
1862 2856 1906 2888 13.
1926 2844 1979 2878 Ζλ

1101 2895 1129 2923 d.
1157 2899 1178 2924 t.
1203 2900 1274 2932 quae
1298 2890 1392 2922 etiam
1419 2890 1489 2922 sunt
1513 2900 1553 2922 ex
1578 2892 1693 2922 eodem
1713 2890 1766 2921 lib.
1783 2900 1829 2921 22.
1850 2888 1974 2919 (Jaetera

1101 2933 1203 2965 Edicti
1222 2934 1261 2963 de
1285 2932 1486 2972 jurejurando
1510 2933 1614 2972 capita
1639 2930 1792 2970 Ulpianus
1809 2927 1983 2968 conjunxit:

1101 2985 1174 3014 cum
1192 2974 1325 3006 tractatu
1353 2974 1403 3005 De
1427 2974 1520 3004 rebus
1543 2973 1671 3005 creditis
1689 2973 1741 3003 lib.
1762 2976 1810 3004 26.
1835 2971 1881 3000 Ad
1899 2968 1975 3001 Edi-

1102 3017 1202 3049 ctum:
1226 3024 1259 3046 ut
1277 3015 1376 3046 claret
1391 3024 1431 3046 ex
1447 3015 1623 3046 collatione
1643 3012 1855 3052 Inicriptionis
1870 3011 1888 3040 l.
1908 3019 1932 3041 1.
1950 3010 1971 3041 l.

1101 3068 1131 3095 9.
1147 3058 1164 3089 l.
1182 3067 1227 3097 13.
1253 3057 1298 3087 D.
1323 3058 1355 3086 cie
1379 3058 1436 3088 reb.
1463 3058 1538 3088 cred.
1564 3065 1636 3086 cum
1654 3056 1671 3085 l.
1689 3064 1736 3095 34.
1755 3054 1800 3084 D.
1818 3053 1845 3082 h.
1866 3057 1887 3080 t.
1905 3060 1983 3090 quo-

1102 3099 1228 3131 modoa
1245 3096 1416 3137 justiniano
1435 3099 1466 3128 in
1486 3096 1610 3128 Codice
1628 3096 1743 3137 pofitus
1762 3091 1807 3124 est
1820 3090 1973 3132 Titulus,

1101 3137 1149 3171 De
1164 3142 1246 3170 relius
1263 3140 1378 3169 creditzs
1394 3138 1431 3172 δέ)
1440 3139 1652 3179 jurejurand03
1675 3139 1750 3166 item
1768 3143 1785 3164 a
1806 3132 1904 3165 Paulo
1921 3133 1987 3170 lib.⁴

1100 3191 1128 3214 2.
1138 3182 1270 3214 Sentem.
1282 3181 1326 3212 vit.
1341 3189 1365 3212 1.
1377 3180 1420 3213 est
1428 3202 1438 3220 ,
1455 3178 1503 3211 De
1511 3180 1593 3212 rebus
1601 3177 1717 3210 creditis
1726 3175 1984 3247 &jurejurarffgs
