2036 3495
619 114 905 160 Jut1us

961 113 1370 164 Pilutus,&c.

1843 138 1915 175 479

836 229 1054 269 CAPUT
1112 234 1180 271 XI.

108 317 282 364 Aliquando
297 320 418 356 evenire
429 347 438 362 ,
464 318 687 366 mitescentibus
699 320 856 368 paulatim
873 322 1027 358 hominum
1043 323 1180 370 ingeniis
1189 338 1203 369 ‚·
1214 362 1216 365 ,
1229 335 1264 364 ut
1282 340 1347 375 quce
1370 339 1442 368 ante
1461 340 1550 368 erant
1565 335 1598 373 in
1610 337 1772 383 praecepcis
1783 363 1793 378 ‚
1818 336 1902 372 dein-

155 372 190 402 de
203 370 244 402 acl
251 370 336 415 juris
351 370 474 415 regulas
489 368 658 416 transeant.
672 395 676 398 -

155 466 220 512 ipsa
227 465 291 511 fibi
296 464 440 512 faceret,
464 468 580 513 puniri.

712 371 792 416 Ejus
817 373 862 406 rei
886 372 1058 419 exemplum
1074 385 1224 422 perquam
1245 378 1372 425 elegans
1396 380 1454 427 ff
1472 382 1503 416 in
1517 383 1727 429 expositione,
1752 383 1795 425 ὅ)
1813 397 1904 429 nece,

154 428 260 452 recens
283 419 350 451 nati
370 416 522 463 infantis:
548 420 622 455 item
646 421 678 454 in
697 422 910 466 procuratione
935 422 1070 458 abortus.

1118 426 1253 474 Quando
1269 430 1390 474 coeperit
1407 431 1522 465 crimen
1541 434 1676 468 abortivi
1693 435 1772 480 quod
1793 435 1902 470 mulier

633 469 676 503 Et
701 480 742 503 an
771 480 791 503 a
817 470 981 517 constitum
1006 471 1033 505 ei
1051 479 1143 518 plena
1166 476 1248 510 reete
1257 475 1322 521 fiat
1340 488 1558 525 argumentum
1576 482 1619 516 ad
1628 492 1750 528 poenam
1766 482 1902 529 infantis

153 515 351 569 eupasituni,
377 523 432 549 aut
451 517 516 550 neci
524 541 536 559 ,
557 515 713 563 positam?
739 519 813 553 Non
828 519 936 554 videri.
987 519 1175 558 Marcianus
1190 521 1231 562 δέ’
1248 524 1459 571 Tryphoninus
1476 527 1630 574 expcfitil.
1650 540 1708 575 39„
1724 532 1769 567 D,
1788 533 1823 566 de
1837 542 1901 579 με.

155 574 223 607 ms,
252 566 292 618 φ’
308 564 332 617 Ι.1
347 566 441 605 40.
468 565 502 599 de
520 567 777 619 extraordinariis
797 568 988 606 criminibus.
1039 570 1139 605 Aliud
1159 574 1331 620 exemplum
1351 577 1385 611 in
1394 576 1646 625 fideicommiffi's.
1699 579 1799 615 Aliud
1813 583 1846 616 in
1859 588 1904 614 te-

145 612 442 660 stimomojannlzce
459 617 602 660 emptoris
619 613 661 655 c?
678 617 805 652 heredis.
853 616 938 651 Item
953 618 985 651 in
1001 618 1144 664 beneficio
1162 622 1277 657 ordinis
1300 625 1377 669 qaod
1385 624 1614 671 fidejuffiiribus
1629 630 1780 674 competit.
1835 629 1902 664 De-

150 664 240 709 nique
257 662 549 708 insimulationibus
563 662 604 703 {³5⁰
617 664 859 715 promifflonibus
871 666 998 712 jocandi
1014 670 1115 703 animo
1123 668 1237 714 fanis,

154 723 205 747 am
221 710 262 751 &²
280 710 452 757 Censorium
467 714 680 758 cognitionem.

107 821 210 898 Vix
227 821 350 861 possum
367 821 443 854 mihi
461 830 660 864 temperare3
677 824 752 865 quin
769 824 984 865 superioribus

191 865 321 902 addam,
337 863 509 903 aliquando
526 864 613 905 fieri,
630 865 868 898 mitescentibus
885 866 984 906 magis

106 909 274 941 hominum
291 905 451 938 moribus:
475 915 510 938 ut
528 917 597 949 quae
615 907 766 939 hactenus
784 906 985 939 substiterant

106 951 138 983 in
149 950 230 990 Juris
247 949 434 989 praeceptis,
451 949 484 979 in
500 950 649 988 decreta,
666 949 717 980 seu
728 949 870 991 regulas,
887 955 983 979 trans·

107 1001 201 1031 eant3
226 991 255 1021 &
270 998 364 1030 quam
382 998 455 1021 ante
471 1000 537 1023 non
549 991 743 1030 habuerant,
767 989 984 1023 neceffitatem

105 1036 276 1076 accipiant.
317 1029 372 1062 Est
390 1033 475 1064 enim
492 1034 521 1065 ἀ
544 1042 580 1065 ea
597 1041 647 1065 res
668 1033 817 1071 curiosae‚
837 1039 934 1072 atque
951 1031 983 1062 in

104 1078 173 1118 jure
198 1075 301 1112 utilis,
325 1073 578 1114 observationis3
601 1073 654 1105 sed
678 1083 739 1106 nec
756 1076 795 1106 ab
817 1070 983 1104 1100111111-

108 1128 181 1150 tuto
198 1118 317 1148 alienae.
340 1113 446 1147 Poffet
464 1124 552 1148 certe
569 1118 602 1148 in
620 1115 667 1147 his
686 1125 754 1155 quae
770 1117 810 1148 de
826 1113 983 1160 infantum

108 1159 309 1200 expositione
330 1156 360 1187 &
378 1158 466 1188 caede
485 1158 574 1198 supra
590 1157 766 1198 disputavi,
784 1157 858 1188 inde
876 1156 981 1200 aliqua

108 1201 249 1233 subnasci
275 1198 449 1238 haefitati03
473 1200 560 1239 quod
573 1199 635 1238 jam
657 1199 734 1229 olim
753 1206 826 1230 ante
843 1196 983 1235 Valenti-

107 1246 255 1279 nianum,
273 1241 461 1278 Valentem,
478 1242 507 1271 ἀ
520 1239 728 1277 Gratianum,
744 1241 810 1271 imo
819 1244 892 1269 ante
901 1237 982 1283 ¹Pau·

107 1287 171 1317 lum
194 1291 343 1324 quoque,
369 1283 513 1321 placuit,
542 1281 681 1322 graviter
705 1280 807 1320 puniri
832 1278 982 1324 mulieres

107 1337 177 1366 quae
197 1324 367 1356 xiscei·il>us
385 1323 464 1362 suis,
484 1332 549 1361 quo
568 1331 692 1361 partum
711 1322 896 1363 abigerent,
910 1328 982 1365 -vim

105 1366 241 1399 intulisse
259 1366 451 1395 dicei-entur.
488 1362 593 1402 Nam,
617 1362 637 1394 11
656 1360 904 1395 animadversum
921 1360 984 1392 fuit

105 1411 136 1441 iii
164 1418 215 1439 cas
239 1415 310 1447 quae
336 1408 524 1437 occiderent
543 1413 667 1446 partum
693 1407 836 1436 nondum
855 1411 982 1448 natum,

107 1459 228 1491 quanto
251 1447 360 1489 justior
385 1446 447 1478 fuit
470 1456 565 1486 poena
588 1447 734 1477 adversus
759 1452 906 1487 pai-entes
927 1453 981 1484 qni

106 1500 231 1533 partum
255 1497 363 1521 natum
387 1488 633 1520 interficerent?
657 1488 754 1529 Atqui
769 1488 831 1528 jam
849 1486 981 1532 Cicero-

105 1535 153 1566 nis
177 1540 344 1572 tempore,
367 1538 462 1570 atque
485 1530 567 1561 adeo
585 1537 659 1560 ante
677 1530 829 1575 1330111111,
855 1534 982 1574 punitas

106 1574 198 1606 fuisse
223 1573 370 1604 mulieres
396 1581 467 1610 quae
490 1579 614 1612 partum
640 1571 827 1612 abigei-ent,
850 1578 890 1600 ex
916 1578 982 1614 ejus

109 1615 267 1647 Oratione
293 1614 349 1644 Pro
375 1613 506 1644 Cluentio
527 1614 621 1644 Avito
638 1612 778 1644 ostendit
793 1610 980 1656 Tryphoru-

107 1667 167 1689 nus
186 1658 205 1688 l.
225 1666 273 1695 59.
293 1654 333 1685 Ι).
350 1655 383 1685 de
396 1657 507 1695 paenis:
529 1655 558 1685 <St
576 1662 729 1694 pree-terea
747 1653 856 1690 addit,
874 1652 983 1697 mulie-

108 1708 197 1735 rem,
221 1690 242 1729 11
265 1705 333 1737 quae
360 1695 429 1736 post
448 1695 622 1727 divortium
648 1694 818 1739 visceribus
841 1692 900 1725 suis
917 1694 982 1724 vim

110 1739 273 1777 intulerit,
298 1746 337 1768 ne
360 1738 421 1777 Jam
438 1737 569 1768 inimico
586 1738 702 1768 marito
716 1735 816 1767 filium
835 1743 982 1780 procrea-

108 1790 177 1819 ret,
193 1788 288 1811 etiam
299 1779 337 1809 ab
349 1777 719 1818 ι11110611110111111311011113
735 1777 903 1816 temporali
920 1777 983 1821 exi-

110 1824 156 1855 lio
175 1822 350 1853 coercitam
367 1819 468 1851 fuiss'e.
493 1818 571 1851 Non
581 1818 676 1860 igitur
686 1818 815 1850 dubium
833 1817 982 1863 est‚quin

109 1873 177 1896 tum
204 1862 306 1902 puniri
331 1870 461 1901 quoque
487 1860 656 1893 debuerint
681 1867 827 1900 parentes
843 1882 853 1897 ,
884 1857 906 1889 fi
929 1868 982 1904 qui

109 1914 234 1946 partum
246 1912 354 1935 natum
366 1903 555 1934 occiderent
565 1925 574 1941 ,
590 1909 643 1933 aut
656 1907 881 1945 exponerent.⁴
894 1898 984 1946 Quid

110 1946 269 1978 dicimus?
293 1954 356 1976 non
376 1944 418 1975 sic
433 1943 519 1975 recte
534 1942 693 1983 disputari.
738 1940 917 1987 Nonrenim
934 1941 986 1973 illa

109 1988 165 2018 hic
186 1986 315 2027 quaestio
335 1984 400 2024 est,
425 1993 530 2016 utrum
547 1984 678 2016 infantis
695 1983 931 2029 expositionem
946 1992 984 2012 ae-

110 2038 193 2070 que,
210 2037 307 2067 atque
321 2027 503 2058 abortivum
515 2049 524 2064 ,
540 2026 617 2058 olim
629 2025 811 2066 oportuerit
828 2023 984 2071 Crvrliju·

108 2080 144 2102 re
172 2070 290 2110 puniri:
315 2068 366 2099 sed
390 2077 427 2099 an
453 2076 523 2107 quae
548 2076 643 2107 poena
667 2076 708 2097 eo
728 2067 796 2107 jure
813 2074 903 2106 aeque
919 2066 983 2104 1111,

105 2120 205 2151 mque
224 2111 315 2148 huic,
339 2109 448 2141 sceleri
464 2109 562 2140 fuerit
579 2108 763 2140 constituta.
801 2107 901 2148 Quod
918 2116 984 2139 non

110 2161 232 2185 temere
247 2151 392 2183 dixerim.
424 2159 495 2182 nam
512 2149 532 2181 11
549 2159 619 2190 quae
634 2150 747 2181 mulier
764 2148 828 2189 ipsa
843 2148 898 2180 sibi
916 2158 984 2190 par-

112 2203 179 2225 tum
202 2194 362 2234 abigeret,
386 2192 471 2223 nulla
490 2192 617 2223 videtui·
634 2189 779 2222 adversus
797 2199 865 2221 eam
884 2190 985 2236 posita

107 2235 185 2275 jure
201 2235 295 2265 Civili
311 2233 402 2265 fuisse
419 2242 528 2273 poena:
552 2241 742 2273 quamquam
761 2231 878 2263 Cicero
894 2240 925 2263 111
942 2231 984 2263 Ο-

113 2277 239 2309 ratione
256 2275 313 2306 Pro
329 2275 459 2305 Cluentio
468 2274 560 2306 Avito
572 2270 701 2314 scripsit,
712 2273 865 2305 Milesiam
878 2282 985 2314 quam-

111 2319 185 2349 dam
201 2317 384 2354 mulierem,
401 2325 473 2347 cum
490 2314 567 2347 esset
581 2316 611 2346 in
628 2315 715 2353 Asia,
740 2316 826 2354 quod
844 2315 883 2345 ab
898 2314 987 2346 here-

112 2360 205 2391 dibus
221 2357 382 2395 secundis,
399 2357 463 2388 sive
480 2356 670 2395 substitutis,
686 2364 817 2396 accepta
834 2357 987 2402 pecunia,

114 2409 239 2441 parrum
259 2398 313 2431 fibi
331 2399 572 2430 medicamentis
592 2397 655 2439 ipsa
677 2396 845 2438 abegiffet,
870 2407 914 2428 rei
934 2407 987 2429 ca-

114 2442 219 2483 pitalis
236 2440 299 2473 esse
315 2441 503 2472 damnatam.
529 2438 605 2471 Non
624 2440 708 2470 enim
724 2439 788 2469 hoc
804 2439 986 2479 exemplum

113 2483 221 2524 (quod
238 2483 336 2514 miror
352 2491 417 2513 non
442 2481 550 2513 vidiss'e
566 2489 619 2513 aut
643 2480 797 2520 jacobum
822 2480 988 2521 Cujacium

115 2525 163 2555 lib.
183 2534 226 2560 19v
248 2523 369 2563 Olgl'erv.
388 2533 413 2555 c,
431 2532 469 2561 9,
486 2532 539 2554 aut
555 2522 710 2562 jacobum
729 2521 916 2554 Raevardum
940 2522 987 2553 lib.

115 2575 147 2605 3.
165 2564 328 2606 Conjeaan.
344 2574 368 2595 c.
389 2564 436 2604 1.)
455 2565 493 2596 ad
510 2573 576 2595 rem
594 2565 743 2605 pertinet.
777 2563 888 2594 Potuit
904 2565 989 2594 enim

117 2606 238 2646 legibus
261 2605 467 2645 moribusque
488 2606 618 2646 aliquus
640 2610 671 2636 in
698 2604 765 2636 Afia
790 2603 909 2636 Gentis
934 2605 990 2640 suo

118 2647 238 2676 utentis
262 2647 348 2685 iure,
371 2645 413 2677 fic
434 2647 564 2686 judicari
589 2647 699 2678 recte:
721 2656 793 2677 cum
819 2646 991 2687 praesertim

119 2687 276 2718 Veterum
292 2689 502 2727 quorumdam
528 2686 780 2728 Legissatorum,
804 2688 833 2719 &
849 2688 991 2719 nomina-

120 2728 179 2759 tim
193 2726 334 2768 Lycurgi
352 2737 389 2757 ac
405 2727 532 2759 Solonis
543 2752 552 2766 ,
565 2729 713 2760 institutis
731 2729 927 2760 vindicatum
945 2728 994 2759 fu-

121 2768 175 2801 isse
192 2768 323 2799 abortus
341 2769 480 2806 crimen,
505 2768 649 2801 Galenus
664 2770 775 2802 auctor
792 2770 848 2810 fit,
869 2771 918 2802 lib.
943 2770 994 2802 An

121 2807 280 2846 animalsic
296 2810 326 2840 id
344 2811 418 2850 quod
432 2811 465 2840 in
482 2815 561 2840 utero
577 2808 616 2851 ‘st
631 2821 655 2843 c.
671 2822 700 2851 5.
725 2812 787 2843 Sed
804 2821 863 2843 nos
883 2812 923 2843 de
941 2811 993 2842 usu

118 2851 195 2884 Fori
221 2849 356 2881 Romani
382 2850 565 2889 quaerimus:
587 2853 628 2882 de
651 2861 716 2894 quo
733 2852 812 2884 nihil
831 2853 948 2885 Cicero
965 2853 992 2883 d.

121 2893 171 2924 loc.
191 2901 252 2923 nec
274 2890 435 2929 Galenus3
452 2900 550 2930 puto,
567 2894 656 2932 quod
680 2893 712 2925 id
739 2894 860 2933 scelus,
884 2902 993 2934 quain-

123 2943 218 2974 quam
245 2932 354 2964 Romae
378 2942 394 2962 a
418 2932 560 2965 foeminis
579 2956 588 2971 ‚
619 2936 713 2965 etiam
739 2934 994 2973 honestioribus,

113 2976 267 3015 *quotidie
288 2975 315 3005 (St
333 2973 402 3004 fei-e
419 2975 522 3014 palam
537 2974 778 3015 admitteretur,
794 2984 900 3008 tamen
919 2977 995 3017 legi-

113 3015 180 3049 ?bus
198 3017 402 3055 moribusque
420 3015 462 3046 ibi
483 3016 671 3056 impunitum
688 3016 778 3048 ess'et.
817 3018 952 3049 Sceleris
970 3018 992 3048 1-

113 3058 197 3090 :flius
216 3058 411 3097 quotidiani,
435 3056 518 3095 quasi
538 3058 614 3088 liciti
629 3065 725 3097 atq-ue
739 3058 905 3098 impuniti,
930 3068 994 3091 me-

115 3101 215 3132 !minit
238 3099 359 3130 Seneca
384 3099 525 3136 Consolat.
549 3100 587 3129 ad
610 3098 751 3129 Helviam
766 3107 885 3130 matrem
900 3110 925 3131 c.
949 3103 994 3132 16.

119 3142 157 3173 in
176 3141 280 3172 verbis
300 3150 369 3180 quae
391 3140 531 3172 adferam
555 3141 649 3180 paulo
672 3140 751 3179 post.
795 3140 995 3182 Frequentiae

121 3184 194 3222 ejus
210 3183 333 3214 sceleris
350 3191 442 3214 etiam
460 3183 604 3214 meminit
621 3181 760 3216 Ovidius
775 3181 858 3226 Eceg.
878 3182 925 3215 De
939 3193 994 3217 nu-

119 3234 174 3264 ne,
197 3224 303 3257 verbis
320 3223 542 3266 sequentibus:

1290 673 1446 708 Notabilis
1463 673 1642 721 differentia
1660 678 1741 711 inter
1755 677 1900 712 Praetori-

733 715 866 751 Vatroni
881 716 935 749 lux
952 715 1011 750 loco
1028 718 1149 763 egregio
1171 716 1213 758 E?
1230 719 1362 766 obscuro,

1070 825 1166 858 Nunc
1181 832 1296 861 uterum
1312 832 1402 864 vitiat
1415 841 1477 874 quae
1494 833 1560 865 vult
1577 834 1700 875 formosa
1716 836 1829 867 videri.-

1107 867 1247 909 Raraque
1263 872 1296 902 in
1312 873 1362 903 hoc
1378 883 1436 904 aevo
1451 873 1490 914 est
1507 885 1569 916 qam
1583 877 1653 907 velit
1670 876 1721 917 effe
1733 883 1851 917 parens.

1025 906 1227 980 x{egaminus
1248 912 1408 951 juvenalis
1431 915 1494 946 Sat.
1519 919 1549 948 6.
1575 926 1649 950 vers.
1673 927 1745 959 593.
1770 918 1807 952 ὅθ
1819 921 1901 960 seqq·

1070 990 1125 1021 Sed
1133 991 1213 1032 jacet
1232 999 1336 1026 aurato
1350 996 1406 1026 vix
1422 996 1482 1027 ulla
1491 1003 1637 1039 puerpera
1652 999 1730 1031 leno.

1068 1030 1197 1063 Tantum
1217 1040 1294 1066 artes
1311 1035 1418 1076 hujus,
1442 1043 1560 1070 tantum
1576 1041 1766 1073 medicamina
1778 1042 1901 1082 prosunt

1069 1071 1264 1146 Qz‘cicesten'les
1271 1077 1372 1116 facit,
1396 1085 1483 1119 acque
1497 1080 1622 1112 homines
1636 1084 1667 1113 in
1682 1089 1784 1115 ventre
1798 1094 1902 1117 necan-

1126 1124 1165 1147 os.

1027 1154 1160 1201 Optime
1178 1157 1338 1196 Juvenalis
1348 1160 1411 1198 ait,
1435 1161 1467 1192 in
1483 1170 1596 1194 ventre
1611 1165 1716 1195 necari
1735 1164 1902 1197 homines:

1026 1196 1079 1231 ied
1097 1206 1210 1229 contra
1225 1198 1359 1233 invaluit
1376 1200 1529 1234 sententia
1545 1203 1903 1247 existimantium‚quod

1026 1247 1133 1278 partus
1148 1240 1293 1285 nondum
1311 1243 1434 1282 editus,
1458 1244 1700 1286 qualiscumque
1718 1246 1814 1285 effer,
1837 1247 1903 1279 sive

1026 1280 1129 1325 adhuc
1147 1281 1312 1322 informis,
1327 1283 1392 1315 five
1407 1285 1468 1324 jam
1485 1284 1660 1323 formatus,
1677 1295 1710 1317 ut
1728 1290 1811 1326 apud
1828 1288 1903 1319 Phi-

1028 1322 1181 1362 losophus
1205 1327 1406 1365 complui-es,
1431 1325 1473 1358 fic
1491 1327 1522 1358 111
1541 1326 1627 1359 Foro
1644 1327 1812 1367 Romano,
1837 1338 1902 1360 ma-

1028 1365 1082 1394 tris
1100 1364 1229 1403 quidem
1245 1365 1275 1397 &
1292 1365 1445 1399 viscerum
1463 1368 1634 1400 haberetur
1656 1369 1765 1409 portio
1786 1369 1805 1400 l.
1827 1378 1852 1401 1.
1871 1370 1903 1411 §.

1028 1413 1054 1435 1.
1070 1403 1116 1450 D.
1135 1407 1168 1435 cle
1182 1413 1284 1451 ‘uentre
1293 1408 1481 1447 inspiciendo.-
1498 1408 1549 1441 sed
1567 1410 1713 1449 interim,
1729 1418 1903 1451 antequam

1025 1445 1128 1476 editus
1144 1445 1241 1485 esset,
1265 1458 1330 1479 11011
1347 1450 1434 1481 recte
1451 1450 1529 1482 homo
1547 1452 1717 1484 dicei-etur.
1742 1452 1795 1484 Sic
1815 1453 1903 1485 enim

1024 1487 1212 1527 Papinianus
1235 1489 1347 1521 definit
1361 1491 1380 1521 l.
1400 1501 1429 1527 9.
1449 1491 1478 1532 §.
1500 1501 1525 1523 1.
1543 1492 1584 1523 D.
1603 1493 1655 1524 Aa
1671 1493 1759 1534 legem
1777 1493 1904 1525 Falcidi·

1024 1538 1090 1565 am,
1107 1528 1136 1559 <St
1151 1530 1293 1571 plerique
1310 1531 1514 1571 Philosophi,
1530 1537 1613 1573 apud
1624 1532 1786 1566 Galerium
1802 1536 1829 1566 d.
1847 1535 1900 1567 loc.

1026 1570 1055 1601 ἃ
1073 1569 1295 1611 Plutarchum,
1319 1573 1366 1603 lib.
1382 1583 1412 1614 5.
1432 1573 1480 1604 De
1490 1574 1608 1614 placitis
1625 1575 1859 1615 Philosophorum
1875 1586 1902 1608 c.

1029 1620 1076 1651 15.
1096 1611 1132 1645 &²
1149 1622 1172 1643 e.
1193 1617 1239 1643 26*
1264 1614 1370 1653 Atque
1386 1624 1427 1646 eo
1447 1615 1566 1646 minus:
1583 1615 1829 1656 quia&editum
1845 1626 1902 1648 na-

1027 1660 1160 1693 tumque
1178 1653 1355 1694 infantem,
1378 1657 1527 1696 quamdiu
1545 1666 1610 1688 nou
1633 1656 1712 1689 esset
1729 1657 1853 1699 agnitus
1869 1667 1903 1690 a-

1025 1694 1236 1735 liquejuffus,
1252 1703 1444 1737 exponere,
1467 1705 1564 1739 atque
1588 1698 1684 1730 etiam
1709 1708 1843 1738 nccare,
1865 1698 1903 1731 li-

1027 1736 1141 1767 cebat:
1167 1745 1338 1777 propterea
1357 1740 1445 1779 quod
1460 1738 1581 1779 infans,
1606 1740 1757 1779 quamdiu
1780 1740 1905 1774 nullum

1027 1777 1159 1808 nutricis
1170 1778 1313 1810 officium
1324 1780 1560 1820 intervenisset,
1577 1781 1696 1822 vulgari
1710 1791 1820 1814 errore
1835 1791 1905 1815 non

1027 1818 1197 1850 haberetur
1213 1819 1331 1853 homo:
1354 1830 1390 1853 ut
1405 1831 1447 1854 ex
1464 1821 1600 1854 Philone
1615 1822 1727 1863 Judaeo
1741 1822 1904 1856 ostensum

1027 1859 1128 1900 supra.
1173 1860 1215 1892 Et
1239 1869 1364 1901 tamen,
1390 1864 1463 1904 quia
1481 1864 1611 1896 homine
1635 1873 1820 1904 concepto,
1843 1863 1902 1898 etfi

1027 1902 1169 1933 nonduin
1187 1903 1277 1934 edito
1289 1927 1299 1942 ‚
1322 1913 1429 1945 neque
1447 1906 1576 1945 agnito,
1596 1905 1657 1945 jam
1677 1906 1815 1938 hominis
1830 1906 1903 1947 spes

1027 1951 1113 1981 erat3
1138 1944 1212 1975 ideo
1229 1945 1287 1976 viri
1309 1944 1379 1985 justi
1396 1946 1426 1977 &
1443 1948 1505 1987 pii,
1528 1955 1600 1978 cum
1619 1946 1807 1986 Christiani,
1831 1955 1902 1982 tum

1028 1983 1194 2023 Gentiles,
1217 1986 1257 2017 ab
1274 1988 1341 2026 eJus
1358 1988 1464 2023 caede,
1488 1997 1678 2028 quamquam
1694 1989 1817 2030 legibus
1835 1989 1904 2021 lici-

1028 2033 1076 2064 ta,
1093 2033 1198 2058 tamen
1218 2028 1381 2068 improba,
1397 2029 1530 2068 perinde
1544 2036 1640 2069 atque
1656 2039 1672 2061 a
1685 2029 1903 2068 vetita,absti·

1027 2068 1094 2099 neri
1115 2069 1362 2108 praecipiebant:
1387 2071 1526 2110 denique
1546 2071 1713 2102 laudabant
1732 2069 1900 2110 foeminas,

1027 2110 1122 2140 etiam
1145 2110 1277 2141 illustres
1295 2112 1323 2141 ἂ
1341 2111 1501 2151 egregia83
1524 2112 1611 2151 quod
1631 2121 1647 2143 a
1664 2113 1816 2151 concepti
1833 2121 1902 2153 pai·-

1027 2159 1077 2182 tus
1095 2150 1224 2182 elisione
1243 2151 1464 2184 abhorrerent.
1494 2161 1565 2193 quae
1582 2152 1697 2195 frigida
1714 2152 1819 2185 fuilset
1836 2155 1901 2186 lau-

1027 2193 1114 2224 datio
1126 2215 1135 2230 ,
1159 2191 1179 2223 11
1197 2202 1232 2222 ea
1245 2202 1293 2223 res
1311 2193 1433 2234 legibus
1442 2201 1496 2225 aut
1508 2194 1650 2226 moribus
1663 2195 1725 2235 jam
1742 2203 1808 2228 tum
1828 2204 1901 2235 pro·

1027 2233 1129 2264 hibita
1153 2232 1269 2265 fuiffet.
1312 2233 1363 2265 Ex
1379 2234 1444 2266 hoc
1457 2244 1576 2276 genere
1592 2235 1638 2268 est
1654 2236 1731 2269 illud
1748 2236 1901 2276 Senecae,

1030 2274 1138 2312 Consol.
1163 2276 1200 2305 ad
1217 2274 1358 2306 Hebviam
1376 2281 1496 2309 matrem
1515 2279 1545 2308 d.
1563 2287 1586 2309 c.
1607 2281 1653 2309 16.
1684 2277 1851 2319 Nunquam
1874 2282 1902 2310 te

1023 2316 1228 2357 foecunclitatis
1245 2322 1320 2355 tuce,
1337 2315 1419 2358 quasi
1433 2320 1617 2358 exprobraret
1631 2324 1759 2357 ceratem,
1773 2320 1903 2359 puduit:

1029 2366 1201 2397 nunquam,
1224 2367 1298 2389 more
1313 2359 1438 2390 aliarum
1460 2361 1564 2400 quibus
1587 2360 1678 2391 omnis
1700 2361 1904 2392 commendatio

1029 2409 1065 2430 cx
1080 2399 1180 2437 forma
1198 2400 1309 2439 petitur
1324 2422 1334 2439 ,
1365 2401 1564 2434 tumescentem
1583 2407 1698 2432 uterum
1718 2400 1905 2442 abscondisti,

1029 2439 1110 2481 quast
1130 2442 1259 2472 indecens
1279 2451 1369 2479 onus,
1391 2450 1442 2473 nec
1463 2443 1544 2472 intra
1560 2441 1670 2481 viscera
1688 2448 1741 2474 tua
1755 2449 1906 2483 conceptas

1021 2487 1088 2522 spes
1103 2483 1253 2513 liberorum
1267 2480 1373 2523 elz'fisti.
1413 2482 1479 2522 Jam
1496 2481 1632 2514 Ovidius
1649 2483 1696 2515 lib.
1714 2494 1743 2516 2.
1760 2484 1906 2517 Amorum

1031 2523 1114 2563 Eleg.
1136 2532 1181 2562 14-
1209 2524 1272 2555 tale
1296 2525 1406 2555 amicae
1421 2523 1480 2554 suae
1499 2523 1619 2563 scelus,
1642 2524 1725 2596 quati
1749 2525 1906 2567 impium,

1032 2573 1068 2596 ac
1086 2564 1275 2605 flagitiosum
1290 2588 1301 2604 ,
1333 2563 1414 2596 serio
1432 2565 1625 2604 detestatur;
1661 2566 1700 2598 ed
1716 2575 1821 2607 poenae
1839 2576 1908 2599 non

1033 2606 1197 2644 meminit,
1221 2606 1275 2638 11111
1297 2606 1422 2637 divinae.
1467 2605 1540 2638 Nec
1558 2607 1648 2639 aliter
1664 2607 1905 2649 Athenagoras,

1034 2648 1192 2689 Legatione
1206 2654 1259 2687 pro
1276 2644 1449 2687 Christianis
1467 2654 1536 2689 pag.
1556 2653 1606 2689 38.
1633 2648 1664 2680 id
1682 2648 1748 2688 est,
1771 2649 1827 2681 sub
1846 2649 1906 2681 Di-

1036 2691 1084 2721 vis
1100 2688 1280 2726 Fratribus;
1302 2697 1394 2727 cum,
1418 2688 1498 2732 Qui,
1521 2691 1642 2730 inquit,
1664 2691 1797 2723 mulieres
1820 2692 1909 2723 medi-

1035 2732 1178 2762 camentis
1193 2730 1333 2761 abortivis
1349 2735 1479 2769 utentes,
1502 2730 1626 2763 homines
1641 2733 1782 2771 occidere,
1808 2731 1845 2767 ὅ)
1859 2741 1908 2764 ra·

1037 2773 1142 2802 tionem
1163 2772 1326 2803 reddituras
1351 2770 1431 2811 Deo,
1452 2773 1585 2804 dicimus.
1627 2771 1682 2805 De
1704 2773 1760 2806 suo
1775 2781 1907 2813 quoque

1037 2820 1184 2853 tempore
1209 2811 1426 2845 Tertullianus
1443 2837 1454 2853 ,
1483 2813 1684 2856 Apologetico‚
1708 2815 1741 2846 id
1765 2814 1828 2850 est,
1851 2813 1908 2859 sub

1037 2854 1193 2894 Septimio
1210 2854 1329 2886 Severo
1348 2853 1402 2887 sub
1419 2864 1484 2895 quo
1497 2856 1529 2887 id
1546 2855 1637 2895 Opus
1652 2855 1792 2895 scripsit,
1808 2853 1849 2886 fic
1864 2860 1909 2885 ait

1034 2902 1097 2936 cap.
1118 2905 1146 2932 9-
1179 2895 1272 2927 Nobis
1284 2905 1353 2928 v‘vero
1369 2897 1515 2929 homicidio
1529 2898 1614 2937 semel
1630 2895 1798 2934 internato,
1821 2895 1910 2927 etiam

1037 2943 1201 2978 conceptum
1216 2944 1316 2976 utero,
1332 2939 1400 2970 dum
1416 2939 1511 2970 adhuc
1519 2939 1646 2981 sanguis
1660 2939 1691 2969 in
1707 2938 1845 2983 hominem
1861 2937 1909 2967 de·

1037 2979 1191 3016 liberatur,
1216 2978 1362 3019 dzffolvere
1381 2989 1440 3012 non
1465 2980 1539 3012 licet.
1584 2978 1744 3011 Homicidii
1754 2975 1909 3026 [estznan‘o

1039 3018 1097 3061 est,
1114 3020 1260 3060 prohibere
1280 3021 1376 3059 nasci:
1399 3031 1451 3053 nec
1472 3022 1578 3059 refert,
1602 3025 1701 3051 natam
1723 3028 1788 3059 ques
1804 3024 1913 3059 eripiat

1038 3063 1182 3098 animam,
1202 3072 1242 3094 an
1265 3068 1425 3099 nascentem
1447 3061 1603 3103 disturbet:
1626 3061 1703 3091 homo
1716 3057 1784 3107 ,est’
1807 3058 1845 3096 δ’
1859 3061 1913 3102 qui

1038 3101 1076 3144 eft
1083 3103 1227 3143 futurus,
1250 3103 1417 3145 &fruetus
1432 3105 1522 3136 omnis
1529 3104 1593 3144 jam
1607 3103 1639 3132 in
1646 3101 1757 3148 semine
1773 3100 1822 3142 est.
1845 3101 1912 3135 Sed

1038 3147 1124 3185 quod
1147 3145 1191 3177 1111
1217 3154 1284 3178 tum
1302 3156 1367 3178 non
1386 3146 1482 3186 legis,
1505 3143 1557 3175 sed
1577 3150 1748 3183 praecepti,
1772 3142 1835 3175 ess‘e
1853 3153 1912 3190 ve-

1035 3187 1149 3219 riffime
1166 3187 1407 3226 existimabant,
1432 3187 1533 3225 impp.
1559 3185 1696 3216 Severus
1721 3185 1752 3217 δι
1774 3185 1912 3218 Antoni-

1033 3236 1093 3262 nus
1108 3231 1141 3262 in
1157 3229 1265 3270 nuptis
1281 3230 1377 3270 paulo
1392 3226 1463 3269 post
1478 3228 1518 3258 ad
1534 3225 1615 3266 Juris
1631 3227 1792 3269 regulam,
1813 3234 1912 3302 at‘que

1824 3276 1841 3299 a
1865 3277 1908 3301 eo
