2036 3495
443 151 509 192 An
543 157 633 191 [ΛΒ.
666 150 722 190 lis.
758 153 858 189 Τιτ.
887 154 927 189 ΙΙ.
963 155 1058 206 *Quod
1070 162 1169 191 metus
1187 154 1279 202 causa
1293 154 1411 204 gestam
1430 153 1498 193 erit.

577 218 600 232 N

62 251 154 284 herio
170 250 218 282 lib.
243 258 269 281 r.
293 247 362 280 Rer.
378 247 485 288 quotid.
502 257 525 279 c.
548 255 595 283 19.
611 245 641 277 in
659 245 687 276 d.
705 244 724 275 l.
744 255 771 286 3.
795 252 906 277 verum
923 254 939 276 a

63 293 144 335 justo
162 291 213 323 seu
230 300 321 329 aequo
340 289 501 329 separanti.
753 328 759 333 .
780 329 785 333 .

104 333 180 366 Non
206 334 308 364 minus
332 332 465 361 vertitur
488 330 518 360 in
539 327 639 359 causae
663 336 873 368 cognitioiie3
897 338 938 360 ne

64 376 141 416 quid
161 375 281 406 Praetor
299 372 393 403 facile
410 379 511 402 mutet
533 379 573 401 ex
592 369 801 408 solemmbu53
826 371 855 401 id
871 370 935 409 est,

65 427 107 449 ex
123 417 236 448 ordine
254 414 346 455 iuris:
370 413 399 444 &
419 420 522 443 tamen
540 434 549 449 ,
587 411 638 442 ubi
655 411 785 450 aequitas
803 412 935 442 evidens

64 457 187 499 poscit,
211 455 373 487 subveniat
390 453 461 484 laeso
481 452 560 492 Juris
580 451 760 484 subtilitate.
795 453 888 484 Casus
906 462 934 484 e-

62 501 171 540 legans
190 499 208 529 l.
226 508 253 538 7.
271 497 297 527 h.
316 502 337 526 t.
357 495 477 534 Aliquis
498 495 527 524 in
543 494 610 532 jure
626 494 740 526 citatus
760 504 842 525 voce
861 504 936 535 prae·

64 550 174 578 coniS,
198 548 261 570 non
288 537 459 577 respondit.
487 536 530 565 ob
552 536 614 565 1100
637 545 727 567 more
742 537 936 576 judiciorum

64 583 304 622 pronuntiatum
322 577 488 609 aPraetore
504 576 567 614 est,
581 586 805 608 contumacem
824 578 936 608 videri.

64 625 119 656 ille
143 619 310 654 confestim
334 620 410 649 adiit
436 618 609 649 Praetorem
641 619 745 650 adbuc
774 618 937 649 sedentem

67 674 127 706 pro
144 662 307 695 tribunali:
333 668 445 698 petens
461 658 491 690 in
511 660 669 700 integrum
687 659 826 698 restitui3
850 661 938 700 quod

67 706 163 743 dicit,
188 704 217 734 se
234 701 366 734 defuiss'e
383 701 467 732 nulla
486 700 535 731 sua
559 703 669 741 culpa,
694 701 745 732 sed
762 710 870 741 parurn
887 710 938 732 au-

67 748 131 779 dita
150 754 230 776 voce
248 744 415 784 praeconis.
443 752 480 773 an
499 742 611 774 recte?
637 743 775 773 haerebat
797 742 940 774 Marcius

66 789 178 820 Avitus
197 786 335 818 Praetor:
354 786 459 824 quod,
477 794 495 814 e
513 794 544 814 re
563 784 687 824 publ1ca
706 783 767 815 effe
785 784 940 815 existima-

65 837 135 867 ret,
159 828 234 858 nihil
254 828 365 858 mutari
383 836 423 857 ex
441 825 642 857 solemnibus.
675 834 787 857 contra
807 826 938 865 urgebat

65 871 197 910 aequitas
220 868 360 909 petentis
391 870 422 899 in
453 868 610 908 integrum
638 866 871 898 restitutionem
897 866 941 896 ob

64 914 174 954 justam
205 910 348 947 causam,
372 909 401 941 &
425 909 551 949 quidem
577 908 769 947 confestim,
800 907 942 939 Praetore

67 954 172 986 adbuc
195 951 325 982 sedente
348 961 406 992 pro
431 950 590 982 tribunali.
621 959 714 991 igitur
739 948 901 981 consultus
925 957 943 979 a

66 996 208 1028 Praetore
221 993 372 1033 Princeps
385 1015 394 1030 ,
410 1001 468 1031 pro
480 990 528 1022 sua
546 992 741 1032 benignitate
758 992 942 1031 aequitatem

67 1035 241 1078 praeferens
262 1035 356 1074 rigori
374 1034 449 1074 juris
462 1057 471 1070 ‚
488 1033 647 1073 permilit,
671 1034 700 1064 in
722 1033 878 1072 integrum
896 1041 942 1063 re-

69 1078 156 1110 stitui
181 1085 252 1108 eum
265 1099 273 1113 ‚
292 1076 345 1116 qui
364 1085 427 1107 non
447 1074 496 1106 sua
512 1075 623 1116 culpa,
648 1073 700 1106 seu
720 1073 941 1111 contumacia,

70 1117 238 1155 defuiffet3
255 1117 306 1148 sed
324 1117 411 1158 quod
429 1125 546 1147 vocem
564 1118 719 1156 praeconis
735 1123 842 1156 parum
857 1115 943 1146 audi-

69 1160 170 1192 viffet.
203 1158 312 1191 Simile
328 1159 469 1190 occurrit
482 1158 511 1188 in
530 1156 559 1204 ᾗ
582 1166 604 1188 1.
624 1159 650 1188 d.
667 1157 686 1189 l.
705 1166 732 1198 7.
751 1156 943 1197 proponitur

71 1202 114 1234 ibi
124 1201 235 1241 aliquis
251 1199 313 1231 line
325 1199 373 1231 sua
383 1200 473 1240 culpa
489 1197 621 1230 abruiss'e
638 1197 750 1229 fraude
765 1196 941 1229 adversarii.-

71 1243 240 1284 quaeritur,
258 1249 360 1272 utrum
373 1241 473 1272 danda
488 1239 560 1271 laeso
575 1238 611 1270 fit
629 1239 712 1270 aCtio
731 1240 770 1269 de
788 1239 865 1269 dolo
878 1262 886 1274 ,
905 1245 944 1268 an

72 1287 105 1317 in
136 1286 293 1324 integrum
325 1281 492 1313 restitutio.
519 1281 582 1312 hoc
606 1280 726 1311 mavult
753 1279 944 1311 Marcellus:

71 1324 242 1367 praefatus‚
267 1324 353 1364 quod
380 1331 414 1353 ut
437 1321 529 1368 poffit
547 1322 653 1353 locum
671 1321 788 1351 habere
804 1320 886 1351 afflo
905 1321 945 1352 de

72 1367 169 1404 (101ος
187 1374 290 1397 tamen
310 1364 354 1395 est
369 1364 444 1394 boni
464 1363 629 1399 Praetoris,
655 1362 760 1402 pocius
780 1362 945 1393 restituere

74 1409 182 1444 litem,
201 1413 234 1437 ut
249 1406 329 1437 ratio
347 1404 376 1436 δι
399 1406 529 1444 aequitas
547 1403 683 1444 postulat
699 1427 708 1441 ‚
733 1412 827 1444 quam
849 1403 944 1434 36110-

74 1459 145 1481 nem
162 1447 312 1479 famosam
330 1446 540 1478 constituere:
565 1453 660 1485 atque
677 1454 716 1475 eo
734 1446 853 1485 magis,
873 1446 946 1485 quia

74 1492 114 1523 ad
130 1490 211 1524 hanc
227 1497 293 1520 tum
312 1489 439 1520 demum
457 1487 502 1518 est
523 1486 800 1526 descendendum3
826 1496 899 1518 cum
917 1495 946 1516 a·

76 1532 108 1563 lii
123 1531 267 1562 remedio
284 1530 377 1561 locus
396 1528 458 1560 effe
475 1538 539 1560 non
562 1527 676 1569 potest.

117 1572 220 1611 AEque
244 1571 375 1610 pulchra
400 1570 443 1602 est
460 1570 592 1610 sequens
608 1569 809 1609 observati03
832 1569 946 1610 (quam

80 1612 290 1653 quorumdam
312 1610 422 1650 fuiffe,
446 1613 489 1642 ait
511 1612 703 1643 Callistratus
717 1611 738 1643 I.
753 1623 781 1649 4.
800 1611 841 1642 D.
858 1611 885 1641 h.
904 1612 947 1651 t.)

80 1664 120 1685 ne
136 1655 160 1685 is
176 1653 228 1693 qui
252 1653 282 1683 in
307 1653 463 1693 integrum
486 1652 600 1683 restitui
628 1652 783 1692 postulat,
805 1653 948 1684 audiatur

82 1702 215 1737 propter
234 1692 302 1724 satis
319 1695 480 1725 minimam
497 1703 562 1725 rem
582 1696 631 1725 vel
652 1696 820 1725 lummam:
842 1703 948 1734 quam-

81 1746 175 1778 quam
200 1744 263 1766 non
289 1734 425 1775 semper3
450 1734 502 1766 sed
520 1734 540 1766 fi
557 1736 666 1776 maj0ri
693 1737 735 1766 rei
752 1745 805 1767 aut
823 1735 947 1767 summae

81 1777 313 1819 praejudicetur.
339 1786 409 1808 nam
425 1777 478 1815 (ut
496 1778 620 1817 egregie
638 1777 750 1809 Paulus
767 1777 786 1808 l.
796 1788 844 1818 54.
858 1777 899 1808 D.
917 1779 949 1808 de

78 1818 220 1862 judiciis)
236 1827 299 1848 non
316 1826 447 1858 oportet
463 1819 571 1857 majori
590 1819 767 1858 cognitioni
779 1828 834 1859 per
846 1819 948 1850 mino-

81 1870 148 1892 rem
168 1858 289 1891 causam
308 1858 375 1890 fieri
397 1859 619 1899 praejudicium.
647 1860 744 1900 major
759 1861 843 1891 enirn
864 1869 946 1901 quae-

81 1901 142 1934 stio
158 1901 314 1932 minorem
332 1900 451 1932 causam
470 1901 506 1931 ad
526 1899 554 1931 se
570 1900 674 1932 trabit.
720 1901 836 1933 Similis
852 1902 949 1942 aequi-

82 1951 130 1974 tas
147 1942 335 1980 adhibetur,
358 1941 379 1973 s1
405 1941 523 1973 famosa
546 1942 627 1973 actio
645 1941 680 1973 fit
697 1944 736 1973 de
753 1944 829 1974 dolo
854 1944 948 1975 malo.

81 1993 154 2016 nam
169 1993 209 2014 ne
221 1983 289 2013 haec
303 1983 451 2023 quidem,
466 1982 486 2014 fi
501 1982 672 2014 fitmodica
689 1983 822 2022 summa,
838 1985 870 2016 id
886 1984 948 2022 est,

79 2034 182 2065 usque
199 2025 238 2055 ad
261 2025 341 2056 duos
366 2034 496 2064 aureos,
520 2024 616 2056 debet
633 2026 697 2056 dari
715 2026 735 2057 l.
753 2035 782 2062 9·
799 2026 827 2068 §.
842 2026 895 2057 ult.
913 2025 950 2061 &³

82 2067 102 2098 l.
120 2076 166 2098 10.
187 2065 228 2096 D.
244 2066 277 2096 de
293 2066 352 2096 dolo
368 2066 450 2097 malo.

122 2108 240 2140 Praeter
257 2107 324 2137 haec
334 2107 377 2138 ait
391 2107 502 2139 Paulus
519 2107 566 2139 lib.
580 2117 604 2139 1.
622 2109 750 2140 Sentent.
767 2109 806 2140 tit
834 2118 862 2150 7.
882 2109 910 2151 §.
923 2119 951 2150 3.

83 2149 116 2181 in
133 2148 230 2180 causae
253 2149 441 2189 cognitione
460 2149 558 2187 verti;
584 2159 623 2181 ne
639 2151 668 2180 in
688 2151 846 2192 integrum
865 2150 952 2182 resti·

84 2191 168 2221 tutio
184 2190 271 2229 plus,
293 2199 384 2229 quam
403 2189 515 2227 semel,
540 2192 741 2224 decernatur.
784 2191 850 2224 Nisi
867 2193 952 2231 (hoc

82 2232 164 2263 enim
181 2231 379 2271 addendum)
394 2240 478 2262 nova
493 2232 646 2272 allegetur
663 2232 760 2266 causa.
779 2240 846 2264 tum
866 2235 951 2265 enirn

83 2273 166 2304 aliud
182 2272 244 2303 dici
262 2271 367 2310 placet
378 2277 427 2303 tot.
444 2274 488 2304 tit.
508 2274 540 2304 C.
560 2273 593 2304 Si
596 2275 702 2314 saepius
719 2276 750 2305 in
765 2279 870 2316 integr.
884 2274 948 2315 rest.

120 2313 175 2344 Est
192 2313 221 2344 δε
239 2313 289 2344 illa
305 2312 477 2352 inspectio,
491 2323 594 2345 utrum
612 2315 683 2346 laeso
700 2324 821 2347 tantum
840 2315 951 2347 subvea

81 2356 202 2391 niatur,
226 2363 264 2385 an
282 2354 376 2385 etiam
395 2354 459 2394 ejus
478 2355 666 2395 heredibus,
683 2358 870 2398 caeterisque
889 2357 951 2388 suc-

81 2395 265 2469 {effossbff'
287 2397 317 2427 ὅτ.
340 2395 458 2436 spectat
477 2396 539 2428 11υο
562 2397 688 2439 elegans
714 2397 840 2439 Ulpiani
864 2399 954 2431 locus

123 2477 174 2510 Ne
201 2479 253 2510 illa
279 2479 407 2519 quidem
432 2479 563 2520 quaestio
582 2480 621 2512 ab
644 2481 707 2512 1100
724 2480 840 2513 Titulo
855 2482 955 2514 fuerit·

84 2519 202 2559 aliena3
225 2519 276 2551 ubi
301 2522 440 2559 petenda
471 2521 506 2552 sit
529 2521 558 2552 in
584 2524 741 2563 integrum
766 2524 953 2554 restitutio?

85 2561 188 2600 placet
203 2570 281 2591 vero
299 2561 544 2594 Diocletiano&
560 2563 760 2595 Maximiano
777 2565 796 2597 l.
816 2575 842 2596 2.
856 2565 887 2596 C.
909 2564 951 2595 U-

88 2601 116 2631 bi
132 2600 167 2634 &³
184 2603 258 2640 apud
275 2611 357 2642 quem
371 2613 450 2644 cogn.
472 2605 504 2634 in
527 2606 631 2643 integr.
656 2604 720 2646 rest.
740 2607 806 2646 peti
823 2607 852 2637 in
877 2606 954 2636 loco

86 2642 237 2687 domicilii
254 2644 309 2673 rei.
332 2644 360 2674 δί
378 2644 478 2675 recte:
501 2644 522 2676 fi
541 2646 733 2678 restituenda
748 2647 783 2678 fit
801 2648 831 2678 in
850 2646 952 2688 perso-

87 2691 159 2714 nam
177 2682 269 2712 aetio.
293 2691 324 2714 at
348 2683 368 2714 fi
385 2685 415 2714 in
432 2694 496 2716 rem
514 2686 596 2718 attio
615 2688 668 2720 fit:
692 2689 734 2720 nil
753 2696 860 2727 vetat,
884 2697 954 2719 eam

89 2723 146 2794 νὲἰ.
168 2723 199 2754 in
222 2723 297 2754 loco
318 2725 360 2755 rei
381 2724 442 2756 fitae
459 2726 606 2766 postulari
625 2729 644 2760 l.
666 2739 694 2760 2.
713 2729 746 2761 C.
776 2729 836 2760 Uln'
851 2731 884 2760 in
898 2739 957 2760 rem

88 2774 106 2795 a
137 2773 172 2795 zo.

130 2804 208 2838 Non
230 2805 332 2838 minus
359 2806 465 2847 potuit
481 2805 537 2838 sub
549 2807 613 2840 hoc
629 2808 745 2844 Titulo
761 2812 895 2853 cogitari
917 2811 957 2842 de

984 253 1133 286 tempore
1150 246 1297 286 petendae
1314 247 1343 277 in
1358 246 1517 287 integrum
1533 244 1752 279 restitutionis.
1777 246 1812 278 Id
1828 248 1861 279 iti

983 288 1131 319 omnibus
1155 287 1257 319 Edisti
1283 289 1422 328 partibus
1455 289 1531 320 olim
1555 288 1615 319 fuit
1639 297 1737 319 annus
1760 289 1857 320 utilis.

983 328 1045 360 Sed
1071 329 1155 359 hunc
1182 329 1211 359 in
1240 330 1428 369 quibusdam
1457 331 1593 362 mutavit
1619 329 1858 362 Constantinus.

981 379 1052 401 narn
1072 370 1102 400 in
1119 370 1245 401 actione
1260 372 1299 401 de
1325 372 1402 402 dolo
1428 380 1487 410 pro
1513 381 1596 403 anno
1614 372 1682 402 utili
1700 371 1860 403 substituit:

979 411 1142 443 biennium
1163 412 1351 443 continuum
1368 413 1387 444 l.
1405 414 1484 444 unic.
1493 413 1561 444 Coa.
1576 412 1861 445 Theod.declolvina-

978 453 1012 484 lo.
1037 461 1068 484 at
1093 453 1269 484 minoribus
1291 453 1321 484 in
1344 453 1363 484 l.
1382 464 1410 485 2.
1434 454 1504 485 Cod.
1531 453 1632 485 Theoti.
1650 456 1728 486 dein
1746 457 1852 497 integr.

978 492 1043 535 rest.
1061 493 1131 532 post
1147 503 1264 525 annum
1282 494 1426 534 quintum
1444 496 1473 527 ἀ
1490 495 1673 536 vigesimum
1692 506 1751 536 pro
1768 497 1859 529 loco-

979 546 1049 568 rum
1074 534 1260 566 differentiis
1286 545 1322 566 ea
1348 536 1378 567 in
1403 537 1474 578 lege
1499 537 1669 577 exprfflis,
1695 539 1745 569 vel
1765 540 1859 578 quin-

981 577 1155 618 quennium
1174 576 1317 616 indulsit,
1337 578 1387 608 vel
1407 578 1667 618 quadriennium,
1692 580 1742 610 vel
1763 581 1861 612 trien-

981 620 1078 650 nium.
1112 618 1173 648 Sed
1193 618 1270 659 lmp.
1287 618 1460 657 justiniano
1478 619 1496 650 l.
1518 620 1571 650 ult.
1589 619 1622 650 C.
1642 622 1676 650 de
1692 626 1807 661 tempor.
1825 622 1860 654 in

981 661 1087 702 integr.
1098 657 1162 699 rest.
1181 660 1319 699 placuit,
1338 661 1512 692 minoribus
1525 670 1620 692 unum
1637 661 1863 695 definiretem-

984 711 1041 742 pus
1053 701 1250 741 quadriennii
1266 702 1428 733 continui:
1446 702 1573 734 sublatis
1583 703 1730 735 locorum
1742 703 1771 734 ἃ
1781 712 1863 736 tem-

983 744 1071 783 poris
1088 741 1288 773 differentiis.
1312 743 1462 783 idemque
1485 743 1588 784 posuit
1605 745 1791 784 majoribus:
1815 745 1862 776 se-

983 792 1089 824 parata
1107 784 1299 823 arepublica
1318 783 1510 825 supervacua
1529 786 1613 817 utilis
1623 785 1862 819 annidifferen·

984 826 1036 855 tia.
1061 826 1157 865 igitur
1181 826 1348 865 abrogavit
1374 827 1504 866 quidem
1528 826 1717 867 justinianus
1742 827 1808 859 (1.1.
1828 837 1861 861 2.

984 865 1036 896 scd
1053 875 1117 896 non
1136 874 1227 904 aeque
1248 868 1415 906 abrogavit
1432 869 1459 899 d.
1480 869 1497 899 l.
1515 870 1651 905 unicam‚·
1670 869 1800 909 estque,
1825 879 1865 900 o-

986 908 1100 948 pinor,
1126 906 1194 937 haec
1211 906 1334 938 idcirco
1352 907 1464 940 inserta
1491 909 1558 951 ejus
1578 909 1710 942 Codici:
1736 910 1787 941 cui
1809 910 1865 944 illa

985 947 1098 980 inserta
1115 957 1179 978 non
1198 947 1250 978 est.
1270 957 1367 988 quare
1384 950 1582 991 consequens
1600 951 1665 991 est3
1682 960 1716 983 ut
1734 959 1863 993 tempus

986 990 1133 1030 petendae
1159 988 1293 1020 actionis
1311 989 1351 1020 de
1377 990 1454 1022 dolo
1473 993 1557 1024 malo
1574 993 1678 1025 adbuc
1697 994 1866 1027 biennium

984 1031 1021 1064 fit
1043 1041 1082 1062 ex
1107 1029 1292 1070 prael’cripto
1316 1032 1343 1061 d.
1368 1031 1387 1061 l.
1411 1032 1466 1063 ult.
1492 1033 1525 1064 C.
1554 1038 1586 1065 cle
1602 1035 1662 1065 dolo
1682 1036 1764 1067 malo.
1810 1035 1865 1068 Sie

985 1073 1078 1113 plane
1093 1071 1227 1110 censeo;
1245 1071 1274 1102 &
1292 1070 1345 1103 nisi
1362 1073 1542 1106 intercedat
1558 1077 1627 1115 quis
1646 1077 1792 1118 doctior}
1809 1078 1868 1111 ad-

987 1116 1050 1153 do,
1068 1114 1098 1145 in
1116 1114 1143 1144 d.
1161 1113 1180 1144 l.
1196 1114 1284 1143 unica
1302 1113 1370 1144 Cod.
1390 1113 1491 1146 Theod.
1511 1118 1544 1147 de
1559 1118 1618 1147 dolo
1635 1118 1707 1150 malo
1726 1128 1803 1159 pro,
1819 1121 1867 1151 in-

987 1163 1034 1187 tra
1050 1156 1218 1186 continuum
1233 1160 1341 1194 tempus
1356 1158 1445 1195 anni,
1464 1156 1526 1188 effe
1542 1157 1760 1200 scribendum,
1784 1162 1866 1193 intra

989 1198 1156 1227 continuum
1175 1201 1284 1236 tempus
1302 1197 1417 1228 biennii.
1456 1197 1530 1229 Huc
1546 1208 1597 1231 me
1615 1202 1705 1232 ducit
1723 1203 1750 1233 d.
1773 1202 1791 1233 l.
1808 1203 1865 1234 ult.

991 1239 1024 1269 C.
1041 1240 1098 1269 eod.
1115 1239 1160 1268 tit.
1175 1246 1244 1277 quae
1265 1236 1310 1268 est
1328 1237 1483 1279 descripta
1500 1249 1542 1272 ex
1555 1242 1585 1272 d.
1605 1241 1624 1273 l.
1645 1243 1751 1281 unica,
1767 1243 1797 1275 ἅ
1813 1243 1869 1275 ha-

989 1280 1044 1311 bet
1055 1302 1064 1317 ‚
1088 1281 1169 1310 intra
1185 1279 1355 1310 continuum
1370 1280 1529 1313 biennium.
1552 1291 1615 1314 nec
1630 1285 1791 1323 occurrit,
1808 1294 1866 1317 cur

989 1330 1120 1362 putem,
1143 1320 1261 1361 aliquid
1279 1320 1409 1352 mutasse
1424 1320 1668 1356 Tribonianutn.
1693 1325 1759 1357 imo
1778 1325 1867 1357 Con-

988 1363 1140 1394 stantinus
1157 1371 1248 1403 aeque
1266 1363 1296 1393 in
1316 1361 1381 1394 fine
1396 1363 1422 1393 cl.
1437 1363 1456 1393 l.
1472 1365 1565 1396 unicae
1581 1373 1678 1406 atque
1696 1367 1726 1398 in
1746 1367 1810 1398 fine
1835 1369 1867 1400 d.

988 1404 1007 1435 Z.
1026 1404 1134 1435 ultimae
1155 1405 1197 1435 ita
1221 1404 1383 1443 loquitur,
1408 1404 1518 1436 Omnes
1532 1408 1625 1447 igitur
1635 1409 1750 1447 sciant,
1772 1418 1864 1450 neque

989 1447 1156 1486 incipiendae
1167 1443 1229 1485 2³(st
1243 1446 1390 1476 biennium
1400 1469 1409 1483 ,
1427 1455 1517 1487 neque
1532 1454 1599 1479 ante
1608 1452 1776 1490 completum
1791 1452 1871 1481 hien-

990 1489 1073 1518 nz'um
1088 1492 1180 1526 coeptae
1192 1511 1200 1524 ‚
1216 1484 1279 1527 post
1289 1487 1435 1518 biennium
1446 1488 1585 1526 finiendce
1600 1490 1658 1521 doli
1666 1490 1788 1523 astionis
1802 1501 1869 1523 con-

990 1528 1090 1569 ceffczm
1106 1529 1258 1559 licentiam.
1291 1527 1465 1560 Manifesto
1484 1530 1625 1569 indicio,
1644 1539 1706 1563 tarn
1723 1533 1753 1564 in
1773 1533 1869 1565 initio

991 1572 1019 1601 d.
1038 1570 1056 1601 l.
1075 1571 1184 1607 unicae,
1202 1578 1295 1609 quam
1313 1570 1342 1600 in
1360 1570 1453 1600 initio
1471 1573 1498 1602 d.
1515 1572 1535 1604 l.
1551 1573 1678 1612 ultima,
1695 1574 1734 1605 ab
1749 1575 1806 1606 1110
1823 1574 1870 1606 fa*

992 1612 1072 1643 ctam
1089 1611 1151 1641 effe
1168 1612 1274 1641 biennii
1289 1613 1498 1643 mentionem.

1031 1651 1178 1693 Superest
1195 1652 1402 1684 restitutionis
1418 1653 1563 1686 effeetus.
1592 1655 1637 1687 est
1654 1662 1760 1688 autem
1778 1666 1870 1698 egre-

991 1695 1080 1737 gius,
1106 1702 1200 1734 quem
1222 1694 1349 1735 attingit
1371 1693 1485 1726 Paulus
1502 1696 1521 1727 l.
1538 1707 1569 1737 5.
1585 1697 1613 1728 h.
1633 1703 1655 1729 t.
1673 1698 1721 1729 his
1742 1700 1870 1732 verbis:

992 1736 1065 1768 Non
1081 1738 1199 1767 videtur
1210 1735 1343 1776 exclusics
1359 1745 1443 1777 quem
1455 1736 1566 1769 Prcetor
1582 1740 1613 1769 in
1630 1740 1775 1780 integrum
1785 1740 1871 1777 fiere-

984 1777 1164 1818 senmurum
1173 1777 1333 1818 pollicetur.
1361 1778 1473 1809 Paulus
1492 1779 1577 1818 vult,
1596 1781 1683 1820 quod
1699 1780 1720 1814 fi
1738 1782 1806 1821 quis
1820 1783 1871 1822 ju-

992 1820 1033 1851 ris
1060 1819 1232 1850 subtilitate
1257 1818 1356 1850 amisit
1376 1819 1534 1852 astionem
1558 1829 1611 1853 aut
1638 1831 1724 1861 rem;
1748 1824 1773 1854 is
1797 1833 1870 1857 eam

993 1870 1057 1893 non
1077 1860 1173 1891 habet
1188 1861 1256 1900 jure
1272 1860 1380 1898 civili,
1394 1860 1599 1894 nihilominus
1616 1863 1659 1894 est
1676 1864 1806 1896 fistione
1821 1865 1871 1906 J'u-

993 1903 1033 1934 ris
1053 1903 1196 1935 Praetorii
1214 1902 1347 1942 perinde
1374 1902 1555 1942 habendus,
1578 1914 1614 1935 ac
1631 1904 1651 1937 fi
1668 1915 1736 1937 eam
1754 1916 1818 1938 non
1838 1916 1872 1938 a·

995 1942 1134 1975 mififfet:
1159 1944 1233 1984 quia
1256 1943 1378 1975 Praetor
1405 1953 1476 1975 eum
1502 1945 1645 1977 restituet
1670 1956 1711 1978 eo
1736 1948 1812 1979 loco
1838 1949 1873 1981 in

994 1995 1059 2026 quo
1076 1985 1156 2023 fuit,
1173 1993 1341 2025 antequam
1357 1985 1421 2024 ejus
1431 1986 1613 2018 amittendae
1629 1988 1718 2020 causa
1733 1991 1876 2021 interve·

995 2027 1095 2059 niffet.
1120 2027 1161 2057 ita
1181 2027 1307 2058 videtur
1326 2035 1392 2058 rem
1411 2028 1539 2059 demum
1559 2028 1687 2060 amififfe
1705 2030 1729 2060 is
1750 2031 1802 2069 qui
1819 2032 1873 2062 ad·

995 2068 1100 2100 versus
1119 2068 1240 2099 nullum
1265 2067 1362 2098 habet
1384 2067 1448 2107 ejus
1466 2068 1692 2110 persequenda:
1709 2072 1872 2105 actionem

994 2111 1014 2141 l.
1030 2120 1075 2148 14.
1094 2109 1122 2151 §.
1138 2119 1162 2141 1.
1185 2109 1225 2139 D⁴
1244 2110 1276 2139 de
1291 2110 1369 2139 verb.
1380 2108 1459 2151 fign.
1477 2118 1507 2141 at
1524 2113 1576 2151 qui
1597 2112 1695 2143 habet
1711 2113 1872 2146 astionem

995 2153 1033 2183 ad
1056 2161 1120 2182 rem
1145 2152 1415 2190 recuperandam,
1438 2151 1559 2192 (qualis
1584 2152 1669 2185 estis
1693 2155 1746 2194 qui
1766 2155 1873 2194 potest

995 2201 1106 2234 petere
1122 2192 1152 2223 in
1171 2193 1329 2233 integrum
1346 2190 1597 2225 restitutionem:
1614 2203 1685 2226 narn
1699 2196 1728 2226 ἀ
1740 2195 1808 2226 haec
1825 2195 1873 2228 est

995 2235 1096 2272 aetio,
1115 2232 1247 2271 utsupra
1259 2232 1397 2274 dierum)
1416 2233 1511 2274 ipsam
1529 2245 1596 2267 rem
1613 2236 1731 2267 habere
1743 2238 1873 2270 videtur

995 2276 1014 2307 b.
1039 2284 1083 2315 15.
1103 2274 1142 2305 D.
1161 2276 1193 2305 de
1210 2274 1371 2316 reguhjur.
1390 2276 1423 2319 id
1441 2275 1504 2316 est,
1520 2277 1670 2317 praetoria
1685 2276 1871 2311 aestimatio-

996 2327 1036 2348 ne
1054 2325 1122 2347 eam
1142 2316 1259 2347 habere
1274 2316 1470 2357 intelligitur.

1037 2357 1091 2388 Est
1108 2357 1137 2388 &
1154 2357 1218 2388 hoc
1234 2357 1434 2395 consequens
1452 2359 1613 2391 Praetoriae
1630 2359 1793 2401 aequitati:
1816 2368 1873 2401 ut,

997 2408 1069 2430 cum
1089 2397 1193 2430 laei'urn
1209 2400 1239 2430 in
1256 2399 1415 2439 integrum
1433 2399 1586 2439 restituit,
1610 2403 1717 2433 omnia
1733 2404 1874 2434 redinte-

998 2448 1087 2482 gret:
1101 2441 1132 2471 id
1149 2440 1264 2479 est,ita
1283 2448 1317 2470 ut
1333 2441 1550 2482 unusquisque
1569 2451 1663 2483 quem
1681 2452 1717 2474 ea
1733 2453 1782 2476 res
1798 2454 1876 2476 cona

999 2482 1109 2523 tingit,
1134 2481 1295 2523 integrum
1316 2481 1364 2521 jus
1388 2483 1540 2522 recipiat:
1565 2491 1600 2515 ut
1622 2484 1652 2516 in
1670 2483 1876 2526 sequentibus

997 2522 1117 2554 Titulis
1133 2521 1192 2553 suis
1204 2524 1360 2562 exemplis
1372 2522 1568 2556 ostendetur.
1582 2524 1712 2557 Interim
1731 2526 1794 2558 huc
1807 2526 1874 2568 spe-

997 2565 1059 2636 tctat
1076 2564 1095 2595 l.
1110 2566 1192 2646 Jtnic.
1212 2564 1245 2595 C.
1272 2565 1305 2595 de
1326 2569 1419 2604 repat.
1441 2565 1596 2606 quaefiunt
1620 2567 1652 2599 in
1666 2568 1762 2609 judic.
1778 2569 1811 2601 in
1826 2570 1873 2600 in-

1010 2615 1067 2647 egr
1086 2615 1115 2635 Te
1145 2629 1150 2635 .

1036 2647 1203 2678 Postremo
1220 2644 1264 2677 est
1281 2645 1413 2678 effectus
1432 2647 1596 2689 postulatae
1613 2650 1822 2684 restitutionis
1840 2651 1873 2683 in

996 2692 1176 2729 integrum:
1200 2696 1240 2718 ne
1258 2689 1334 2726 quid
1352 2690 1427 2719 novi
1446 2689 1518 2728 fiat,
1543 2691 1649 2723 donec
1670 2703 1719 2724 res
1735 2692 1873 2725 finiatur.

999 2730 1041 2760 ita
1064 2729 1187 2760 curabit
1204 2728 1227 2760 is
1252 2729 1290 2759 ad
1317 2730 1402 2768 cujus
1419 2739 1522 2771 partes
1540 2742 1576 2763 ea
1593 2743 1641 2766 res
1657 2735 1813 2775 pertinet,
1839 2738 1875 2763 ut

1000 2772 1107 2802 omnia
1124 2770 1250 2800 interim
1266 2771 1296 2801 in
1314 2769 1367 2801 suo
1386 2771 1463 2803 statu
1479 2782 1636 2807 maneant.
1662 2776 1682 2807 l.
1691 2777 1767 2807 unic.
1784 2774 1815 2805 C.
1836 2773 1877 2805 In

999 2813 1103 2853 integr.
1121 2809 1185 2851 reli.
1200 2808 1271 2854 post..
1290 2821 1325 2842 ne
1341 2814 1412 2853 quid
1425 2823 1492 2846 nov.
1506 2814 1577 2855 fiat.

758 2895 1104 2931 T1Tutus
1159 2893 1210 2929 ΙΙ.

706 2970 800 3018 Quod
816 2979 914 3005 metus
931 2969 1024 3017 causa
1039 2968 1158 3017 gestum
1173 2972 1242 3008 erit.

88 3054 235 3130 PRiMA
253 3053 343 3086 causa
360 3054 507 3095 petendae
524 3055 556 3086 in
575 3055 732 3097 integrum
753 3057 960 3089 restitutionis

91 3114 93 3116 -
153 3096 199 3128 est
212 3095 258 3126 vis
275 3104 311 3127 ac
327 3103 450 3133 metus,
474 3094 537 3135 ipsa
555 3097 624 3127 satis
640 3096 726 3137 Justa.
751 3107 839 3130 certe
857 3101 961 3138 placet

93 3137 158 3168 hoc
172 3138 302 3169 Senecae
319 3138 367 3169 lib.
383 3146 413 3176 4.
431 3137 569 3169 Controv.
586 3142 636 3169 26.
655 3138 719 3169 Lex
735 3140 796 3170 vim
809 3140 960 3180 paffoficc·

91 3179 203 3217 currit,
225 3178 261 3213 ἃ
277 3179 410 3219 iniquum
425 3179 469 3209 illi
484 3179 621 3217 videtur,
639 3181 668 3210 id
683 3186 780 3210 ratum
795 3181 864 3220 effe,
888 3183 962 3223 quod

91 3219 196 3260 aliquis
211 3229 268 3250 non
284 3223 353 3261 quia
367 3220 477 3256 voluit,
497 3219 602 3260 patius
620 3219 677 3260 est;
698 3222 746 3259 sed
762 3224 831 3262 quia
847 3222 961 3254 conclus

87 3258 294 3335 esthssutffir
310 3260 414 3295 Edicti
424 3284 435 3302 ‚
459 3261 600 3296 Veteres
617 3262 672 3295 sub
688 3262 753 3296 hoc
772 3262 888 3297 Titulo
903 3273 958 3297 oc·

1004 3060 1167 3100 caprinus,
1186 3059 1314 3093 videtur
1330 3061 1392 3095 effe
1410 3061 1546 3099 Caffius,
1567 3069 1608 3091 eo
1626 3060 1756 3094 nomine
1773 3062 1876 3096 lauda-

1004 3109 1052 3131 tus
1074 3101 1112 3132 ab
1135 3100 1275 3141 Ulpiano
1290 3104 1309 3134 l.
1327 3115 1357 3143 4.
1375 3104 1403 3146 §.
1420 3113 1468 3144 533.
1490 3102 1531 3132 D.
1549 3102 1581 3130 de
1595 3101 1649 3133 dol.
1669 3103 1735 3134 mal.
1755 3103 1791 3139 ὅ)
1808 3110 1876 3138 met.

1006 3148 1111 3183 except.
1144 3142 1259 3183 Capita
1276 3153 1382 3176 autem
1400 3146 1463 3184 ejtis
1478 3141 1578 3173 Edisti
1597 3141 1661 3175 boc
1676 3143 1792 3178 Titulo
1810 3147 1878 3179 duo

1004 3192 1217 3224 exponuntur.
1251 3187 1364 3226 prioris
1382 3184 1477 3215 verba
1495 3183 1525 3213 in
1543 3183 1561 3212 l.
1582 3192 1607 3214 1.
1626 3186 1653 3215 b.
1673 3192 1696 3217 t.
1715 3186 1788 3218 talia
1803 3196 1879 3228 pro-

1003 3225 1048 3256 dit
1063 3225 1235 3265 Ulpianus:
1259 3226 1347 3270 Quod
1363 3231 1454 3257 metus
1475 3225 1560 3261 caula
1573 3223 1685 3266 gestum
1702 3230 1758 3258 erit
1779 3235 1877 3261 ratum

1000 3275 1056 3299 non
1066 3267 1174 3340 haetebo.
1193 3266 1223 3299 N
1228 3276 1265 3299 ec
1277 3276 1381 3301 tamen
1391 3266 1607 3298 omittendum
1617 3268 1752 3302 credidit
1759 3290 1771 3310 ‚
1786 3274 1877 3312 quod

1157 3318 1176 3339 2
1834 3314 1874 3345 ab
