2036 3495
207 143 272 178 AD
298 143 389 178 Lia.
419 141 459 176 ΙΙ.
497 140 531 176 T
540 152 598 177 iT.
627 137 724 175 viii.
759 139 828 188 ,Qui
837 138 996 186 satisdare
1013 146 1177 187 cogantur,
1203 140 1255 176 vel
1262 138 1374 187 jurato
1387 141 1591 186 promittant,
1615 138 1683 181 &a

51 241 118 275 quo
135 231 307 270 debuerat,
331 231 360 262 in
377 232 425 271 jus
442 229 625 262 vocabatur.
668 227 730 261 Sed
758 228 786 261 Gt
805 228 923 261 fortius

50 275 223 308 dicendum
248 274 314 312 est,
336 282 400 304 non
427 273 526 304 videri
554 272 582 302 vi
607 271 702 302 eximi
729 280 801 303 eum
820 272 870 302 cui
888 271 924 303 sit

49 318 98 358 ius
111 317 154 348 ibi
174 325 238 348 non
255 315 432 347 conveniri.
479 313 578 356 Quod
602 311 622 344 fi
640 313 709 352 quis
728 313 847 345 exemit
867 312 923 344 ser-

49 369 128 391 vum
144 359 237 399 injus
257 365 405 389 vocatum
417 380 427 395 ,
450 354 565 386 Pedius
582 362 691 394 putat,
716 354 832 386 cessare
850 353 924 386 Edi-

52 401 138 433 ctum
154 400 303 440 quoniam
323 408 387 429 non
403 398 465 428 fuit
481 395 612 436 persona
631 404 702 435 quae
719 397 749 427 in
766 397 812 435 jus
830 405 923 427 voca·

52 443 79 476 ri
98 442 212 483 potuit.
232 441 251 472 l.
269 450 297 481 3.
316 439 356 471 D.
374 440 400 470 h.
413 446 433 469 t.
451 440 523 479 quia
540 447 611 468 cuin
630 438 720 468 sei-vo
738 439 823 469 nulla
840 438 923 469 actio

53 484 117 523 est,
134 491 167 514 ut
180 482 353 514 commode
371 479 467 520 Gajus
484 479 502 510 l.
525 487 587 519 107.
606 478 645 510 D.
662 480 695 510 de
711 489 768 520 reg.
784 480 847 521 jur.
871 479 923 510 ubi

53 526 133 558 dein
151 525 198 564 jus
216 523 360 554 vocando
378 531 450 552 eum
467 520 581 561 egisse,
595 521 803 561 probabiliter
817 520 924 552 obser-

52 575 108 599 vat
122 566 257 605 jacobus
274 562 510 595 Cothon-edus.

95 609 149 639 Ait
176 607 312 638 Praetor:
339 605 453 636 Oztantt'
475 613 508 634 eri
531 613 574 633 res
599 601 655 644 eft,
674 604 820 646 judicium
843 604 923 634 dabo.

52 648 130 681 Hoc
150 649 299 689 judicium
324 638 499 678 ifffattuin
518 645 597 683 ess'e,
624 644 776 685 Ulpianus
793 647 836 677 ait
854 645 872 675 l.
894 654 924 690 5.

52 690 81 732 §.
106 699 131 722 1.
148 690 190 722 D.
207 690 233 720 h.
253 695 274 720 t.
301 687 330 719 &
348 690 413 719 dari
430 689 460 718 in
479 697 550 718 eum
568 689 621 726 qui
635 689 664 718 vi
682 688 819 718 exemit:
836 687 924 716 addit

56 740 205 772 quoque,
222 733 310 771 quod
327 739 366 760 eo
384 739 448 760 non
467 732 652 760 continetur
670 728 700 760 id
720 729 807 768 quod
824 728 854 758 in
872 736 925 757 ve·

53 775 146 805 ritate
165 771 226 803 est:
249 771 299 803 sed
323 771 432 810 quanti
455 781 492 802 ea
509 780 559 802 res
575 772 615 801 de
631 779 691 810 qua
709 766 926 814 controversia

54 813 125 854 est,v
135 814 174 845 ab
192 813 299 846 aetore
310 813 354 844 est
368 812 537 845 aestimata:
554 812 583 843 <St
599 810 684 852 hoc,
701 812 823 853 inquit,
837 809 924 842 addi-

690 895 1042 930 T1T15Lus

1797 151 1845 185 45

967 237 1032 261 tum
1058 230 1137 262 esse:
1161 238 1195 262 ut
1215 238 1382 270 appareat:
1407 230 1525 271 etiamsi
1542 231 1753 263 calumniator
1768 232 1840 271 quis

965 271 1019 311 fit,
1037 272 1095 303 hac
1111 281 1215 303 tamen
1228 282 1322 312 poena
1341 282 1414 304 eum
1434 273 1546 304 teneri.
1572 273 1662 314 quod
1679 274 1708 305 ἃ
1724 274 1840 306 Paulus

965 314 1081 353 probat
1100 314 1118 344 l.
1136 323 1166 353 4.
1185 314 1214 355 §.
1236 323 1260 345 1.
1282 314 1320 345 D.
1339 316 1366 345 h.
1383 321 1403 345 t.
1423 317 1462 346 dc
1480 313 1594 355 quibus
1612 315 1706 355 plene
1725 316 1753 347 &
1770 315 1840 346 dili-

965 363 1080 395 genter
1095 355 1232 394 Jacobus
1244 354 1472 388 Gothori-edus
1491 357 1537 387 lz'b.
1550 357 1758 397 Animadverfi
1774 367 1799 388 c.
1814 365 1840 388 1.

966 396 1126 437 Estigitur
1144 398 1212 428 liat-c
1229 398 1311 428 actio
1328 407 1413 429 mera
1432 398 1582 438 poenalis:
1598 399 1738 439 ideoque
1750 400 1775 430 is
1787 400 1844 439 qui

967 438 1148 469 debitorem
1165 439 1197 469 vi
1222 441 1395 478 exemerit,
1417 439 1437 470 fi
1459 439 1608 478 solverit,
1633 450 1706 472 eum
1724 450 1790 472 non
1808 440 1843 471 li-

966 480 1076 519 berat3
1092 489 1298 519 quiapoenam
1313 481 1395 512 suam
1407 481 1499 512 solvit
1515 481 1533 511 l.
1545 481 1598 512 iilt.
1612 482 1653 512 D.
1670 482 1697 513 h.
1716 491 1736 513 t.
1754 480 1842 521 quod

966 521 986 553 fi
1012 522 1116 562 plures
1138 523 1359 562 deliquerunt,
1383 523 1412 553 in
1439 522 1576 562 singulos
1601 524 1727 555 dabitur
1742 523 1843 555 aetio:

967 564 996 594 ὅτ.
1015 563 1222 594 nibilominus
1238 572 1344 594 manet
1355 566 1408 603 qui
1425 573 1594 604 exemptus
1606 563 1669 603 est,
1681 565 1843 605 obligatus

967 605 986 635 l.
1004 615 1033 644 5.
1052 605 1080 646 §.
1096 615 1123 645 [3.
1142 604 1181 635 D.
1197 607 1223 635 h.
1241 611 1261 635 t.
1298 604 1418 636 Eadem
1439 606 1564 636 ratione
1583 615 1648 636 non
1666 607 1757 636 datur
1774 606 1845 637 liaec

968 647 1051 677 attio
1077 646 1147 685 post
1170 656 1302 684 annum,
1331 656 1436 688 neque
1453 646 1599 678 adversus
1618 647 1780 679 heredem.
1804 655 1844 678 an

969 687 1105 719 liei-edi?
1130 697 1224 729 negat
1250 687 1405 728 Ulpianus
1426 689 1458 719 ·cl.
1483 688 1501 719 l.
1527 699 1557 728 5.
1580 688 1608 729 §.
1635 689 1690 719 ult.
1710 687 1752 719 D.
1777 690 1804 719 h.
1821 694 1843 718 t.

969 737 1159 768 quamquam
1171 738 1234 760 non
1252 729 1346 768 ideo,
1365 730 1452 770 quod
1464 729 1670 771 cstpoeualis:
1689 729 1741 761 sed
1758 730 1847 770 quod

969 770 1014 800 est
1032 769 1125 801 instar
1139 771 1272 802 actionis
1287 771 1483 811 injuriarum:
1499 772 1539 804 de
1556 781 1617 813 qua
1636 772 1666 803 in
1684 770 1711 812 §.
1732 781 1758 803 1.
1775 769 1848 812 Inst.

968 812 1001 841 cle
1014 818 1123 852 perpet.
1146 812 1182 845 δ’
1198 818 1314 852 tempor.
1329 811 1386 845 αέἶ.

1101 894 1218 929 VIII.

230 974 299 1023 ⁴Qui
306 972 466 1020 satisdare
480 979 649 1019 cogantur,
675 971 727 1007 vel
734 972 843 1018 jurato
856 970 1056 1015 promittant,
1083 968 1212 1015 velsitce
1221 969 1412 1019 promffoni
1428 974 1672 1012 committantur.

136 1065 186 1097 lxi
201 1062 291 1103 supra
306 1062 421 1093 Tituio
439 1062 529 1093 sexto
547 1061 637 1102 liujus
653 1060 722 1093 libri
734 1083 744 1099 ‚
767 1060 797 1091 in
813 1058 860 1098 J'us
877 1066 930 1088 vo·

55 1067 131 1142 D
159 1113 264 1137 catum
276 1128 284 1142 ‚
301 1104 320 1135 fi
339 1105 464 1135 satisdet
476 1104 596 1141 judicio
611 1102 667 1134 [isti
681 1125 690 1139 ,
706 1099 930 1146 dimittendum

58 1149 141 1187 cffe3
158 1149 187 1179 &
203 1156 274 1177 eum
293 1148 344 1184 qui
363 1146 508 1183 duxerit,
525 1145 702 1184 injuriarum
718 1150 836 1174 teneri:
851 1140 931 1184 Prae-

59 1199 165 1222 torem
184 1189 268 1218 enim
285 1197 341 1217 reo
360 1186 476 1217 dedisse
493 1186 704 1223 electionem3
722 1182 932 1230 uti-um'malit

59 1235 107 1265 ire
124 1234 155 1263 in
178 1231 243 1270 jus;
264 1238 301 1258 an
319 1229 435 1258 idonee
462 1236 591 1258 cavere:
617 1225 668 1257 sed
689 1234 761 1265 quia
777 1225 840 1254 diXi
861 1231 930 1268 per·

57 1273 236 1308 finitione,
255 1270 284 1300 ὅ(
302 1268 383 1308 quafi
402 1269 432 1298 in
451 1267 691 1305 transitu31deo
708 1266 761 1297 hic
776 1273 866 1310 agam
885 1264 931 1294 di-

58 1314 220 1356 ligentius.
250 1309 291 1340 Et
309 1311 338 1339 in
356 1309 462 1346 primis
479 1308 639 1339 sciendum
651 1331 660 1346 ‚
685 1305 932 1350 satisfactionem

61 1355 189 1388 differre
205 1362 220 1382 a
238 1352 406 1388 cautione,
425 1350 500 1380 item
519 1359 533 1379 a
554 1349 765 1380 satisdatione.
783 1347 828 1378 est
845 1355 932 1392 enim

58 1395 207 1437 generale
233 1391 452 1422 iatisfaetionis
471 1391 622 1428 verbum,
647 1390 724 1421 nihil
742 1387 932 1433 aliudlfigni-

57 1438 176 1473 ficum,
194 1443 287 1473 Quam
304 1433 434 1472 explere
451 1433 580 1463 alterius
597 1430 795 1463 desiderium.
825 1437 933 1470 itaque

59 1479 89 1511 ἃ
109 1477 301 1509 solutionem
327 1474 550 1513 complectitur
566 1495 576 1511 ‚
600 1475 628 1503 (St
645 1473 820 1513 quamlibet
842 1471 934 1517 aliam

57 1518 324 1552 satisfactionem:
342 1525 412 1546 narn
430 1515 459 1546 ἃ
478 1514 652 1546 novatione
670 1514 699 1546 ἃ.
716 1513 934 1554 acceptilatio-

60 1571 103 1593 ne
119 1559 270 1591 creditori
283 1557 422 1588 satisfieri
440 1557 571 1587 dicimus
587 1555 604 1586 l.
622 1566 649 1592 9-
667 1555 695 1596 §.
707 1566 732 1595 3.
752 1555 792 1586 D.
810 1554 932 1596 depign.

61 1601 118 1634 αὲῖ.
137 1601 156 1631 l.
173 1609 222 1631 21.
239 1598 268 1640 §.
286 1598 337 1629 ult.
354 1597 394 1628 D.
408 1599 440 1628 de
458 1595 611 1637 covifl.pec.
629 1598 647 1627 l.
663 1606 713 1636 52.
734 1596 773 1627 D.
790 1598 822 1626 (le
836 1596 883 1640 lol.
903 1601 936 1641 at

61 1641 224 1674 cautionis
247 1639 418 1679 appellatio
442 1638 654 1669 satisfactione
679 1638 807 1678 quidem
831 1635 936 1668 strieti-

63 1694 123 1722 or,
146 1681 348 1713 iatisdatione
371 1689 450 1711 vero
466 1681 559 1711 latior
575 1678 628 1711 est.
654 1688 724 1710 nam
741 1688 856 1724 cavere
872 1678 936 1725 est«,

65 1724 275 1756 adversarium
298 1721 406 1752 facere
424 1720 576 1752 securum.
601 1722 736 1762 proinde
753 1721 783 1751 ὅ(
798 1728 936 1760 pignori·

66 1767 125 1798 bus
142 1772 312 1800 cavemus,
338 1762 366 1793 <St
384 1762 614 1803 fidtjull'oribus
632 1762 651 1793 l.
672 1766 737 1796 188.
754 1762 781 1803 ᾗ.
802 1770 827 1793 1.
847 1761 887 1792 D.
905 1761 938 1791 de

65 1805 231 1847 verofign.
254 1813 313 1836 nce
332 1804 433 1835 minus
453 1806 536 1835 nuda
559 1804 809 1844 repromiffione.
839 1810 871 1833 at
888 1802 938 1841 sa-

66 1850 174 1879 tisdare
187 1841 329 1884 ἶίίείηηιν,
345 1846 469 1886 (inquit
488 1844 585 1885 Gajus
602 1846 620 1876 l.
637 1855 663 1876 1.
682 1845 723 1876 D.
741 1845 822 1885 b.t.)
838 1846 939 1876 adver-

57 1891 139 1931 Jarz'o
157 1886 248 1929 nostro
259 1911 268 1926 ‚
291 1888 340 1918 cui
350 1895 403 1927 pro
419 1896 447 1917 eo
463 1889 537 1928 quod
554 1897 572 1917 a
587 1887 664 1917 nobis
678 1887 781 1927 petiit,
805 1888 848 1917 ita
861 1886 939 1931 cavi-

66 1940 130 1963 mus
141 1954 149 1968 ‚
166 1937 199 1960 ut
215 1939 277 1960 eum
293 1930 342 1959 boc
355 1929 466 1959 nornine
470 1930 605 1967 securum
613 1928 764 1968 faciamus
781 1928 857 1959 datis
865 1928 941 1967 jicie-

62 1971 229 2013 jufforihus.
264 1969 316 2000 Sic
332 1970 500 2010 legendum
517 1970 648 2001 cavimus
660 1992 669 2008 ,
693 1970 721 2001 ἃ
740 1970 800 2000 cui.-
825 1979 890 2001 non
907 1976 940 2000 ut

65 2013 165 2052 vulgo
176 2012 255 2042 cavit
272 2011 301 2042 &
318 2013 378 2051 qui.
402 2020 592 2051 quamquam
603 2013 655 2052 qui
671 2010 700 2042 ἃ
714 2011 867 2042 caietiam
884 2020 939 2041 eo-

65 2055 139 2085 dem
151 2054 251 2085 modo
268 2052 297 2083 Gt
309 2052 420 2091 scripta
437 2052 465 2084 ὅ(
478 2060 680 2092 pronuntiata
696 2051 826 2084 fuerunt
840 2046 858 2083 a
879 2051 941 2084 Ve-

65 2095 199 2126 teribus.
230 2103 293 2124 non
321 2094 464 2124 adscribo
488 2094 654 2134 exempla:
678 2094 780 2134 plenis
796 2094 943 2126 manibus

67 2137 140 2168 talia
156 2136 244 2167 brevi
263 2135 348 2166 dabit
366 2137 503 2173 amicus,
529 2136 605 2166 olim
623 2136 717 2167 etiam
735 2136 862 2168 auditor
878 2144 943 2167 me-

69 2187 125 2216 us,
150 2176 308 2208 Henricus
327 2176 542 2215 Brenckman,
574 2177 620 2209 vir
636 2178 801 2218 egregius,
827 2178 856 2209 ἃ
876 2179 944 2218 pul·

71 2219 228 2250 cherrima
254 2218 508 2259 peregrinatione
533 2219 571 2250 ad
592 2219 763 2258 juvandam
787 2219 944 2260 Jurispru-

70 2260 212 2292 dentiam
231 2258 369 2291 instituta
389 2260 537 2291 omnibus
555 2260 648 2293 bonae
666 2261 781 2292 mentis
799 2260 944 2292 studiosis

70 2310 134 2334 tam
155 2311 244 2332 carus
261 2309 354 2340 quam
371 2309 475 2333 notus.
521 2300 581 2333 Sed
598 2301 629 2333 in
646 2303 740 2335 viam.

111 2342 305 2374 Satisdamus
330 2343 424 2381 igitur
443 2343 512 2374 {olis
534 2342 783 2383 fidejussoribus:
806 2345 944 2376 maxime

68 2385 122 2416 ubi
141 2384 263 2416 Praetor
280 2385 379 2423 exigit
397 2383 632 2416 satisdationem
643 2387 661 2415 l.
681 2394 709 2425 7.
723 2385 762 2415 D.
780 2386 812 2416 de
826 2392 943 2425 praetor.

72 2424 134 2466 stip.
169 2424 307 2465 Ejusque
325 2426 367 2456 rei
387 2426 528 2456 aufertur
549 2428 645 2457 ratio:
669 2428 757 2467 quod
776 2427 806 2458 in
827 2427 945 2458 Praeto-

63 2461 123 2499 'riis
141 2465 394 2505 stipulationibus
413 2468 504 2497 venit
519 2468 550 2499 iti
570 2469 656 2506 quod
675 2468 814 2499 interest.
832 2468 862 2499 in
880 2478 945 2509 quo

72 2516 108 2539 ut
123 2507 291 2539 difficulter
309 2508 516 2548 intelligitur,
541 2509 642 2547 qualia
660 2509 814 2541 sufficiant
834 2520 946 2553 pigno-

73 2558 125 2587 ra;
139 2549 183 2580 ita
200 2548 316 2586 visum,
334 2549 446 2580 melius
464 2549 695 2590 fidejussoribus
711 2552 836 2590 caveri,
854 2561 947 2592 quam

74 2589 271 2630 pignoribus.
302 2592 401 2629 adde,
425 2592 513 2630 quod
537 2592 670 2632 pignora
694 2594 865 2633 aliquando
882 2602 947 2624 non

75 2631 242 2662 inveniunt
258 2638 450 2671 emptorem.
468 2634 563 2665 etiam
582 2638 661 2673 iaepe
679 2634 798 2666 casibus
812 2635 879 2666 iiint
891 2635 948 2666 ob·

77 2673 183 2703 noxia.
213 2679 364 2710 praeterea
382 2682 448 2706 erat
465 2674 541 2706 olim
559 2676 658 2715 major
675 2675 811 2707 facilitas
829 2685 948 2707 conve-

76 2712 183 2744 niendi
209 2711 420 2752 fidejuss'ores,
445 2723 538 2753 quam
558 2717 708 2756 pignora,
729 2725 803 2748 ante
820 2716 950 2748 inventa

77 2752 291 2792 fidejussorum
308 2753 473 2785 beneficia.
507 2757 660 2797 quidquid
678 2760 754 2791 erit:
778 2768 851 2790 ciim
868 2758 951 2789 satis-

77 2795 242 2827 dationem
257 2794 418 2832 audimus3
432 2795 648 2836 fidejussoriam
664 2799 889 2841 intelligimus:
907 2800 951 2831 lii-

75 2835 99 2868 fi
117 2835 277 2866 abutimur
295 2837 415 2875 verbo;
439 2845 473 2867 ut
492 2837 547 2876 fit,
569 2838 589 2870 si
606 2838 770 2878 stipulator
788 2843 840 2881 qui
860 2849 951 2881 pote-

78 2885 127 2909 rat
138 2875 332 2916 fidejuffores
343 2877 472 2916 exigere
484 2901 492 2915 ‚
509 2879 592 2911 nuda
603 2882 804 2920 promissione
822 2882 857 2914 fit
876 2892 952 2913 con-

78 2926 198 2950 tentuS.
222 2927 293 2949 nam
306 2927 346 2949 eo
358 2920 426 2949 calu
437 2919 531 2951 etiam
545 2923 816 2959 repromii'iionem
830 2924 953 2955 satisda-

78 2960 176 2991 tionis
186 2960 403 3000 appellatione
418 2961 659 2999 complectimur
676 2964 754 2995 l.6i.
766 2965 807 2995 l).
827 2967 859 2996 (le
875 2966 952 2996 verb.

73 2999 178 3042 signis.
203 3010 268 3032 non
287 3000 371 3041 quasi
387 3001 494 3034 veniat
511 3002 541 3032 vi
560 3003 647 3034 verbi
659 3026 668 3040 ‚
686 3004 736 3036 sed
749 3007 867 3045 placito
885 3015 952 3047 par·

79 3044 170 3075 tium.
216 3041 294 3074 Non
314 3042 417 3074 obstat
437 3042 501 3081 liis,
526 3050 560 3074 ut
577 3045 736 3084 creditur,
763 3046 918 3086 Ulpianus
935 3047 953 3078 l.

82 3092 109 3116 1.
127 3087 157 3125 §.
177 3083 266 3120 9.⁷D.
294 3084 488 3115 decollatione
508 3085 650 3117 bonorum.
679 3096 749 3118 nam
774 3089 816 3119 iic
840 3089 954 3119 intelli·

80 3125 202 3165 gendus
214 3149 222 3162 ‚
240 3125 323 3165 quasi
341 3127 377 3156 ad
396 3127 462 3156 baec
479 3127 593 3164 verba,
617 3126 707 3168 Juhet
725 3128 834 3160 Fraetor
850 3129 955 3168 itafie·

80 3166 110 3197 ri
123 3167 316 3205 collationem,
333 3173 366 3197 ut
383 3166 456 3197 recte
472 3175 613 3199 caveatur
625 3192 633 3207 ,
651 3177 769 3209 quaerat
782 3194 790 3208 ,
807 3172 882 3211 quid
899 3171 954 3213 lig-

83 3206 217 3246 nificet,
236 3216 373 3238 cavean-ir
391 3208 407 3238 .9
439 3207 479 3238 Et
496 3210 559 3248 ait,
585 3210 798 3250 Pomponium
826 3221 953 3252 putare,

83 3248 188 3280 caveri
204 3257 261 3289 per
279 3249 515 3283 satisdationem
532 3260 697 3292 oportere.
721 3262 858 3294 nempe,
883 3258 954 3296 quia

975 1057 1044 1088 liaec
1063 1057 1141 1089 solet
1159 1057 1295 1097 praestari
1314 1061 1344 1091 in
1371 1060 1629 1100 stipulationibus
1650 1062 1809 1094 Praetoriis
1829 1062 1850 1095 l.

973 1110 1002 1140 3.
1024 1099 1064 1131 D.
1082 1098 1227 1138 desiniat.
1241 1107 1355 1140 proetor.
1381 1102 1437 1133 Est
1450 1104 1546 1143 igitur
1563 1103 1754 1137 satisfactum
1771 1105 1854 1136 Prae*

975 1141 1057 1178 tori,
1073 1140 1094 1172 si
1113 1140 1147 1172 sit
1165 1141 1367 1182 i‘atisdatum3
1384 1144 1438 1175 etsi
1455 1145 1564 1184 jubeat
1580 1148 1696 1178 caveri.
1723 1146 1853 1178 Deinde

974 1182 1100 1222 subjicit
1127 1181 1303 1222 Ulpianus,
1328 1185 1377 1216 An
1404 1187 1592 1226 pignoribus
1617 1188 1722 1219 caveri
1742 1188 1856 1228 possit,

976 1224 1166 1256 videamus?
1188 1225 1250 1255 hoc
1267 1224 1331 1265 est,
1349 1235 1386 1257 an
1405 1227 1594 1268 pignoribus
1613 1238 1744 1270 quoque
1762 1239 1856 1260 cave-

976 1265 1000 1296 ri
1019 1265 1137 1305 poffit?
1160 1266 1201 1296 ait
1217 1274 1323 1298 autem
1345 1266 1515 1308 Ulpianus,
1543 1271 1691 1302 eumdem
1711 1271 1856 1312 Pompo-

976 1307 1062 1338 nium
1081 1307 1246 1346 scripsisse,
1265 1307 1296 1339 δε
1313 1311 1374 1341 reis
1393 1310 1422 1341 ἃ
1441 1310 1628 1351 pignoribus
1645 1312 1731 1343 recte
1748 1313 1858 1343 caveri

977 1348 1017 1379 de
1039 1349 1233 1387 collatione,
1258 1349 1287 1380 ὃ(
1313 1351 1355 1381 ita
1372 1350 1402 1382 se
1420 1361 1551 1392 quoque
1567 1352 1766 1385 existimare:
1790 1354 1857 1385 lioe

977 1389 1041 1428 est,
1064 1389 1118 1421 etfi
1137 1391 1169 1422 in
1187 1390 1347 1423 Pi·aetoriis
1366 1392 1624 1427 satisdationibus
1641 1402 1764 1426 tantum
1781 1394 1859 1427 fide-

975 1431 1106 1472 jussores
1122 1432 1348 1471 admittantur,
1365 1443 1429 1466 non
1447 1436 1542 1467 etiam
1560 1436 1715 1476 pignora:
1731 1437 1772 1468 de
1791 1438 1859 1468 col-

977 1475 1097 1505 latione
1117 1481 1221 1505 tamen
1239 1482 1303 1506 tam
1323 1476 1528 1516 pignoribus,
1545 1486 1639 1517 quam
1657 1480 1718 1510 reis
1730 1501 1739 1516 ,
1756 1478 1806 1509 seu
1822 1478 1861 1510 fi-

977 1514 1184 1554 dejussoribus
1196 1539 1205 1554 ,
1222 1517 1337 1547 cavei-i.
1354 1519 1481 1557 quaeso,
1499 1519 1574 1558 quid
1593 1519 1664 1551 ita?
1680 1520 1752 1560 quia
1768 1520 1799 1551 in
1818 1529 1860 1551 eo

978 1556 1096 1588 Edicto
1120 1556 1242 1589 Praetor
1265 1567 1330 1589 non
1348 1558 1609 1599 satisdationem,
1633 1568 1669 1592 ut
1686 1562 1781 1600 alias,
1805 1560 1861 1593 sed

978 1599 1161 1630 cautionem
1189 1599 1307 1638 exegit.
1332 1601 1440 1631 cautio
1465 1609 1572 1632 autem
1597 1611 1663 1633 non
1689 1603 1793 1634 minus
1813 1603 1862 1642 pi·

978 1648 1098 1680 gnora.
1122 1649 1216 1680 quarn
1242 1641 1437 1680 fidejuss'ores
1463 1642 1613 1675 admittit.
1656 1642 1708 1675 Sic
1724 1644 1861 1675 censeo:

978 1691 1016 1712 ac
1033 1680 1130 1713 fimile
1144 1682 1218 1722 quid
1238 1683 1268 1714 in
1286 1682 1306 1713 l.
1324 1693 1353 1722 4.
1370 1682 1398 1724 §.
1415 1688 1444 1718 8.
1463 1684 1505 1716 D.
1531 1685 1565 1715 de
1574 1683 1748 1725 fideicomm.
1767 1685 1861 1719 libert.

978 1722 1120 1763 Exposui
1137 1723 1311 1755 verborum
1330 1726 1427 1756 ulum.

1020 1765 1189 1805 Sequitur,
1215 1766 1339 1806 qualem
1365 1767 1501 1806 quisque
1518 1767 1646 1807 praestet
1664 1769 1863 1804 cautionem.

981 1807 1144 1838 nonenim
1156 1816 1250 1838 unam
1267 1809 1410 1839 omnium
1429 1810 1559 1847 venii-e,
1576 1809 1716 1841 Rubi-ica
1732 1810 1863 1843 indicat.

982 1848 1083 1889 prima
1108 1857 1197 1879 certe
1221 1858 1291 1889 pai-s
1315 1850 1359 1880 ait
1377 1849 1438 1881 effe
1456 1852 1508 1890 qui
1530 1850 1678 1883 satisdare
1693 1861 1864 1894 cogantur.

983 1897 1063 1930 puto
1086 1897 1213 1928 autem,
1237 1900 1278 1921 ex
1304 1890 1421 1922 Edicto
1445 1901 1558 1923 omnes
1586 1894 1687 1925 teneri
1713 1893 1865 1926 satisdare

984 1933 1036 1972 qui
1053 1932 1141 1971 injus
1157 1940 1334 1971 vocantur,
1352 1933 1381 1964 ἃ
1396 1934 1524 1973 quidem
1543 1935 1679 1966 idonee:
1697 1935 1750 1967 nisi
1767 1934 1787 1967 fi
1808 1937 1867 1977 qui

983 1973 1192 2014 excipiantur.
1217 1974 1348 2006 Paulum
1366 1976 1436 2005 audi
1456 1975 1474 2006 l.
1492 1985 1515 2006 i.
1536 1975 1577 2007 D.
1597 1976 1698 2019 Injus
1715 1979 1814 2008 vocati
1829 1982 1866 2008 ut

984 2022 1060 2046 eant.
1099 2013 1205 2046 Verba
1223 2015 1327 2048 Pauli:
1351 2015 1476 2055 Εςίἱέῗο,
1501 2023 1641 2056 cavetur,
1666 2025 1701 2049 ut
1711 2017 1865 2060 fldejitffor

980 2057 1092 2098 judicio
1101 2055 1223 2096 fistencii
1238 2062 1324 2091 caula
1340 2058 1426 2088 clatus
1437 2081 1446 2096 ‚
1461 2065 1510 2098 pro
1526 2061 1567 2090 rei
1581 2059 1724 2100 qualitate
1739 2060 1866 2101 locuples

985 2100 1077 2129 detur.
1102 2100 1173 2136 Ait,
1192 2098 1340 2138 Locuples.
1370 2099 1434 2130 Sed
1453 2099 1538 2131 hunc
1553 2101 1638 2132 unde
1650 2100 1869 2133 aestimamus?

989 2140 1143 2179 Ulpianus
1158 2141 1176 2170 l.
1198 2150 1225 2171 2.
1248 2139 1286 2170 D.
1305 2141 1332 2171 b.
1351 2146 1373 2172 t.
1399 2142 1597 2182 locupletem
1623 2150 1714 2183 putat
1729 2143 1869 2184 intelligi

988 2192 1027 2214 ex
1046 2182 1190 2212 duobus:
1215 2182 1364 2213 nimirum
1381 2192 1420 2213 ex
1438 2182 1662 2222 facultatibus,
1680 2184 1709 2215 &
1726 2194 1766 2215 ex
1785 2194 1868 2216 con-

987 2222 1138 2254 veniendi
1156 2221 1321 2254 facilitate.
1345 2225 1480 2263 primum
1497 2234 1536 2256 ex
1553 2224 1770 2257 facultatibus.
1788 2225 1869 2258 Inde

989 2264 1087 2304 Gajus
1116 2264 1135 2294 l.
1156 2273 1225 2305 934.
1244 2264 1273 2306 ἓ.
1296 2273 1321 2296 i.
1339 2265 1383 2296 D.
1411 2267 1444 2296 de
1459 2267 1538 2297 verb.
1548 2266 1655 2309 fignif.
1701 2267 1869 2308 Locuples

988 2306 1051 2343 est,
1076 2305 1196 2345 inquit,
1221 2306 1273 2346 qui
1294 2306 1364 2338 satis
1380 2308 1499 2339 idonee
1517 2307 1614 2339 habet
1631 2317 1690 2347 pro
1709 2309 1870 2350 magnitu-

988 2349 1062 2378 dine
1079 2348 1122 2377 rei
1141 2356 1235 2386 quarn
1251 2348 1339 2379 afior
1359 2348 1585 2381 restituendam
1604 2349 1666 2380 effe
1682 2351 1775 2390 petit.
1798 2351 1870 2383 talis

989 2388 1028 2429 (si
1047 2388 1189 2420 audimus
1202 2388 1319 2430 Gajum
1337 2391 1355 2421 l.
1374 2400 1403 2427 9-
1423 2391 1451 2422 ἃ
1464 2391 1595 2422 Paulum
1615 2391 1633 2422 l.
1657 2399 1702 2423 10.
1718 2391 1758 2422 D.
1774 2392 1802 2424 h.
1821 2393 1868 2433 t.)

988 2430 1040 2461 vel
1058 2440 1091 2461 re
1110 2439 1183 2461 vera
1208 2431 1268 2470 est,
1293 2432 1344 2463 vel
1362 2432 1435 2470 juris
1456 2431 1704 2473 praesumptione
1721 2434 1871 2474 intelligi-

990 2479 1056 2504 tur:
1081 2478 1114 2502 ut
1131 2470 1151 2503 fi
1167 2472 1207 2503 ab
1224 2474 1345 2504 arbitro
1362 2473 1398 2504 fit
1415 2473 1580 2513 probatus.
1612 2482 1682 2505 nam
1700 2473 1721 2506 fi
1739 2475 1769 2506 in
1789 2476 1869 2507 alte-

989 2523 1054 2545 ram
1072 2520 1192 2552 partem
1209 2514 1352 2554 iniquum
1370 2514 1406 2546 fit
1422 2514 1607 2555 arbitrium;
1632 2516 1737 2555 potest
1754 2526 1871 2557 quere-

991 2556 1019 2587 la
1045 2553 1162 2586 deferri
1185 2556 1224 2586 ad
1249 2563 1491 2596 competentem
1510 2557 1668 2597 judicem:
1692 2558 1746 2599 qui
1770 2560 1870 2598 Judex

991 2606 1031 2627 ex
1047 2595 1137 2627 causa
1154 2596 1314 2637 improbat
1331 2597 1370 2628 ab
1388 2598 1509 2629 arbitro
1526 2599 1699 2638 probum,
1716 2599 1790 2630 alias
1810 2601 1869 2632 im-

992 2638 1147 2678 probatos
1172 2639 1296 2677 probat.
1320 2639 1363 2669 ita
1385 2638 1500 2670 Paulus
1525 2640 1545 2671 l.
1568 2649 1612 2672 io.
1639 2640 1683 2672 D.
1701 2641 1729 2672 h.
1747 2649 1776 2672 t.
1794 2643 1870 2674 dum

993 2678 1322 2720 expungatursignum
1338 2679 1375 2721 §3
1389 2680 1418 2711 ἃ
1436 2688 1523 2712 totus
1543 2682 1632 2714 locus
1650 2683 1809 2714 continuo
1827 2684 1873 2714 le-

993 2729 1085 2761 gatur
1112 2719 1236 2759 spiritu:
1260 2727 1349 2762 quod
1370 2731 1448 2753 unus
1467 2722 1652 2754 observavit
1670 2723 1815 2764 Cujacius
1832 2724 1872 2754 ad

994 2761 1133 2794 Paulum.
1165 2761 1250 2793 idem
1274 2771 1364 2803 putat
1383 2762 1494 2796 Paulus
1511 2764 1573 2796 csse
1590 2765 1693 2797 multo
1711 2766 1824 2805 magis:
1847 2763 1871 2795 fi

995 2804 1045 2833 cui
1065 2802 1158 2833 dandi
1176 2811 1266 2834 erant
1284 2803 1496 2845 fidejussores,
1521 2808 1547 2838 is
1561 2817 1618 2839 eos
1637 2807 1686 2838 sua
1705 2807 1870 2836 voluntate

995 2844 1147 2882 accipiat:
1165 2844 1193 2875 <k
1206 2852 1309 2876 tamen
1326 2846 1446 2886 inquit,
1461 2847 1481 2878 fi
1500 2849 1609 2879 medio
1628 2855 1774 2886 tempore
1790 2845 1870 2877 fide—

994 2884 1161 2925 jussoribus
1188 2886 1313 2927 infignis
1339 2888 1496 2921 calamitas
1513 2913 1522 2927 ,
1548 2890 1597 2920 vel
1622 2897 1734 2928 magna
1760 2887 1871 2925 inopia

997 2927 1132 2964 accidit,
1157 2927 1246 2958 causa
1268 2930 1419 2969 cognita,
1445 2940 1485 2961 ex
1510 2931 1636 2970 integro
1661 2928 1872 2959 satisdandum

997 2967 1042 2998 est
1060 2969 1086 2999 d.
1099 2967 1117 2998 l.
1142 2977 1185 2999 10.
1198 2976 1245 3009 pr.
1264 2969 1300 3005 69⁹
1315 2970 1346 3012 ᾗ.
1369 2981 1393 3002 1.
1410 2971 1455 3003 lta
1474 2982 1522 3003 res
1541 2971 1601 3001 liuc
1619 2970 1719 3000 redit:
1737 2978 1770 2999 ut
1787 2979 1870 3010 quo—

999 3010 1057 3040 tics
1085 3010 1197 3041 vitiose
1222 3019 1349 3044 cautum
1379 3014 1428 3044 vel
1457 3013 1633 3043 satisdatum
1654 3009 1717 3041 est:
1741 3021 1805 3042 non
1826 3012 1871 3042 vi-

999 3052 1108 3082 deatur
1123 3059 1249 3084 cautum
1268 3053 1286 3084 l.
1303 3057 1333 3085 6.
1353 3054 1394 3085 D.
1415 3055 1442 3085 h.
1461 3060 1484 3084 t.
1510 3054 1536 3083 ὅ(
1556 3052 1729 3082 commode
1753 3053 1872 3084 dicitur

997 3093 1016 3124 l.
1026 3102 1055 3132 4.
1068 3092 1108 3122 J).
1129 3095 1161 3123 cie
1173 3091 1270 3135 [lipul.
1285 3101 1397 3135 pretor.
1424 3094 1509 3135 quod
1522 3093 1681 3124 I'raetoriae
1696 3092 1872 3134 stipulatio-

997 3144 1052 3166 nes
1068 3133 1175 3173 saepitis
1193 3136 1459 3174 interponuntur,
1478 3143 1547 3164 cum
1560 3133 1622 3164 fine
1639 3134 1731 3175 culpa
1748 3136 1873 3176 stipula-

998 3176 1075 3207 toi-is
1092 3185 1220 3208 cautum
1239 3177 1301 3209 css'e
1320 3179 1420 3209 desiit.
1463 3176 1523 3206 Sed
1546 3184 1608 3205 non
1629 3183 1750 3209 tantum
1770 3188 1810 3209 ex
1828 3176 1874 3208 fa-

997 3217 1170 3249 cultatibus
1195 3219 1340 3259 locuples
1365 3224 1526 3256 reputatur
1543 3214 1718 3258 sidtjuss'or3
1742 3218 1814 3257 sed,
1839 3226 1874 3249 ut

997 3258 1059 3291 dixi
1071 3282 1080 3299 ,
1098 3260 1193 3330 CFOEU
1209 3270 1248 3291 ex
1260 3258 1475 3292 conveniendi
1494 3257 1658 3291 facilitate.
1675 3261 1812 3299 proinde
1828 3267 1875 3314 et:

1127 3308 1130 3320 ι
1156 3310 1172 3322 η
1866 3310 1872 3313 ”

1153 3323 1174 3341 .>

1852 3316 1875 3334 ἑὸ
