2036 3495
532 105 596 153 An
631 116 722 153 Lm.
756 115 864 153 xxii.
891 115 991 152 Tm.
1019 115 1062 152 v.
1098 116 1147 152 De
1168 116 1303 164 testibus.

26 215 204 249 faciendam
235 212 325 244 fidem
355 208 529 242 adhibitae:
562 207 591 238 ἂ
632 206 681 252 est-
715 206 900 252 rescriptum

26 261 64 289 ab
92 257 270 291 Hadriano,
295 252 423 285 testibus
446 250 494 289 se,
522 258 590 280 non
614 247 802 294 tellimoniis
833 257 900 278 cre-

11 300 165 332 diturum
195 297 213 328 l.
237 306 264 336 3.
285 295 311 336 §.
330 305 358 335 3.
375 294 412 328 ὅ)
427 302 456 331 4.
481 291 524 322 D.
540 290 566 321 b.
588 297 613 334 ῑ.ι
637 289 692 320 11.st
729 296 824 333 igitur
852 297 900 336 te-

27 340 119 372 stium
143 339 209 370 usus
236 337 387 375 frequens
413 333 442 365 ἀ
468 330 671 376 necessarius,
697 339 769 361 cum
803 339 833 361 in
858 339 900 360 ci-

28 383 165 419 vilibus,
193 386 259 410 tum
284 378 314 408 in
338 373 568 410 criminalibus,
594 374 689 417 caulis
712 373 741 401 d.
766 371 785 401 l.
816 380 840 402 1.
867 371 896 412 §.

32 432 59 455 1.
77 424 104 454 h.
124 428 144 452 c.
163 420 217 452 etsi
235 428 293 450 nee
309 417 420 450 desunt
442 415 572 453 aliquae,
589 422 618 444 in
638 413 752 453 quibus
770 421 834 443 non
853 412 898 444 eil:

30 464 160 496 testibus
178 464 277 494 locus.
301 459 342 490 ita
359 460 389 489 in
405 455 522 488 Novelc.
549 464 595 494 74.
612 464 636 485 c.
660 465 688 492 4.
707 453 896 499 justinianus

26 505 58 536 in
93 504 321 545 legitimatione
347 508 400 539 per
431 495 620 536 subsequens
654 503 891 526 matrimonium

29 547 101 578 iblis
118 546 208 585 jubet
223 541 308 574 credi
328 538 558 575 instrumentis,
584 546 648 567 non
666 536 814 582 testibusg
834 537 894 582 ,13-

31 597 71 629 pe
90 593 257 627 expertus.
280 583 310 613 in
329 590 365 611 ea
382 580 512 612 materia
534 577 595 609 ess'e
611 578 716 609 falsos.
739 577 894 623 'Similiter

28 630 60 660 in
76 629 95 660 l.
117 636 142 658 1.
159 627 191 657 C.
207 626 234 656 b.
253 630 273 654 t.
293 629 415 653 vetatur
430 630 494 652 non
511 620 658 660 scriptum
676 617 892 650 testiinonium

28 669 105 701 ferri
122 675 231 699 contra
254 664 424 704 scriptum:
447 661 503 693 nisi
531 662 638 699 (quod
658 668 892 704 temperamen-

29 719 96 742 tum
114 707 238 749 ponitur
259 706 365 746 postea
382 706 413 735 in
429 704 449 735 l.
471 703 539 743 18.)
556 701 613 733 sint
638 701 733 733 testes
752 709 893 742 quinque

28 753 154 785 inretrae
172 747 344 788 opinionis.
792 783 797 789 ·
861 782 867 787 .

67 790 310 834 Quaerentibus,
334 787 462 828 quinam
479 784 593 826 poffint
609 782 703 815 testes
727 783 894 828 adhiberis?

27 835 132 875 placet
152 831 288 864 Arcadio
304 830 322 860 l.
346 839 372 860 1.
392 828 420 869 §.
442 836 467 859 1.
486 828 513 858 b.
529 832 551 858 t.
567 835 678 872 omnes
696 824 802 866 pofl'e,
827 834 894 870 qui-

25 877 84 907 bus
112 883 176 905 nun
201 871 245 903 est
268 869 472 902 interdictum
505 868 730 905 testimonium.
785 865 895 912 Prohi-

28 918 145 948 bentur
155 921 258 945 autem
270 913 396 953 quidam
407 911 537 942 omnino
547 919 556 945 ;
566 909 619 954 alii
626 908 797 939 secundum
808 908 896 947 quid.

29 956 163 988 omnino
180 955 271 986 servi.
297 951 469 985 Terentius
493 951 656 989 meminit,
683 949 798 995 Ehorm.
817 958 846 980 2.
867 956 894 979 1.

32 1004 82 1030 62.
102 1001 244 1035 servum,
266 994 435 1035 inquiens,
458 994 597 1024 bominem
612 991 714 1031 causas
731 997 813 1036 orare·
824 990 897 1030 leges

31 1049 87 1071 non
100 1038 223 1076 sinunt,
250 1046 339 1077 neque
358 1034 509 1075 testimonii
530 1033 613 1064 difflo
629 1031 679 1072 est.
704 1031 790 1063 Idem
806 1031 895 1077 intel-

30 1082 138 1120 ligitur
154 1089 197 1110 ex
211 1079 229 1109 I.
250 1087 281 1109 ιι
312 1076 348 1111 &³
365 1076 456 1108 Auth.
474 1076 524 1120 seq.
545 1073 624 1120 Crh.
645 1080 666 1104 ι.
685 1081 720 1104 ac
738 1081 797 1113 pro
823 1078 894 1103 ratt-

32 1131 95 1152 one
113 1121 157 1151 est
173 1120 237 1150 hoc
254 1118 367 1150 Licinii
392 1116 493 1148 Rufini
510 1125 550 1147 ex
568 1115 620 1146 lib.
639 1125 668 1147 2.
683 1113 894 1160 Regularum,

31 1162 143 1194 Idonei
163 1171 226 1192 non
251 1161 400 1191 videntur
419 1157 482 1189 else
509 1156 603 1188 testes
622 1155 735 1196 quibus
752 1164 896 1196 imperari

31 1203 157 1244 potest,
182 1210 216 1233 ut
234 1201 326 1233 testes
345 1201 401 1232 sint
419 1200 437 1230 l.
454 1203 483 1230 6.
504 1199 545 1230 D.
566 1198 593 1229 b.
615 1204 635 1228 ι.
658 1196 700 1228 Et
717 1204 821 1244 tamen
838 1197 894 1227 ob-

34 1244 136 1276 servat
155 1242 353 1275 Modestinus
369 1243 398 1273 in
423 1242 433 1272 l
465 1250 492 1280 7.
510 1249 578 1280 quae
601 1237 646 1270 est
665 1246 704 1270 ex
721 1238 774 1269 lib.
789 1247 818 1279 3.
837 1237 895 1282 Re-

38 1286 197 1327 gulamm,
220 1294 236 1315 a
264 1283 381 1324 Regula
406 1282 644 1322 exceptionem.
678 1289 715 1310 ea
745 1285 895 1325 exceptio

30 1327 190 1364 est,Servi
202 1324 347 1365 responso
365 1332 438 1354 tunc
447 1322 642 1354 credendum
660 1320 821 1360 esse,cum
834 1320 893 1352 alia

29 1367 176 1408 probatio
202 1368 238 1397 ad
262 1367 429 1396 eruendam
453 1364 622 1394 veritatem
647 1371 712 1406 non
728 1361 781 1393 cst.
805 1362 893 1401 quod

28 1408 295 1448 quemadmodum
319 1406 538 1446 accipiendum
562 1403 615 1448 fit,
647 1404 782 1448 indicavi
799 1403 847 1448 lib.
868 1412 893 1434 1.

28 1449 160 1481 Prohahil
186 1458 209 1478 c.
229 1449 280 1479 uli.
295 1446 330 1481 ὅ*
345 1447 391 1478 lib.
416 1456 446 1487 3.
463 1456 487 1477 c.
513 1449 543 1476 6.
569 1445 690 1476 Ibidem
709 1446 844 1475 indicam
860 1444 895 1475 fi-

28 1491 114 1528 mul,
137 1490 232 1520 servis
249 1489 278 1519 in
299 1487 479 1527 hujusmodi
497 1487 567 1517 casu
584 1496 644 1517 non
661 1486 769 1524 juratis
786 1486 893 1523 credi,

28 1532 81 1562 sed
97 1532 199 1561 tortis.
223 1531 266 1560 ita
283 1531 366 1570 quod
385 1530 416 1559 in
433 1528 538 1559 liberis
556 1527 600 1558 est
616 1527 894 1573 jusjurandum,·in

30 1573 124 1603 servis
143 1579 334 1602 tormentum
349 1568 422 1600 ess‘e.
447 1568 564 1599 Praeter
581 1568 686 1599 servos
701 1568 769 1611 sunt
781 1569 809 1599 ἃ
821 1568 871 1599 alii
884 1591 894 1606 ,

33 1615 87 1653 qui
114 1621 246 1643 omnino
272 1610 486 1641 testimonium
509 1610 593 1640 ferre
618 1609 839 1649 prohibentur:
862 1617 897 1640 ut

31 1653 138 1685 furiosi
157 1654 184 1683 ὅ(
204 1661 311 1683 mente
329 1653 413 1690 capti
436 1652 454 1681 l.
474 1660 522 1682 20.
549 1649 577 1692 §
595 1660 624 1688 4.
641 1651 687 1681 D.
706 1649 770 1693 Qui
788 1648 896 1690 testam.

24 1694 167 1735 saapoff.
187 1693 266 1724 Item
278 1702 357 1733 quos
374 1692 548 1732 Imperator
564 1691 630 1733 §.6
649 1690 720 1732 Inft.
737 1693 770 1722 de
787 1690 896 1731 tellam.

32 1737 124 1767 oraim.
151 1735 212 1774 ait,
237 1733 340 1774 Leges
363 1733 472 1773 jubere
496 1733 661 1774 improbos
684 1731 746 1764 effe
774 1733 803 1764 ἀ
820 1734 898 1777 inte-

30 1777 171 1808 stabiles:
194 1776 293 1817 qualis
320 1775 365 1806 est
389 1774 551 1806 damnatus
578 1774 621 1805 ob
639 1773 796 1806 famosum
813 1773 899 1805 libel-

29 1820 95 1850 lum
119 1818 138 1848 l.
166 1827 216 1849 21.
231 1824 276 1857 pr.
295 1816 321 1847 h.
341 1822 362 1847 t.
377 1816 474 1856 ,quod
490 1825 567 1847 vero
591 1815 660 1856 lege
679 1816 748 1856 quis
773 1814 899 1846 intesta-

32 1860 108 1891 bilis
130 1859 260 1900 jubetur
285 1857 365 1895 else,
397 1866 437 1888 eo
464 1858 623 1897 pertinere
645 1855 743 1897 Gaius
764 1857 824 1895 ait,
857 1865 899 1888 ne

31 1902 97 1941 ejus
115 1898 328 1931 testimonium
347 1899 534 1943 recipiatur,
557 1898 587 1929 ἃ
606 1907 646 1929 eo
669 1898 822 1939 amplius,
844 1906 899 1929 ne·

32 1952 74 1973 ve
90 1942 146 1981 ipsi
161 1942 283 1972 dicatur
307 1939 540 1977 testimonium,
564 1939 594 1971 &
615 1940 659 1971 ita
675 1940 829 1979 quosdam
844 1948 915 1980 pun

34 1984 137 2014 tarel.
154 1986 203 2014 26.
223 1981 264 2012 D.
283 1981 348 2024 Qui
372 1979 480 2021 testam.
496 1981 562 2020 fac.
576 1981 647 2021 poff.
678 1982 900 2022 Superioribus

30 2024 166 2056 addendi
190 2023 322 2064 insignes
345 2021 476 2062 famosi,
498 2022 606 2062 quales
630 2021 699 2054 sunt
723 2022 899 2068 harenarii,

31 2066 83 2105 qui
111 2066 148 2096 ad
173 2064 283 2096 bestias
308 2072 342 2095 ut
366 2068 612 2104 depugnarent,
648 2063 678 2095 se
702 2064 899 2103 locaverint;

32 2107 106 2146 qui,
119 2115 231 2145 quaeve
249 2106 347 2145 palam
365 2111 502 2146 corpore
518 2105 668 2146 quaestum
678 2104 815 2136 fecerint
831 2105 849 2135 l⁴
868 2115 898 2147 3.

30 2148 58 2189 §.
78 2158 106 2187 5.
124 2148 150 2177 b.
168 2153 188 2176 t.
208 2148 294 2186 quod
310 2146 330 2177 si
347 2156 414 2185 quis
432 2147 523 2177 aliter
546 2146 670 2178 infamis
694 2146 747 2184 fit,
771 2147 836 2187 ejus
854 2153 900 2177 te-

33 2188 214 2220 stimonium
231 2197 291 2218 non
310 2187 354 2218 est
370 2187 499 2218 omnino
516 2188 643 2220 inutile:
666 2196 700 2219 ut
718 2188 813 2227 paulo
830 2187 902 2228 post

33 2231 168 2261 dicetur.
192 2237 344 2269 praeterea
361 2238 424 2259 non
441 2228 543 2268 potest
566 2228 650 2260 testis
667 2229 828 2267 adhiberi,
846 2230 901 2269 qui

29 2271 148 2311 judicio
171 2270 299 2310 publico
317 2272 481 2300 damnatus
501 2270 579 2308 erit,
605 2272 702 2309 quive
719 2270 748 2301 in
766 2271 900 2302 vinculis

31 2312 215 2343 custodiave
235 2312 362 2351 publica
380 2311 457 2349 erit,
474 2312 551 2342 item
568 2311 619 2350 qui
635 2311 676 2341 ob
687 2311 901 2343 testimonium

31 2353 200 2385 dicendum
227 2354 276 2383 vel
301 2362 364 2382 non
383 2353 552 2383 dicendum
578 2353 748 2393 pecuniam
766 2352 899 2393 accepis-

31 2395 62 2424 se
76 2393 230 2433 judicatus
251 2394 303 2424 vel
322 2394 489 2424 convietus
513 2394 573 2424 erit
596 2395 623 2424 d.
637 2394 656 2424 l.
672 2403 701 2434 3.
721 2394 750 2435 §.
770 2405 800 2434 5.
820 2393 900 2425 Item

34 2434 75 2466 fic
91 2435 132 2465 ait
151 2435 263 2466 Paulus
281 2435 299 2465 l.
322 2444 369 2473 14.
385 2436 413 2465 h.
429 2441 449 2465 ι,
469 2434 707 2475 Reperundarum
722 2438 898 2474 damnatus,

31 2485 82 2505 nec
96 2478 132 2506 ad
149 2474 363 2515 testamentum,
386 2485 437 2506 nec
457 2477 494 2506 ad
509 2474 699 2515 testimonium
714 2477 840 2507 adhiberi
849 2482 900 2516 po-

32 2514 96 2555 test.
119 2516 237 2548 Contra
256 2517 296 2548 ait
311 2517 487 2557 Ulpianusl.
510 2526 557 2549 20.
575 2517 601 2559 §.
616 2528 646 2558 5.
659 2517 700 2549 D.
709 2518 772 2561 Qui
788 2516 899 2555 tellam.

27 2558 93 2596 fac.
110 2556 174 2596 poff.
193 2556 268 2587 Eum
284 2559 334 2598 qui
352 2561 408 2598 lege
425 2561 646 2599 repetundarum
662 2560 819 2590 damnatus
835 2557 874 2599 est
889 2582 899 2598 ,

36 2600 73 2628 [lli
91 2595 287 2637 testamentum
303 2600 427 2630 adliiberi
446 2599 520 2640 poffe
546 2599 692 2639 existimo:
715 2603 850 2641 quoniam
867 2601 900 2632 in

35 2639 179 2680 justicium
196 2637 272 2678 testis
286 2639 334 2681 effe
347 2647 472 2671 vetatur.
496 2640 570 2672 Nec
588 2643 736 2674 tentanda
754 2642 807 2673 hic
823 2651 897 2674 con-

33 2680 169 2711 ciliatio:
203 2688 237 2710 ut
266 2679 334 2718 post
364 2680 511 2713 Graecum
533 2682 730 2715 Scholiasten
742 2707 751 2722 ‚
783 2682 897 2721 Bczfilic.

35 2721 82 2751 lib.
99 2729 146 2751 2¹.
164 2722 208 2750 tir.
229 2729 253 2750 1.
270 2721 313 2751 lit.
335 2720 373 2751 O.
396 2728 463 2763 pag.
481 2733 550 2762 554.
568 2724 604 2758 ἐξ
626 2724 669 2755 lii.
690 2725 724 2755 P.
738 2732 808 2766 pag.
826 2734 897 2765 555.

33 2762 158 2800 optime
191 2761 269 2791 vidit
300 2761 431 2802 Collega
463 2772 550 2795 meus
566 2787 576 2802 ,
613 2764 657 2797 D.
683 2765 898 2807 Schultingius

0 2812 1 2817 ¹
33 2802 73 2834 V.
92 2801 151 2833 CL.
168 2804 206 2833 ad
226 2802 310 2833 Paul.
328 2802 375 2832 lib.
395 2813 422 2840 4.
447 2803 525 2836 Sem.
541 2807 589 2837 tir.
609 2816 637 2847 3.
654 2815 723 2848 pag.
743 2817 812 2848 344.

76 2843 256 2874 Secundum
272 2843 346 2883 quid
363 2844 424 2874 esse
442 2844 534 2876 testes
557 2849 771 2885 prohibentur
794 2849 899 2889 vulga-

31 2884 109 2916 riter
132 2884 281 2915 infames:
304 2894 374 2915 nam
393 2885 502 2917 horum
520 2887 730 2922 testimonium
748 2899 811 2921 non
829 2899 898 2921 om-

33 2929 111 2957 nino
127 2927 253 2965 quidem
274 2925 318 2956 est
336 2927 461 2957 inutile:
485 2927 536 2958 sed
560 2928 677 2968 Judicis
701 2932 811 2963 officio
827 2940 896 2971 per-

31 2969 167 2998 mittitur
183 2967 361 3005 aestimatio,
386 2977 422 2998 an
445 2968 475 2998 δι
498 2978 652 3008 quatenus
671 2972 731 3003 illis
749 2972 893 3004 habenda

31 3008 68 3041 fit
86 3006 162 3040 fides
179 3010 189 3038 l
217 3018 244 3048 3.
264 3008 299 3042 &⁴¹
315 3009 333 3039 l.
357 3017 399 3047 153.
421 3010 465 3039 D.
481 3010 508 3040 h.
527 3016 547 3041 t.
568 3011 723 3044 Praeterea
739 3013 833 3045 etiam
851 3013 892 3043 se-

30 3052 170 3081 cundum
187 3050 261 3088 quid
280 3050 491 3087 prohibentur
513 3051 651 3084 minores
675 3053 784 3094 viginti
802 3055 892 3085 annis

29 3090 123 3122 testes
141 3091 168 3122 in
190 3090 405 3122 criminalibus
430 3091 524 3123 causis
546 3093 583 3127 ab,
605 3094 787 3127 accusatore
804 3094 893 3127 citari

29 3133 49 3164 ὶ.
69 3141 107 3163 20
138 3131 219 3163 1212.
237 3139 258 3164 ι.
278 3134 652 3167 δῐιῃῑῑιτςπὴώεῑιῃυῇει·
668 3136 740 3175 (nisi
758 3137 775 3167 si
793 3138 895 3177 palam

30 3182 169 3207 corpore
184 3173 297 3204 fecerit
316 3172 465 3214 quaestum
484 3179 522 3205 tle
541 3185 598 3215 qua
615 3178 702 3216 supra
720 3178 836 3209 dietum
855 3187 896 3210 ex

31 3216 93 3256 l.3.
118 3213 146 3255 §.
163 3225 193 3254 5.
220 3222 274 3247 aut
305 3214 326 3247 fi
359 3215 502 3248 adulterii
533 3218 695 3260 damnata)
722 3220 753 3251 in
776 3220 894 3260 judicio

1751 119 1820 166 375²

946 203 1116 237 testimonii
1137 206 1264 240 dicendi
1280 208 1327 248 ius
1351 207 1370 239 l.
1392 210 1438 243 18·
1458 203 1498 239 D.
1515 208 1543 240 h.
1562 213 1584 240 t.
1605 205 1657 240 sed
1674 206 1705 240 in
1722 207 1816 241 testa·

944 256 1055 278 mento
1072 257 1136 278 non
1154 248 1251 280 habet
1266 249 1284 280 l.
1303 259 1350 281 20.
1375 249 1402 291 §.
1420 253 1449 281 6.
1471 249 1508 280 D.
1529 250 1592 294 Qui
1618 248 1728 291 ttssam.
1745 251 1816 290 fac.

938 288 1007 328 poff.
1027 289 1101 329 quid
1119 290 1158 319 de
1176 289 1453 330 Hermapliroclito
1469 290 1638 324 dicemus?
1654 292 1707 323 hic
1722 300 1760 322 an
1777 290 1818 323 ad

943 330 1166 361 testamentum
1192 330 1334 362 adhiberi
1360 332 1476 372 possit,
1500 333 1632 374 qualitas
1656 333 1746 365 sexus
1763 333 1812 365 in-

941 370 1127 402 calescentis
1143 371 1284 402 ostendit
1300 373 1320 403 l.
1341 380 1386 412 15.
1405 373 1433 414 §.
1462 383 1485 404 1.
1513 374 1551 405 D.
1571 375 1597 405 b.
1621 380 1641 407 t.
1660 373 1739 416 Illud
1758 383 1814 406 ne-

940 420 995 442 mo
1018 421 1083 443 non
1106 414 1240 452 probat,
1272 413 1380 453 (quod
1406 424 1421 445 a
1449 414 1631 456 Pomponio
1662 415 1815 448 traditum

938 452 958 483 l.
981 461 1026 484 ιο.
1044 454 1072 484 d.
1091 455 1135 494 t.)
1151 455 1271 485 nullum
1290 456 1320 485 in
1349 464 1382 485 re
1409 457 1535 496 propria
1551 457 1686 499 intelligi
1702 457 1816 488 idone-

938 503 989 524 um
1007 493 1134 525 testem:
1157 496 1297 534 ideoque
1319 497 1374 536 (ut
1391 495 1507 528 dicitur
1522 500 1551 528 in
1566 499 1584 528 l.
1605 506 1649 529 10.
1673 499 1705 530 C.
1723 500 1750 530 d.
1770 498 1816 539 t.)

938 536 1087 567 omnibus
1104 537 1133 566 in
1153 545 1187 567 re
1201 537 1330 577 propria
1345 537 1472 569 dicendi
1491 538 1662 571 testimonii
1681 539 1816 572 faculta-

937 584 1002 608 tem
1017 577 1086 617 jura
1111 577 1349 609 submoverunt.
1387 588 1503 619 nempe
1527 581 1600 620 quia
1622 580 1733 612 frustra
1759 590 1816 621 pe-

938 624 1021 648 tatur
1045 618 1280 658 testimoniumg
1312 620 1364 650 ubi
1387 629 1459 651 curn
1485 621 1608 652 ratione
1631 622 1731 653 metui
1753 631 1814 663 po-

938 659 1065 697 test,ne
1081 669 1097 690 a
1113 668 1221 691 natura
1239 660 1280 692 sui
1299 661 1431 692 studiosa
1447 663 1676 703 corrumpatur.
1699 664 1739 693 ab
1760 672 1814 694 ea-

938 701 1012 731 dem
1029 701 1114 731 causa
1132 710 1237 742 neque
1253 710 1342 743 pater
1363 704 1512 742 filio,aut
1530 703 1612 735 filius
1628 704 1729 745 patri,
1741 705 1812 735 ido-

939 751 1017 773 neus
1033 741 1117 774 testis
1132 743 1177 773 est
1195 743 1214 773 l.
1243 754 1271 780 ς).
1299 744 1339 776 D.
1367 747 1393 776 cl.
1418 751 1439 776 t.
1465 743 1542 776 Non
1558 743 1685 777 aliunde
1702 745 1815 784 venit3

939 783 1027 823 quod
1043 785 1168 815 cuidam
1187 784 1278 816 Rosae
1294 785 1476 818 rescribitur
1497 786 1514 817 ί.
1533 795 1562 825 3.
1581 787 1614 818 C.
1631 788 1690 818 eod.
1710 785 1816 818 Etiam

935 825 1006 865 jure
1025 825 1113 855 civili
1134 826 1301 857 domestici
1317 827 1489 859 testimonii
1513 827 1610 859 fidem
1627 828 1818 869 improbari.

938 864 1053 897 Paulus
1071 874 1202 905 quoque
1219 867 1249 898 in
1264 868 1283 899 l.
1296 877 1344 906 24.
1367 867 1406 900 D.
1416 869 1444 900 h.
1460 875 1480 900 t.
1499 876 1621 907 narrat,
1645 869 1740 901 testes
1756 876 1816 901 eos

942 915 1024 946 quos
1043 906 1209 939 accusator
1226 909 1266 940 de
1285 910 1385 941 domo
1407 910 1614 950 produxerit,
1638 913 1816 951 interroga-

940 949 963 979 ri
983 957 1047 979 non
1074 948 1241 988 placuiffe:
1265 949 1329 982 fine
1352 951 1470 990 dubio,
1494 952 1583 991 quod
1607 952 1715 984 idonei
1744 961 1814 983 non

940 989 1091 1020 videntur
1108 989 1202 1021 testes
1221 990 1336 1032 quibus
1352 992 1498 1033 imperari
1518 993 1642 1033 potest,
1665 1000 1701 1025 ut
1719 993 1814 1025 testes

938 1028 1016 1062 fiant
1034 1031 1054 1062 ι.
1071 1034 1100 1061 6.
1122 1030 1162 1062 D.
1180 1032 1207 1063 h.
1225 1039 1246 1063 t.
1272 1033 1424 1066 Similiter
1438 1034 1538 1066 refert
1555 1034 1708 1067 Arcadius
1725 1035 1745 1065 l.
1755 1034 1814 1066 ult..

938 1071 981 1103 D.
998 1072 1026 1103 h.
1040 1077 1062 1103 t.
1078 1071 1241 1105 Mandatis
1259 1076 1385 1114 caveri,
1408 1083 1442 1106 ut
1457 1076 1606 1108 Praesides
1622 1076 1814 1114 attendant,

938 1122 979 1144 ne
993 1114 1121 1152 patroni
1133 1114 1165 1145 in
1181 1113 1289 1154 causa,
1299 1117 1346 1147 cui
1357 1116 1570 1157 patrocinium
1581 1118 1814 1156 praestiterunt,

939 1154 1152 1187 testimonium
1168 1155 1285 1188 dicant.
1302 1159 1388 1197 quod
1406 1158 1435 1190 ἃ
1460 1158 1491 1190 in
1509 1159 1739 1192 executoribus
1759 1167 1817 1190 ne-

938 1197 1102 1237 gotiorum
1133 1196 1320 1230 servandum
1344 1199 1417 1231 esse.
1450 1198 1503 1232 De
1527 1201 1704 1240 haereticis,
1737 1206 1815 1233 cum.

938 1236 1131 1279 insignibus,
1155 1245 1221 1270 tum
1247 1239 1334 1278 aliis,
1357 1249 1396 1272 an
1421 1240 1451 1272 ἀ
1476 1248 1633 1281 quatenus
1650 1242 1693 1273 illi
1710 1240 1748 1273 ad
1764 1249 1813 1273 te-

937 1278 1121 1311 stimonium
1137 1279 1366 1320 admittantur,
1390 1289 1480 1313 extat
1502 1282 1664 1322 justiniani
1689 1282 1818 1315 Consti-¹

938 1320 1021 1352 tutio
1038 1321 1058 1352 l.
1078 1330 1127 1353 21.
1149 1321 1182 1353 C.
1196 1323 1230 1353 de
1246 1321 1382 1354 Haeretz'c.
1398 1322 1435 1358 &³
1457 1324 1597 1355 Manich.

977 1361 1117 1394 Indicavi
1129 1362 1301 1403 plerosque
1320 1374 1336 1395 a
1355 1364 1525 1396 testimonii
1544 1365 1682 1397 mitione
1697 1371 1751 1397 aut
1775 1374 1816 1403 o-

939 1405 1067 1442 mnino,
1078 1411 1132 1435 aut
1150 1402 1321 1437 secundum
1341 1406 1436 1446 quid,
1448 1413 1603 1438 remotos.
1614 1407 1708 1439 restat
1724 1406 1815 1448 quod.

938 1446 1030 1476 initio
1055 1445 1172 1476 dietum
1202 1446 1265 1484 est,
1297 1447 1439 1486 reliquos
1460 1456 1525 1478 non
1549 1447 1748 1488 prohibitos,
1772 1449 1814 1479 ad

938 1485 1152 1518 testimonium
1176 1486 1314 1518 admitti:
1337 1497 1403 1518 non
1430 1488 1529 1519 modo
1561 1487 1583 1519 fi
1599 1488 1719 1527 velint,
1750 1488 1816 1521 esse

938 1528 1052 1567 testes;
1076 1526 1126 1559 sed
1151 1527 1264 1567 etiam,
1286 1528 1307 1560 fi
1331 1528 1455 1567 nolint,
1486 1529 1607 1561 invitos
1639 1531 1713 1570 cogi
1727 1530 1816 1562 testi-

940 1570 1083 1601 monium
1120 1569 1291 1610 perhibere
1320 1571 1465 1610 impensis
1499 1579 1555 1603 eos
1583 1571 1741 1612 petentis:
1771 1572 1815 1603 sic

940 1612 1024 1642 enim
1040 1609 1204 1641 constituit
1220 1610 1461 1653 justinianuspr.
1473 1610 1548 1654 ἐξῇ.
1568 1612 1623 1645 1.l.
1636 1616 1682 1644 16.
1700 1613 1733 1645 C.
1751 1612 1779 1645 h.
1790 1620 1817 1644 r..

940 1652 1074 1684 volente
1091 1651 1216 1692 publica
1231 1652 1388 1692 utilitate,
1411 1662 1450 1684 ne
1476 1654 1592 1685 veritas
1610 1655 1815 1695 occultetur,

940 1702 1035 1733 quam
1059 1692 1180 1733 liquere
1196 1716 1206 1732 ,
1238 1693 1366 1726 interest
1392 1694 1539 1726 humanae
1563 1694 1733 1728 societatis.
1763 1695 1815 1728 Ea

941 1735 1035 1775 igitur
1051 1733 1175 1765 ratione
1190 1734 1234 1765 ait
1250 1733 1427 1777 VenuleJ'us
1443 1736 1462 1767 l.
1482 1745 1530 1768 22.
1541 1736 1583 1770 D.
1599 1737 1628 1768 b.
1645 1743 1667 1768 t.
1688 1736 1816 1770 Curent

940 1775 1142 1816 Magistratus
1160 1776 1315 1817 quusque
1335 1776 1420 1817 loci,
1445 1777 1550 1809 testari
1573 1778 1756 1810 volentibus
1781 1779 1817 1812 δε

940 1815 972 1848 se
995 1815 1076 1857 ipsos
1100 1817 1130 1849 ἃ
1153 1817 1232 1848 alios
1257 1817 1361 1855 testes,
1377 1819 1430 1857 vel
1451 1818 1625 1860 signatores
1649 1820 1816 1861 praebere:

942 1866 1008 1899 quo
1024 1856 1147 1891 facilius
1164 1859 1295 1900 negotia
1311 1859 1533 1901 explicentur,
1553 1861 1584 1892 &
1599 1859 1750 1902 probatio
1765 1870 1820 1893 re-

941 1908 1010 1931 rum
1025 1898 1105 1931 salva
1119 1900 1167 1932 fit.
1190 1899 1312 1933 Eadem
1332 1901 1474 1942 ratione,
1497 1902 1519 1934 fi
1543 1911 1610 1934 non
1627 1902 1722 1944 posfit
1738 1901 1823 1936 aliae.

941 1940 1084 1973 constare
1106 1942 1147 1974 de
1171 1942 1328 1982 veritate,
1359 1944 1455 1976 etiam
1484 1943 1633 1983 personas
1656 1944 1820 1977 inhabiles

941 1981 1066 2014 admitti
1090 1983 1155 2023 iura
1179 1982 1354 2016 voluerunt
1374 1984 1395 2017 l.
1422 1993 1451 2027 7.
1477 1984 1519 2017 D.
1534 1985 1563 2017 b.
1586 1991 1608 2017 t.
1623 1995 1685 2018 nec
1700 1986 1745 2018 est
1760 1986 1821 2018 hie

943 2025 1273 2065 praetermittendum,
1289 2026 1378 2066 quod
1388 2027 1568 2060 Arcadiusl.
1586 2027 1675 2070 21.§.
1693 2037 1721 2060 2.
1741 2028 1769 2059 d.
1788 2033 1817 2060 t.

943 2065 973 2097 Si
991 2074 1047 2103 ea,
1069 2066 1194 2107 inquit,
1216 2067 1261 2098 rei
1284 2067 1429 2099 conditio
1452 2069 1507 2108 fit,
1537 2068 1592 2100 ubi
1613 2069 1818 2101 harenarium

943 2106 996 2138 vel
1010 2106 1141 2139 similem
1155 2107 1267 2140 testem
1283 2109 1453 2141 admittere
1481 2111 1646 2152 cogimur,
1668 2109 1734 2142 fine
1748 2118 1815 2143 tor-

944 2149 1061 2180 mentis
1076 2148 1260 2181 testimonio
1277 2151 1342 2190 eius
1358 2151 1554 2183 credendum
1571 2161 1635 2183 non
1654 2151 1711 2185 est.
1783 2187 1787 2190 ,

985 2188 1065 2221 Sunt
1081 2197 1185 2222 tamen
1210 2193 1265 2232 (ut
1287 2191 1473 2232 Justinianus
1497 2193 1646 2233 perhibet
1666 2192 1686 2224 l.
1715 2196 1760 2225 16.
1777 2193 1816 2225 C,

943 2231 972 2261 h.
992 2230 1035 2271 t.)
1059 2239 1129 2271 quae
1152 2232 1274 2272 legibus
1300 2233 1515 2274 prohibentur
1537 2234 1575 2266 ad
1598 2233 1816 2268 testimonium.

945 2273 1040 2313 cogi3
1065 2273 1209 2312 talesque
1240 2272 1303 2305 effe
1323 2276 1400 2307 dicit
1422 2274 1570 2315 personas
1597 2275 1748 2315 illustres,
1779 2276 1816 2309 6:

944 2322 1013 2354 quae
1030 2313 1117 2353 supra
1133 2314 1264 2346 illustres
1280 2315 1363 2347 sunt:
1387 2315 1442 2347 nisi
1460 2315 1542 2348 sacra
1552 2314 1656 2349 forma
1671 2318 1814 2350 interve-

945 2355 1001 2386 nit.
1025 2353 1182 2386 Praeterea
1198 2355 1240 2386 ait
1252 2361 1299 2396 pr.
1316 2356 1354 2392 ὅ)
1370 2356 1400 2398 §.
1428 2366 1454 2388 1.
1472 2357 1492 2388 1.
1516 2367 1561 2395 19.
1581 2359 1627 2389 D.
1642 2358 1671 2390 h.
1686 2364 1709 2391 t.
1724 2359 1815 2400 Ulpi-

944 2404 1042 2435 anus,
1072 2396 1192 2428 invitos
1215 2396 1430 2430 testimonium
1453 2407 1517 2430 non
1541 2398 1649 2432 dicere
1673 2400 1815 2441 publica-

941 2446 1018 2469 nos:
1049 2437 1126 2468 item
1150 2447 1223 2470 eum
1248 2438 1301 2479 qui
1326 2448 1388 2471 non
1419 2440 1617 2473 detrectandi
1640 2441 1813 2474 testimonii

942 2477 1030 2509 causa
1045 2478 1177 2512 abierit:
1200 2479 1276 2511 item
1293 2489 1367 2512 eum
1392 2481 1445 2522 qui
1467 2481 1542 2522 quid
1559 2483 1715 2515 exercitui
1731 2492 1813 2525 prae-

941 2519 1079 2551 bendum
1091 2519 1300 2552 conduxerit:
1313 2521 1362 2554 sed
1379 2531 1438 2554 nec
1452 2523 1579 2563 pupillis
1595 2524 1814 2558 testimonium

944 2561 1126 2592 denunciari
1145 2561 1243 2602 posse.
1267 2561 1335 2602 Jam
1360 2573 1437 2595 vero
1455 2563 1566 2596 Paulus
1591 2566 1610 2597 l.
1628 2575 1657 2606 4.
1674 2568 1721 2599 D.
1737 2567 1766 2598 h.
1785 2572 1810 2598 t.

942 2601 1031 2643 Lege
1046 2602 1125 2642 Julia
1140 2602 1332 2643 judiciorum
1350 2605 1551 2646 publicorum
1569 2606 1692 2648 inquit,
1715 2617 1811 2640 cave-

943 2644 988 2681 ri,
1012 2653 1053 2675 ne
1068 2645 1173 2676 invito
1196 2643 1427 2686 denuncietur,
1451 2654 1485 2679 ut
1508 2647 1725 2681 testimonium
1748 2648 1812 2679 litis

942 2686 1026 2716 dicat
1049 2685 1197 2717 adversus
1223 2685 1367 2720 socerum
1385 2711 1395 2727 ,
1423 2698 1596 2730 generum,
1635 2691 1780 2722 vitricum
1795 2709 1810 2726 ‚

942 2727 1121 2767 privignum
1133 2750 1143 2765 ‚
1163 2726 1324 2760 sobrinum
1335 2752 1345 2768 ,
1360 2729 1482 2761 sobrino
1498 2739 1625 2771 natum,
1640 2740 1734 2763 eosve
1751 2730 1811 2769 qui

941 2769 1048 2807 priore
1072 2768 1171 2808 gradu
1197 2767 1275 2801 sunt.
1306 2770 1403 2802 Addit
1425 2770 1521 2812 Gajus
1545 2773 1564 2804 l.
1585 2784 1615 2813 5.
1635 2772 1668 2803 ln
1685 2772 1810 2813 legibus

941 2808 1054 2846 quibus
1071 2809 1228 2849 excipitur
1240 2834 1250 2849 ,
1273 2809 1326 2842 Ne
1340 2821 1437 2853 gener
1453 2820 1506 2844 aut
1524 2814 1611 2845 socer
1625 2812 1744 2844 invitus
1760 2820 1812 2845 te-

942 2849 1120 2882 stimonium
1147 2851 1255 2883 dicere
1279 2861 1466 2893 cogeretur,
1489 2854 1597 2896 generi
1621 2853 1810 2893 appellatio-

941 2899 981 2922 ne
998 2890 1144 2930 sponsum
1166 2901 1294 2934 quoque
1310 2894 1382 2926 flliae
1399 2894 1576 2927 contineri:
1606 2895 1682 2926 item
1706 2893 1807 2928 soceri

940 2932 1058 2971 sponsae
1074 2941 1207 2974 patrem.
1234 2935 1360 2976 Insuper
1383 2938 1428 2968 ait
1450 2937 1561 2968 Paulus
1584 2936 1612 2966 d.
1635 2935 1655 2967 l.
1671 2945 1700 2974 4.
1717 2935 1807 2978 Lege

937 2973 1219 3014 Juliajudiciorum
1242 2977 1442 3017 publicorum
1471 2975 1593 3014 caveri,
1613 2985 1657 3019 ¹ne
1684 2976 1806 3010 liberto

936 3014 1046 3056 ipsius,
1069 3016 1240 3050 liberorum
1256 3019 1339 3059 eius,
1363 3025 1547 3060 parentum,
1571 3017 1649 3056 viri,
1672 3017 1804 3053 uxorisz‘

937 3055 1012 3087 item
1038 3059 1158 3098 patroni
1184 3068 1323 3099 patronae
1350 3058 1495 3090 adversus
1519 3057 1673 3098 libertos,
1695 3069 1807 3101 neque

938 3097 1044 3131 liberti
1074 3100 1218 3132 adversus
1250 3108 1417 3141 patronum
1432 3122 1443 3138 ,
1474 3107 1629 3140 cogantur
1658 3101 1804 3134 testimo-

940 3140 1026 3172 nium
1043 3141 1161 3173 dicere.
1207 3141 1275 3173 Imo
1292 3140 1513 3173 Diocletianus
1536 3141 1565 3173 dc
1589 3141 1805 3176 Maximianus

938 3180 958 3212 l.
981 3190 1024 3213 12.
1044 3182 1078 3213 C.
1097 3183 1124 3213 h.
1145 3189 1166 3214 t.
1184 3184 1313 3222 jubent,
1337 3182 1521 3214 libertorum
1538 3183 1681 3216 adversus
1697 3191 1805 3224 patron

937 3230 993 3255 nos
1010 3223 1135 3257 illicitas
1144 3232 1240 3264 atque
1250 3223 1411 3263 improbas
1422 3232 1522 3258 voces
1537 3233 1642 3266 poenae
1651 3226 1805 3267 objectioa

1759 3276 1801 3299 ae
