2036 3495
548 138 613 174 An
639 137 730 173 Lm.
756 134 799 171 Π.
838 134 939 171 Ttr.
968 133 1032 171 IV.
1069 134 1120 171 De
1141 136 1172 171 in
1182 138 1239 184 jus
1249 138 1391 176 vocando.

77 231 308 272 uniuscujusque
330 228 464 262 civium?
487 228 532 259 hic
556 238 611 259 arae
626 227 721 273 sunt,
744 226 790 256 hic
802 225 879 274 foci,
903 225 948 273 hic

76 275 119 306 dii
128 280 266 314 penates,
290 273 334 304 hic
353 273 454 309 lucra,
477 271 642 311 religiones,
666 277 834 315 caeremonia:
858 274 945 298 coniz-

77 321 202 347 nentur:
224 311 274 344 hoc
290 314 458 355 perfugium
479 310 517 350 elb
533 312 576 342 ita
589 308 724 356 faricium
739 311 888 355 omnibus,
913 314 947 340 ut

74 358 141 388 inde
151 356 245 396 abripi
255 348 451 395 neminernfas
460 352 511 390 sit.
535 352 586 398 Sic
604 351 731 397 CicerO.
755 349 827 381 Nec
844 359 945 382 minus

78 397 176 436 Gaius
194 397 211 428 l.
236 401 279 430 18.
297 396 322 427 h.
344 402 365 427 t.
397 396 547 436 Plerique,
562 399 709 433 inquiens
721 416 729 429 ,
742 398 943 440 pictaverunt,

76 440 191 470 nullum
207 439 239 468 de
254 439 397 477 domosua
413 436 503 477 injus
521 436 621 466 vocari
639 434 739 464 licere:
761 444 830 474 qum
845 435 944 464 dormis

76 478 245 520 tutiffimum
261 480 361 519 cuique
380 478 544 518 refugium,
566 482 654 516 atque
668 476 875 522 receptaculum
883 473 943 522 fit:-

75 530 193 562 euinque
209 521 256 561 qui
281 520 345 550 inde
367 521 398 550 in
411 519 461 559 jus
477 524 610 554 vocaret,
634 518 695 547 vim
712 516 821 556 inferre
837 519 942 547 videri.

75 564 105 594 Si
126 571 228 594 tamen
248 570 317 592 reus
340 561 458 591 aditum
476 561 514 590 ad
535 558 564 590 se
584 559 729 598 praestet,
753 566 807 588 aut
824 567 863 588 ex
885 568 942 597 pu.

75 604 161 635 blico
185 601 414 642 conspiciatur3
437 600 574 641 Julianus
589 624 598 638 ,
624 600 720 645 Paulo
746 599 824 630 teste
842 599 894 630 lib.
918 608 942 630 1.

74 645 125 677 Ad
142 643 305 681 Edictum,
320 644 361 674 ait
378 643 461 674 recte
478 644 509 673 in
525 644 574 682 jus
591 650 697 686 vocari
718 650 790 687 eum
807 640 826 671 l.
851 650 896 688 ¹.9'
914 641 943 673 h.

74 692 94 717 t.
120 687 151 717 id
178 684 240 722 est,
264 685 291 715 ei
321 684 404 715 diem
430 684 502 715 dici.
528 684 569 714 ita
590 682 645 713 etsi
664 691 686 712 is
705 691 757 722 qui
775 683 862 714 domi
880 682 943 726 est,

73 727 229 759 interdum
247 726 276 756 in
289 726 337 765 jus
350 727 456 756 vocari
474 725 587 765 poffit3
605 732 708 754 tamen
728 724 879 768 dedomo
894 722 944 753 lua

72 777 168 800 nemo
186 766 307 798 extrahi
320 767 436 798 debet:
455 776 488 797 ut
507 767 590 798 idern
605 765 717 810 Paulus
735 765 849 811 eodem
863 764 944 795 libro

72 817 182 841 monet
199 809 217 839 l.
236 817 283 839 21.
303 809 330 839 b.
350 815 373 840 t.
422 807 546 840 Eodem
565 807 594 838 δε
615 808 746 844 loquens
765 806 880 845 ipeClat
899 815 943 836 ar-

71 851 271 884 gumentatio
288 851 371 890 apud
399 849 631 891 Quintilianum
650 848 697 878 lib.
717 857 743 887 7.
764 844 831 894 Inst.
855 846 940 878 Orat.

70 882 94 922 ἶ.
114 896 140 925 8-
156 899 187 931 p.
206 895 276 929 646.
318 891 368 922 Ex
392 893 469 922 domo
487 892 517 920 in
530 891 582 931 jus
598 891 712 919 educere
729 898 763 919 ize
779 888 860 919 liceat
872 899 887 933 :⁴
901 894 942 918 tiz-

71 932 229 964 bernaculis
247 933 360 963 eduxit.
406 931 535 972 Insuper
558 932 600 962 ait
617 930 714 970 Gajus
731 930 749 960 l.
770 939 823 967 20,
847 936 941 960 ctiam

69 975 167 1007 licere
186 974 279 1013 injus
298 974 403 1005 vocari
423 983 439 1003 a
458 975 569 1010 vinea,
595 972 729 1010 balneo,
755 971 784 1002 ἃ
805 970 942 1002 theatro,

69 1016 207 1055 Jacobus
235 1015 381 1054 Cujacius
408 1015 454 1045 lib.
483 1024 532 1046 21.
561 1014 682 1050 Observ.
708 1022 730 1043 c.
751 1017 809 1060 33,
834 1020 940 1044 motus

71 1057 259 1088 auctoritate
285 1055 491 1095 Graecorum,
515 1053 629 1094 Bczstlic.
650 1055 697 1085 lib.
715 1063 743 1094 7.
761 1060 806 1085 tit.
825 1058 854 1088 8.
873 1059 938 1100 toin.

76 1107 102 1130 1.
117 1105 186 1139 pag.
206 1107 282 1138 322,
307 1107 366 1137 pro
389 1098 475 1128 vinea
499 1095 705 1138 probabiliter
729 1095 873 1133 mavult,
894 1104 939 1136 Ja-

71 1149 150 1176 rzuu,
168 1132 336 1179 vel‘junea:
362 1139 436 1170 licet
456 1138 607 1169 Veterem
626 1135 938 1184 scripturam'defen-

73 1182 126 1211 dat
144 1181 266 1211 Samuel
288 1180 427 1217 Petitus,
445 1180 495 1211 Ad
510 1179 563 1220 leg.
580 1178 731 1209 Attiani.
751 1188 778 1217 4.
796 1183 840 1224 tit.
865 1187 891 1208 2.
907 1183 938 1217 p.

72 1226 142 1261 ¹316.
167 1222 267 1253 Porro
285 1221 326 1251 ait
345 1220 441 1260 Gajus
460 1221 486 1252 b.
505 1227 525 1251 t.
541 1221 559 1250 l.
578 1229 635 1256 22,
662 1217 776 1258 Neque
794 1218 935 1265 impube-

70 1256 120 1294 res
140 1263 255 1303 puellas
272 1271 339 1301 quae
359 1263 461 1294 alieno
477 1262 533 1301 juri
551 1259 695 1299 subjectae
710 1258 826 1297 essent,
846 1268 875 1290 in
890 1268 937 1300 Jus

69 1313 187 1335 vocare
205 1302 380 1343 perinill'um
405 1301 476 1333 esse.
522 1302 677 1345 Praeterea
695 1300 787 1340 poffit
806 1300 868 1331 huc
885 1301 936 1331 ad·

71 1347 142 1376 duci
159 1345 176 1374 l.
195 1354 223 1381 4.
244 1342 285 1373 D.
304 1343 432 1384 dejudic.
450 1342 672 1383 conjungenda
689 1350 759 1373 cum
778 1341 879 1388 sio-7.
894 1341 936 1374 D.

69 1387 102 1417 de
118 1393 174 1423 reg.
189 1385 253 1425 jur.
278 1393 351 1415 curn
368 1391 497 1423 utraque
514 1384 549 1415 iit
567 1392 606 1414 ex
626 1384 740 1414 eodem
753 1381 823 1423 GaJi
839 1383 891 1414 lib.
908 1393 934 1415 1.

67 1427 118 1457 Ad
140 1425 286 1457 Edictum
311 1425 525 1466 provinciale:
548 1425 624 1455 item
643 1424 662 1454 l.
679 1428 717 1463 48
747 1424 787 1455 D.
806 1426 839 1455 de
856 1427 933 1456 verb.

41 1466 137 1509 ‘figit⁸
162 1466 212 1498 sed
230 1467 301 1507 quia
321 1467 373 1497 has
390 1466 562 1506 exposuere
577 1465 714 1505 jacobus
727 1465 871 1506 Cujacius
886 1466 936 1500 lib.

66 1518 95 1549 7.
114 1508 234 1549 Observ.
250 1518 274 1539 c.
295 1512 329 1539 16
341 1531 350 1547 ,
374 1508 404 1540 &
419 1507 554 1547 Jacobus
574 1506 799 1539 Gothofredus
815 1509 853 1539 ad
867 1510 897 1555 a,
913 1508 932 1540 l.

70 1559 146 1590 107,
171 1548 243 1581 satis
260 1550 339 1588 erit,
358 1548 525 1588 indieaffe,
549 1549 602 1580 ubi
620 1548 708 1589 quod
724 1557 804 1589 opus
818 1548 872 1589 fit,
889 1558 933 1581 111-

67 1592 169 1622 veniri
187 1598 291 1629 queat.

73 1661 78 1669 ,
110 1631 289 1662 Secundum
314 1630 416 1663 EdiCti
444 1639 539 1672 caput
556 1631 710 1673 Ulpianus
731 1632 749 1664 l.
768 1642 797 1671 4.
816 1631 834 1675 §
865 1642 890 1664 1.
908 1633 935 1665 h.

67 1678 92 1705 t.
114 1672 155 1704 fic
170 1671 382 1715 repraesentat.
400 1673 570 1712 Ruentem,
580 1680 755 1714 patronum,
767 1681 938 1715 patronam,

71 1715 168 1745 liberos
179 1738 188 1753 ‚
209 1720 359 1754 parentes,
382 1717 517 1754 patroni,
532 1721 676 1755 patronae,
693 1716 724 1745 in
735 1715 857 1757 jusfirze
873 1724 936 1756 per-

70 1755 155 1795 miffu
171 1765 228 1785 meo
239 1757 346 1796 nequis
360 1761 448 1787 vocet.
476 1755 554 1787 Haec
572 1757 668 1788 verba
685 1766 756 1788 cum
768 1756 937 1797 Ulpianus,

70 1804 137 1828 tum
157 1796 266 1827 Paulus
283 1799 311 1827 in
329 1798 356 1827 d.
374 1797 393 1827 l.
417 1797 446 1828 ὅ(
470 1797 592 1837 aliquot
621 1797 821 1837 sequentibus
842 1808 938 1839 expo-

70 1838 118 1869 nit
135 1838 205 1868 late.
234 1836 486 1870 AtModestinus
507 1848 572 1870 rem
590 1840 696 1880 paucis
708 1838 841 1871 absolvit
859 1840 877 1870 l.
891 1850 938 1881 13.

71 1879 100 1910 b.
119 1884 138 1909 t.
163 1877 205 1909 fic
233 1878 368 1910 scribens
387 1890 394 1910 :
419 1880 594 1911 Generaliter
618 1890 665 1912 eas
682 1885 813 1921 peiy'onas
836 1882 939 1923 quibus

69 1921 227 1951 reverentia
249 1918 411 1960 pmstanda
435 1920 491 1961 est,
507 1921 571 1959 fine
588 1922 669 1963 juffu
696 1922 828 1953 Praetoris
845 1924 938 1964 injus

68 1970 170 1992 vocare
186 1970 242 1991 non
252 1961 407 2001 pnffmnus.
444 1963 505 1994 Sed
521 1962 695 1995 Modestini
714 1964 850 1995 brevitas
871 1973 935 1996 non

68 2002 113 2033 est
137 2001 199 2033 fine
225 2002 419 2034 difficultate.
450 2003 493 2035 est
519 2005 603 2035 enim
626 2005 803 2037 dubitatum
822 2006 935 2046 quibus

68 2043 223 2074 debeatur
240 2044 434 2075 reverentia:
450 2046 576 2085 quando
590 2046 618 2077 δι
637 2047 888 2087 praeceptoribus
905 2047 935 2079 ὅ(

66 2083 191 2115 senibus
210 2093 277 2116 earn
295 2084 450 2125 praestari‚
467 2087 530 2124 ipsa
547 2086 654 2119 suadet
673 2087 859 2120 humanitas.
886 2087 938 2120 De

66 2126 317 2166 praeceptoribus
335 2127 455 2158 Seneca
465 2127 558 2168 Epist.
570 2132 619 2168 64.
637 2128 666 2161 &
683 2130 826 2170 pulchre.
846 2139 937 2172 aeque

66 2166 225 2206 juvenalis
241 2173 294 2203 sat.
312 2177 327 2207 7
361 2169 434 2205 vers.
454 2178 524 2206 209.

127 2225 169 2280 -E-
193 2226 217 2280 -l
228 2208 427 2250 Praeceptorem
434 2210 537 2251 sanciti
550 2211 662 2244 voluere
672 2214 805 2254 parenzis

179 2259 192 2280 e
219 2259 273 2282 oco.
297 2267 308 2274 ·
330 2269 339 2275 -
363 2269 374 2275 -

65 2288 119 2321 De
138 2248 259 2322 sgnbus
278 2292 400 2325 constat
417 2302 456 2325 ex
476 2293 495 2325 l.
512 2305 542 2334 5.
560 2294 603 2326 D.
621 2296 727 2336 dejur.
744 2296 890 2329 immunit.
907 2307 937 2329 a·

64 2333 129 2372 pud
157 2330 308 2364 Ovidium
333 2343 461 2375 quoque
485 2335 529 2367 est
548 2336 615 2368 Lib.
631 2347 661 2377 5.
681 2336 746 2378 Fasl
775 2340 848 2379 vers.
870 2349 935 2380 157.

128 2373 321 2414 Magncisuit
340 2378 484 2417 quondam
502 2379 602 2416 capitis
617 2380 777 2410 reverentia
796 2382 872 2411 cani.

65 2413 127 2446 Sed
145 2416 219 2446 mihi
238 2417 345 2447 verior
365 2419 490 2449 videtur
507 2419 568 2450 effe
586 2418 740 2451 sententia
757 2421 935 2453 existiman-

64 2456 161 2494 tium,
179 2466 194 2487 a
206 2456 392 2489 Modestino
410 2460 539 2491 indicari
557 2462 767 2493 reverentiam
781 2472 843 2494 non
865 2473 936 2504 qua-

42 2496 127 2528 'lem
153 2498 275 2537 qualem
294 2522 302 2536 ‚
326 2499 376 2530 sed
400 2500 478 2541 legis
502 2502 685 2534 necessitate
709 2504 934 2544 praestandam,

67 2545 170 2576 neque
192 2540 406 2573 excedentem
433 2543 665 2583 appellationes
691 2545 720 2576 in
750 2544 864 2577 Editio
883 2556 933 2577 ex-

66 2578 195 2617 press'as:
220 2581 301 2611 inter
326 2591 401 2621 quas
419 2584 463 2614 est
481 2587 605 2623 patroni
624 2585 732 2624 heres,
764 2587 817 2618 etsi
835 2595 935 2619 extra·

67 2627 163 2657 neus,
181 2621 255 2652 item
276 2625 397 2660 patroni
415 2633 496 2656 uxor
511 2626 530 2656 l.
552 2636 577 2657 Ι.
598 2626 633 2660 {3⁹
648 2637 675 2658 2.
695 2627 727 2658 C.
747 2628 775 2659 h.
795 2636 815 2659 t.
842 2630 933 2660 adda-

66 2668 136 2691 mus
156 2660 302 2700 personas
329 2667 486 2701 proximas
508 2669 706 2706 parentibus,
731 2668 794 2700 sive
811 2679 880 2709 quae
903 2677 935 2700 ut

67 2709 215 2740 parentes
232 2701 442 2736 honestissime
459 2706 645 2740 salutantur}
669 2711 776 2750 quales
803 2712 870 2741 sunt
889 2710 934 2741 so-

67 2751 139 2780 cer,
165 2740 290 2782 socrus,
314 2745 461 2784 vitricus,
486 2757 632 2781 noverca.
665 2752 787 2790 optime
817 2752 935 2784 Plinius

66 2783 115 2813 lib.
133 2792 161 2822 7.
179 2784 254 2814 Nat.
273 2783 370 2823 huffe.
386 2796 431 2827 13.
450 2787 488 2832 ρ,
501 2789 636 2822 Metellus
653 2792 857 2824 Macedonicus
872 2803 936 2824 cum

59 2828 118 2864 sex
136 2825 235 2855 liberos
250 2825 436 2866 relinqueret,
453 2831 582 2862 undecim
597 2839 707 2872 nepotes
723 2835 857 2874 reliquit,
882 2844 936 2869 nu,-

66 2874 117 2896 riis
132 2875 198 2896 vero
212 2889 220 2902 ,
234 2874 423 2908 generosque,
443 2869 478 2903 ἃ
495 2879 586 2902 omnes
603 2874 692 2912 qziz'je
706 2878 798 2913 patris
814 2876 933 2916 appella-

66 2907 142 2937 tione
158 2907 335 2945 salutarent,
353 2910 461 2949 viginti
476 2911 584 2950 septem,
611 2914 723 2946 Vitrici
740 2925 870 2956 quoquc·
890 2916 933 2947 af-

65 2946 168 2987 festus
187 2956 334 2986 paternus
353 2950 493 2981 laudatur
511 2952 528 2982 l.
549 2961 591 2993 15.
613 2954 644 2984 C.
657 2957 695 2989 >de
712 2963 802 2998 negot.
817 2956 912 2998 gestis.

114 2990 163 3021 Ait
177 2989 314 3028 Praetor,
333 2990 368 3021 In
380 2991 449 3031 jus,
466 2992 520 3027 nili
535 2994 668 3034 periniffu
683 3006 740 3028 meo
758 3008 792 3028 ize
809 3008 872 3040 quis
885 3009 934 3030 ‘vo-

65 3036 118 3062 cet.
145 3029 260 3062 Recte:
286 3032 484 3071 permissurus
501 3035 584 3066 enim
602 3035 663 3074 est,
680 3036 699 3068 fi
718 3038 836 3073 famola
852 3040 935 3072 attio

65 3080 129 3103 non
149 3071 202 3109 fit,
223 3073 270 3103 vel
290 3075 444 3113 pudorem
466 3084 531 3106 non
551 3075 689 3117 sugillat,
707 3088 771 3118 quar
783 3089 935 3120 patronus

64 3114 277 3152 convenitur,
303 3115 360 3150 velv
377 3125 532 3155 parentes.
564 3118 592 3148 ἃ
612 3126 712 3150 totum
741 3120 821 3160 hoc,
846 3122 935 3153 caula

68 3155 213 3194 cognita,
237 3155 334 3186 debet
357 3155 474 3189 facere.
507 3167 576 3189 nam
602 3160 758 3192 interdum
785 3163 879 3194 etiam
898 3173 937 3196 ex

67 3193 156 3225 causa
171 3194 306 3234 famosa,
324 3206 356 3228 ut
367 3198 480 3231 Pedius
492 3208 599 3239 putat,
617 3210 803 3241 permittere
819 3204 934 3245 debet,

63 3239 280 3310 pagonanIin
294 3239 342 3280 jus
359 3241 464 3274 vocari
479 3250 496 3274 a
511 3241 648 3277 liberto:
671 3243 692 3277 fi
709 3253 781 3279 eum
797 3246 933 3287 graviffi·

127 3286 179 3310 07η.
247 3303 254 3313 .

1826 153 1874 190 43

991 234 1041 257 ma
1060 226 1170 298 ilnjulria
1187 226 1315 268 affecit,
1339 228 1473 272 flagellis·
1489 228 1575 263 forte
1591 231 1717 264 caecidit
1731 233 1751 265 l.
1774 242 1819 266 10.
1837 233 1867 275 ἕ.

994 277 1039 298 12.
1078 268 1103 299 ).
1142 292 1148 299 .
1169 274 1189 299 t.
1645 305 1648 309 ,

1030 305 1178 340 Tertium
1198 309 1300 342 Edisti
1327 320 1422 352 caput
1439 315 1592 355 proponit
1612 314 1765 356 Ulpianus
1782 317 1799 348 l.
1818 327 1868 357 24„

988 349 1030 380 D.
1050 350 1077 380 b.
1096 355 1117 381 t.
1136 350 1183 381 his
1202 352 1326 384 verbis:
1349 354 1385 385 ln
1401 365 1463 386 eum
1479 358 1530 396 qui
1546 359 1683 393 adversus
1699 368 1730 389 ea
1744 360 1867 401 fecerit,

987 392 1204 432 quinquaginta
1220 403 1371 425 aureorum
1384 396 1527 436 judiciarii
1546 401 1643 430 (latur.
1689 400 1801 431 Sensus
1819 408 1864 431 ta-

987 434 1162 472 inenliujus
1173 433 1325 466 Edictiiic
1335 446 1397 467 non
1410 438 1454 470 est
1465 439 1585 479 plenus.
1609 441 1657 471 cui
1675 451 1758 473 enim
1776 451 1865 474 com-

987 482 1075 514 petat
1100 474 1168 505 haec
1195 476 1297 515 attio,
1321 479 1351 508 in
1376 479 1423 510 his
1449 481 1553 512 verbis
1579 491 1642 512 non
1662 484 1863 523 exprimitur.

988 515 1042 546 etii
1060 517 1227 556 probabile
1245 517 1307 556 est,
1322 528 1390 551 eam
1409 521 1473 552 dari
1493 522 1520 552 ci
1536 523 1586 562 qui
1606 523 1714 563 injuria
1729 523 1863 556 afl'ectus

987 556 1039 587 iit:
1063 566 1127 588 non
1155 556 1257 589 Fil'co.
1289 561 1409 597 praebet
1431 572 1668 603 argumentum:
1694 570 1779 605 quod
1798 575 1863 598 non

987 597 1093 637 potest
1111 599 1229 630 remitti
1248 609 1264 630 a
1288 600 1381 633 Fil'co
1401 603 1419 634 l.
1442 613 1468 634 2.
1487 604 1519 635 C.
1540 605 1568 636 h.
1584 611 1604 635 t.
1626 615 1659 635 ut
1677 607 1715 636 ab
1733 617 1772 637 eo
1798 616 1863 639 non

989 641 1194 671 remittuntur
1211 650 1324 673 caetcra
1342 645 1538 683 privatorum
1554 646 1619 686 jura
1635 647 1651 676 l.
1667 656 1692 678 2.
1713 647 1730 678 l.
1751 648 1803 678 ult.
1826 650 1861 681 C.

989 680 1022 710 St
1039 687 1137 712 corztra
1148 683 1200 723 jus
1218 683 1264 713 vel
1277 684 1339 715 util.
1360 684 1463 717 Datur
1480 697 1557 728 ergo
1576 688 1643 717 haec
1660 688 1742 719 actio
1758 688 1812 728 ipsi
1830 690 1862 721 in

985 721 1032 760 jus
1050 730 1179 753 vocato.
1198 733 1235 754 an
1254 727 1281 755 (ἡ
1301 725 1409 758 heredi
1427 728 1519 768 ejus?
1544 738 1610 760 non
1628 738 1726 769 puto:
1753 739 1786 761 ut
1803 740 1865 762 nce

988 771 1019 792 in
1039 762 1189 795 heredem
1209 767 1321 805 datur3
1338 777 1397 798 nec
1416 771 1626 810 ultraannum
1645 773 1672 801 cl.
1685 770 1702 800 l,
1723 781 1770 808 24.
1792 772 1865 811 quia

987 803 1032 834 elt
1060 806 1202 844 poenalis.
1230 807 1293 838 boc
1318 811 1450 849 amplius
1473 810 1577 842 fimilis
1603 811 1717 843 actioni
1741 813 1864 853 injuria-

987 853 1072 875 rum:
1097 854 1166 885 quae
1183 856 1248 878 non
1266 851 1364 890 magis
1382 851 1489 883 liei-edi
1506 853 1614 892 datur,
1640 863 1732 894 quam
1753 856 1866 886 adver-

987 885 1033 917 sus
1056 886 1205 918 heredem
1221 888 1250 929 ᾗ.
1273 898 1297 920 1.
1321 890 1391 930 [iifl.
1409 894 1442 922 cle
1453 895 1599 934 perpetuis
1616 894 1652 930 &²
1672 901 1783 937 tempor.
1803 896 1861 928 atr.

987 927 1035 958 Ad
1052 927 1322 972 quindenarium
1342 932 1441 971 actio,
1467 937 1520 966 vix
1538 946 1619 976 opus
1637 940 1749 977 quaeri:
1770 947 1865 978 appa-

985 977 1032 998 ret
1056 977 1160 1007 enim,
1186 971 1249 1000 dari
1276 973 1315 1003 ad
1341 982 1468 1012 poenam
1494 979 1722 1019 quinquaginta
1748 989 1861 1010 aureo-

984 1018 1063 1040 rum.
1089 1009 1169 1041 Illud
1188 1013 1284 1049 quaeri
1303 1015 1411 1052 possit:
1438 1026 1473 1047 an
1494 1017 1616 1059 semper
1634 1021 1751 1052 detur?
1776 1021 1862 1052 scio:

983 1050 1139 1091 generalia
1165 1051 1232 1083 sunt
1251 1052 1351 1086 [taren
1372 1057 1477 1089 verba.
1496 1059 1546 1090 sed
1573 1060 1683 1093 Paulus
1700 1062 1718 1092 l.
1752 1070 1797 1094 11.
1818 1061 1862 1094 D.

983 1096 1011 1122 l).
1031 1099 1052 1122 t.
1072 1091 1112 1123 fic
1129 1092 1242 1124 scribit.
1270 1095 1418 1138 Quamvis
1433 1109 1489 1130 uon
1507 1102 1625 1141 adjiciat
1644 1103 1772 1142 Praetor,
1790 1114 1861 1135 cau-

975 1135 1012 1172 Jn
1038 1135 1151 1172 cognita
1167 1136 1200 1174 se
1213 1139 1324 1175 poenale
1342 1139 1489 1179 judicium
1505 1143 1661 1175 elaturum:
1685 1151 1779 1177 tumen
1800 1145 1860 1176 La-

983 1176 1028 1204 beo
1046 1176 1107 1213 ait,
1123 1177 1574 1220 moderandamjiirirdittionem.
1615 1184 1656 1215 Et
1672 1185 1776 1217 adfert
1795 1187 1860 1218 hoc

983 1217 1167 1256 exemplum
1186 1218 1315 1252 Paulus:
1340 1222 1457 1260 veluti,
1482 1223 1502 1255 st
1521 1225 1674 1265 poeniteat
1690 1228 1860 1267 libertum,

983 1257 1013 1288 ὅς
1028 1257 1185 1290 actionem
1202 1261 1362 1301 remittat3
1381 1265 1429 1294 vel
1442 1264 1461 1296 fl
1474 1274 1626 1306 patronus
1645 1277 1778 1300 vocatus
1796 1278 1862 1301 nou

983 1300 1125 1338 venei·it;
1141 1308 1193 1331 aut
1212 1301 1231 1333 si
1251 1312 1314 1334 non
1334 1304 1452 1338 invitus
1472 1317 1604 1339 vocatus
1621 1307 1676 1347 sst3
1694 1311 1769 1341 licet
1783 1310 1860 1342 Edi-

980 1339 1019 1371 cti
1039 1341 1134 1372 verba
1149 1351 1215 1374 non
1232 1345 1401 1383 patiantur.
1421 1347 1466 1379 An
1483 1348 1512 1379 ὅ(
1532 1350 1718 1389 rusticitati,
1738 1351 1860 1383 seuim·

980 1383 1178 1422 prudentiae,
1201 1394 1253 1415 aut
1278 1389 1380 1427 aetati,
1404 1391 1567 1429 parcitur?
1592 1392 1682 1431 poffit
1702 1394 1860 1426 dubitari:

981 1425 1052 1463 quia
1070 1425 1180 1456 Paulus
1198 1426 1216 1457 l.
1241 1432 1306 1461 108.
1327 1428 1367 1460 D.
1393 1433 1426 1460 ae
1443 1432 1551 1471 regulis
1567 1435 1649 1473 juris
1666 1443 1734 1473 quae
1756 1434 1800 1466 est
1818 1438 1862 1467 ex·

980 1465 1044 1505 ejus
1062 1465 1126 1496 libro
1147 1476 1194 1498 1v.
1216 1469 1263 1499 Ad
1279 1469 1425 1503 Edictum
1440 1495 1447 1506 ,
1472 1482 1512 1504 ex
1530 1482 1595 1512 quo
1613 1476 1641 1506 ὅ(
1661 1479 1686 1505 α.
1708 1477 1726 1506 l.
1748 1485 1791 1507 11.
1809 1477 1862 1516 (Gt

979 1507 1088 1538 multae
1104 1508 1172 1539 aliae
1191 1509 1280 1549 hujus
1295 1510 1417 1553 Tituli)
1434 1513 1518 1550 Fere,
1546 1517 1668 1555 inquit,
1684 1518 1715 1547 i'n
1727 1519 1858 1549 omnibus

975 1549 1138 1588 poenalibus
1157 1551 1282 1591 judiciisv
1302 1552 1337 1586 ὅ)
1354 1555 1431 1585 aetati
1448 1554 1484 1589 ὅ)
1501 1557 1702 1596 imprudentiae
1715 1560 1862 1592 succurri-

982 1596 1038 1621 tur.
1085 1590 1148 1622 Sed
1172 1594 1323 1624 meditate
1341 1596 1384 1626 ait
1403 1595 1532 1635 Paulus,
1558 1596 1639 1629 Fere
1658 1600 1688 1629 in
1706 1601 1859 1632 omnibus

984 1633 1161 1672 poenalibus
1175 1634 1301 1673 judiciis
1320 1635 1454 1668 l‘uccurri
1473 1639 1555 1668 aetati
1574 1639 1602 1670 &
1623 1640 1858 1680 imprudentiae.

982 1674 1101 1704 namin
1121 1674 1185 1705 hoc
1203 1675 1318 1707 Edicto
1343 1680 1504 1710 rusticitati
1532 1689 1594 1711 non
1622 1682 1685 1712 dari
1713 1684 1859 1721 veniam,

983 1713 1153 1746 Netini-no
1172 1718 1296 1748 cuidam
1316 1720 1400 1750 clare
1421 1720 1574 1762 rescripfit
1585 1721 1770 1754 Gordianus
1789 1724 1806 1754 l.
1819 1734 1861 1756 :24

984 1757 1015 1787 C.
1034 1758 1061 1787 b.
1080 1762 1101 1788 t.
1120 1758 1148 1788 ἃ
1166 1760 1324 1798 cantarum
1349 1763 1437 1801 quod
1456 1764 1586 1795 naturali
1612 1764 1733 1797 ratione
1751 1765 1858 1798 honor

983 1797 1163 1838 hujusmodi
1184 1801 1325 1839 personis
1347 1804 1491 1836 debetur.

1023 1840 1186 1873 Hactenus
1208 1842 1338 1883 exposui
1355 1845 1403 1884 jus
1428 1855 1498 1877 XII.
1526 1846 1743 1886 Tabularum,
1768 1849 1860 1882 item-

983 1889 1045 1921 que
1063 1882 1164 1912 Edicti
1181 1886 1346 1926 perpetui,
1374 1886 1497 1919 solitum
1518 1889 1548 1919 in
1568 1889 1733 1921 l'andeftis
1751 1891 1859 1926 obser«¹

983 1931 1046 1953 vari
1065 1923 1147 1954 circa
1166 1926 1195 1954 in
1211 1925 1485 1965 jus'vocationem.
1506 1929 1558 1961 sed
1574 1932 1689 1963 deinde
1707 1933 1861 1970 paulatim

978 1965 1152 2004 abolitum,
1172 1968 1309 1999 maxime
1325 1969 1378 2000 sub
1395 1968 1517 2001 Graecis
1537 1970 1806 2011 Imperatoribus·:
1824 1975 1858 2006 iu

979 2015 1115 2046 quorum
1139 2007 1428 2043 Constitutionibus
1454 2011 1606 2053 frequens
1635 2015 1757 2052 mentio
1781 2023 1861 2047 con-

982 2049 1161 2087 ventionis,-
1175 2059 1231 2089 per
1248 2053 1400 2083 viatorem
1419 2062 1669 2086 executoremve
1680 2054 1861 2088 faciendaet

982 2096 1017 2120 ut
1041 2090 1071 2121 in
1097 2091 1115 2121 l.
1142 2100 1170 2131 3.
1196 2091 1232 2125 &²
1257 2101 1284 2131 'l'-
1306 2093 1338 2123 C.
1358 2095 1390 2124 de
1401 2097 1613 2136 praescriptione
1630 2098 1699 2138 trig.
1721 2097 1767 2128 vel
1784 2107 1861 2139 qua·

981 2132 1063 2172 drag.
1090 2142 1159 2162 ann.
1184 2132 1202 2162 l.
1223 2143 1251 2173 3.
1278 2133 1310 2164 C.
1334 2136 1367 2165 cle
1383 2137 1482 2167 annal.
1502 2143 1608 2178 except.
1628 2140 1724 2169 etiam
1741 2139 1859 2170 <licitur

982 2173 1174 2213 generaliter
1200 2174 1230 2204 in
1255 2176 1272 2204 l.
1300 2176 1353 2207 ult.
1374 2177 1404 2208 C.
1430 2179 1570 2210 de'exbib,
1588 2181 1662 2218 reis,
1695 2181 1860 2211 neminem

983 2213 1044 2245 ess‘e
1061 2216 1090 2246 in
1105 2215 1227 2254 judicio
1246 2217 1462 2250 exhibendum
1474 2243 1484 2258 ,
1501 2219 1555 2251 nifi
1575 2220 1616 2251 de
1632 2222 1718 2261 cujUs
1735 2221 1862 2252 exhibi-

983 2256 1071 2286 tione
1089 2256 1190 2295 ludex
1209 2261 1432 2297 pronuntiarit.

1022 2296 1170 2328 Tandem
1188 2297 1374 2338 justinianus
1394 2302 1424 2334 in
1448 2303 1595 2336 Novellis
1615 2305 1697 2335 hanc
1712 2305 1859 2339 introdua

983 2339 1027 2369 xit
1049 2338 1185 2371 formam
1202 2341 1233 2372 in
1248 2341 1295 2381 jus
1310 2345 1509 2377 vocationis:
1527 2354 1559 2376 ut
1570 2347 1704 2386 primum
1722 2347 1809 2379 auor
1824 2348 1859 2380 li-

983 2380 1101 2411 bellum
1125 2382 1266 2421 deponat
1291 2385 1372 2424 apud
1399 2386 1474 2417 aCta.
1509 2387 1594 2418 hunc
1619 2388 1781 2427 apparitor
1798 2399 1861 2422 reor

981 2420 1113 2461 offerat,
1133 2423 1239 2463 itaque
1253 2435 1325 2456 eum
1344 2436 1442 2458 vocet
1460 2429 1562 2467 injus.
1582 2438 1651 2460 reus
1672 2438 1750 2460 vero
1768 2429 1860 2463 simul

981 2465 1142 2503 acceperit
1152 2467 1436 2499 conventionalem
1448 2469 1609 2508 libellum,
1627 2472 1655 2501 ei
1673 2469 1858 2511 subscribat,

980 2504 1249 2546 super-scribatque
1274 2517 1315 2539 ex
1343 2509 1475 2541 adverso
1504 2511 1620 2549 libelli,
1648 2512 1677 2542 se
1701 2522 1773 2544 eum
1800 2515 1857 2546 tali

979 2546 1132 2586 accepifl'e
1159 2549 1228 2578 die:
1251 2558 1305 2587 ac,
1330 2549 1384 2581 nisi
1409 2552 1497 2582 malit
1522 2552 1622 2584 statim
1645 2563 1856 2594 comparere,

980 2589 1055 2619 dato
1073 2587 1251 2628 fidejussore
1277 2599 1389 2622 caveat
1416 2594 1455 2623 de
1469 2594 1591 2633 judicio
1606 2594 1683 2627 fisti:
1709 2597 1736 2627 ἃ
1753 2596 1857 2628 solvan

981 2639 1038 2669 pro
1056 2631 1275 2663 conventione
1295 2631 1459 2671 sportulas.
1485 2634 1511 2666 E
1528 2636 1651 2667 diverso
1668 2637 1757 2669 attor
1775 2648 1857 2679 quo-

979 2679 1042 2710 que
1067 2681 1123 2702 reo
1150 2672 1270 2711 praestat
1295 2675 1475 2707 cautionem
1500 2677 1541 2708 de
1564 2678 1771 2710 contestanda
1797 2680 1854 2710 lite

980 2712 1061 2743 intra
1080 2715 1160 2743 duos
1179 2712 1300 2744 menses
1319 2714 1373 2746 sub
1393 2726 1487 2756 poena
1511 2719 1618 2759 dupli,
1641 2719 1684 2751 ob
1702 2720 1853 2751 damnum

980 2752 1189 2792 sportularum
1201 2778 1210 2792 ‚
1228 2756 1304 2786 item
1322 2757 1361 2788 de
1380 2762 1596 2798 permanendo
1615 2761 1644 2792 in
1660 2761 1782 2801 judicio
1799 2769 1851 2790 us-

980 2803 1042 2831 que
1056 2796 1093 2825 ad
1104 2794 1199 2826 finem
1218 2796 1298 2836 litis;
1311 2807 1370 2829 nec
1386 2809 1450 2831 non
1461 2801 1501 2832 de
1516 2803 1639 2834 decima
1651 2811 1738 2841 parte
1754 2810 1852 2839 quan-

980 2836 1078 2866 titatis
1097 2837 1204 2867 libello
1219 2840 1454 2878 comprehensa>
1465 2841 1643 2883 sumptuum
1654 2845 1783 2873 nominc
1799 2842 1852 2873 ad·

981 2877 1115 2908 versario
1130 2878 1321 2919 praestanda,
1338 2880 1529 2922 fijudicatus
1548 2885 1628 2921 erit,
1646 2884 1732 2914 litem
1751 2890 1852 2928 teme-

980 2927 1012 2949 re
1033 2919 1173 2950 moviss'e.
1212 2920 1336 2954 Peracta
1352 2926 1389 2954 ad
1407 2924 1492 2956 hunc
1507 2927 1635 2957 modum
1657 2932 1850 2963 vocatione,

979 2961 1181 3001 indulgentur
1197 2972 1251 2993 reo
1262 2964 1300 2995 ad
1319 2964 1556 2998 deliberandum
1568 2989 1577 3004 ,
1589 2973 1689 3009 utrum
1708 2965 1784 2995 velit
1795 2974 1851 2997 ce-

979 3002 1055 3032 dere
1066 3026 1074 3039 ,
1091 3012 1127 3033 an
1139 3006 1354 3045 contendere,
1372 3008 1400 3038 ἃ
1413 3017 1519 3039 coram
1531 3017 1570 3038 eo
1580 3006 1691 3044 Judice
1702 3009 1739 3035 ad
1751 3015 1850 3053 quern

980 3051 1112 3074 vocatus
1130 3043 1174 3075 est
1186 3068 1196 3084 ,
1219 3045 1429 3087 respondere,
1454 3049 1562 3087 viginti
1579 3048 1645 3090 dics
1662 3049 1851 3079 numerandi·

979 3084 1017 3116 ab
1033 3094 1072 3120 eo
1083 3085 1132 3116 die
1148 3095 1213 3124 quo
1228 3097 1297 3120 reus
1308 3099 1362 3129 per
1380 3091 1591 3129 apparitorem
1609 3089 1700 3126 injus
1712 3098 1850 3133 vocatus

981 3124 1034 3157 est.
1058 3127 1098 3157 ita
1111 3127 1141 3158 in
1154 3128 1273 3161 Novell.
1293 3141 1342 3171 53·
1361 3136 1408 3167 96-
1431 3131 1466 3164 ὅ)
1486 3139 1558 3159 112:
1583 3130 1665 3160 unde
1685 3130 1851 3170 desumpta-

980 3165 1024 3198 est
1039 3168 1209 3202 Authentic.
1235 3171 1410 3212 Off'e’mtur,
1435 3171 1471 3205 &²
1488 3170 1581 3203 Auth.
1604 3170 1748 3204 Libellum
1765 3172 1798 3204 C.
1814 3173 1852 3202 de

979 3207 1040 3240 litis
1055 3208 1266 3250 contestatione.
1852 3243 1854 3245 ·

1095 3290 1156 3325 Fa
1781 3283 1855 3328 Τπ-ἰ’
