2052 3487
391 122 455 157 De
503 121 870 169 Jtmsmcnonn
920 124 971 158 ET
1021 116 1220 159 insarno.
1271 114 1439 161 L1ss.II'.

44 221 136 258 quam
153 213 293 245 adiretur
310 212 440 245 Praetor.
467 212 542 251 quid
558 210 628 242 ita?
650 211 755 249 dices,
778 211 850 252 quia
863 220 901 243 ea

41 257 217 289 conventio
241 254 286 286 est
312 255 411 290 nuda,
436 252 465 283 ἀ
487 254 561 284 ideo
595 253 634 284 ad
665 253 900 294 prorogandam

39 298 289 339 jurisdictionem
317 295 460 327 invalida.
488 293 539 325 sed
566 303 629 325 non
647 293 692 325 est
710 294 771 332 ita,
794 303 900 335 neque

41 341 72 372 id
97 339 199 370 movit
224 337 404 368 Africanum
442 335 516 375 quid
539 334 641 376 ergo?
666 335 729 366 hoc
756 336 897 375 opinor,

43 381 131 421 quod
149 382 231 411 inter
251 380 330 409 duos
349 378 475 416 quidem
495 378 650 408 convenit
668 378 708 407 de
727 386 899 418 prorogan-

42 425 80 453 da
99 420 334 462 jurisdictione,
350 419 399 449 led
418 427 454 448 ea
471 418 648 449 conventio
659 418 775 449 deinde
787 419 899 451 utrius-

41 472 105 503 que
130 461 285 492 contraria
307 461 472 491 voluntate
496 458 597 490 rursus
620 458 738 490 sublata
755 459 810 491 est.
854 460 900 491 lta

41 503 118 536 milii
136 503 258 542 placet:
282 510 342 533 nec
357 501 489 538 dubito,
511 501 587 541 quin
606 501 839 532 convenienter
851 501 899 533 his

40 545 165 582 verbis,
191 543 224 574 Si
240 543 389 580 convenit,
414 542 518 580 idest,
543 541 563 573 fi
579 542 663 573 inter
679 543 759 573 duos
780 551 899 574 conve-

40 589 106 617 nit:
131 586 207 616 item
228 585 306 623 illis,
329 582 452 614 Mutata
477 584 615 620 voluntas
637 584 748 622 fuerit,
779 584 810 615 id
834 584 899 623 est,

40 627 204 665 utriusque
229 625 375 656 voluntas
401 633 520 656 mutata
544 624 642 656 fuerit
663 627 825 657 contrario
848 634 901 666 pa-

41 667 112 698 eto:
150 675 217 697 tum
240 666 303 697 hoc
328 666 459 706 exigunt
480 666 554 705 ista,
581 667 687 698 Procul
715 668 798 698 dubio
821 677 901 698 nemo

41 707 231 749 compelletur:
255 716 323 749 quae
341 717 405 739 non
416 708 828 750 alterutrumlitigatorem,
846 708 901 740 sed

1744 129 1808 162 11⁷1

942 218 1133 252 utrumque,
1151 212 1303 244 indicant.
1327 213 1409 245 adeo
1421 211 1524 245 sensus
1546 211 1609 246 est:
1627 211 1742 246 Procul
1756 214 1810 246 du-

942 253 996 284 bio
1015 260 1128 285 neuter
1145 263 1257 285 eorum
1274 256 1497 296 compelletur.
1539 254 1585 286 Sit
1602 255 1659 287 ita:
1682 264 1714 287 at
1738 260 1810 295 quae'

942 294 1100 326 dubitatio
1117 294 1161 326 est
1178 295 1230 327 illa
1256 295 1286 326 in
1304 294 1409 335 specie
1423 297 1440 328 ’.Ρ
1463 296 1636 337 probabilis
1657 296 1688 328 δε
1708 297 1806 337 justa:

942 335 1082 374 scilicet,
1107 346 1144 367 an
1160 336 1335 376 jurisdictio
1356 339 1475 377 privata
1494 338 1691 378 litigatorum
1709 338 1808 379 paffl-

943 386 1005 409 one
1036 377 1129 418 poffit
1154 386 1206 409 aut
1232 379 1417 419 prorogari,
1440 387 1494 410 aut
1521 389 1691 420 prorogata
1715 381 1806 419 tolli,

942 419 1123 459 priusquam
1140 419 1279 450 adiretur
1295 418 1436 453 Praetor:
1460 422 1541 451 adeo
1561 430 1730 461 antequam
1749 422 1808 453 im-

943 467 1123 500 petraretur
1142 459 1309 491 consensus
1325 461 1389 500 ejus
1413 462 1501 501 cujus
1526 463 1741 502 praejtidicium
1760 463 1806 494 vi-

943 501 1036 532 detur
1061 502 1153 533 verti.
1199 501 1277 533 Haec
1301 504 1462 541 quaerendi
1490 502 1598 535 causa:
1624 505 1664 536 ad
1691 513 1806 544 quam,

942 541 1070 581 nescio,
1095 551 1133 574 an
1152 542 1292 574 alludant
1309 543 1376 574 haec
1399 543 1537 575 Africani
1562 545 1677 583 verba,
1700 545 1808 586 Etpri-

943 593 1067 625 usquam
1083 586 1224 615 adiretur.
1270 582 1422 622 Ulpianus
1439 593 1527 616 certe
1545 594 1613 617 eam
1641 586 1810 618 difficulta-

945 631 1010 656 tem
1032 626 1060 656 &
1080 633 1190 656 movet
1208 624 1238 656 ὅ(
1256 624 1367 657 definit
1385 626 1404 657 l.
1424 636 1452 657 2.
1471 625 1498 668 §.
1521 635 1546 658 1.
1568 626 1608 659 D.
1626 629 1808 671 dejudiciisz'

944 673 980 698 ut
996 666 1078 698 infra
1097 667 1203 707 capite
1222 675 1291 698 x1V.
1311 667 1504 699 ostendetur.-

710 818 919 853 CAPUT
970 815 1134 854 XIII.

42 916 291 962 Prorogationem
303 917 524 962 jtiisdielr'onis
540 919 631 951 etiam
647 917 743 951 tacita
759 917 951 951 conventione
961 913 1055 959 fieri3
1082 911 1123 952 ὃ)
1139 915 1216 949 hanc
1231 914 1295 949 litis
1307 916 1523 966 contestatione
1543 917 1686 965 intelligi.
1729 917 1805 954 Ver·

113 967 171 1009 ba,
199 963 274 1000 Post
290 965 384 1000 litem
407 965 630 1000 contestatam
647 993 656 1008 ,
675 967 831 1011 expantia
847 968 880 1000 in
901 965 920 999 l.
941 973 974 1005 4.
1008 963 1039 996 C.
1060 964 1092 996 de
1104 964 1329 1008 jurisdictione.

41 1062 222 1135 Tantum
248 1063 287 1094 de
314 1061 453 1102 exprcss‘a
482 1062 719 1093 conventione:
745 1060 839 1092 tacita
861 1059 897 1092 fit

137 1102 266 1135 actionis
283 1102 496 1143 susceptione:
517 1111 550 1134 ut
567 1102 587 1134 fi
604 1103 672 1142 quis
690 1103 719 1132 in
735 1102 783 1141 jus
803 1111 896 1133 voca-

44 1150 94 1174 tus
112 1143 201 1174 venit
225 1145 264 1176 ad
281 1144 452 1176 Praetorem
480 1154 542 1175 non
562 1143 668 1182 suum3
693 1143 800 1183 ibique
817 1152 894 1174 con-

44 1191 179 1222 ventus,
201 1186 268 1216 aliis
285 1185 538 1223 defentionibus,
562 1193 653 1224 quam
673 1183 735 1215 fori
754 1186 895 1224 excepti-

44 1234 127 1264 one,
150 1224 219 1257 usus
238 1226 282 1258 fit.
306 1227 346 1257 ita
365 1225 426 1258 est:
451 1225 471 1256 fi
492 1226 560 1265 quis
586 1224 694 1256 omissa
721 1225 780 1256 hac
804 1235 896 1257 exce-

43 1267 157 1307 ptione
167 1290 176 1305 ‚
191 1267 278 1297 litem
290 1267 413 1306 fitapud
424 1265 596 1298 Praetorem
607 1289 616 1304 ‚
627 1267 765 1307 alioquin
777 1267 896 1299 incom-

43 1314 226 1346 petentem,
250 1307 463 1345 contestatus;
487 1316 587 1348 prope
613 1307 675 1346 est,
700 1315 735 1339 ut
760 1308 790 1339 in
822 1318 894 1340 eum

39 1346 102 1378 litis
122 1347 354 1379 contestatione
371 1347 572 1388 consensisse,
588 1348 689 1380 &fori
708 1351 894 1390 exceptioni

41 1387 226 1420 renuntiasse
252 1390 465 1431 intelligatur3
486 1390 593 1431 itaque
610 1391 648 1422 ad
672 1400 742 1422 eam
758 1393 894 1431 deinde,

40 1431 185 1502 quamvis
213 1439 284 1462 ante
314 1431 521 1470 sententiam,
544 1432 661 1463 reverti
692 1441 756 1463 non
789 1433 895 1471 possit.

68 1472 206 1502 ertinent
222 1472 282 1503 huc
297 1472 315 1503 l.
334 1483 385 1512 52.
410 1473 450 1504 D.
470 1474 502 1503 cle
512 1474 652 1515 judiciis,
673 1473 692 1505 l.
705 1483 755 1514 30.
774 1473 816 1505 D.
836 1476 895 1506 eod.

42 1513 87 1542 tit.
105 1511 141 1546 {9⁹
157 1513 176 1544 l.
194 1513 246 1544 ult.
268 1514 299 1545 C.
317 1515 349 1544 cle
366 1516 585 1554 exceptionibus.

80 1553 203 1592 Video,
228 1553 468 1587 Constantinum
497 1565 627 1596 quoque
654 1557 716 1588 huc
740 1554 852 1587 referri
874 1556 894 1587 l.

38 1603 68 1633 4.
96 1595 127 1625 C.
156 1597 188 1626 de
204 1595 423 1637 jurisdiciione,
447 1597 535 1637 cujus
557 1599 651 1629 verba
679 1597 759 1630 sunt.
802 1598 894 1629 Nemo

33 1634 96 1676 post
105 1635 180 1667 litem
189 1635 372 1678 contestatam
382 1641 537 1678 ordinariae
539 1640 611 1679 seclis
620 1640 738 1670 declinet
755 1649 893 1670 examen:

38 1686 88 1708 nec
105 1679 187 1716 prins
213 1679 347 1718 Praeefetii
367 1683 514 1719 praetorio,
536 1687 588 1711 aut
607 1681 725 1712 Comitis
743 1680 893 1717 Orientis,

38 1718 84 1748 vel
107 1718 227 1749 alterins
248 1720 413 1760 Speblnbills
432 1722 541 1761 judicis
573 1722 700 1762 imploret
729 1721 893 1752 auxilinm:

28 1760 84 1799 sed
99 1761 283 1799 appellatione
300 1761 407 1802 legibus
418 1761 506 1800 fasta.
528 1764 695 1802 adsacrum
715 1764 893 1793 auditorium

38 1801 148 1832 veniat.
191 1801 252 1831 Sed
272 1812 358 1833 error
378 1803 439 1833 est:
463 1803 514 1834 cui
532 1803 654 1835 causam
671 1804 759 1835 dedit
784 1802 894 1834 Gioffa

38 1850 134 1879 quam
151 1841 269 1873 subeffe
287 1843 338 1874 iila
354 1843 382 1874 in
404 1844 492 1884 lege,
515 1844 569 1875 nifi
586 1844 699 1882 fallor,
725 1854 799 1876 vere
818 1854 893 1875 con-

36 1883 185 1922 jecerim:
209 1883 379 1924 legendum
404 1893 513 1922 certe,
536 1886 630 1917 Nenzo
654 1886 805 1917 ordinariae
818 1886 898 1925 sedis

39 1924 156 1954 declinet
173 1933 311 1964 examen,
337 1926 508 1965 dispunctis
526 1927 629 1958 verbis
642 1951 651 1965 ,
671 1925 732 1967 posi
749 1926 824 1957 litem
833 1936 898 1957 con-

37 1962 185 2006 tfiatam:
201 1966 339 2007 quaeloci
359 1966 477 1999 sensum
494 1966 616 1999 faciunt
634 1969 725 2009 plane
742 1968 897 2008 ineptum.

41 2014 128 2036 vetat
146 2006 229 2038 enim
256 2007 501 2044 Constantinus;
526 2018 565 2040 ne
583 2010 651 2049 quis
671 2009 792 2040 habens
813 2009 896 2040 ordi-

38 2056 159 2078 narium
180 2048 325 2088 judicem
343 2050 395 2090 qui
418 2049 463 2081 est
490 2049 603 2082 Praeses
628 2050 820 2090 provinciae,
843 2050 895 2081 ad-

39 2087 207 2120 versarium
240 2088 324 2122 suum
354 2092 392 2123 ad
422 2090 610 2123 Praefectum
644 2092 819 2130 praetorio,
843 2099 896 2122 aut

41 2128 202 2162 Comitem
225 2129 385 2169 Orientis,
408 2141 459 2163 aut
483 2131 613 2164 fimilem
632 2133 824 2173 superiorem
844 2133 896 2173 Ju-

41 2169 143 2202 dicem
163 2181 339 2211 provocet3
363 2173 414 2204 sed
431 2174 469 2205 ad
489 2175 699 2213 ordinarium,
725 2175 756 2205 id
772 2174 835 2211 est,
858 2173 896 2205 ad

39 2210 231 2251 Praesidern3
255 2223 352 2252 utque
377 2215 415 2245 ad
441 2215 560 2247 sacrum
587 2216 778 2247 auditorium
810 2216 899 2256 quod

42 2252 87 2284 est
107 2253 251 2285 Praefeffi
270 2255 420 2294 prae'rorio
435 2265 488 2287 aut
507 2257 643 2288 Comitis
664 2257 824 2294 Orientis,
847 2257 900 2288 de-

41 2303 128 2325 mum
148 2296 252 2325 veniat
270 2305 325 2335 per
342 2298 587 2337 appellationem
599 2321 607 2336 ,
625 2298 777 2329 sententia
794 2308 810 2329 a
822 2298 899 2329 Prae-

42 2334 127 2373 fide,
151 2336 181 2366 id
200 2335 262 2375 est,
285 2337 323 2367 ab
341 2339 502 2369 ordinario
518 2338 629 2378 Judice
646 2363 655 2376 ,
678 2340 749 2370 lata.
774 2340 826 2370 bic
844 2340 899 2370 mi-

40 2374 74 2406 hi
95 2377 237 2416 videtur,
263 2378 291 2408 &
309 2378 548 2411 Constantinum
570 2380 760 2412 Ordincrriam
788 2380 899 2411 dixiss'e

35 2419 151 2457 Jeclem,
176 2427 245 2458 quae
264 2418 308 2450 est
324 2419 507 2451 Praefidum:
531 2423 583 2461 qui
603 2422 631 2453 ὅ(
650 2422 797 2453 ordinarii
816 2421 898 2461 Judi·

45 2467 98 2489 ces
118 2460 264 2492 dicuntur
282 2461 300 2490 l.
318 2471 369 2502 33.
385 2461 417 2492 C.
436 2463 469 2492 de
485 2462 632 2504 Epistopis
650 2463 686 2498 ἑὸ)
711 2464 845 2499 Clericis,
870 2463 900 2494 &

45 2500 232 2531 ordinariam
258 2502 445 2542 dignitatem
471 2513 583 2544 gerere
608 2505 627 2534 l.
651 2514 679 2544 7.
705 2505 737 2536 C.
756 2506 788 2535 cle
812 2503 901 2545 offitio

47 2539 176 2572 Restoris
200 2545 372 2582 proi-inciae.-
397 2545 518 2576 Sacrnm
541 2554 619 2576 vero
642 2547 817 2579 auditorium
840 2545 901 2576 effe

45 2580 189 2614 Praefecu
221 2585 389 2624 pra-torio,
419 2596 469 2618 res
502 2587 661 2625 loquitur,
695 2587 724 2618 ἀ
746 2587 765 2617 l.
790 2591 840 2626 67.
867 2586 900 2617 C.

49 2617 150 2653 Theod.
177 2626 210 2654 cie
233 2626 481 2665 appellationibus.
525 2627 605 2659 Haec
621 2627 690 2659 fere
711 2628 753 2659 ita
776 2626 902 2668 scripse-

47 2666 131 2699 ram,
156 2665 185 2695 ἃ
209 2667 247 2697 ad
272 2667 455 2699 ulteriorem
488 2669 693 2709 deposueram
723 2669 901 2700 deliberati-

50 2711 160 2739 ΟὓθῐΠὲ
183 2714 251 2737 curn
270 2708 386 2739 deinde
403 2709 486 2740 aliud
505 2720 519 2740 a
545 2720 620 2749 ens,
644 2710 732 2742 forte
755 2711 851 2741 incidi
871 2709 902 2740 in

50 2741 71 2772 l.
87 2746 116 2788 ⁶:
135 2744 207 2791 Coa..
227 2746 327 2779 Theoti.
353 2751 385 2780 de
402 2751 513 2792 jzirisdi
544 2753 621 2782 ione:
644 2752 681 2782 ad
701 2761 793 2791 quarn
813 2758 901 2781 com-

50 2791 117 2823 peri
137 2787 346 2825 conJecturam
365 2791 404 2824 V.
424 2791 483 2823 C1..
499 2792 610 2833 Jacobi
629 2791 848 2830 Gothofredi,
865 2791 904 2822 ab

745 2902 906 2938 CAPU

940 1058 1000 1090 hac
1022 1067 1092 1088 mea
1111 1067 1176 1089 non
1199 1059 1437 1092 abhorrentem.
1462 1062 1565 1095 dicam
1589 1063 1695 1095 autem
1717 1062 1807 1104 quod

939 1110 989 1131 res
1011 1099 1073 1137 est,
1108 1100 1262 1140 ingenue:
1286 1101 1373 1133 simul
1396 1104 1542 1135 videbam
1562 1114 1651 1144 eam,
1676 1105 1806 1145 pigebat

939 1151 990 1173 me
1006 1164 1014 1179 ‚
1039 1142 1126 1181 quod
1144 1150 1193 1172 me
1212 1143 1347 1181 primum
1375 1144 1629 1177 animadvertisse
1646 1146 1804 1178 existima-

939 1183 1031 1219 bam,
1056 1182 1087 1212 id
1109 1182 1148 1212 ab
1174 1183 1228 1213 illo
1243 1183 1304 1223 jam
1323 1193 1516 1226 occupatum
1542 1185 1622 1218 effe:
1646 1196 1677 1218 at
1703 1198 1737 1219 re
1759 1188 1804 1218 ul·

941 1225 1038 1255 terius
1057 1222 1208 1263 perpensa
1223 1247 1232 1262 ,
1255 1224 1320 1265 ipse
1344 1235 1420 1257 mox
1441 1227 1527 1266 coepi
1544 1227 1624 1259 hanc
1651 1237 1753 1260 meam
1767 1229 1806 1260 ri-

940 1266 1016 1297 dere
1032 1265 1261 1297 ambitionem:
1285 1268 1478 1308 gavisusque
1494 1269 1556 1300 surn
1568 1292 1578 1307 ,
1602 1270 1690 1308 quod
1704 1279 1743 1301 ex
1761 1270 1806 1300 su-

938 1306 1081 1347 spicione
1098 1306 1129 1336 in
1148 1306 1329 1340 adversariis
1348 1310 1424 1340 meis
1443 1319 1691 1348 annotaverant,
1714 1311 1745 1342 id
1759 1312 1805 1350 Ju-

938 1349 1024 1381 dicio
1042 1347 1099 1378 viri
1114 1347 1230 1379 eruditi
1247 1358 1284 1380 ac
1300 1351 1460 1390 praeclari,
1477 1352 1589 1382 addam
1601 1374 1612 1391 ,
1624 1352 1653 1383 ἃ
1671 1351 1806 1383 auctori-

939 1396 1004 1421 tate
1021 1388 1125 1420 similis
1144 1387 1305 1421 sententiae
1320 1393 1347 1422 d.
1360 1392 1380 1423 l.
1391 1397 1420 1424 6.
1440 1393 1666 1424 confirmatum
1685 1394 1806 1424 videre.

979 1431 1026 1461 Ex
1049 1438 1123 1461 ante
1150 1430 1240 1462 dictis
1265 1432 1394 1473 liquet,
1430 1434 1681 1474 Jurisdiftionem
1701 1458 1710 1473 ,
1741 1434 1807 1466 five

940 1471 1239 1512 susceptojudiciO,
1263 1473 1327 1505 five
1350 1474 1525 1506 contestata
1550 1477 1626 1514 lite,
1659 1477 1748 1507 velut
1764 1483 1807 1506 ta-

940 1514 1001 1545 cita
1023 1515 1262 1552 conventione,
1287 1517 1462 1557 prorogari.
1505 1516 1583 1548 Non
1607 1518 1691 1548 idem
1716 1517 1806 1548 dixe·

939 1556 996 1586 rim
1016 1555 1055 1585 de
1072 1564 1100 1585 m
1118 1554 1165 1593 jus
1192 1558 1387 1597 vocatione3
1410 1567 1450 1589 ne
1468 1557 1487 1589 fi
1509 1568 1579 1589 reus
1605 1559 1734 1598 quidem
1752 1557 1807 1598 qui

939 1602 1073 1627 vocatus
1092 1597 1130 1625 ad
1155 1595 1326 1629 Praetorem
1350 1608 1415 1630 non
1441 1599 1526 1631 suum
1549 1623 1558 1637 ‚
1591 1601 1629 1631 ad
1652 1609 1724 1631 eum
1750 1609 1804 1630 ve·

937 1639 1001 1669 nint
1025 1638 1054 1668 in
1078 1637 1156 1677 jus3
1187 1638 1296 1678 ibique
1325 1639 1505 1678 desideret,
1543 1639 1597 1671 fibi
1628 1641 1679 1672 cdi
1704 1650 1805 1681 genus

937 1679 1095 1710 actionis:
1127 1678 1200 1721 quia
1229 1680 1272 1710 ob
1296 1680 1327 1712 id
1351 1691 1456 1720 neque
1481 1681 1613 1722 suscepit
1630 1682 1806 1723 judicium,

936 1730 1040 1761 neque
1066 1720 1095 1750 in
1126 1719 1300 1753 l’raetorem
1326 1722 1508 1754 consentit:
1542 1731 1664 1755 tantum
1691 1723 1805 1763 petiit,

936 1761 989 1793 sibi
1014 1760 1220 1792 demonstrari
1239 1761 1410 1795 formulam
1430 1774 1490 1803 qua
1508 1765 1596 1795 actor
1614 1765 1718 1795 usurus
1738 1764 1805 1804 est;

936 1802 1023 1834 fimul
1042 1825 1051 1840 ,
1082 1802 1238 1842 indulgeri
1257 1803 1311 1834 fibi
1338 1805 1470 1845 spatium
1490 1806 1526 1837 ad
1544 1805 1806 1846 deliberandum,

940 1852 1045 1875 utrum
1062 1843 1196 1885 cedere,
1220 1853 1257 1874 an
1281 1846 1361 1876 ultra
1385 1851 1584 1877 contendere
1604 1869 1613 1885 ,
1648 1847 1711 1878 hoc
1733 1846 1779 1878 est
1795 1870 1807 1887 ,

939 1884 1091 1925 judicium
1118 1884 1273 1924 suscipere
1290 1908 1300 1925 ,
1332 1887 1467 1926 debeat,
1498 1887 1517 1919 l.
1536 1897 1585 1929 33.
1610 1886 1653 1920 D.
1671 1890 1705 1919 de
1723 1887 1806 1929 judi·

941 1927 992 1956 ciis
1007 1949 1016 1963 ,
1037 1923 1143 1966 janua
1166 1925 1185 1957 l.
1204 1930 1282 1957 unic.
1312 1927 1345 1959 C.
1364 1930 1396 1959 de
1416 1929 1474 1959 litis
1491 1927 1700 1969 contestatione.
1725 1930 1805 1962 Non

940 1968 1078 2006 ignoro,
1109 1975 1219 1997 contra
1241 1969 1363 2000 moveri
1386 1970 1404 2000 l.
1426 1979 1454 2009 7.
1485 1970 1522 2000 Ῑ).
1540 1973 1597 2001 eod.
1617 1971 1664 2002 tit,
1691 1971 1722 2001 in
1741 1979 1804 2011 qua

939 2010 983 2038 ait
1002 2006 1177 2046 Ulpianus,
1201 2008 1333 2049 Siquis,
1359 2008 1545 2051 posteaquam
1566 2013 1597 2042 in
1610 2011 1663 2052 jas
1685 2018 1806 2043 vocatus

939 2047 977 2089 est}
988 2072 997 2087 ,
1021 2048 1121 2087 miles,
1143 2049 1188 2079 vel
1205 2049 1327 2082 alterius
1335 2052 1399 2090 fori
1416 2052 1467 2091 effe
1484 2055 1597 2092 coeperit
1611 2063 1619 2083 .·
1642 2055 1672 2083 in
1689 2062 1721 2083 ea
1737 2063 1806 2084 cau-

930 2090 1031 2132 sajus
1055 2091 1212 2121 revocandi
1224 2092 1328 2131 forum
1345 2103 1401 2124 non
1418 2094 1529 2124 habebit
1547 2118 1556 2132 ‚
1578 2093 1660 2135 quafi
1671 2100 1804 2134 praeven-

939 2138 995 2162 tus.
1020 2132 1062 2162 At
1079 2131 1212 2163 multum
1230 2134 1377 2173 interest3
1402 2142 1506 2166 utrum
1523 2143 1703 2174 quaeratur,
1726 2145 1803 2168 num

941 2173 1010 2213 quis
1034 2173 1166 2204 Praetori
1189 2174 1239 2205 cui
1264 2184 1328 2206 non
1352 2175 1396 2206 est
1420 2175 1596 2216 subjeffls,
1620 2176 1683 2207 sola
1702 2177 1732 2208 in
1755 2178 1806 2217 jus

942 2216 1114 2245 vocatione
1137 2212 1334 2255 subjiciatur3
1364 2226 1401 2248 an
1421 2226 1579 2254 quaeratur
1596 2241 1606 2256 ‚
1638 2227 1713 2249 num
1732 2218 1803 2257 quis

942 2255 1061 2287 desinat
1080 2256 1118 2286 ad
1129 2255 1277 2288 Praetoris
1296 2259 1346 2289 cui
1367 2258 1520 2298 subjec'tus
1539 2259 1804 2299 est,jurisdi8tio·

941 2305 1014 2328 nem
1040 2298 1199 2337 pertinere
1218 2307 1257 2329 eo
1277 2322 1286 2337 ‚
1317 2301 1406 2339 quod
1422 2300 1628 2340 posteaquam
1651 2301 1691 2332 ad
1714 2301 1805 2333 illum

943 2344 1077 2369 vocatus
1095 2338 1140 2370 est
1158 2339 1285 2372 alterius
1302 2340 1364 2371 fori
1383 2364 1393 2379 ,
1426 2341 1476 2372 vel
1497 2341 1540 2371 ob
1557 2342 1699 2373 militiam
1717 2365 1726 2380 ‚
1751 2342 1805 2374 vel

943 2380 987 2411 ob
1009 2389 1103 2420 quam
1123 2379 1213 2412 aliam
1237 2382 1378 2420 causam,
1401 2381 1463 2413 ess'e
1481 2383 1642 2422 coeperit:
1676 2392 1746 2414 nam
1773 2384 1805 2415 in

943 2422 1049 2462 priore
1074 2420 1178 2461 specie
1206 2431 1271 2453 non
1298 2421 1362 2453 sola
1386 2422 1498 2453 sufficit
1522 2433 1551 2454 m
1574 2423 1623 2463 jus
1646 2425 1778 2455 vocatio
1794 2435 1805 2442 ·

943 2462 995 2494 sed
1026 2470 1179 2503 praeterea
1208 2463 1400 2495 desideratur
1425 2463 1533 2503 jud1cii
1562 2464 1742 2505 susceptio,
1773 2465 1781 2497 i

943 2503 1013 2542 est,
1044 2503 1212 2535 consensus
1238 2506 1267 2535 in
1296 2504 1440 2544 judicem
1470 2505 1508 2536 ad
1534 2515 1629 2545 quem
1651 2505 1741 2547 facta*
1759 2506 1807 2538 est

944 2545 1074 2575 vocatio
1098 2556 1105 2576 :
1136 2545 1166 2575 in
1191 2545 1368 2584 posteriore
1394 2546 1498 2585 specie
1527 2556 1591 2578 non
1614 2546 1744 2588 prodest
1772 2549 1805 2580 in

940 2586 988 2626 jus
1005 2593 1124 2616 vocato
1144 2585 1305 2618 subsecuta
1329 2587 1459 2625 militia3
1483 2587 1534 2619 sed
1552 2587 1615 2619 sola
1635 2589 1809 2621 vocatione

943 2627 1034 2666 injus
1051 2635 1230 2666 praeventus
1247 2628 1311 2659 est:
1335 2630 1406 2668 quia
1427 2638 1560 2662 vocatus
1577 2629 1638 2661 fuit
1659 2631 1698 2661 ad
1720 2629 1808 2662 suum

945 2667 1119 2699 Praetorem
1136 2678 1145 2707 ;
1168 2677 1268 2710 caque
1284 2679 1317 2700 re
1332 2670 1379 2709 jus
1399 2671 1559 2709 quaelitum
1574 2670 1637 2702 suit
1655 2672 1804 2703 vocanti:

945 2709 996 2740 cui
1015 2718 1078 2740 non
1103 2711 1211 2749 potuit
1233 2719 1366 2743 vocatus
1383 2711 1498 2743 deinde
1516 2712 1548 2745 id
1574 2712 1689 2745 tollere
1706 2721 1807 2745 muta-

929 2752 931 2754 ’
946 2757 978 2782 ta
993 2750 1192 2783 conditione.

930 2911 952 2936 τ
1013 2900 1127 2939 XIV.

42 2992 83 3028 Si
98 3003 180 3027 error
196 3002 249 3027 aut
267 3003 362 3030 melus
380 2997 409 3029 in
426 3000 618 3034 conventione
635 3001 818 3041 intervenit,
847 3010 902 3033 nou
920 2999 1017 3034 videri
1028 3001 1270 3046 jurisdielionem
1294 3004 1467 3049 prorogari.
1521 3000 1807 3048 Adjurisdic‘lionif

93 3045 336 3088 prorogationem
357 3056 414 3078 non
429 3045 589 3089 difideraii
606 3049 755 3089 Praetoris
770 3045 959 3095 consensum,
977 3047 1038 3095 sed
1054 3051 1253 3096 litigatorum.

52 3137 268 3219 [JtJifiitur
293 3147 484 3181 prorogetur
511 3140 686 3179 jurisdictio
702 3166 712 3182 ,
742 3143 811 3174 vult
838 3141 907 3174 Lex
950 3143 1026 3175 tium
1048 3143 1188 3188 putasse,
1215 3144 1464 3184 jurisdictionem
1486 3142 1546 3174 effe
1569 3143 1634 3183 ejus
1657 3144 1688 3175 in
1711 3149 1809 3184 quem'

209 3179 259 3218 ia,
291 3182 454 3212 conveniri
491 3182 542 3212 vel
567 3183 667 3222 palam
687 3207 696 3221 ‚
727 3185 778 3215 vel
803 3185 908 3215 tacite.

51 3217 158 3261 Quid,
182 3219 203 3252 fi
219 3223 429 3254 conveniatur
443 3246 453 3262 ,
478 3223 529 3254 sed
556 3225 691 3257 errore?
713 3224 823 3267 finge,
852 3225 909 3257 Ii-

950 3184 1134 3217 consenium
1165 3185 1237 3224 est3
1268 3195 1320 3217 aut
1348 3185 1493 3226 putass'e,
1530 3185 1623 3216 aliurn
1655 3194 1714 3226 pro
1744 3186 1809 3218 alio

949 3226 1125 3259 Praetorem
1143 3226 1204 3259 effe
1221 3228 1362 3259 aditum:
1389 3235 1428 3258 an
1452 3226 1576 3258 videtur
1598 3226 1809 3259 convenisse?

1742 3277 1810 3301 non
