2036 3495
461 114 524 149 An
557 113 646 148 L113.
675 110 722 147 V.
756 110 856 145 ΤΠ.
887 110 929 147 11.
966 111 1017 148 De
1035 109 1198 160 inofficioso
1214 111 1404 158 testamento-

40 209 66 240 la
81 206 161 238 faeta
178 205 274 237 fuerit
289 203 388 237 debiti
410 203 438 235 ὃς
455 202 569 234 crediti
588 199 753 246 confusio,
779 207 910 246 compe-3

41 258 109 284 tere
126 246 272 280 adversus
289 254 360 277 eum
378 247 429 286 qui
450 243 624 283 superavit.
636 249 791 286 integram
809 242 910 272 debiti

41 291 250 332 petitionem,
274 296 332 319 nec
348 288 449 318 minus
467 284 565 316 debiti
583 282 888 323 compensationem.

43 358 45 360 ,
84 330 181 364 Versa
207 330 294 366 vice,
318 328 422 368 placet
446 326 618 365 Papiniano
642 323 662 353 l.
683 332 728 363 15.
743 323 774 368 §.v
792 333 818 354 2.
842 324 868 353 h.
888 329 909 353 t.

42 373 130 414 quod
155 371 235 403 filius
253 369 306 410 qui
326 367 489 400 inofficiosi
513 366 637 397 actione
660 366 805 395 advertus
829 365 910 395 duos

43 415 180 446 heredes
198 411 283 442 verbi
295 411 403 452 gratia,
414 414 561 447 expertus
571 430 580 445 ,
596 405 731 437 diversas
743 404 912 449 sententias

42 456 187 496 judicum
203 453 292 490 tulit,
316 451 346 482 &
365 459 460 481 unum
479 448 575 486 vicit,
599 447 638 478 ab
663 447 764 478 altero
787 448 910 487 lupera-

43 506 93 529 tus
110 495 171 527 est:
188 495 216 525 &
233 492 394 524 debitores
411 490 584 522 convenire
604 497 663 529 pro
680 496 768 534 parte
786 488 911 529 potest,

42 539 71 570 dt
82 545 216 576 corpora
229 533 406 569 vindicare,
419 532 447 562 δι
458 530 669 562 hereditatem
682 530 834 561 diffidere.
851 538 912 569 qua

42 577 192 611 ratione?
214 576 281 613 ait,
304 574 333 605 ei
357 580 544 612 competere
570 571 695 602 familiae
720 570 910 601 erciscundae

41 620 211 661 judicium:
234 617 305 655 quia
327 614 506 652 credimus,
529 622 600 644 eum
621 612 798 653 legitimum
822 612 910 656 here·

44 663 116 692 dem
130 668 187 700 pro
206 664 292 696 parte
309 655 369 687 ess'e
386 654 521 686 factum:
540 655 569 685 &
586 655 661 685 ideo
678 664 746 699 pars
758 653 910 698 heredita-

43 703 82 734 tis
109 701 138 732 in
164 698 351 730 testamento
377 695 532 728 remansit.
556 705 616 726 nec
638 695 803 727 absurdum
823 694 909 725 vide-

40 736 112 780 tur,
137 749 194 781 pro
212 747 300 780 parte
319 738 498 769 intestatum
518 737 627 767 videri.
829 776 834 781 ι

83 784 145 815 Sed
169 788 319 821 apparet,
341 789 397 820 per
424 779 604 819 querelam,
628 779 658 808 in
683 786 744 822 qua
767 776 912 822 obtineat

42 823 253 857 exheredatus
272 844 281 860 ,
306 820 427 851 causam
449 820 549 851 testati
574 820 612 850 ad
637 820 757 849 caulam
775 817 912 849 intestati

43 865 178 902 deduci,
202 871 356 903 quatenus
375 863 412 893 ad
431 862 556 893 heredis
571 860 801 891 institutionem
820 859 914 900 perti—

43 916 109 939 net.
132 904 204 937 Nec
220 904 259 935 ad
271 904 333 934 hoc
345 903 430 934 stetit
448 904 494 934 vis
513 902 695 933 sententiat:
714 903 808 932 etiam
827 910 915 931 evei·-

45 949 83 984 tit
95 955 210 978 caetera
226 946 255 976 in
274 945 464 976 testamento
483 944 598 975 relicta.
624 942 738 974 ltane‘?
755 943 805 973 ubi
823 942 912 973 here-

44 990 91 1022 dis
104 987 261 1019 institutio
278 986 321 1017 est
337 994 431 1025 caput
449 985 478 1017 ἃ
495 985 737 1016 fundamentum
755 984 854 1015 totius
871 991 915 1013 te-

39 1023 209 1063 ‘stament12
233 1037 272 1059 an
288 1037 324 1058 ea
342 1026 459 1058 sublata
471 1050 480 1064 ,
498 1025 602 1067 potest
622 1026 725 1056 valere
743 1026 916 1073 quidquam

44 1073 76 1104 in
95 1071 284 1102 testamento
311 1068 480 1100 relietum?
502 1077 567 1099 non
592 1067 704 1107 potest.
729 1069 809 1097 adeo
836 1068 864 1096 et
883 1066 914 1095 li-

46 1113 187 1144 bertetes
205 1110 271 1151 ipso
285 1112 352 1150 iure
373 1119 438 1141 non
455 1109 579 1147 valent,
602 1117 662 1139 nec
681 1108 787 1153 legata*
800 1107 916 1152 deben-

47 1162 116 1192 tur,
141 1152 192 1184 sed
218 1152 318 1183 soluta
341 1159 528 1192 repetuntur
547 1156 600 1180 aut
623 1149 661 1180 ab
677 1159 717 1180 eo
736 1158 788 1189 qui
805 1147 916 1186 solvit,

48 1202 102 1227 aut
127 1194 165 1225 ab
188 1203 229 1225 eo
252 1194 304 1233 qui
328 1193 478 1224 obtinuit.
499 1192 527 1222 ἃ
552 1190 621 1221 haec
638 1191 706 1222 utili
724 1190 849 1221 afflone
872 1198 918 1220 re-

48 1244 212 1278 petuntur.
236 1234 304 1266 fere
321 1241 443 1272 autem,
463 1232 482 1264 si
498 1240 571 1263 ante
587 1231 834 1276 controversiam
851 1239 919 1261 mo-

49 1287 111 1309 tam
128 1277 224 1308 soluta
246 1275 331 1311 sunt,
355 1275 407 1315 qui
426 1274 586 1310 obtinuit,
610 1273 746 1312 repetit3
772 1273 800 1303 ὅ(
819 1280 862 1302 ita
878 1272 918 1303 D.

47 1318 224 1352 Hadrianus
249 1316 279 1348 &
311 1315 351 1346 D.
375 1315 447 1346 Pius
471 1313 693 1354 rescripserunt
717 1313 735 1345 l.
761 1318 788 1348 8.
811 1313 840 1355 §.
874 1316 919 1344 16.

47 1361 77 1392 b.
94 1366 115 1390 t.
149 1358 199 1389 De
225 1356 470 1389 fideicommissis
494 1355 571 1396 quid
597 1354 765 1387 dicemus?
797 1354 920 1385 dubita·

48 1401 96 1433 vit
110 1399 262 1432 Scaevola.
280 1398 342 1430 Sed
359 1407 430 1429 eum
447 1397 561 1429 Paulus
579 1404 687 1428 notat:
711 1397 826 1437 probat
852 1406 919 1426 cer-

49 1449 83 1475 te
109 1450 168 1473 nec
188 1438 425 1472 fideicommissa
450 1438 490 1470 ab
517 1437 666 1469 intestato
690 1438 818 1476 deberi,
844 1447 918 1477 qua-

49 1483 72 1516 fi
87 1492 104 1515 a
121 1484 270 1514 demente
283 1481 354 1513 data
371 1481 391 1512 l.
404 1490 449 1520 13.
465 1480 534 1512 h.·t.
557 1478 638 1522 Quae
657 1480 721 1510 dixi
740 1489 812 1510 vera
829 1478 919 1517 sunt,

48 1524 70 1557 fi
88 1524 128 1555 de
143 1521 322 1555 inofficioso
340 1522 376 1554 sit
392 1531 408 1553 a
423 1521 535 1561 Judice
552 1522 817 1561 pronunciatum3
844 1530 918 1561 prae-

53 1565 142 1596 sente
172 1563 299 1595 adversa
324 1571 425 1604 parte.
469 1562 575 1605 Quam
602 1562 646 1593 ob
672 1563 769 1593 rem?
807 1562 921 1594 Paulus

53 1606 74 1637 1.
96 1614 140 1645 17.
164 1604 190 1645 §.
221 1613 246 1635 1.
271 1605 298 1635 h.
322 1611 342 1636 t.
368 1604 427 1641 ait,
453 1603 534 1636 Cum
551 1611 664 1635 contra
679 1603 921 1641 testamentum,

55 1654 91 1678 ut
114 1644 322 1677 inofficiosum
343 1645 499 1684 iudicatur
514 1667 524 1684 ,
555 1644 733 1676 testamenti
749 1644 923 1676 factionem

58 1686 198 1719 habuisse
225 1685 407 1717 defunetum
437 1695 501 1717 non
525 1687 621 1717 credi.
666 1687 713 1717 An
738 1687 821 1718 idem
851 1696 923 1727 pro-

56 1729 195 1760 bandum
213 1727 276 1765 est,
299 1726 320 1758 fi
339 1727 455 1758 herede
477 1736 543 1758 non
559 1726 793 1767 respondente,
816 1727 922 1759 secun-

59 1771 134 1801 dum
157 1768 340 1809 praesentem
362 1769 533 1809 judicatum
555 1767 616 1801 fit?
638 1767 715 1800 Non
733 1777 824 1809 putat
845 1769 923 1801 Pau-

59 1811 127 1843 lus:
147 1810 204 1841 hac
221 1810 359 1841 ratione:
375 1811 461 1850 quod
480 1810 543 1840 hoc
559 1809 629 1840 casu
643 1819 705 1841 non
724 1811 861 1842 creditur
875 1811 923 1851 jus

59 1862 99 1883 ex
115 1851 267 1883 sententia
285 1851 403 1890 judicis
419 1849 503 1882 fieri:
523 1851 551 1882 δι
567 1851 641 1882 ideo
658 1851 819 1884 libertates
836 1861 922 1883 com-

59 1901 190 1934 petunt,
216 1892 245 1923 ἂ
264 1892 362 1933 legata
377 1900 538 1932 petuntur.
571 1891 675 1934 Quid,
699 1892 719 1925 fi
735 1892 922 1925 transactum

58 1934 116 1972 fit,
135 1934 240 1973 aliquo
255 1934 348 1971 dato,
366 1942 419 1964 aut
436 1942 580 1971 retentO,
600 1942 652 1964 aut
671 1934 845 1974 promisso?
871 1934 923 1965 Ul-

58 1976 169 2015 pianus
185 1975 203 2007 l.
224 1983 270 2010 29.
290 1974 317 2016 §.
338 1985 362 2005 2.
383 1975 410 2006 l).
429 1981 450 2005 t.
480 1974 521 2006 sic
539 1974 660 2005 scribit:
684 1974 827 2018 Quamvis
844 1976 923 2013 insli-

57 2022 124 2047 tuta
140 2013 283 2056 inofficiofi
298 2015 493 2055 accusatione,
505 2026 548 2046 res
563 2016 753 2049 trcmsafflone
763 2017 851 2061 decisis
862 2017 922 2057 fit,

59 2064 154 2088 tannen
173 2055 370 2097 testamentum
387 2058 418 2087 in
433 2058 481 2094 suo
494 2058 563 2099 jure
582 2065 694 2088 manet:
718 2058 754 2093 δ”
772 2060 832 2090 ideo
850 2061 922 2090 datae

59 2100 92 2130 in
107 2107 135 2129 eo
145 2098 303 2134 libertates,
321 2104 405 2139 atque
420 2098 514 2138 legata
525 2122 533 2136 ‚
552 2108 640 2139 usque
654 2110 708 2141 quo
725 2099 853 2132 Falcidia
860 2108 919 2141 per-

59 2140 168 2177 mittit,
181 2138 267 2179 suam
282 2138 565 2180 babentpolestzitenz.
591 2140 689 2181 Quod
706 2151 746 2172 eo
764 2142 923 2173 lubentius

59 2181 228 2212 annotavi:
246 2179 314 2220 quia
330 2180 369 2211 sic
389 2180 543 2212 refellitur
561 2181 753 2220 Responsum
772 2183 923 2214 Scaevolae

61 2222 81 2252 l.
103 2230 147 2258 14.
165 2220 206 2253 D.
224 2223 256 2251 de
271 2220 405 2252 trama&
424 2231 488 2262 quo
506 2223 545 2254 de
562 2224 608 2263 egi
629 2223 675 2255 lib.
689 2235 716 2255 2.
736 2225 879 2256 Probabil.
898 2235 922 2256 c.

60 2272 90 2294 2.
108 2261 144 2297 ὣς)
160 2262 204 2294 lib.
216 2261 295 2303 fing.
313 2264 362 2294 Ad
381 2262 516 2294 Eirinon-2
534 2263 579 2294 De
594 2265 669 2305 past.
688 2265 724 2299 &2⁹
742 2266 882 2298 transmit.
899 2277 924 2298 c.

60 2313 110 2335 22.
141 2304 201 2335 Sed
219 2304 336 2342 claret,
361 2303 485 2335 heredis
502 2304 751 2346 institutionem,
775 2309 804 2339 ἃ
822 2309 925 2349 legata

60 2346 90 2376 ἃ
106 2345 285 2382 libertates,
308 2345 339 2376 &
363 2344 618 2385 fideicommissa,
643 2349 670 2378 ἂ
687 2357 802 2380 caetera
819 2349 926 2380 omnia

59 2395 225 2424 corruere,
242 2386 366 2417 rescisso
382 2396 397 2417 a
413 2386 524 2425 judice
537 2389 724 2420 testamento
742 2390 824 2430 quasi
843 2390 923 2421 inof-

59 2421 180 2460 ficioffi.
205 2427 345 2467 ideoque
358 2429 461 2466 probo
479 2430 566 2469 quod
582 2430 620 2460 ab
637 2429 776 2469 Ulpiano
792 2433 820 2462 d.
840 2432 858 2462 l.
877 2441 926 2468 29.

54 2475 102 2510 pr.
125 2469 239 2500 dicitur
255 2491 264 2508 ,
288 2469 322 2500 Si
333 2468 468 2509 suspefflz
493 2470 603 2508 collufio
620 2470 659 2507 sit
679 2472 828 2514 legatariis
853 2475 929 2503 inter

51 2510 176 2549 scriptos
191 2510 300 2541 heredes
316 2509 352 2544 ὅ)
367 2519 430 2541 eum
442 2513 492 2551 qui
506 2513 539 2542 de
553 2511 701 2552 inofficioso
719 2512 881 2554 testamento
897 2525 927 2544 a·

61 2551 126 2591 git.-
147 2550 235 2590 adeffe
258 2551 344 2582 etiam
368 2552 520 2591 legatarios
545 2553 581 2587 δέ)
598 2554 778 2586 voluntatem
796 2555 928 2594 defunffl

63 2591 156 2628 tueri,
175 2589 357 2630 constitutum
372 2592 441 2633 effe:
463 2595 621 2636 eisdemque
630 2596 797 2637 perrniffum
813 2597 863 2636 effe
877 2598 926 2626 eti·

62 2641 109 2662 am
133 2632 270 2672 appellare
286 2655 296 2670 ,
317 2632 345 2670 fi
367 2640 465 2665 contra
488 2634 685 2675 testamentum
700 2642 928 2677 pronunciatum

57 2673 163 2712 fuerit.
181 2672 309 2704 Interim
327 2674 461 2715 benigne
478 2685 641 2717 receptum
652 2678 696 2709 est
713 2680 800 2719 quod
819 2689 835 2709 a
850 2679 927 2709 Pau-

64 2715 97 2744 lo
116 2713 134 2743 l.
147 2717 195 2747 28.
213 2714 239 2745 b.
258 2713 448 2754 t.·scriptum
466 2715 550 2748 hunc
567 2719 596 2749 in
609 2720 759 2752 modum:
780 2721 853 2751 Cum
869 2730 928 2750 ma-

63 2761 107 2786 ter
117 2754 333 2793 militemfilium
347 2756 418 2792 falso
428 2758 547 2797 aucisffet
563 2760 712 2800 deceffiffe‚
731 2761 767 2795 ὅ)
783 2761 930 2801 testamen—

65 2802 94 2827 10
109 2796 220 2826 heredes
237 2796 306 2826 alios
329 2795 508 2836 instz'zmffit:
532 2800 629 2830 Divus
647 2802 823 2833 Hadrianus
839 2805 930 2833 decre-

64 2838 129 2872 vit.
153 2836 334 2867 hereditatem
348 2838 386 2867 ad
396 2836 494 2876 filium
508 2843 665 2878 pertinere.-
683 2845 725 2873 z'ta
742 2850 773 2874 ut
790 2845 932 2875 libertates

66 2877 104 2912 &³
121 2877 216 2917 legata
227 2875 410 2917 proeflentur.
441 2878 503 2909 Hic
518 2881 588 2912 illua
604 2885 789 2923 adnotatum,
810 2888 885 2925 quod
900 2886 932 2914 cle

65 2918 400 2959 libertatibus&legatis
415 2919 570 2959 adjicitur:
582 2932 648 2954 nam
665 2935 729 2955 cum
745 2925 933 2966 inofficiosum

66 2962 223 3001 arguitur,
245 2960 317 2990 nihil
335 2969 371 2990 ex
385 2968 413 2989 eo
431 2959 592 3001 tellasnento
609 2965 696 2996 valet.
730 2967 832 2998 Prima
849 2967 934 2998 facie

66 3001 171 3032 facilis
199 3001 322 3031 videtur
350 3002 454 3032 locus:
479 3004 529 3033 sed
552 3005 671 3045 indiget
697 3009 934 3046 explanatione.

66 3042 206 3082 Species.
236 3041 344 3072 Mater
360 3043 521 3081 praeterito
541 3043 607 3076 filio
626 3056 719 3086 quem
735 3050 865 3088 putabat
883 3050 935 3079 de-

66 3082 183 3115 cessisse
195 3106 204 3122 ,
221 3084 356 3124 decepta
367 3083 442 3113 falso
453 3093 598 3124 rumore,
614 3087 762 3120 heredem
780 3091 873 3121 aliurn
890 3091 935 3121 in.

64 3123 175 3155 stituit.
217 3123 294 3155 Hoc
320 3124 540 3157 testamentum
567 3129 650 3159 valet
675 3137 737 3161 tatn
763 3132 935 3170 praetoriO,

65 3173 159 3205 quarn
169 3165 253 3196 civili
265 3189 274 3204 ‚
287 3166 373 3206 jure:
391 3167 461 3206 quia
473 3176 572 3199 mater
588 3168 865 3212 filiumnuniquam
886 3172 936 3203 ha-

64 3205 172 3279 hoff-3717}
185 3206 352 3279 thJestaoe‘
370 3207 413 3240 ita
422 3217 526 3250 neque
542 3209 688 3252 ipsojure
698 3213 818 3246 nullum
835 3213 934 3246 estte-

1768 123 1832 158 ¹31

954 202 1163 241 stamentum3
1185 211 1289 243 neque
1307 202 1493 234 rescinditur
1510 210 1565 242 per
1582 201 1742 233 bonorum
1762 209 1832 247 pos-

953 242 1116 275 sessionern
1133 251 1247 274 contra
1266 244 1393 275 tabulas.
1426 253 1490 275 noti
1509 244 1608 284 magis
1625 243 1730 284 potest
1749 242 1831 273 filius

953 285 1041 324 queri
1059 285 1098 315 de
1116 284 1315 316 inofficioso:
1339 287 1412 325 quia
1432 295 1531 316 mater
1559 285 1660 317 noluit
1686 293 1759 315 eum
1779 293 1833 314 cx-

952 325 1123 363 heredare,
1146 324 1197 356 sed
1215 335 1271 366 per
1293 336 1432 358 errorem
1458 326 1608 366 praeteriit
1627 335 1721 366 quem
1739 325 1831 356 here-

954 367 1026 397 dem
1045 366 1268 404 instituisset,si
1280 376 1343 398 non
1360 368 1494 399 errasset.
1520 368 1595 400 Non
1612 368 1706 408 igitur
1723 365 1831 407 potest

953 415 1054 438 mater
1069 416 1084 437 a
1103 406 1170 437 filio
1188 407 1270 443 quasi
1288 408 1409 439 insaniae
1429 409 1583 445 accusari,
1601 418 1673 440 cum
1693 407 1831 449 querelae

954 448 1046 479 color
1058 447 1094 479 fit
1109 447 1224 479 insania
1239 450 1387 488 parentis.
1418 452 1464 482 Ac
1479 460 1540 482 nec
1556 450 1660 491 potest
1678 451 1729 481 hic
1747 449 1831 481 filius

955 489 1166 520 hereditatem
1186 497 1295 528 petere
1311 491 1349 521 ab
1369 492 1537 530 intestato,
1562 493 1706 532 quamvis
1723 492 1754 522 id
1776 499 1832 521 vo-

955 529 1042 561 luiss‘e
1058 530 1203 562 videatur
1221 539 1338 563 mater:
1364 541 1474 570 certo,
1493 536 1581 573 quod
1601 533 1651 563 ubi
1675 533 1766 563 heres
1785 531 1832 563 cst

954 581 994 604 cx
1012 571 1201 603 testamento
1213 594 1222 609 ,
1240 581 1292 602 aut
1310 572 1434 605 futurus
1452 573 1609 614 speratur,
1627 574 1666 605 ab
1682 574 1831 605 intestato

957 613 1049 644 heres
1070 622 1133 644 non
1152 614 1340 645 admittitur.
1381 614 1520 646 Indicavi
1541 615 1762 647 difficultatem
1782 614 1832 646 ln-

956 654 1148 693 terprctibus
1159 654 1321 686 molestam
1333 666 1348 686 a
1365 657 1472 687 multis
1493 656 1609 688 seculis.
1626 657 1830 687 solutionem

954 696 1079 735 quaeris.
1122 694 1251 734 Duplex
1270 696 1332 729 est:
1356 707 1418 728 una
1436 698 1580 729 subvenit
1597 696 1666 729 filio
1683 707 1739 738 per
1757 707 1834 737 que-

951 738 1047 768 relam
1061 736 1244 767 inofficiosi:
1261 738 1290 769 ὅ(
1301 737 1543 771 fundamentum
1554 739 1601 777 ei,
1618 740 1706 780 quod
1718 741 1746 771 in
1761 748 1833 778 pro-

955 778 1059 818 posito
1076 778 1183 809 matris
1202 780 1377 816 praeteritio
1398 790 1461 812 non
1487 781 1615 819 quidem
1634 780 1695 811 fuit
1719 790 1735 811 a
1753 779 1833 811 mala

956 827 1082 856 mente,
1108 818 1159 850 sed
1176 820 1381 852 nihilominus
1402 831 1434 852 re
1451 822 1531 854 faeta
1550 821 1603 853 est.
1627 831 1687 853 nec
1702 820 1834 853 interest

957 860 1033 898 filii,
1059 867 1164 891 utrum
1180 870 1282 892 mater
1297 871 1368 892 eum
1388 871 1444 902 per
1461 873 1604 896 errorem
1623 863 1834 905 praeterierit,

958 911 995 933 an
1008 902 1094 932 odio.
1121 900 1195 932 Huc
1210 902 1268 933 ivit
1286 901 1440 943 Ulpianus
1458 905 1475 935 l.
1493 915 1541 945 27.
1560 905 1588 947 §.
1608 905 1661 936 ult.
1682 905 1709 936 h.
1729 910 1749 935 t.
1764 913 1835 935 ver-

959 944 998 974 ba
1008 941 1146 982 Ulpiani.
1170 942 1217 973 De
1228 941 1392 983 testamento
1402 948 1503 976 matris
1518 957 1579 988 qua·
1591 945 1759 987 existimans
1767 952 1833 987 per-

958 983 1120 1025 ilffefilium
1131 1007 1139 1022 ,
1152 984 1242 1014 (ilium
1257 985 1382 1017 heredem
1392 985 1538 1027 instituit,
1562 995 1596 1019 ut
1606 987 1757 1029 inofficiofi)
1766 996 1836 1028 que-

958 1024 1187 1066 rz'potellfilius.
1213 1026 1264 1057 Sic
1279 1026 1374 1058 habet
1392 1030 1517 1069 vulgata
1534 1030 1644 1061 editio.
1662 1029 1836 1061 Florentiae

960 1067 1023 1099 est:
1039 1071 1072 1097 cle
1089 1065 1239 1107 inofficiosi)
1257 1070 1338 1108 queri
1351 1068 1451 1109 potest.
1477 1069 1518 1101 Et
1537 1079 1602 1102 turn
1619 1074 1699 1112 queri
1718 1070 1836 1111 passive

960 1109 1182 1149 accipiendum
1199 1107 1263 1146 est,
1281 1117 1313 1140 ut
1332 1108 1411 1149 saepe
1428 1111 1624 1149 deponentia
1641 1113 1735 1143 verba
1753 1112 1838 1150 apud

962 1149 1098 1181 nostros.
1129 1149 1289 1181 Antonius
1314 1150 1436 1191 Faber,
1462 1153 1642 1184 Rationalis).
1667 1155 1837 1191 emendat,

961 1193 1042 1233 queri
1058 1201 1114 1221 non
1126 1189 1228 1231 potest.
1269 1192 1331 1223 Sed
1348 1202 1412 1224 non
1432 1194 1537 1234 probo
1555 1195 1813 1226 emendationem
1826 1216 1837 1232 ‚

962 1241 1153 1273 quamquam
1170 1241 1237 1263 eam
1255 1234 1361 1265 multis
1379 1243 1469 1274 urget
1487 1235 1595 1266 Faber.
1623 1235 1749 1276 Ulpiani
1771 1236 1838 1267 sen-

962 1275 1060 1305 tentia
1078 1272 1142 1313 est,
1166 1276 1356 1306 audiendum
1375 1274 1435 1306 esse
1457 1275 1573 1316 filium,
1599 1277 1616 1308 li
1637 1279 1713 1309 velit
1730 1278 1838 1309 matris

962 1315 1371 1357 testamentuminfringere
1388 1318 1516 1358 querela
1532 1318 1707 1350 inofficiosi.
1732 1328 1768 1349 ac
1785 1327 1840 1357 pu·

962 1366 1044 1395 tem,
1059 1356 1079 1388 fi
1096 1358 1154 1387 hac
1169 1364 1239 1398 agat
1257 1357 1286 1388 ἃ
1306 1358 1451 1390 obtineat
1468 1358 1562 1391 filius:
1586 1370 1649 1392 non
1668 1360 1841 1392 institutio-

962 1408 1036 1430 nem
1054 1405 1177 1429 tantum
1194 1398 1363 1438 infirmari,
1388 1399 1440 1431 sed
1459 1401 1617 1433 libertates
1634 1411 1784 1442 quoque,
1809 1401 1839 1432 &

963 1440 1084 1480 legata,
1100 1440 1129 1471 ἃ
1149 1449 1264 1471 caetera
1280 1441 1310 1471 in
1328 1440 1519 1473 testamento
1536 1443 1661 1475 reliCla:
1687 1443 1842 1474 conveni-

964 1490 1054 1512 enter
1064 1489 1182 1512 naturae
1194 1482 1330 1522 querelae
1348 1482 1534 1522 inofficiosi;
1550 1485 1579 1516 &
1590 1485 1794 1517 hocindicari
1807 1485 1842 1516 in

963 1521 1026 1553 fine
1042 1522 1060 1553 l.
1083 1528 1129 1557 28.
1147 1523 1174 1553 h.
1193 1530 1212 1554 t.
1237 1523 1344 1554 Altera
1360 1523 1475 1555 solutio
1492 1524 1537 1556 est
1557 1526 1641 1557 Pauli
1659 1527 1688 1557 in
1705 1528 1731 1557 (l.
1749 1526 1768 1558 l.
1788 1530 1838 1559 28.

963 1565 989 1595 is
1008 1562 1134 1601 censet,
1157 1563 1257 1596 filium
1275 1566 1370 1596 etiam
1395 1565 1482 1605 posse
1500 1568 1606 1598 matris
1628 1566 1843 1598 hereditatem

965 1614 1076 1646 petere
1101 1605 1183 1645 quasi
1210 1616 1250 1637 ex
1273 1607 1370 1637 tacita
1392 1607 1456 1647 ejus
1482 1608 1657 1639 voluntate.
1681 1609 1790 1649 estque
1808 1609 1841 1640 id

965 1646 1163 1686 consequens
1187 1646 1233 1679 his
1257 1648 1320 1687 ejus
1344 1649 1466 1679 verbis:
1492 1649 1533 1679 J).
1554 1649 1730 1680 Hadrianus
1747 1651 1842 1680 decre-

964 1690 1008 1719 vit
1020 1712 1029 1726 ,
1044 1688 1228 1719 hereditatem
1245 1688 1389 1729 adfilium
1403 1690 1562 1730 pertinere:
1579 1692 1621 1722 ita
1637 1697 1669 1722 ut
1691 1692 1786 1732 legata
1803 1690 1840 1726 E?

966 1730 1109 1761 libertates
1122 1728 1303 1769 proellentur.
1335 1731 1469 1770 Sensus,
1495 1731 1537 1762 D.
1562 1731 1757 1764 Hadrianum
1779 1734 1843 1773 (ex

966 1771 1183 1811 appellatione
1206 1779 1258 1802 aut
1285 1772 1516 1812 supplicatione
1541 1773 1648 1814 forte)
1666 1774 1842 1806 decrevisse

966 1813 1178 1844 hereditatem
1197 1813 1234 1844 ad
1251 1811 1349 1845 filium
1360 1815 1491 1855 perinde
1501 1817 1678 1855 pertinere,
1695 1815 1779 1856 quasi
1799 1824 1845 1847 ta-

965 1856 1029 1885 cite
1045 1864 1061 1884 a
1079 1862 1179 1885 matre
1195 1853 1352 1886 institutus
1369 1856 1462 1887 esset:
1486 1857 1527 1888 ita
1545 1864 1669 1897 tamen,
1686 1866 1720 1889 ut
1738 1858 1843 1898 legata

965 1896 995 1926 &
1012 1895 1175 1926 libertates
1192 1896 1231 1926 ab
1248 1905 1288 1926 eo
1305 1896 1501 1937 praestentur.
1526 1898 1567 1929 At
1584 1899 1667 1931 enirn
1681 1899 1842 1931 hereditas

965 1937 1049 1968 nuda
1067 1937 1234 1968 voluntate
1249 1946 1353 1978 neque
1371 1939 1478 1977 datur,
1504 1948 1609 1980 neque
1626 1941 1784 1972 adimitur.
1807 1950 1842 1971 u-

966 1986 1115 2018 trumque
1133 1978 1168 2009 fit
1187 1978 1396 2018 testamento,
1416 1980 1444 2011 δι
1463 1980 1526 2012 hoc
1545 1989 1676 2012 tantum.
1694 1980 1771 2013 absit
1788 1982 1842 2022 igi-

967 2028 1034 2058 tur,
1055 2028 1088 2051 ut
1105 2018 1184 2051 filius
1203 2022 1380 2060 praeteritus
1395 2021 1488 2062 poffit
1505 2023 1612 2054 matris
1628 2023 1842 2055 hereditatem

967 2069 1127 2100 tamquam
1145 2070 1185 2092 ex
1203 2062 1297 2092 tacita
1313 2063 1379 2102 ejus
1397 2064 1562 2094 voluntate
1579 2072 1700 2104 petere.
1735 2063 1842 2096 Veris·

966 2103 1059 2139 fiine,
1073 2102 1093 2133 si
1111 2112 1178 2140 reS,
1199 2110 1231 2133 ut
1243 2112 1374 2143 oportet
1390 2105 1473 2144 apud
1491 2105 1683 2145 Praetorem,
1700 2105 1845 2138 similem-

967 2154 1006 2175 ve
1019 2143 1234 2183 Magislratum
1247 2167 1256 2182 ,
1275 2145 1395 2185 legibus
1412 2146 1572 2187 alligatum
1584 2170 1592 2185 ,
1609 2147 1779 2180 aestimetur
1797 2157 1845 2179 re-

966 2185 1048 2226 gulis
1070 2185 1154 2224 jutis.
1188 2184 1238 2216 sed
1264 2186 1292 2216 in
1315 2186 1477 2227 proposito
1493 2189 1537 2219 ait
1554 2188 1685 2228 Paulus,
1715 2188 1753 2220 D.
1780 2188 1846 2220 Ha-

968 2228 1107 2259 drianum
1126 2226 1177 2265 qui
1196 2235 1261 2257 etat
1279 2227 1398 2267 legibus
1417 2228 1553 2268 solutus,
1569 2231 1629 2268 ita,
1648 2239 1682 2261 ut
1699 2238 1843 2268 poterat,

968 2266 1160 2305 decrevisse,
1180 2266 1328 2299 suadente
1345 2271 1513 2310 aequitate,
1532 2273 1618 2311 quod
1635 2272 1664 2302 in
1683 2271 1770 2303 simili
1789 2272 1847 2303 eti-

968 2318 1017 2340 am
1043 2307 1220 2340 observasse
1239 2310 1390 2342 Severum
1410 2312 1439 2342 ἂ
1456 2313 1650 2344 Antoninum
1663 2336 1671 2351 ,
1695 2313 1779 2345 idern
1798 2323 1845 2344 re-

968 2350 1031 2381 fert
1049 2350 1159 2381 Paulus
1174 2351 1191 2382 l.
1203 2350 1246 2380 ult
1268 2350 1309 2382 D.
1328 2353 1361 2382 de
1379 2353 1497 2383 herediis.
1510 2352 1600 2392 instit.
1627 2363 1719 2394 quam
1739 2356 1844 2395 legem

971 2392 1066 2422 velim
1084 2400 1156 2422 curn
1177 2391 1329 2431 praesente
1349 2394 1424 2424 loco
1443 2394 1592 2426 conserti.
1617 2395 1679 2427 Sed
1697 2396 1794 2427 redeo
1806 2397 1846 2427 ad

970 2434 998 2463 d.
1016 2432 1034 2462 l.
1055 2437 1104 2466 28.
1123 2433 1150 2463 b.
1173 2439 1194 2464 t.
1227 2434 1258 2464 in
1285 2442 1347 2472 qua
1371 2434 1464 2466 restat
1484 2435 1617 2476 sequens
1637 2436 1759 2468 vei-sus:
1784 2437 1846 2468 Hic

969 2474 1043 2505 illud
1067 2475 1236 2505 adnotatum
1261 2473 1320 2514 est,
1342 2478 1416 2516 quod
1436 2478 1469 2507 [ie
1490 2477 1670 2509 libertatibus
1688 2477 1724 2513 &³
1742 2478 1846 2520 legatis

971 2515 1121 2556 adjicitur.
1145 2525 1214 2546 nam
1237 2526 1301 2546 cum
1325 2516 1512 2557 inofficiosum
1527 2517 1726 2558 testamentum
1742 2522 1841 2560 argui-

971 2564 1039 2595 tur,
1056 2556 1174 2586 nibilex
1188 2566 1216 2586 eo
1234 2555 1398 2597 testamento
1416 2560 1502 2591 valet.
1528 2560 1692 2593 Accursius
1704 2562 1843 2592 dubitari

971 2598 1034 2635 ait,
1059 2598 1134 2637 quid
1153 2597 1326 2638 significet,
1346 2599 1406 2630 Hic
1424 2601 1496 2632 illud
1511 2603 1680 2634 adnotatum
1695 2601 1751 2643 est:
1775 2604 1844 2643 qui-

971 2639 1102 2669 busdam
1121 2648 1203 2670 enim
1223 2640 1322 2671 videri
1342 2642 1639 2680 reprehenfionem:
1658 2645 1725 2676 aliis
1741 2645 1848 2675 obser·

971 2680 1146 2710 vationem.
1177 2689 1236 2711 nec
1261 2681 1366 2719 potest
1387 2684 1519 2724 negari,
1544 2694 1683 2726 Utroque
1708 2685 1845 2725 usurpari

972 2722 1081 2752 modo.
1105 2730 1177 2752 nam
1195 2721 1363 2754 Cornelius
1381 2723 1523 2764 Fronto,
1544 2734 1635 2758 vetus
1653 2726 1846 2758 Grammati-

973 2771 1027 2793 cus
1038 2785 1047 2800 ‚
1059 2768 1088 2801 p.
1103 2763 1253 2803 1333.lin.
1265 2773 1313 2795 20.
1326 2764 1441 2804 Notat,
1455 2766 1577 2807 inquit,
1588 2769 1635 2799 vel
1649 2769 1741 2799 locum
1758 2768 1822 2808 quis
1832 2789 1843 2805 ,

974 2803 1020 2834 vel
1042 2806 1209 2843 personam,
1231 2805 1277 2835 vel
1293 2808 1419 2838 noxiam.
1464 2809 1599 2840 Annotat
1618 2811 1670 2850 qui
1686 2817 1756 2839 notae
1774 2808 1845 2847 quid

975 2845 1085 2885 adjicit.
1110 2843 1161 2875 Fit
1180 2846 1273 2886 igitur
1287 2847 1452 2879 adnotatio
1470 2851 1612 2881 &laudis
1628 2854 1656 2881 61
1672 2848 1844 2889 reprehen-

976 2885 1070 2916 sionis
1094 2885 1190 2918 causa.
1231 2886 1390 2920 Observat
1411 2892 1447 2921 Λ.
1472 2890 1594 2922 Gellius
1612 2891 1660 2921 lib.
1683 2900 1728 2930 17.
1755 2889 1843 2921 Νοὲἶ.

977 2927 1070 2958 Attic.
1082 2936 1104 2957 c.
1115 2937 1143 2959 2.
1169 2927 1273 2960 Verba
1284 2928 1394 2962 Gellii.
1419 2932 1494 2974 Qiae
1511 2934 1541 2962 in
1551 2942 1579 2961 eo
1596 2933 1664 2961 libro
1672 2931 1785 2970 scripta
1802 2941 1845 2961 es-

976 2968 1037 3006 sent
1048 2969 1079 2998 in
1096 2974 1231 3010 utrasque
1245 2970 1572 3010 existimatz'oneslaudis
1587 2978 1638 3002 out
1654 2972 1741 3008 culpae
1758 2972 1847 3002 adno-

979 3010 1113 3039 ramentis
1128 3012 1226 3050 digna.
1258 3011 1424 3053 Quidquid
1442 3014 1502 3045 est:
1527 3013 1663 3051 Plinius,
1687 3013 1735 3043 lib.
1754 3023 1782 3044 2.
1803 3013 1845 3044 E·

974 3048 1042 3090 pzst.
1063 3059 1108 3081 11.
1123 3052 1379 3095 Adnotatumque‚
1404 3057 1523 3094 inquit,
1541 3054 1750 3093 experimentis.
1775 3053 1847 3086 Nec

978 3092 1032 3123 ille
1048 3099 1188 3130 tantum,
1205 3094 1256 3126 sed
1272 3096 1367 3126 nostri
1384 3105 1512 3135 quoque
1528 3095 1546 3124 l.
1559 3104 1586 3133 7.
1605 3094 1633 3135 §.
1649 3104 1692 3134 17.
1705 3094 1744 3126 D.
1755 3095 1848 3139 ‚Quib-

979 3142 1014 3164 ex
1033 3134 1111 3168 caus.
1132 3135 1163 3165 in
1177 3135 1245 3175 poff.
1263 3143 1315 3167 eat.
1332 3137 1351 3167 l.
1375 3146 1418 3167 12.
1437 3136 1464 3176 §.
1485 3146 1511 3166 2.
1532 3135 1572 3165 Ι).
1601 3136 1664 3177 Qui
1681 3136 1717 3170 &⁶
1732 3147 1749 3167 a
1767 3140 1846 3180 quib.

977 3174 1129 3211 manantis.
1162 3175 1250 3217 Quid
1270 3178 1364 3216 igitur
1381 3177 1448 3207 est?
1473 3176 1584 3206 Paulus
1602 3178 1772 3209 adnotatum
1788 3190 1847 3219 pro

976 3216 1468 3289 observagzmdixit;,significans,
1486 3227 1502 3248 a
1513 3217 1702 3258 sapientibus
1712 3220 1773 3252 effe
1785 3221 1849 3292 pb-

1139 3267 1157 3289 2
1799 3271 1846 3295 er·
