2052 3487
357 95 887 133 Dioctz'rIANus
938 100 1008 128 iii·
1060 91 1530 132 Maxrisrsrius,

53 188 166 224 terium
197 187 286 229 quod
316 184 396 220 falso
426 182 584 217 confeffus
615 180 706 213 fuit:
732 189 919 227 „numquam

52 233 136 264 enim
155 231 286 273 patibuli
297 229 420 260 adfixio
439 225 570 258 adulteri
585 232 676 269 poena
693 222 781 262 fuit)
805 222 855 254 sed
875 224 918 254 ob

51 274 128 313 alia,
154 273 202 312 ἂ,
225 280 259 302 ut
276 270 419 308 videtur,
442 267 584 309 graviora
609 264 750 295 scelera:
782 273 919 310 quorum

51 317 180 347 veniam
204 313 260 346 fibi
284 312 445 368 stipulatus
468 316 561 353 erae,
599 304 619 337 fi
646 303 807 336 confessus
831 306 919 351 foret

53 356 253 387 adulterium.
298 353 370 385 hec
394 359 471 382 vero
493 349 570 390 quid
592 355 738 393 novum,
760 346 918 393 evemsse,

53 398 143 438 quod
167 396 271 433 solet,
302 403 335 426 ut
358 393 492 433 plurium
515 398 585 420 reus
608 387 789 434 facinorum
804 387 860 432 ⁴ob
886 389 918 419 id

52 440 141 477 quod
157 437 280 479 gravius
296 435 391 468 esset,
414 441 477 464 non
494 431 581 470 quod
593 429 710 475 levius,
735 437 917 474 puniretur:

51 479 141 512 ficuti
166 489 195 510 in
220 478 239 510 l.
253 488 284 517 5.
308 476 348 507 D.
371 476 404 505 de
419 470 618 514 quoeftiom'bus
640 468 753 517 incesti
778 470 808 500 ὅ(
832 470 919 500 adul-

54 522 124 552 terii
142 529 230 558 reus,
254 527 317 549 non
335 514 496 552 adulterii,
520 513 571 543 sed
593 510 723 544 incesti.
747 511 778 541 id
796 509 860 557 est,
885 520 919 542 ut

48 562 130 594 alibi
147 558 354 593 demonstravi
370 566 410 588 ex
429 554 526 586 Paulo
542 554 590 584 lib.
608 552 784 599 ademerit.
808 558 855 583 m.
868 557 917 584 26.

52 603 82 645 §⁵
97 601 275 674 ὕέτιξιῗηιῖἰ
290 595 917 682 ξιῒὲνιὸἰτὲεῗεῇῗεάηΞῗῃῂςὲιωᾶᾆεκίηπίἃῃυιῃ

51 691 264 720 revertamur;
287 680 426 718 constat,
452 678 520 709 haec
540 677 656 716 verba,
689 676 817 724 Excepto
834 677 917 724 [idul-

52 727 121 758 terio
164 732 233 763 quae
251 722 319 753 sunt
336 722 366 752 in
382 722 411 752 d.
427 720 448 753 l.
468 723 516 751 18.
542 719 575 749 C.
599 719 632 748 de
658 717 918 764 transactionibus,

50 776 116 800 non
131 748 200 797 ’effe
222 771 332 795 eorum
353 762 583 803 Imperatorum
602 770 609 790 τ
647 759 749 798 <quia
774 760 918 799 capitalis

53 807 198 840 adulterii
223 814 341 846 poena,
373 802 428 835 etfi
452 811 554 844 prope
584 801 718 832 accedat
742 800 919 846 ad'eorum

54 857 216 888 tempora;
240 855 343 878 tamen
368 845 415 877 his
432 843 630 883 Principibus
646 842 739 881 inulla
755 841 844 882 fuit)
867 842 920 873 led

51 894 108 923 'aut
124 888 337 926 Triboniani‚
367 895 420 918 aut
445 885 576 925 alicujus
602 883 732 915 Veteris
759 882 919 924 Interpre÷

55 933 106 963 tis.
147 929 229 962 Nam
245 929 274 961 &
292 927 417 966 Graeci,
447 924 562 963 Bafili‘c.
587 925 635 956 lib.
653 934 705 955 xi.
731 925 778 956 tit.
797 933 825 955 2.
847 931 918 965 pag.

55 976 124 1015 788.
148 978 212 1005 rom.
224 979 250 1004 1.
272 970 304 1003 in
319 969 411 1012 ipsius
424 967 520 1009 Legis
536 965 715 1008 paraphrasi
731 974 768 997 ea
784 967 920 1007 adgnos-

750 1057 965 1093 CAPUT

1770 103 1837 142 ⁵243

962 188 1038 212 cunt
1055 182 1169 213 verba:
1192 192 1383 225 quamquam
1399 186 1460 223 ita,
1472 180 1709 217 utScholiastes
1727 183 1838 225 (quod

961 221 1163 263 summopere
1182 226 1384 268 notandum)
1407 227 1524 258 deinde
1543 227 1657 259 scribat
1673 233 1742 268 pag.
1763 230 1835 260 811.

960 264 1152 296 adulterium
1179 276 1218 297 cx
1246 267 1384 308 Legibus
1408 268 1578 301 Veteribus
1606 269 1636 300 ὃς
1660 268 1836 299 secundum

963 305 1093 337 Codicis
1116 306 1366 348 Herniogeniani
1398 309 1427 341 ἀ
1453 308 1645 351 Gregoriani
1674 308 1836 342 Constitu·

962 347 1067 378 tiones
1084 357 1148 378 non
1167 348 1258 381 suiss'e
1275 351 1409 390 capitale
1427 361 1436 389 ς
1460 360 1565 391 neque
1594 352 1645 382 liic
1661 362 1678 383 a
1695 351 1836 392 capitali·

962 387 1021 418 bus
1037 390 1141 429 excipi
1161 392 1354 424 criminibus.
1400 390 1478 424 Non
1500 394 1594 432 igitur
1612 394 1664 425 illa
1688 391 1836 424 adulterii

961 431 1116 469 exceptio
1145 431 1189 462 cst
1213 431 1443 473 imperatorum
1461 457 1470 472 ,
1502 434 1699 466 Diocletiani
1716 434 1745 465 ἀ
1762 433 1838 464 Ma·

962 471 1113 510 ximiani,
1138 473 1167 503 in
1184 473 1212 504 cl.
1230 474 1248 503 l.
1272 479 1317 508 18.
1342 484 1400 513 ac,
1433 474 1454 506 li
1471 476 1545 515 quid
1563 476 1655 507 valeo
1672 475 1837 515 conjectu⁴

962 520 1012 549 ra,
1039 514 1078 542 ab
1095 513 1157 544 alio
1174 537 1182 551 ,
1206 515 1348 555 quisquis
1370 517 1394 547 is
1418 516 1504 554 fuit,
1535 518 1652 548 deinde
1678 516 1837 557 adscripta

962 553 1030 584 exi.
1047 562 1092 585 10.
1106 554 1138 588 C.
1163 555 1214 586 Ad
1229 557 1314 597 legem
1323 557 1441 597 Juliam
1449 559 1481 588 cie
1490 558 1695 590 adulteritum
1706 560 1839 599 qualm—

962 603 1104 634 pcrmor,
1131 596 1308 628 Alexanscr
1324 622 1334 637 ‚
1365 599 1406 628 ita
1430 598 1509 630 infit.
1557 599 1602 630 De
1616 601 1736 631 crimine
1751 600 1838 631 adul-

963 637 1030 666 terii
1042 637 1149 677 pacisci
1164 647 1220 669 non
1237 639 1302 669 ticet
1317 662 1326 676 ,
1360 638 1397 674 &⁹
1412 647 1469 680 par
1483 639 1616 671 delictum
1633 639 1673 680 esi
1690 643 1839 679 accusato·

961 678 1002 707 ris
1015 679 1271 719 praevaricatoris,
1295 680 1333 714 ἐξ
1356 681 1532 722 defugiemis
1553 681 1720 723 (Jacobus
1743 683 1837 723 CuJa⁴

962 719 1051 756 cius,
1077 719 1105 751 V
1130 719 1189 751 CL.
1207 721 1254 752 lib.
1266 725 1295 752 6.
1322 722 1443 759 Observ.
1467 734 1490 754 0.
1508 732 1558 754 x1.
1582 724 1745 764 ingeniose
1763 733 1838 755 cor-

962 759 1038 800 rigit
1054 783 1062 798 ,
1100 759 1136 795 ἐξ
1165 763 1207 792 rei
1233 763 1408 804 fugientis)
1447 764 1582 796 veritatis
1612 764 1837 806 inquistlionem.

963 800 1027 841 Qui
1042 807 1137 832 cautem
1148 804 1273 843 pretium
1289 812 1338 844 pro
1355 812 1491 845 comperto
1500 803 1603 847 stupro
1619 808 1727 848 accepit
1742 830 1752 846 ,
1774 813 1837 847 ραι·

963 852 1002 872 na
1017 842 1086 884 legis
1106 843 1197 883 Jaiiae
1212 850 1336 878 tenetur.
1380 846 1432 878 Sic
1451 847 1632 879 Alexander
1650 859 1657 879 :
1688 848 1719 880 &
1737 849 1837 880 veris-

962 882 1048 914 fime.
1074 883 1212 923 scilicet,
1236 887 1309 926 quia
1329 896 1370 918 eo
1393 889 1570 928 imperante
1589 913 1598 928 ‚
1623 891 1766 921 nondum
1784 899 1837 921 ca-

963 925 1061 965 pitale
1083 935 1148 956 erat
1170 928 1360 959 adulterium
1377 952 1386 967 ,
1418 938 1515 969 atque
1537 931 1612 963 ideo
1636 939 1704 964 tum
1721 941 1762 964 ne
1787 931 1836 964 rei

963 966 1094 1007 quidem
1114 970 1357 1002 transactionem
1376 971 1563 1012 recipiebat.

1026 1057 1112 1093 XX.

182 1163 251 1198 Non
266 1159 320 1208 ff
333 1158 453 1208 causam
462 1185 472 1204 ‚
497 1169 550 1195 cur
564 1154 772 1199 adulterium5
794 1154 956 1202 postquam
973 1156 1104 1203 capitale
1109 1155 1239 1203 fiicZum
1256 1156 1318 1207 est,
1347 1159 1449 1207 magis
1467 1174 1487 1197 a
1505 1161 1710 1203 transaclione

566 1207 753 1253 excipiatur,
782 1216 872 1250 quam
889 1213 999 1241 caelera
1016 1207 1163 1253 capitalia
1181 1209 1323 1246 crimina.

136 1314 263 1340 aeterutn
274 1331 284 1347 ,
306 1305 472 1348 postquam
488 1304 624 1346 capitale
641 1301 758 1333 fastum
776 1299 821 1332 est
835 1298 919 1331 adul-

59 1307 125 1382 C
148 1350 279 1388 terium,
302 1349 481 1386 videamus,
504 1356 542 1378 an
560 1348 590 1378 in
608 1345 666 1376 d.l.
681 1343 918 1389 ¹‚8·.C·.‘³⁶’²r⁰⁷²5‘

58 1389 211 1421 actionibus
233 1390 379 1422 debuerit
400 1399 418 1420 a
443 1388 630 1430 capitalibus
654 1383 838 1430 criminibus
863 1392 917 1428 ex-

56 1431 129 1471 cipi.
150 1431 212 1464 Sed
221 1441 284 1464 non
301 1439 390 1472 puto.
408 1431 452 1463 est
472 1431 556 1462 enim
566 1427 721 1471 generalis
732 1433 820 1471 'ratio
832 1424 920 1469 Prin·

55 1473 180 1514 cipum,
205 1474 329 1505 veniam
352 1473 493 1504 dantium
510 1469 715 1515 transactioni
731 1476 761 1498 in
778 1465 919 1512 capitali-

52 1514 112 1546 bus
127 1513 325 1553 criminibus,
346 1513 578 1555 ignoscendum
605 1510 666 1542 esse
688 1518 718 1539 ei
735 1516 787 1548 qui
803 1507 921 1552 sangui-

53 1564 129 1587 nem
144 1554 230 1587 suum
247 1557 380 1596 qualiter
403 1555 537 1595 qualiter
562 1553 764 1597 redemptum
781 1549 921 1579 voluerit

52 1596 73 1628 Ι.
92 1606 119 1628 1.
143 1595 185 1628 D.
207 1599 241 1628 de
257 1599 335 1629 bonis
351 1606 445 1627 eorum
460 1597 511 1637 qui
525 1595 852 1636 antesemenizamqea
869 1599 920 1635 ve-

52 1646 91 1670 ro
106 1639 187 1669 ratio
212 1647 304 1679 aeque
326 1639 358 1670 in
383 1637 529 1670 adultero
553 1636 656 1673 valet,
679 1641 775 1672 atque
798 1638 830 1663 in
848 1631 916 1661 aliis

52 1678 106 1720 qui
124 1685 228 1711 morte
245 1679 348 1720 puniri
365 1676 493 1720 poffint.
535 1675 608 1708 Nec
631 1684 683 1706 me
701 1673 831 1704 turbant
847 1680 918 1719 quae

50 1729 70 1751 e
85 1719 209 1752 diverso
230 1720 417 1752 adferuntur
441 1725 627 1763 argumenta
651 1725 677 1762 a⁸
693 1715 874 1760 frequentia
889 1714 920 1744 ec

51 1762 222 1792 atrocitate
246 1761 402 1792 adulterii.
460 1760 538 1791 Sunt
562 1766 646 1800 enim
670 1764 784 1788 inania.
833 1753 919 1800 Nam

49 1809 87 1834 ut
102 1811 197 1843 grave
212 1800 249 1833 fit
266 1802 453 1833 adulterium
469 1808 565 1841 atque
580 1799 676 1830 etiam
691 1796 843 1842 frequens
858 1795 919 1826 illis

49 1842 252 1884 temporibus
266 1842 358 1874 fuisse
373 1843 515 1880 dicatur3
538 1841 576 1872 ad
593 1848 660 1871 rem
677 1838 753 1883 quid
764 1835 919 1881 confert?

50 1893 119 1916 non
136 1883 221 1915 enim
237 1885 362 1925 gravius
379 1882 555 1915 homicidio
572 1888 625 1912 aut
648 1880 810 1924 veneti-cro
835 1878 919 1923 adul-

47 1927 171 1957 terium
188 1924 243 1957 est.
285 1925 347 1957 Sed
370 1934 430 1956 nec
449 1934 489 1956 eo
510 1922 649 1964 spectare
665 1920 776 1953 debuit
793 1919 919 1950 iceleris

50 1973 107 1999 aut
123 1967 276 1998 atrocitas
293 1974 347 1998 aut
363 1965 545 2007 frequentia
556 1988 566 2003 ‚
588 1973 629 1995 ne
651 1971 708 1993 reo
724 1961 851 1993 daretur
867 1969 919 1991 ve-

49 2008 104 2041 nia
120 2007 341 2040 transactionis
359 2031 370 2046 ,
399 2007 420 2039 fi
437 2016 530 2048 quam
547 2013 620 2036 cum
635 2002 818 2034 accusatore
833 2000 919 2033 fece-

51 2049 95 2082 rit
110 2047 154 2080 sui
170 2048 379 2081 conservandi
397 2047 486 2080 causa
502 2058 513 2087 ;
543 2046 595 2078 sed
619 2042 827 2091 ‘ffssdflefsps
841 2052 918 2089 con-

49 2089 170 2122 victum
194 2091 509 2131 condemnatumque
534 2088 677 2129 supplicii
702 2086 851 2116 severitas
873 2093 918 2130 in-

50 2132 246 2164 tenderetur.
296 2133 339 2163 At
361 2131 528 2164 transactio
546 2153 557 2168 ,
588 2137 661 2161 cum
694 2127 734 2159 de
762 2126 919 2158 adulterio

53 2172 91 2204 fit
103 2196 114 2212 ‚
136 2173 274 2214 speciem
290 2173 441 2205 lenocinii
457 2172 565 2204 habet.
607 2169 669 2217 Sed
690 2178 756 2200 non
773 2177 814 2199 ex
830 2175 920 2214 parte

53 2215 101 2246 rei
118 2215 157 2246 de
174 2223 239 2254 quo
254 2213 359 2246 nostra
381 2214 450 2246 haec
467 2214 640 2254 disputatio
656 2209 717 2242 est:
742 2218 806 2255 non
833 2218 919 2241 enim

54 2256 83 2287 is
102 2256 218 2295 accipit
234 2278 245 2294 ,
271 2255 327 2288 sed
349 2255 428 2295 dat,
458 2255 650 2297 pecuniam3
681 2260 742 2284 nec
768 2251 859 2298 aliam
875 2251 919 2282 ob

54 2296 178 2327 causam
196 2297 266 2335 dat,
288 2305 381 2336 quam
405 2304 440 2328 ut
460 2297 639 2337 sanguinem
664 2293 752 2340 suum
773 2293 918 2324 redimat.

52 2337 142 2377 quod
159 2346 176 2368 a
192 2336 356 2369 lenocinio
370 2338 466 2379 longe
481 2337 580 2369 abest.
621 2336 745 2382 Aliter,
768 2343 804 2365 ac
827 2334 847 2366 si
868 2343 920 2365 ac·

53 2379 231 2410 cusatorem
248 2378 396 2420 spectes:
425 2380 450 2411 is
472 2380 557 2411 enim
581 2386 748 2419 pecuniam
771 2376 811 2407 ab
834 2376 920 2408 adul-

53 2427 127 2453 tero
143 2420 280 2461 accipit,
302 2428 337 2452 ut
353 2420 545 2459 conniveac,
568 2420 619 2451 vel
638 2427 804 2465 certe,·ne
827 2427 920 2465 accu-

53 2460 118 2495 set:
139 2461 170 2494 in
187 2470 253 2501 quo
269 2462 420 2495 lenocinii
436 2461 575 2503 speciem
592 2460 654 2493 esse
673 2483 682 2500 ,
706 2470 775 2502 quis
791 2470 857 2492 non
873 2469 917 2491 vr-

56 2502 143 2535 det‘?
175 2503 215 2534 de
238 2502 420 2535 accusatore
442 2512 520 2535 vero
544 2503 597 2535 hic
618 2502 720 2534 sermo
753 2511 819 2534 non
847 2500 917 2548 est:

55 2545 130 2582 quia
145 2545 175 2575 ci
192 2545 223 2576 in
239 2544 327 2576 nullo
343 2545 495 2577 criminali
512 2545 633 2584 judicio
648 2567 658 2583 ,
681 2543 745 2576 five
768 2544 917 2590 capitali,

57 2583 121 2616 sive
141 2585 202 2616 alio
217 2607 228 2623 ,
258 2587 432 2627 transigere
454 2586 539 2618 licet.
593 2586 683 2618 Solet
710 2586 740 2618 δι
764 2586 815 2617 illa
838 2594 918 2617 ratio

57 2631 118 2692 εἷο
146 2626 288 2658 adulterii
316 2628 510 2668 exceptione
539 2627 656 2659 adferri
683 2636 701 2658 a
724 2627 920 2660 Doctiffimis

94 2664 161 2703 iris,
183 2667 269 2705 quod
293 2666 379 2709 Lege
401 2668 500 2708 Julia,
524 2678 597 2701 curn
622 2670 765 2701 nondum
783 2669 920 2710 capitale

58 2703 137 2735 effet
150 2706 289 2738 adulterii
306 2710 423 2741 crimen
440 2732 450 2749 ‚
480 2711 667 2742 nominatim
689 2712 824 2742 vetitum
841 2710 920 2749 fuit;

62 2754 104 2776 ne
121 2745 281 2778 accusator
296 2757 366 2781 curn
382 2760 439 2782 reo
465 2752 505 2782 de
530 2753 687 2783 adulterio
704 2753 920 2792 pacisceretur

68 2787 94 2817 d.
119 2786 138 2818 l.
169 2796 215 2818 10.
238 2787 270 2818 C.
312 2791 362 2820 Aa
385 2791 470 2831 legem
494 2791 610 2831 Juliam
635 2795 669 2823 de
691 2793 858 2824 adulteriis:
891 2793 920 2825 &

64 2828 208 2867 quamvis
222 2827 330 2867 postea
346 2840 364 2862 a
379 2831 577 2874 Principibus
600 2835 734 2875 capi-tale
750 2834 867 2866 facium
884 2834 921 2866 sit

740 2925 960 2962 CAPUT

962 1301 1179 1343 adulterium3
1210 1304 1241 1337 δε
1265 1306 1347 1338 adeo
1370 1307 1432 1348 jain
1455 1301 1553 1340 cesset
1578 1307 1672 1351 Legis
1683 1308 1772 1350 Juliae
1791 1316 1836 1341 raa

962 1345 1034 1375 tio:
1072 1345 1156 1376 nulla
1185 1354 1291 1379 tamen
1323 1348 1472 1381 effectum
1496 1350 1542 1382 est
1567 1350 1837 1389 Constitutione,

963 1393 997 1416 ut
1013 1386 1163 1427 abrogata
1181 1386 1277 1430 Legis
1295 1390 1388 1429 Juliae
1413 1391 1635 1430 prohibitione
1650 1416 1659 1431 ,
1692 1393 1732 1424 de
1751 1393 1839 1424 adul-

963 1429 1044 1458 terio
1062 1429 1234 1468 transigere
1254 1432 1301 1462 vel
1320 1433 1437 1472 pacisci
1454 1433 1575 1465 liceret.
1620 1433 1715 1465 Valet
1739 1434 1837 1475 igitur

966 1469 1071 1500 adhuc
1096 1469 1163 1501 Lex
1186 1471 1265 1510 Julia
1286 1483 1295 1511 ;
1327 1475 1379 1503 ubi
1412 1475 1439 1504 ei
1470 1475 1659 1515 derogatum
1687 1485 1751 1507 non
1776 1474 1837 1507 est.

962 1510 1063 1541 Sed&
1076 1510 1143 1542 haec
1160 1514 1239 1543 ratio
1257 1522 1347 1554 aeque
1364 1513 1477 1545 frustra
1493 1515 1646 1547 adfertur.
1670 1526 1735 1547 non
1748 1517 1838 1549 enim

963 1551 1095 1592 quaestio
1120 1552 1165 1584 est
1184 1577 1193 1592 ,
1224 1563 1262 1585 an
1287 1555 1459 1587 accusatori
1486 1556 1580 1587 liceat
1602 1558 1643 1589 cle
1674 1557 1840 1589 adulterio

963 1594 1136 1634 transigere
1154 1618 1164 1632 ,
1195 1595 1228 1627 id
1252 1596 1297 1626 est
1313 1620 1323 1635 ,
1354 1597 1521 1637 pecuniam
1538 1597 1703 1638 accipere,
1727 1607 1768 1630 ne
1786 1607 1842 1629 ac-

962 1635 1073 1666 cuset:
1104 1635 1155 1668 sed
1178 1645 1216 1667 an
1241 1646 1298 1668 reo
1321 1638 1435 1677 liceat,
1459 1648 1499 1670 ne
1524 1639 1689 1671 accusetur
1704 1662 1713 1677 ,
1738 1648 1841 1680 pecu-

960 1677 1042 1707 niam
1060 1676 1144 1709 dare.
1187 1676 1258 1710 Lex
1283 1688 1389 1711 autem
1413 1680 1492 1719 Julia
1517 1681 1558 1713 de
1582 1680 1766 1713 accusatore
1788 1680 1842 1712 lo-

960 1726 1034 1749 cuta
1050 1717 1129 1756 fuit,
1153 1728 1193 1751 ne
1210 1720 1363 1761 accipiat;
1385 1723 1457 1762 quia
1473 1731 1508 1753 ea
1524 1731 1573 1754 res
1590 1722 1742 1754 lenocinii
1758 1722 1842 1754 ima-

960 1759 1067 1798 ginem
1087 1759 1202 1801 habet:
1225 1768 1321 1803 atque
1345 1763 1388 1794 ita
1414 1763 1534 1804 placuit
1549 1787 1559 1802 ‚
1589 1773 1663 1796 cum
1689 1764 1840 1797 nondum

962 1801 1098 1840 capitale
1114 1800 1192 1831 effet
1208 1803 1416 1844 adulterium,
1438 1814 1505 1836 non
1524 1804 1586 1836 esse
1601 1805 1775 1837 accusatori
1793 1805 1842 1837 de¹

961 1841 1118 1872 adulterio
1142 1843 1396 1876 transactionem.
1454 1845 1543 1878 Idem
1561 1846 1606 1878 est
1624 1869 1633 1885 ,
1665 1845 1843 1887 postquant

963 1883 1097 1923 capitale
1122 1882 1184 1914 ess'e
1205 1887 1372 1926 occoepit:
1401 1887 1475 1927 quia
1497 1896 1562 1919 non
1587 1888 1761 1928 apparebat
1782 1888 1841 1921 add

962 1923 1025 1955 huc
1043 1946 1053 1963 ,
1082 1932 1136 1956 aut
1168 1924 1289 1967 Legem
1320 1935 1473 1960 mutatam
1490 1927 1566 1960 .ess'e
1582 1952 1592 1967 ,
1621 1938 1675 1961 aut
1699 1930 1765 1970 ejus
1789 1939 1839 1962 ra-

962 1966 1097 1997 tionem.
1146 1965 1246 2007 Atqui
1276 1968 1339 2008 jam
1362 1969 1498 2009 capitale
1530 1977 1598 2001 erat
1630 1971 1841 2004 adulterium.

962 2006 1056 2045 Scio;
1080 2007 1134 2039 sed
1150 2017 1215 2039 non
1232 2008 1306 2040 ideo
1326 2010 1413 2042 defiit
1429 2020 1466 2042 ea
1491 2011 1659 2044 transactio
1677 2012 1838 2044 lenocinii

961 2048 1100 2089 speciem
1121 2049 1247 2081 habere.
1278 2059 1432 2091 praeterea
1459 2052 1511 2084 ubi
1533 2053 1687 2094 impunita
1710 2052 1840 2085 accusa-

963 2090 1025 2121 tori
1044 2089 1090 2121 est
1103 2091 1273 2123 transactio
1296 2093 1328 2123 in
1351 2094 1539 2134 capitalibus
1563 2094 1776 2127 criminibus?
1799 2104 1840 2127 o·

962 2132 1057 2172 pinor
1072 2155 1082 2170 ,
1112 2140 1277 2173 nusquam.
1306 2143 1363 2165 cur
1384 2135 1479 2175 igitur
1500 2136 1531 2166 in
1559 2136 1718 2168 adulterio
1741 2137 1801 2169 erit
1822 2159 1842 2178 ,

962 2172 1018 2205 etfi
1044 2173 1172 2205 tandem
1194 2175 1329 2214 capitale
1352 2175 1415 2207 effe
1433 2177 1639 2218 occoeperit?
1668 2177 1721 2209 Sic
1735 2180 1767 2210 iri
1782 2187 1842 2210 ac-

963 2213 1117 2246 cusatore.
1162 2214 1196 2247 ln
1213 2225 1270 2247 reo
1287 2216 1364 2255 quid
1383 2217 1525 2249 dicemus
1542 2218 1559 2249 2
1590 2227 1650 2250 nec
1664 2220 1694 2251 ei
1712 2219 1839 2255 licitam

962 2256 1040 2288 olim
1058 2257 1097 2287 de
1113 2257 1271 2289 adulterio
1292 2257 1384 2289 fuisse
1408 2259 1668 2293 transactionem:
1704 2261 1778 2302 quia
1792 2262 1839 2293 ab

963 2307 1003 2329 eo
1022 2297 1119 2329 fiebat
1134 2297 1280 2330 adversus
1299 2299 1385 2340 leges
1401 2323 1411 2338 ,
1441 2300 1537 2332 etiarn
1561 2300 1710 2333 adversus
1731 2303 1839 2342 publi-

962 2348 1032 2371 cam
1051 2339 1232 2371 utilitatem.
1276 2339 1353 2372 Non
1370 2341 1465 2382 igitur
1479 2349 1608 2381 poterat
1623 2352 1694 2375 reus
1716 2344 1756 2374 de
1778 2344 1838 2376 ad-

961 2380 1079 2412 ulterio
1093 2382 1160 2420 jure
1178 2382 1359 2423 transigere.
1384 2383 1446 2414 Sed
1465 2383 1560 2423 quid,
1579 2382 1600 2414 fi
1616 2383 1839 2426 transegiss'et;

962 2431 1001 2453 an
1025 2429 1154 2462 poterat
1177 2423 1206 2454 ei
1229 2424 1293 2455 dari
1319 2426 1411 2455 venia
1429 2424 1677 2457 transactionis?
1701 2434 1767 2457 non
1783 2427 1842 2458 vi-

962 2463 1065 2495 detur.
1090 2465 1161 2504 quia
1177 2465 1261 2496 enim
1279 2474 1344 2496 non
1362 2473 1429 2496 erat
1450 2465 1587 2505 capitale
1604 2466 1745 2506 crimen,
1765 2477 1839 2502 nou

962 2513 1030 2536 erat
1047 2506 1128 2536 ratio
1145 2528 1155 2544 ,
1192 2515 1249 2537 cnr
1271 2507 1299 2536 ei
1326 2506 1553 2547 ignosceretur.
1587 2507 1630 2538 fic
1653 2508 1742 2540 olim.
1790 2511 1840 2543 At:

962 2546 1086 2578 hodie?
1123 2554 1236 2578 contra
1261 2546 1330 2578 est:
1360 2547 1527 2588 postquam
1549 2548 1687 2588 placuit,
1709 2550 1839 2583 adulte-

962 2587 1042 2618 rium
1059 2595 1165 2619 morte
1180 2589 1293 2628 puniri.
1318 2598 1390 2620 nam
1417 2588 1472 2620 etfi
1497 2599 1567 2621 reus
1591 2599 1632 2621 ne
1655 2600 1741 2623 nunc
1763 2593 1837 2634 qui-

963 2630 1035 2661 dem
1055 2630 1095 2660 de
1115 2631 1273 2662 adulterio
1291 2630 1466 2671 transigere
1478 2631 1547 2671 jure
1563 2631 1657 2670 poffit
1672 2643 1684 2671 3
1712 2642 1750 2664 ac
1768 2657 1778 2672 ,
1808 2634 1833 2667 fi

964 2672 1152 2711 transegerit
1168 2694 1177 2709 ,
1209 2681 1275 2703 non
1302 2672 1404 2703 valeat
1429 2672 1618 2712 transactio3
1643 2682 1749 2705 tamen
1777 2675 1837 2707 hu·-

964 2713 1105 2743 manicati
1121 2713 1293 2750 convenit,
1319 2712 1538 2745 transactionis
1562 2716 1687 2747 veniam
1710 2716 1776 2747 dari
1802 2718 1834 2748 ei

963 2754 1016 2792 qui
1040 2752 1222 2792 sanguinem
1247 2753 1333 2786 suurn
1365 2755 1499 2795 qualiter
1523 2756 1659 2797 qualiter
1682 2757 1832 2799 redemp-

965 2803 1032 2826 tum
1049 2795 1197 2828 voluerit.

1024 2925 1130 2964 XXI.

302 3019 353 3055 An
365 3017 455 3068 prffit
471 3020 589 3068 impune
607 3026 741 3071 transigi
756 3024 790 3058 de
805 3025 931 3060 crimine
947 3024 1070 3072 Raptus
1088 3023 1245 3073 Virginis,
1270 3023 1312 3067 &³
1327 3027 1573 3064 Perduellionis?

56 3114 257 3189 profligata
277 3116 421 3147 adulterii
445 3119 639 3158 exceptione
662 3128 730 3159 quae
753 3130 769 3151 a
791 3118 923 3152 Diocle-

127 3157 212 3188 tiano
228 3157 258 3189 ὅς
275 3157 476 3189 Maximiano
500 3159 530 3189 in
554 3160 582 3189 d.
598 3160 617 3190 l.
641 3164 686 3192 18.
715 3161 747 3192 C.
772 3162 804 3192 de
825 3167 919 3192 trans·

962 3120 1081 3153 labori:
1103 3121 1156 3154 nisi
1175 3122 1274 3155 effent
1291 3125 1346 3164 qui
1366 3134 1383 3156 a
1399 3124 1563 3164 virginum
1580 3131 1710 3164 quoquc
1724 3120 1831 3165 Raptu

961 3163 1103 3195 amoveri
1133 3165 1377 3197 transactionem
1406 3165 1650 3204 pactionemque
1674 3166 1830 3198 existima-

52 3196 212 3228 actionibus
228 3198 369 3232 creditur
384 3198 472 3239 fieri3
494 3199 616 3241 possem
633 3202 774 3235 ulteriori
784 3212 917 3244 parcere
958 3213 1031 3238 rent
1049 3216 1057 3238 ι
1089 3214 1263 3245 propterea
1286 3208 1374 3247 quod
1401 3206 1480 3246 Imp.
1504 3205 1693 3245 justinianus
1711 3207 1730 3239 l.
1749 3210 1830 3238 unic.

91 3237 167 3269 Tom.
190 3239 218 3271 I.

1097 3245 1129 3278 ,ll
1141 3247 1162 3277 li
1186 3256 1202 3278 2
1747 3248 1774 3291 §.
1796 3258 1829 3280 2·
