2052 3487
213 108 280 152 136

209 195 255 226 l).
285 193 336 225 Ad
362 190 449 232 legem
473 186 632 229 Aquiliam.
663 183 752 225 quod
779 192 845 215 non
871 183 1076 225 improbem3

212 242 402 275 quamquam
427 240 491 261 non
517 231 661 269 ignorem
677 249 686 264 ,
719 231 792 256 totas
809 248 818 262 ‚
844 233 920 265 pro,
945 234 1076 263 omnes,

212 277 300 309 reste
327 275 357 305 ἃ
384 272 462 310 saepc
486 270 567 301 dici:
592 277 626 299 Ut
646 269 675 298 in
695 267 714 297 l.
732 270 782 306 63.
801 265 842 296 D.
863 267 896 296 de
908 272 1077 306 procurato-

212 319 302 349 ribus.
322 322 365 354 pr.
392 309 463 351 ant.
492 312 525 340 (le
548 311 688 345 socictate.
717 308 743 349 §.
766 307 819 337 ult.
838 305 911 346 Inst.
957 306 1020 350 Qui
1041 306 1078 341 &⁹

235 359 315 389 uibus
341 364 377 385 ex
398 351 490 390 caufis
514 350 718 381 manumittere
743 358 800 379 non
820 348 945 388 poffunt.
977 352 994 378 l.
1027 358 1076 388 37.

212 370 256 432 Ξ).
286 398 322 427 ad
346 393 632 431 Senatusconsulturn
656 389 875 421 Trebellianum.
918 389 1075 429 Sequitur.

212 440 287 481 quod
313 445 364 466 nec
389 435 541 471 mansuetae
557 456 567 471 ‚
590 443 640 462 nec
666 433 709 462 ita
731 431 830 469 clausio
847 431 974 470 fuerint.
1018 431 1081 461 Sed

214 479 371 518 conjicio;
399 477 473 516 quod
489 484 540 505 nec
558 473 728 511 mansuetae,
751 481 801 501 nec
824 472 854 501 in
877 472 956 502 alveo
982 472 1083 505 clausa

210 522 334 561 fuerint.
377 517 424 548 lta
449 517 532 547 enim
553 515 708 552 Veteres,
732 512 829 553 Gajus
847 512 865 543 l.
883 524 911 553 5.
936 512 965 554 §.
983 523 1000 544 2
1038 512 1079 543 D.

213 562 247 592 de
271 559 446 600 adquirendo
472 566 569 588 rerum
593 557 726 587 dominio.
770 555 878 594 Apium
893 563 1002 595 quoque
1012 554 1083 593 fera

213 608 323 633 natura
341 598 398 640 est,
422 600 520 640 itaque
547 606 632 636 apes,
654 606 716 638 quae
742 597 773 626 in
791 597 890 626 arbore
905 596 1002 636 nostra
1020 605 1071 625 con

205 644 355 685 sederint,
373 645 528 681 antequam
543 650 561 670 a
580 639 656 670 nobis
673 638 753 668 alveo
770 637 980 667 concludantur
992 660 1001 675 ‚
1026 646 1084 667 non

214 686 307 725 magis
324 680 423 722 noflrae
439 681 647 721 intelliguntur
660 678 730 719 effe,
755 688 843 719 quani
856 678 1004 715 volucres,
1023 687 1085 719 quoe

214 727 247 757 in
264 726 360 756 arbore
382 720 478 763 nostra
496 725 595 753 nidum
605 721 741 761 fecerint.
773 719 807 750 ln
827 717 890 750 fine
905 728 1035 759 quoque
1053 729 1083 750 e·

213 767 339 807 jusdem
364 764 543 805 Fragmenti
570 763 667 793 verba
683 760 757 799 ista,
782 758 883 802 qucesi
901 770 991 791 manu
1006 760 1084 800 refu-

214 810 321 849 giunt,
339 808 413 837 dorni
428 814 523 836 tamen
533 805 682 844 fugiunt,
700 800 786 834 sensu
805 809 925 835 carent.
950 802 1064 832 Scribo
1077 824 1087 840 ,

217 859 280 889 quae
306 847 326 885 fi
352 857 434 879 mane
461 845 609 887 effugiunt
626 868 636 883 ,
660 846 774 875 domum
799 850 894 874 tamen
920 844 1085 884 refugiunt.

217 890 329 922 Sensus
349 912 359 927 ‚
390 897 459 928 quae
484 887 503 918 si
530 896 622 917 inane
645 886 796 922 evolant,
820 885 951 916 domum
980 893 1086 916 tamen

217 930 374 963 revolant.
424 928 641 972 Quintilianus
668 928 708 958 de
743 926 853 966 apibus
878 925 1009 956 Decium.
1037 935 1084 966 13.

217 979 278 1012 cap.
297 981 322 1007 9.
372 970 424 1002 An
450 979 513 1000 non*
530 971 594 1010 ipsae
615 971 729 1000 domum
739 970 798 1008 sua
808 967 912 1007 sponte
928 967 1061 998 revolant
1078 991 1086 1005 ‚

212 1013 360 1054 finemque
375 1012 477 1042 laboris
487 1011 541 1049 sui
558 1010 612 1047 sole
631 1011 811 1047 metiuntur,
837 1007 873 1042 ὃ)
901 1009 990 1040 omnis
1008 1009 1088 1038 intra

215 1054 316 1095 solitas
331 1056 424 1085 domos
442 1054 529 1084 turba
548 1053 700 1089 conditur,
722 1049 886 1090 noffterrzque
911 1048 1029 1090 modesto
1045 1048 1087 1086 fi-

220 1096 306 1127 lentio
323 1095 456 1126 trabunt.
502 1092 640 1133 Respicit
666 1100 771 1123 autern
791 1099 924 1129 uterque
942 1092 979 1122 ad
999 1100 1087 1131 regu-

220 1138 282 1169 lam
301 1137 377 1177 juris
402 1135 503 1167 civilis
521 1158 530 1173 ,
564 1135 653 1173 qu‘us
679 1133 827 1164 meminit
851 1131 948 1172 Gaius
972 1133 999 1163 d.
1021 1132 1039 1162 l.
1056 1141 1085 1171 5.

220 1179 240 1221 §
268 1189 296 1219 5.
327 1177 366 1208 D.
394 1179 427 1208 de
450 1177 624 1217 adquirendo
648 1184 744 1205 rerum
768 1173 911 1213 dominio,
936 1173 966 1204 &
984 1172 1086 1213 Impe-

221 1229 307 1252 rator
328 1219 357 1261 §.
382 1229 427 1259 15.
454 1217 513 1258 Insi
540 1218 598 1248 eod.
620 1218 666 1247 tit.
690 1214 732 1247 fic
748 1215 895 1245 scribens:
943 1214 978 1246 [η
1002 1216 1037 1245 iis
1057 1224 1075 1244 a

221 1261 398 1298 niwilibus,
423 1270 484 1301 quae
508 1268 545 1290 ex
569 1258 771 1295 consuetudine
793 1257 870 1287 abire
891 1254 926 1289 ἐξ*
941 1257 1032 1286 redire
1046 1258 1088 1294 so-

223 1303 300 1340 lent,
325 1301 391 1332 talis
415 1300 514 1340 regula
538 1300 714 1339 comprobata
737 1295 794 1338 esi,
819 1304 851 1326 ut
871 1306 900 1327 eo
923 1306 1012 1338 usque
1036 1302 1090 1327 tua

224 1344 275 1385 effe
290 1343 495 1382 intelligantur
505 1364 515 1379 ,
531 1342 616 1372 donec
631 1340 794 1370 revertendi
810 1340 940 1368 enititum
955 1340 1089 1368 babeant.

224 1396 291 1416 nam
313 1383 337 1420 si
358 1383 520 1414 revertendi
543 1383 672 1413 animum
697 1382 796 1411 babere
822 1377 981 1417 desierint,
1005 1380 1090 1409 etiam

224 1429 279 1458 'tua
301 1424 352 1466 effe
373 1423 506 1459 definunt
524 1446 534 1462 ‚
567 1421 603 1457 {⁴2⁹
623 1421 706 1460 flunt
726 1421 940 1458 occupantium.
984 1420 1092 1450 Rever-

225 1469 306 1500 'tendi
320 1471 416 1498 autem
433 1466 563 1495 animum
579 1464 721 1494 videntur
743 1460 865 1495 definere
883 1461 983 1492 habere
1000 1468 1090 1500 tunc,

226 1510 293 1542 'eum
309 1507 471 1538 revertendi
487 1505 719 1545 consuetudinem
736 1502 922 1542 deseruerint.

268 1549 347 1580 Haec
376 1548 415 1579 de
438 1545 566 1587 Ulpiani
592 1545 714 1576 verbis:
738 1552 888 1575 caeterum
905 1544 968 1576 vim
988 1542 1088 1584 dispu-

226 1587 357 1623 tationis
376 1588 510 1630 pulchre
528 1586 661 1618 exhibet
677 1585 893 1630 Quintilianus
910 1587 938 1617 d.
961 1585 1090 1616 Declam.

231 1642 277 1675 13.
300 1639 360 1672 cap.
383 1641 410 1672 7.
436 1639 472 1662 ea
489 1631 587 1671 gratia
609 1637 674 1660 non
697 1627 821 1668 pigebit
838 1635 909 1666 me,
933 1627 999 1667 ejus
1022 1636 1090 1657 ver-

228 1675 293 1713 ba,
324 1672 380 1704 etfi
404 1669 620 1712 compluscula
636 1692 646 1709 ,
681 1667 870 1700 adscribere.
925 1667 971 1699 Ea
998 1668 1094 1699 verba

227 1710 307 1747 sunt.
360 1713 397 1746 In
424 1714 496 1745 duas
512 1736 521 1750 ‚
558 1717 702 1754 quantum
730 1711 961 1741 auimadvertere
986 1711 1094 1750 potui,

226 1754 394 1800 'questiones
417 1755 522 1786 dividit
541 1756 673 1790 caulam,
695 1762 733 1783 an
759 1753 895 1782 damnum
911 1749 973 1790 Jit,
997 1750 1033 1785 ἐξ)
1057 1760 1096 1781 an

230 1799 342 1840 injuria
362 1798 471 1829 datum.
519 1795 620 1836 Negat
638 1793 688 1834 effe
704 1794 841 1824 damnum
856 1816 865 1830 ,
888 1793 963 1834 quod
987 1790 1097 1823 animal

231 1840 368 1878 liberum,
393 1837 429 1873 δέ’
445 1837 579 1873 volucre,
603 1834 640 1870 ἑὸ)
663 1844 788 1876 vagum,
814 1832 851 1867 ὅ)
870 1842 955 1864 extra
978 1833 1098 1873 imperia

229 1880 351 1924 positum
366 1880 534 1920 perdiderit.
569 1876 608 1908 Et
623 1876 703 1917 post.
728 1874 877 1919 Quoniam
892 1875 1005 1916 quidem
1024 1883 1096 1915 quae·

233 1925 329 1962 ritur,
353 1932 392 1954 an
406 1922 543 1952 damnum
556 1917 592 1955 fit
604 1920 719 1959 perdere
737 1940 746 1956 ‚
769 1918 844 1957 quod
862 1917 976 1947 lucrum
993 1914 1031 1956 est
1050 1916 1096 1946 ha·

233 1966 302 1996 bere.
348 1964 485 1994 Liberum
509 1959 548 2002 es}
572 1959 700 1997 animal,
722 1963 815 1999 puta:
837 1967 894 1989 non
924 1959 984 1988 dico
1005 1957 1100 1996 faetus

232 2007 301 2037 meis
320 2006 452 2035 manibus
470 2009 617 2043 exceptos,
637 2000 673 2035 ἐπ’)
690 2001 720 2030 in
736 2005 832 2030 tutam
848 2000 974 2030 conditos
992 1999 1078 2031 sedem
1089 2020 1099 2035 ,

236 2047 272 2082 δ’
296 2047 448 2083 reservatis
471 2046 507 2075 ad
522 2043 722 2084 supplementa
742 2041 855 2082 generis
869 2040 958 2080 favis
981 2047 1101 2070 examen

234 2087 446 2123 vernaculum,
470 2087 608 2127 quoniam
629 2084 743 2124 quidem
766 2088 956 2122 tyrannorum
964 2081 1038 2122 jura
1056 2082 1099 2110 de-

227 2130 348 2170 fendis,
373 2134 457 2159 natos
484 2128 514 2158 in
534 2128 653 2167 privato
678 2134 753 2155 meo:
775 2129 850 2163 puta
872 2133 915 2153 me
937 2123 983 2153 vel
1004 2122 1102 2153 inanis

236 2172 345 2202 arboris
370 2176 470 2199 trunco
487 2191 497 2206 ,
525 2167 572 2197 vet
598 2167 678 2197 cavis
702 2166 838 2195 inventos
856 2166 965 2204 petris,
989 2164 1103 2194 domum

228 2212 322 2251 favos
349 2208 494 2249 retuliffe:
517 2207 609 2238 multa
629 2206 816 2237 nihilominus
838 2215 900 2246 quae
926 2205 1013 2236 libera
1033 2204 1102 2244 fue-

239 2259 326 2291 rant,
350 2255 501 2281 transeunt
515 2250 547 2279 in
560 2248 610 2290 jus
627 2248 827 2286 occupantium
844 2269 854 2285 ,
874 2245 946 2280 sicut
966 2247 1104 2284 venatio,

240 2294 277 2328 &²
299 2293 464 2332 aucupatio.
509 2290 592 2321 Nam
614 2294 648 2319 ut
672 2294 771 2318 caetera
798 2288 937 2318 animalia
962 2289 1106 2318 bominum

240 2335 329 2372 causa
352 2332 471 2369 finxerit
488 2331 696 2372 providentia,
721 2329 797 2369 quod
811 2329 938 2361 omnibus
954 2331 1105 2366 nascitur,

240 2373 391 2415 industriae
412 2374 563 2414 praemtum
586 2368 635 2412 est.
679 2369 762 2416 Quid
787 2377 883 2400 autem
906 2380 962 2400 non
986 2370 1105 2401 liberum

242 2423 352 2450 natura
365 2413 495 2459 genuit?
520 2413 608 2446 Taceo
624 2413 657 2445 de
665 2413 782 2453 servis,
805 2421 874 2453 quos
899 2412 1033 2444 bellorum
1049 2412 1104 2442 ini-

814 93 1121 129 GERAnn1
1168 92 1399 128 Noonr

1119 183 1218 225 quitos
1238 184 1269 214 in
1290 183 1412 223 praedam
1438 178 1597 212 victoribus
1621 181 1714 219 dedit,
1740 181 1839 213 iisdem
1858 183 1984 225 legibus,

1120 226 1216 255 eadem
1227 224 1373 264 fortuna,
1397 224 1493 254 eadem
1511 222 1669 264 neccffitate
1685 228 1777 253 natos.

1121 266 1333 306 coelospiri'um
1350 267 1489 296 trahunt:
1514 274 1565 295 nec
1588 271 1697 295 natura
1721 263 1808 302 vilis,
1830 266 1876 300 sed
1893 266 1985 301 fortu-

1120 316 1160 338 na
1175 308 1319 337 dominum
1333 308 1419 337 dedit.
1467 306 1528 336 Cur
1544 307 1701 343 infrenatis
1716 308 1795 345 equis
1810 304 1902 336 vietor
1917 306 1985 344 infi-

1121 351 1167 379 aet
1178 348 1194 379 ?
1218 349 1278 379 Cur
1295 346 1400 389 injusto
1418 347 1601 388 cotidiejugo
1621 349 1702 377 boum
1718 347 1789 377 colla
1806 348 1981 380 deterimus‘?

1125 390 1186 421 Cur
1202 390 1234 419 in
1253 393 1335 429 usum
1352 387 1474 428 vestium
1484 388 1558 428 saepe
1570 391 1663 428 pecori
1681 389 1753 419 lame
1771 389 1985 426 detrabzintur3

1124 431 1140 470 (
1153 431 1240 461 Taceo
1259 433 1290 461 de
1296 432 1447 471 sanguine
1464 429 1501 463 &⁹
1518 431 1607 470 epuiis
1619 453 1628 468 ,
1648 436 1700 470 per
1716 436 1833 459 mortem
1844 431 1985 471 paratis)

1127 472 1159 503 Si
1180 473 1274 503 omnia
1296 482 1358 513 quae
1383 472 1469 502 libera
1487 479 1669 511 generantur
1685 495 1694 509 ,
1726 476 1839 501 ruiturae
1865 473 1961 501 demus
1975 494 1987 510 ,

1126 511 1251 550 desinitis
1266 515 1370 544 divites
1386 512 1447 553 effe.
1491 512 1525 543 Si
1548 522 1613 543 vero
1639 512 1696 543 hcec
1725 513 1846 542 conditio
1872 511 1929 551 esi,
1954 518 1988 543 ut

1125 556 1263 596 quicquid
1288 564 1322 585 ex
1349 555 1391 584 his
1416 554 1589 585 animalibus
1615 555 1646 584 in
1670 553 1753 593 usum
1769 553 1876 584 bomini
1894 552 1989 593 ceffit,

1120 597 1271 637 proprium
1292 593 1327 629 nt
1351 596 1495 626 habentis:
1514 595 1641 636 profefto
1670 595 1810 636 quicquid
1822 595 1891 635 jare
1906 593 1988 634 poffi-

1127 639 1229 674 detur,
1252 637 1362 678 injuria
1379 637 1534 675 aufertur,
1552 642 1585 669 ut
1601 636 1733 667 volucres
1751 638 1831 667 mites
1843 660 1852 674 ‚
1873 635 1909 669 δέ)
1928 637 1989 667 alite

1127 688 1189 720 quae
1209 685 1261 718 per
1285 675 1405 718 rusticas
1428 678 1534 716 villas,
1557 687 1676 719 quaeque
1699 679 1806 709 ditibus
1830 677 1905 707 cettzs
1920 679 1992 717 lagi—

1128 727 1259 757 nantur‚
1282 721 1312 750 in
1336 721 1438 760 quibus
1463 726 1558 750 tamen
1581 720 1689 750 domini
1713 720 1848 759 ambigua
1870 717 1990 759 poffeffio

1128 758 1167 801 est
1182 784 1191 800 ‚
1216 759 1253 794 δέ)
1270 770 1381 799 vaccae,
1405 760 1442 794 ὃ)
1458 767 1589 791 armenta
1604 784 1613 798 ,
1637 759 1674 794 ἐξ
1691 770 1771 790 omne
1784 761 1926 800 pecudum
1939 768 1990 801 ge-

1128 812 1194 834 nus.
1238 802 1293 832 Sed
1321 801 1370 832 illa
1394 800 1538 842 impofitus
1558 802 1662 832 cohibet
1680 799 1823 842 magister.
1868 801 1993 842 Pejusne

1129 845 1239 874 domino
1265 844 1300 880 in
1319 845 1354 873 iis
1366 844 1417 883 jus
1434 842 1490 883 est,
1513 845 1616 884 quibus
1633 841 1744 882 custode
1761 853 1817 873 non
1836 849 1902 882 opus
1921 840 1960 882 est
1975 841 1996 874 ?

1130 885 1213 917 Nam
1229 882 1259 922 fi
1288 885 1338 914 hoc
1359 886 1454 915 dicitis
1472 908 1481 923 ,
1513 884 1587 915 nibil
1603 884 1654 925 effe
1669 882 1796 924 nostruin
1814 885 1887 925 quod
1901 886 1994 923 perire

1124 924 1228 966 poffit‚
1251 935 1288 956 ex
1310 925 1423 956 nullius
1441 926 1579 966 ¹animalis
1604 931 1706 956 damno
1729 926 1785 955 baec
1809 927 1854 955 edi
1860 924 1995 963 formula

1125 963 1224 1009 potest.
1268 966 1352 997 Nam
1379 966 1414 1001 δ”
1437 977 1532 998 errare
1548 968 1669 1008 pecudes
1686 967 1780 1007 solent
1797 987 1807 1001 ,
1832 965 1869 1000 ὅ)
1887 966 1995 1006 fugere
2039 990 2041 994 .

1129 1009 1284 1048 mancipia.
1329 1007 1363 1037 Si
1382 1008 1431 1038 boc
1453 1009 1486 1038 in
1508 1010 1616 1039 caeterie
1629 1018 1686 1039 non
1703 1005 1811 1049 obstat,
1834 1009 1942 1049 vagari
1962 1014 1995 1038 tu

1129 1049 1215 1081 nolles
1233 1056 1296 1089 apes
1307 1072 1316 1086 ,
1333 1049 1363 1079 in
1381 1056 1448 1088 opus
1462 1050 1557 1085 exire,
1579 1048 1614 1083 {⁴2⁹
1632 1050 1669 1080 ad
1686 1051 1864 1080 cotidianum
1880 1051 1995 1088 censum

1131 1091 1236 1122 laboris
1257 1089 1360 1129 affidui
1376 1100 1432 1121 non
1450 1090 1606 1121 detreeiure
1622 1090 1765 1121 militiam.
1810 1090 1861 1121 An
1879 1099 1936 1120 non
1952 1092 1994 1130 ip-

1122 1136 1165 1174 sa:
1181 1134 1294 1163 domum
1305 1133 1364 1171 sua
1378 1136 1480 1171 sponte
1502 1131 1652 1169 revolant,
1669 1132 1817 1172 finemque
1835 1131 1937 1161 laboris
1951 1129 1998 1165 liti

1122 1173 1184 1215 sole
1207 1174 1387 1211 metiuntur,
1412 1172 1448 1207 ἐξ)
1471 1174 1560 1203 omnis
1587 1175 1666 1203 intra
1680 1173 1781 1212 solitas
1799 1174 1892 1203 domos
1912 1173 1998 1203 turba

1132 1216 1285 1251 conditur,
1308 1213 1470 1255 uestemque
1488 1211 1605 1254 modesto
1623 1213 1737 1252 silentio
1761 1213 1907 1245 trabunt?
1931 1213 1996 1254 Age

1126 1263 1229 1296 porro,
1254 1261 1286 1285 ut
1302 1264 1359 1285 non
1369 1253 1409 1292 fit
1425 1264 1523 1286 earum
1535 1262 1613 1286 certa
1626 1253 1749 1296 paffefflo
1760 1277 1770 1293 ,
1793 1261 1863 1286 aum
1879 1255 1997 1286 volant:

1131 1303 1229 1337 nempe
1242 1305 1306 1326 cum
1321 1303 1484 1326 remearunt
1499 1319 1509 1336 ,
1536 1297 1686 1335 concludi,
1710 1296 1886 1336 transferri,
1911 1297 1999 1326 dona·

1132 1339 1186 1376 ri,
1217 1338 1325 1368 vaenire
1342 1336 1482 1377 poffunt:
1516 1339 1547 1368 in
1564 1336 1702 1378 potestate
1723 1341 1800 1372 lunt.
1851 1336 1998 1382 ‚Quomodo

1133 1386 1230 1410 autem
1252 1376 1342 1419 potest
1363 1378 1428 1416 fine
1452 1380 1555 1410 damno
1580 1389 1637 1409 meo
1657 1379 1750 1419 perire
1766 1402 1775 1417 ,
1798 1384 1872 1419 quod
1896 1379 1998 1408 cotidie

1133 1430 1228 1451 meum
1246 1418 1310 1459 est?
1335 1419 1377 1450 At
1401 1425 1486 1451 extra
1511 1421 1630 1460 imperia
1644 1418 1767 1460 positum
1791 1419 1838 1459 esi.
1884 1419 2001 1451 Mirum

1134 1462 1242 1499 hercle,
1259 1459 1288 1498 fi
1308 1466 1410 1502 negato
1435 1463 1595 1492 commercio
1612 1461 1746 1498 [erutonis
1770 1461 1905 1497 humani,
1925 1465 2001 1498 sunt

1134 1504 1166 1534 in
1185 1507 1351 1533 caeterorum
1374 1502 1544 1533 animalium
1561 1502 1673 1542 forma.
1721 1501 1827 1532 Tamen
1848 1511 1935 1543 quam
1952 1502 2000 1532 do-

1134 1546 1230 1575 minus
1253 1545 1347 1582 dedit,
1371 1544 1501 1574 incolunt
1524 1545 1633 1583 sedem,
1657 1544 1853 1574 lascivientem
1876 1544 2000 1574 luxuria

1130 1587 1237 1628 fugam
1254 1586 1367 1615 tinnitu
1383 1586 1588 1626 compescimus.
1633 1583 1771 1622 Etiamsi
1786 1583 1904 1622 diverfis
1926 1585 2002 1625 regi-

1135 1630 1187 1658 bus
1201 1632 1296 1657 coorta
1305 1626 1412 1665 seditio
1437 1628 1474 1657 ad
1497 1627 1598 1656 bellum
1624 1624 1820 1666 inflammavit
1837 1628 1916 1663 iras,
1941 1625 2004 1656 exi·

1134 1678 1192 1710 guo
1205 1667 1340 1709 pulvere,
1363 1667 1410 1697 vel
1433 1668 1522 1698 unius
1531 1674 1620 1708 poena
1635 1669 1716 1698 ducis
1737 1669 1836 1708 resedit
1852 1676 1942 1697 omnis
1958 1672 2005 1697 tu-

1137 1719 1206 1741 mor.
1251 1708 1308 1740 Illa
1332 1718 1399 1739 vero
1415 1708 1755 1747 adrnirandasedulitas,
1779 1710 1854 1749 quod
1869 1709 1945 1749 operi
1963 1714 2006 1738 to·

1138 1756 1184 1782 tus
1207 1750 1365 1787 insumitur
1390 1750 1448 1780 dies
1463 1773 1473 1788 ,
1503 1754 1535 1780 tn
1564 1750 1742 1780 dominorum
1771 1751 1881 1780 reaitus
1906 1751 2006 1781 ablata

1134 1791 1316 1832 supplentur.
1360 1790 1443 1831 Age,
1459 1789 1488 1828 fi
1514 1792 1624 1831 obsequi
1641 1790 1767 1830 paffent,
1790 1792 1859 1832 quid
1882 1791 2005 1830 arrtplius

1140 1834 1294 1873 imperares
1308 1831 1326 1862 ?
1349 1831 1483 1873 Intelligo
1497 1833 1541 1863 his
1555 1833 1641 1862 vanis
1656 1833 1741 1863 ultra
1751 1829 1938 1872 neceffitotem
1953 1830 2003 1871 effe

1140 1873 1311 1914 responsum.
1354 1873 1387 1903 Si
1408 1883 1466 1904 nort
1490 1877 1558 1909 lunt
1581 1879 1645 1913 apes
1669 1883 1752 1911 nzeae,
1775 1883 1810 1904 ne
1825 1874 1855 1903 id
1872 1874 2004 1914 quidem,

1141 1916 1216 1958 quod
1230 1914 1273 1945 his
1288 1912 1430 1955 efficitur,
1453 1924 1544 1945 meum
1559 1912 1606 1954 cst.
1651 1915 1747 1956 Atqui
1766 1915 1848 1946 nulla
1873 1923 2003 1955 unquam

1144 1957 1274 1987 inveniri
1292 1957 1390 1996 potuit
1413 1957 1610 1997 impudentia,
1636 1965 1699 1997 quae
1715 1956 1838 1996 fructus
1861 1956 1950 1987 mutu·
1973 1956 2005 1986 in.
2024 1989 2027 1994 Δ

1142 1999 1262 2028 dubium
1288 2004 1410 2028 vocaret.
1466 1997 1531 2028 Hoc
1552 2007 1617 2038 ergo
1637 1997 1708 2036 fieri
1728 1996 1818 2038 potest
1834 2021 1843 2036 ,
1871 2003 1905 2028 ut
1929 1997 2004 2038 quod

1142 2040 1292 2076 nascitur,
1314 2047 1407 2068 meum
1423 2036 1477 2076 fit:
1500 2040 1573 2080 quod
1589 2044 1727 2080 generat,
1752 2038 1903 2069 alienum?
1924 2038 2008 2079 Age,

1137 2078 1166 2118 fi
1182 2079 1252 2110 mihi
1270 2080 1348 2110 alvei
1358 2081 1439 2116 furto
1456 2079 1596 2120 abeffent,
1617 2086 1717 2110 utrum
1741 2081 1822 2111 nulla
1844 2081 1963 2110 daretur
1978 2089 2010 2110 a-

1144 2120 1223 2151 uio?
1247 2121 1299 2151 An
1316 2122 1438 2150 viminis
1454 2123 1531 2151 modo
1544 2145 1553 2158 ‚
1575 2121 1699 2162 vilisque
1723 2123 1796 2151 texti
1810 2122 1935 2159 pretium
1943 2120 2009 2159 for-

1144 2161 1224 2193 mula
1240 2160 1378 2201 taxaffem
1389 2185 1398 2199 ‚
1422 2160 1458 2195 ὅ)
1474 2163 1592 2201 perinde
1608 2171 1719 2202 agerem
1737 2161 1819 2203 quasi
1833 2164 1933 2192 inanes
1944 2167 2012 2201 per-

1145 2201 1299 2243 didzffem?
1322 2202 1514 2241 Nififallor,
1538 2202 1602 2243 effet
1617 2201 1763 2241 aestimatio
1782 2203 1817 2237 &³
1833 2209 1927 2242 apum.
1956 2201 2008 2233 An

1147 2246 1280 2281 tandein,
1304 2254 1376 2285 quas
1386 2245 1533 2284 surripwe
1549 2253 1606 2274 non
1623 2244 1738 2282 liceret,
1761 2244 1845 2274 liceat
1863 2241 2009 2274 occidere?

1148 2286 1221 2317 Non
1238 2283 1276 2322 esi
1294 2289 1432 2316 dcimnum
1447 2308 1456 2322 ,
1485 2287 1560 2326 quod
1582 2293 1686 2316 exutus
1702 2286 1791 2322 lum?
1814 2286 1889 2326 quod
1903 2286 2010 2315 reditus

1144 2326 1288 2368 perdidi?
1310 2328 1385 2367 quod
1406 2336 1519 2357 annuos
1539 2325 1661 2366 fruitus
1684 2325 1812 2367 prafidia
1830 2326 2010 2366 paupertatis

1147 2366 1229 2406 amisi
1236 2367 1253 2398 ,9
1264 2367 1336 2399 Non
1346 2364 1384 2407 est
1399 2369 1539 2398 damnum
1554 2369 1582 2398 id
1596 2367 1745 2408 perdidzffe
1753 2391 1762 2406 ,
1772 2369 1846 2409 quod
1856 2369 1907 2406 (ut
1915 2367 2011 2408 proxi·

1148 2419 1190 2441 mo
1207 2415 1278 2441 utar
1294 2409 1482 2451 argumento)
1490 2407 1520 2448 fi
1535 2410 1636 2441 habere
1650 2409 1782 2449 voluero,
1792 2409 1940 2441 emendum
1948 2405 2010 2448 est?

943 2531 1155 2566 CAPUT
1203 2529 1298 2566 XV.

247 2634 315 2670 Hoc
336 2634 435 2678 capite
456 2631 558 2665 caveri
582 2630 699 2675 quidem
724 2629 758 2664 de
783 2636 891 2665 caetero
914 2629 996 2663 ornni
1017 2629 1125 2663 damno
1147 2655 1157 2671 ,
1183 2625 1245 2674 fid
1268 2628 1403 2661 maxime
1419 2652 1429 2669 ,
1453 2626 1487 2672 si
1509 2628 1583 2673 quid
1602 2627 1703 2674 ustum
1718 2654 1727 2670 ‚
1753 2627 1898 2673 fractam
1918 2653 1927 2669 ,
1961 2630 2019 2661 aut

319 2689 441 2726 ruptum
457 2679 512 2724 sit.

568 2679 634 2714 Hoc
658 2679 784 2714 verbum
803 2705 811 2720 ,
836 2686 956 2724 ruptum
972 2704 983 2719 ,
1010 2678 1107 2712 videri
1132 2676 1274 2722 generale
1292 2703 1301 2717 ,
1330 2673 1371 2714 δέ’
1390 2673 1439 2720 fic
1462 2684 1617 2722 acceptum
1640 2675 1696 2722 effe
1713 2703 1722 2718 ‚
1747 2685 1931 2722 corruptum.
1962 2676 2014 2710 Aa

320 2727 525 2773 consumptum
555 2728 638 2773 rupti
664 2727 866 2773 appellatione
891 2728 996 2761 veniat
1016 2726 1033 2760 ἱ)
1073 2726 1212 2772 Ruptum
1226 2723 1285 2771 seu
1308 2733 1484 2771 corruptum
1510 2736 1569 2760 non
1592 2726 1752 2772 intelligi,
1778 2724 1836 2771 nist
1864 2723 1905 2765 &
1929 2725 2014 2759 dam-

321 2790 394 2814 num
419 2778 523 2811 datum
541 2774 597 2820 fit.

331 2873 425 2907 einde
451 2872 494 2903 ait
514 2872 585 2909 lex,
609 2870 643 2901 Si
667 2872 731 2912 quis
746 2871 830 2902 alteri
854 2871 990 2903 damnum
1000 2872 1105 2910 faxit,

248 2878 326 2952 D
352 2916 426 2957 quod
439 2913 558 2954 ufferit,
575 2912 720 2953 fregerit:
735 2913 855 2952 ruperit.
875 2912 904 2943 Si
926 2914 995 2953 quis
1011 2914 1107 2955 igitur

251 2957 417 2990 hominem
433 2956 484 2986 vel
504 2953 660 2994 pecudem
680 2962 745 2984 non
763 2953 936 2992 occiderit,
959 2954 1015 2985 sed
1036 2964 1108 2986 eum

251 3007 306 3031 aut
337 2998 413 3039 quid
436 2995 539 3034 aliud,
565 2993 685 3032 uss‘erit,
709 2992 857 3034 fregerit,
881 2996 1019 3034 ruperit;
1044 2995 1108 3027 fine

253 3040 353 3072 dubio
377 3048 417 3070 ex
437 3037 484 3069 his
508 3035 612 3067 verbis
640 3035 718 3075 legis
747 3035 903 3075 agendum
933 3039 1001 3067 erit.
1046 3037 1109 3068 Pri-

253 3091 357 3116 mum,
380 3080 399 3111 fi
423 3077 547 3110 usserit:
571 3084 605 3107 ut
621 3075 642 3107 fi
661 3075 752 3107 servo
776 3085 849 3106 meo
865 3075 967 3108 facem
986 3077 1110 3117 objece-

255 3122 312 3159 rit,
336 3122 366 3152 &
392 3129 464 3153 eum
488 3117 635 3150 adusserit
650 3117 670 3148 l.
695 3127 743 3156 27.
770 3116 797 3157 §.
817 3120 845 3147 6.
871 3116 910 3147 D.
937 3117 985 3148 Ad
1011 3118 1115 3159 Legem

256 3162 423 3201 Aquiliam:
440 3163 516 3192 item
532 3159 554 3191 fi
569 3157 727 3190 arbustum
745 3167 850 3188 meum
866 3158 917 3189 vel
934 3158 1038 3189 villam
1050 3169 1112 3191 me-

257 3211 306 3234 am
324 3204 503 3235 incenderit
519 3203 548 3234 d.
564 3200 575 3233 l
593 3210 641 3242 27.
658 3200 687 3242 §.
706 3208 734 3241 7.
752 3201 839 3241 quod
858 3198 939 3241 saepc
955 3200 1113 3241 contigit,

1148 2871 1200 2903 vel
1225 2869 1370 2908 lascivia,
1401 2870 1452 2902 vel
1475 2869 1706 2910 imprudentia,
1738 2868 1928 2901 facientium
1954 2868 2012 2898 iter

1150 2912 1246 2944 noCtu
1264 2913 1302 2944 acl
1328 2912 1457 2944 lumina.
1501 2911 1654 2943 Meminit
1673 2910 1809 2943 Ovidius
1834 2912 1881 2941 lib.
1904 2920 1929 2941 1.
1949 2907 2014 2940 Me·

1151 2960 1221 2986 tam.
1254 2954 1321 2994 fab.
1346 2963 1375 2990 9.
1400 2953 1429 2984 ἃ
1447 2952 1548 2984 Varro
1570 2953 1618 2983 lib.
1638 2962 1662 2983 1.
1682 2952 1727 2983 De
1746 2962 1776 2983 re
1793 2949 1899 2992 rustica
1916 2960 1940 2981 c.
1968 2958 2012 2988 14.

1152 2996 1265 3036 quibus
1282 2995 1362 3026 adde
1380 2994 1601 3026 Casaubonum
1617 2994 1656 3025 ad
1673 2994 1816 3025 Suetonii
1842 2991 1963 3031 Julium
1984 2999 2010 3036 c.

1179 3046 1203 3068 1.
1216 3036 1302 3068 Idem
1322 3036 1384 3074 est,
1408 3035 1429 3067 si
1451 3036 1525 3076 quid
1544 3034 1695 3076 fregerit:
1720 3042 1753 3065 ut
1769 3033 1790 3065 fi
1807 3032 1932 3064 aedificii
1950 3038 2013 3063 mei

1172 3088 1244 3109 ores
1269 3077 1466 3118 confregerit
1492 3077 1544 3108 vel
1567 3076 1733 3118 resi-egerit
1749 3076 1777 3105 d.
1800 3074 1819 3105 l.
1838 3084 1886 3113 27.
1933 3098 1938 3103 .
1962 3081 2011 3113 31.

1157 3120 1247 3150 verbi
1275 3119 1395 3160 gratia,
1419 3118 1536 3158 injuriae
1562 3117 1650 3149 causa
1673 3117 1691 3147 l.
1710 3126 1760 3156 53.
1786 3114 1825 3145 D.
1851 3116 1884 3145 de
1923 3115 2014 3152 artis,

1157 3168 1210 3191 aut
1228 3170 1283 3201 per
1303 3161 1466 3191 libidinem
1485 3160 1502 3190 l.
1522 3168 1572 3200 39.
1597 3158 1639 3189 D.
1657 3158 1714 3188 eod.
1731 3159 1776 3187 tit.
1805 3164 1857 3187 aut
1879 3164 1937 3196 pei·
1959 3155 2015 3186 las·

1157 3202 1272 3235 civiam
1289 3224 1299 3241 ,
1322 3209 1376 3234 aut
1403 3201 1562 3243 expilandi
1587 3198 1697 3231 causa:
1726 3198 1814 3239 quod
1836 3197 2014 3269 solerestno·

1969 3245 2015 3268 ur-

1821 223 1870 254 Ex
1893 226 1985 256 eodem
2025 245 2028 250 ·
