2036 3495
155 76 225 120 μσς
598 67 790 107 Gaas
823 73 943 107 izn1

1000 60 1263 104 Neon-r
1322 64 1539 101 Coun.

161 161 367 203 emptione&
384 157 588 193 venditione,
606 153 696 186 verbi
712 152 821 193 gratia·
841 160 911 182 nam
930 150 970 182 fic
987 150 1034 181 lo·
1076 162 1179 194 quem,
1202 155 1272 196 quia
1288 156 1320 186 in
1338 155 1417 186 bonis
1432 164 1489 186 non
1507 154 1646 192 habeant,
1666 155 1779 187 cumeis
1792 157 1950 189 deminutio

163 212 286 244 quitur:
309 202 341 233 Si
356 202 421 241 quis
436 201 466 230 id
484 199 558 239 quod
575 197 721 231 traditur,
737 194 804 223 emit
821 201 878 222 non
889 203 907 223 a
924 193 1035 222 domino
1071 193 1113 232 fit
1130 196 1290 227 interdieta.
1319 196 1371 227 Sic
1390 197 1511 236 ubique
1528 196 1650 233 editur,
1668 197 1738 237 quia
1752 197 1784 227 in
1801 198 1879 228 banis
1894 208 1951 230 non

161 243 313 284 bonafide,
330 240 366 276 85⁹
377 241 503 271 nonduin
519 237 693 276 asumptum
706 239 791 274 petet.
819 232 865 264 Ita
878 232 939 264 est:
958 232 1036 264 Prae-

161 294 214 316 tor
235 285 355 319 verbo,
374 281 473 317 Emit,
490 276 660 318 fignificat,
681 275 904 313 traditionem,
927 274 980 306 nifi
997 283 1037 305 ex

162 325 251 357 causa
274 322 447 361 emptionis
474 319 610 356 factam,
632 317 743 349 acturo
766 316 947 347 Publiciana
973 325 1037 347 non

163 363 326 406 prodesse:
342 371 415 393 cum
430 361 579 400 usucapio
604 360 633 390 in
650 359 738 397 cujus
753 357 943 388 conditione
959 355 1037 397 pofi-

161 415 195 441 ta
212 416 261 438 res
279 404 339 435 efl‘e
356 404 474 440 debet,
496 400 560 433 fine
575 400 653 441 justa
672 399 761 430 causa
778 400 909 429 minime
926 407 1039 438 proce·

165 448 230 479 dat.
249 445 301 477 Ait
318 445 412 485 igitur
429 444 568 481 Praetor,
593 442 683 473 Emit.
709 440 760 471 De
778 441 882 478 pretio
899 450 977 471 vero
993 439 1039 470 so-

161 488 232 520 luto
251 485 326 518 nihil
344 486 513 525 exprimit:
532 484 561 515 δι
579 483 746 514 arbitratur
759 481 856 521 Gajus
867 482 885 512 l.
896 486 923 516 8.
935 480 974 512 D.
983 481 1009 512 h.
1019 486 1039 511 t.

161 529 237 561 inde
253 527 342 568 poffe
367 526 580 567 conjecturam
598 524 689 563 capi;
713 523 793 563 quasi
811 531 871 553 nec
887 524 1041 554 sententia

162 570 313 603 Praetoris
329 578 366 600 ea
381 568 436 607 fit;
452 576 488 598 ut
505 565 703 607 requiratur,
719 574 756 595 an
776 564 910 595 solutum
927 563 962 595 fit
973 572 1043 604 pre-

163 612 254 643 tium.
281 611 362 644 Illud
378 618 487 650 parum
499 607 617 645 refert,
636 607 655 637 fi
673 606 883 639 intervenerit
899 606 1040 645 emptio,

162 661 271 684 utrum
289 651 482 693 praecess'erit
498 647 723 685 traditionem,
741 656 778 678 an
797 646 900 677 secuta
917 645 961 677 fit.
978 654 1042 676 tan-

163 702 233 726 tum
245 695 329 726 enim
347 693 415 724 vult
427 692 567 729 Praetor,
580 690 726 721 traditam
741 687 803 719 effe
815 697 879 719 rem
891 696 1042 726 emptam.

163 734 207 767 fle
221 734 347 775 accipio
363 734 381 765 l.
396 743 424 771 9.
442 732 470 775 §.
490 742 516 764 2.
535 732 561 762 h.
575 737 595 761 t.
610 739 718 771 pone,
735 739 783 761 res
798 728 844 760 est
860 730 972 760 tradita
988 728 1041 759 sub

164 774 413 814 co‘nditione,fi
424 775 588 805 vendatur.
606 771 756 812 quamdiu
768 771 899 811 sequnta
915 780 979 801 non
997 769 1042 801 est

163 817 330 856 venditio;
348 818 431 848 nuda
443 814 558 847 dicitur
569 813 716 844 traditio:
733 821 802 852 quae
816 821 920 852 neque
940 812 1041 843 domi-

162 859 251 891 nium
275 857 425 890 transfert
441 857 459 887 l.
475 865 525 897 31·
545 855 584 886 D.
599 856 632 886 de
648 855 711 895 adq.
728 863 783 885 rer.
799 855 906 885 domin.
938 862 1042 893 neque

163 901 203 932 ad
227 899 452 939 usucapionem
476 898 570 928 valet.
596 895 727 936 sequuta
744 895 862 927 deinde
884 895 1043 926 venditio-

163 951 222 980 ne,
245 940 357 973 efficax
376 939 412 971 fit
428 939 468 971 ad
491 936 749 970 transferendum
768 935 944 968 dominium
958 959 967 974 ,
990 944 1044 966 aut

164 982 308 1022 alioquin
325 983 363 1014 ad
382 979 618 1021 usucapionem.
643 977 787 1019 Oportet
804 978 917 1019 igitur,
937 985 971 1008 ut
987 978 1043 1008 ob-

166 1023 268 1056 tineat
282 1023 467 1056 Publiciana
478 1045 487 1060 ,
504 1030 570 1053 rem
587 1029 657 1062 quae
668 1020 806 1060 petitur,
823 1028 885 1050 tam
902 1027 1042 1059 emptam

168 1064 251 1103 effe,
275 1074 370 1106 quam
388 1065 547 1095 traditam.
572 1061 693 1102 Estque
710 1061 741 1092 id
757 1061 928 1102 diligenter
944 1061 1043 1099 inqui-

163 1107 316 1139 rendum:
343 1106 417 1147 quia
437 1104 542 1146 potest
560 1103 702 1135 incidere
727 1100 896 1141 aliquando
921 1101 1044 1132 dubita-

166 1147 232 1187 tio,
255 1147 333 1180 fitne
350 1155 460 1185 empta
477 1155 546 1184 reS,
569 1154 607 1176 an
627 1153 692 1175 ηοη
717 1143 777 1175 fit?
801 1143 905 1173 Ecce:
929 1143 981 1183 qui
1000 1141 1046 1174 est

166 1189 253 1222 casus
273 1191 303 1222 d.
319 1189 337 1220 l.
354 1198 373 1225 9
402 1188 429 1230 §.
449 1198 477 1229 3.
497 1189 558 1219 emi
572 1186 796 1218 hereditatem.
821 1194 861 1215 ex
877 1194 912 1215 ea
931 1185 1043 1215 tradita

164 1230 245 1263 milii
263 1229 308 1262 est
325 1239 374 1261 res
392 1229 503 1269 aliqua.
527 1230 593 1268 ejus
615 1226 836 1267 poffeffionem
864 1225 947 1257 amifi
962 1225 1045 1261 casu.

169 1272 258 1305 estne
283 1272 480 1304 Publiciana:
504 1269 586 1308 five,
611 1279 647 1300 an
673 1268 777 1299 liabeo
804 1267 1044 1299 Publicianam?

165 1313 328 1355 quaerendi
359 1312 465 1345 causa:
492 1314 579 1352 quod
600 1310 729 1341 vendita
746 1309 943 1347 hereditate,
967 1317 1045 1340 ven-

167 1356 233 1387 dita
250 1355 379 1395 quidem
394 1354 439 1385 est
458 1352 656 1384 univerfitas;
674 1351 725 1382 sed
746 1350 871 1391 fingulae
891 1360 940 1381 res
954 1350 1044 1381 here·

166 1396 273 1437 ditatis
293 1395 429 1427 venditae
448 1404 511 1425 non
533 1393 611 1424 sunt.
635 1392 797 1433 &praebet
809 1399 1046 1433 argumentum:

169 1439 258 1480 quod
285 1436 387 1468 evitta
412 1446 445 1467 re
469 1434 612 1475 fingulari
635 1443 676 1465 ex
700 1433 878 1464 hereditate
897 1433 1045 1471 vendita,

167 1480 212 1511 ob
230 1488 298 1510 eam
317 1488 381 1509 non
407 1484 536 1508 tenetur
560 1476 710 1506 venditor
735 1475 774 1505 de
797 1473 958 1505 evictioiie
973 1474 992 1504 l.
1016 1483 1043 1505 1.

168 1520 203 1552 C.
220 1522 254 1551 de
268 1518 354 1550 eviii.
378 1518 513 1557 proinde
530 1515 550 1548 fi
569 1516 681 1547 tradita
693 1515 729 1547 fit
745 1524 793 1548 res
803 1515 985 1557 singularis,
1002 1523 1046 1546 at-

167 1571 232 1599 que
248 1559 311 1600 ipsa
331 1559 402 1591 casu
419 1557 538 1597 amissa,
556 1557 650 1598 possit
665 1557 735 1597 quis
753 1565 882 1597 putare,
899 1566 962 1588 non
981 1556 1042 1588 effe

166 1601 386 1635 Publicianam
407 1623 417 1640 ,
448 1599 530 1641 quafi
557 1600 730 1631 traditione
753 1598 838 1630 faeta
862 1597 925 1630 fine
948 1597 1046 1629 causa.

167 1644 234 1676 Sed
254 1641 388 1674 Neratio
405 1640 574 1682 placuiffe,
600 1639 756 1680 Ulpianus
774 1639 836 1678 ait,
860 1639 921 1671 effe
941 1640 1047 1672 Publi-

166 1685 290 1717 cianam
308 1684 360 1716 vel
378 1684 439 1715 hac
464 1683 495 1714 in
514 1682 637 1723 specie:
661 1690 798 1721 nempe,
822 1681 895 1720 quia
920 1680 1049 1712 vendita

166 1725 366 1765 hereditate,
391 1723 557 1756 venditum
583 1723 629 1755 est
647 1746 657 1762 ,
681 1722 837 1764 quidquid
861 1721 986 1754 heredis
1013 1721 1049 1753 fit

166 1767 333 1806 futurum3
357 1776 423 1798 non
441 1766 595 1805 amplius,
612 1774 676 1796 non
695 1764 797 1796 minus
813 1763 830 1794 l.
847 1775 877 1796 ρ.
898 1764 936 1796 l).
955 1765 987 1794 de
1003 1764 1047 1794 be-

166 1811 228 1842 r'ed.
244 1810 330 1840 vend.
363 1807 406 1839 ita
432 1815 559 1839 tenetur
584 1805 733 1838 venditor
758 1806 895 1845 emptori
923 1811 1049 1837 tradere

167 1861 220 1883 res
248 1849 454 1882 hereditarias
479 1849 499 1880 l.
519 1857 566 1887 14.
583 1847 609 1890 §.
631 1857 655 1879 1.
672 1849 698 1878 d.
715 1853 736 1878 t.
762 1856 807 1877 eae
833 1856 910 1878 vero
927 1848 1049 1878 traditae

166 1893 329 1924 habentur
354 1901 414 1931 pro
445 1889 560 1931 emptis
589 1887 801 1929 venditisque.
843 1887 921 1919 Non
945 1887 1049 1919 obstat

170 1936 198 1965 d.
208 1935 228 1967 l.
254 1942 279 1965 1.
298 1933 330 1964 C.
350 1934 382 1963 de
396 1931 481 1963 eviii.
505 1940 576 1962 nam
593 1931 679 1970 quod
696 1930 740 1961 ob
757 1929 873 1961 evit‘kas
890 1939 939 1961 res
959 1929 1047 1960 here-

168 1974 298 2007 ditarias
317 1973 461 2006 ceffatde
477 1971 637 2004 evictione
659 1971 762 2009 aetio,
774 1980 838 2002 non
854 1971 936 2002 hanc
953 1970 1050 2001 habet

172 2016 318 2055 causam,
343 2013 426 2056 quali
453 2014 582 2046 vendita
601 2013 802 2049 hereditate,
828 2013 965 2044 venditae
984 2021 1048 2043 non

169 2057 230 2090 fint
248 2068 295 2090 res
310 2057 451 2098 fingulae:
477 2056 529 2087 sed
551 2056 637 2095 quod
662 2064 697 2085 ea
725 2054 914 2085 venditione
930 2053 1048 2095 agitur,

172 2109 214 2131 ne
232 2107 361 2139 emptor
377 2098 494 2129 habeat
509 2098 578 2137 plus
602 2098 767 2134 minusve,
792 2105 885 2136 quam
903 2095 1051 2126 venditor

171 2139 336 2173 habiturus
361 2139 448 2171 foret
468 2141 495 2170 d.
512 2140 529 2169 l.
547 2149 574 2170 2.
597 2138 683 2169 unde
709 2134 729 2169 fi
743 2146 795 2168 res
813 2137 915 2168 evicta
933 2146 997 2168 non
1015 2135 1050 2167 fit

172 2182 382 2215 hereditaria:
398 2181 437 2212 de
447 2180 606 2211 emenone
622 2180 742 2210 idcirco
760 2188 824 2209 non
841 2179 961 2219 agitur,
978 2179 1051 2223 quia

172 2233 239 2256 non
260 2222 305 2255 est
322 2223 467 2254 vendita:
493 2221 523 2253 &
541 2221 561 2252 fi
578 2221 641 2252 fuit
658 2219 869 2257 hereditaria,
884 2219 929 2250 est
946 2219 1050 2250 eviCta

169 2266 290 2307 =Iudicis
314 2265 424 2305 injuria
442 2263 660 2302 imperitiave:
685 2271 751 2303 quo
768 2260 839 2292 casu
856 2261 950 2292 ceffat
966 2261 1050 2292 aerio

175 2309 216 2339 de
233 2306 397 2338 evictione
415 2305 493 2346 l.51.
510 2303 552 2335 D.
571 2305 604 2335 de
619 2302 704 2334 eviii.
729 2303 784 2334 Ait
802 2303 895 2344 igitur
913 2303 1050 2340 Praetor,

173 2348 271 2381 Emit:
295 2347 347 2379 seu
374 2355 478 2378 utrum
504 2346 542 2377 ad
566 2345 686 2376 faetum
708 2344 855 2385 respicit,
879 2344 1052 2384 qualicum-

175 2399 238 2431 que
261 2396 433 2421 contentus
459 2386 643 2428 emptione:
666 2395 704 2417 an
724 2388 762 2417 ad
781 2386 849 2426 jus,
875 2386 904 2417 id
924 2385 988 2424 est,
1012 2385 1051 2416 ad

164 2432 373 2470 emptionem
394 2431 463 2470 jure
484 2428 693 2470 approbatam
721 2428 750 2458 δι
777 2426 910 2458 validam
932 2427 945 2459 ?
979 2431 1063 2457 eam⁴

176 2472 382 2510 quaestionem
400 2471 525 2502 filentio
542 2469 671 2501 transire
686 2467 790 2500 noluit
801 2467 957 2509 Ulpianus
972 2468 990 2498 l.
1004 2478 1048 2500 10.

177 2512 222 2545 D.
243 2515 275 2543 de
291 2520 383 2543 curat.
401 2513 470 2553 fur.
482 2511 565 2546 &ah
582 2517 657 2542 extr.
667 2512 737 2542 min.
752 2511 839 2541 dand.
865 2509 971 2541 Verba
983 2511 1063 2549 ejus*

173 2553 244 2586 sunt
260 2553 409 2593 obscura,
435 2555 532 2585 etiam
549 2561 718 2592 corrupta;
734 2552 875 2591 ideoque
892 2560 954 2582 nec
973 2552 1062 2590 mihis

177 2595 384 2635 negligenda:
409 2604 481 2627 cum
505 2594 676 2634 praesertim
699 2592 759 2624 fint
784 2602 824 2624 ex
842 2593 895 2624 lib.
912 2602 978 2623 xv1.
1000 2592 1056 2624 Ad.

176 2635 345 2669 Edictum:
369 2644 434 2675 quo
460 2645 532 2667 eum
557 2634 692 2676 praesens
707 2633 854 2666 Edictum
872 2629 1052 2674 exposuisse

176 2677 369 2717 intelligitur
392 2686 431 2707 ex
448 2676 466 2707 l.
487 2686 513 2708 1.
531 2677 550 2707 l.
570 2687 599 2717 3.
616 2677 636 2708 l.
653 2688 682 2716 5.
699 2676 717 2707 l.
736 2685 763 2716 7.
786 2675 823 2710 &⁹
839 2675 904 2707 aliis
920 2676 971 2710 sub
986 2675 1013 2706 h.
1029 2680 1050 2705 t.

176 2719 304 2751 Verba:
327 2716 471 2757 Julianus
493 2718 609 2756 scribit,
632 2727 676 2748 eos
699 2718 802 2758 quibus
826 2724 878 2756 per
896 2717 1050 2748 Praetorem

175 2761 257 2794 bonis
265 2757 450 2805 inierat-tium
459 2750 496 2797 est
505 2781 514 2796 ,
531 2758 851 2799 nibiltransferrepoffe
861 2759 898 2789 ad
909 2758 1050 2799 aliquem:

175 2803 248 2845 quia
264 2803 296 2832 in
313 2801 391 2831 bonis
407 2808 465 2829 non
483 2800 605 2830 babeant
616 2823 627 2839 ‚
642 2810 706 2831 cum
724 2801 763 2831 eis
779 2800 935 2831 deminutio
945 2798 988 2836 fit
1004 2800 1050 2830 in-

177 2841 310 2876 zerditta.
335 2839 511 2884 Quaefitum
527 2840 605 2877 fuit,
624 2841 684 2881 (fic
700 2840 859 2881 suspicor)
876 2840 896 2872 fi
912 2850 929 2871 a
947 2840 1052 2880 prodi-

177 2895 242 2928 go,
259 2883 311 2916 cui
327 2881 496 2914 interdieta
511 2889 528 2910 a
546 2881 685 2912 Praetore
700 2881 736 2913 fit
751 2881 979 2914 administratio
995 2881 1052 2912 bo-

176 2935 294 2960 norum
305 2948 315 2961 ,
334 2922 427 2956 alicui
443 2922 572 2953 vendita
586 2921 615 2952 ἃ
631 2923 745 2953 tradita
760 2924 796 2956 fit
814 2934 864 2956 res
879 2924 998 2964 aliqua:
1013 2932 1052 2954 an

178 2969 209 3001 ei
227 2966 332 3000 amissa
347 2963 554 3006 poffeffione,
579 2963 679 2993 danda
695 2972 711 3008 a
728 2963 868 2996 Praetore
891 2964 928 2996 fit
946 2964 1051 2996 Publi-

178 3010 269 3042 ciana
286 3009 318 3039 in
329 3016 396 3039 rem
413 3005 511 3037 actio:
528 3002 612 3044 quafi
623 3004 793 3035 traditione
809 3015 848 3036 ex
864 3015 901 3037 ea
913 3006 1050 3045 emptio-

178 3061 220 3083 ne
236 3048 338 3086 facta,
355 3057 405 3079 res
421 3046 519 3087 polita
535 3045 570 3077 fit
582 3046 613 3076 in
629 3045 816 3076 conditione
833 3046 1050 3088 usucapionis:

178 3092 267 3132 quod
277 3090 398 3122 Praetor
414 3086 576 3130 postulat?
592 3086 653 3117 Sed
664 3093 757 3126 negat
774 3084 927 3125 Ulpianus
943 3089 1050 3120 aucto-

179 3134 273 3165 ritate
291 3131 420 3170 Juliani:
440 3128 624 3165 scribentis,
643 3126 702 3157 Eos
716 3127 822 3167 quihus
831 3133 883 3165 per
901 3128 1054 3160 Praetorem

179 3175 258 3206 bonis
281 3171 466 3205 interdiilum
489 3168 547 3212 est,
571 3168 644 3202 nibil
662 3168 822 3209 transferre
837 3167 914 3209 poffe
938 3171 975 3201 ad
999 3171 1053 3202 ali.

1079 237 1209 267 habeam.
1231 237 1294 269 Sed
1310 237 1398 269 deest
1410 237 1529 278 aliquid
1547 239 1674 277 integro
1691 236 1797 268 sensui.
1813 237 1945 278 suppleo

1080 286 1143 317 ope
1157 277 1335 319 Sigiorum:
1358 280 1428 320 quia
1449 289 1473 310 i.
1489 280 1514 310 b.
1534 279 1603 316 vel,
1620 281 1690 319 quia
1708 286 1732 309 1.
1751 278 1784 308 in
1799 279 1878 309 bonis
1891 289 1948 311 non

1081 319 1221 350 habeam:
1244 321 1273 351 ἂ
1297 330 1451 359 expon0‚
1474 320 1611 361 Siglum:
1635 320 1705 361 quia
1725 319 1777 360 jus
1799 320 1950 360 bonorum,

1081 360 1133 390 vel
1149 362 1218 401 quia
1229 361 1280 401 jus
1297 362 1329 392 in
1345 363 1424 392 bonis
1440 371 1497 392 non
1514 363 1644 392 habeam.
1677 360 1805 399 Sensus,
1829 361 1859 391 Si
1879 371 1953 395 vene

1081 401 1161 446 ditio
1185 401 1269 434 satta
1292 402 1328 434 sit
1344 413 1360 433 a
1378 404 1519 443 prodigis
1537 402 1650 443 quibus
1668 411 1685 433 a
1702 402 1845 433 Praetore
1861 401 1952 436 bonis

1082 443 1283 474 interdictum
1300 444 1355 482 fit;
1377 454 1446 475 eam
1467 445 1582 476 nullius
1602 442 1663 474 effe
1681 445 1851 474 momenti:
1866 443 1954 475 ideo-

1084 492 1146 523 que
1160 493 1199 528 ‘ea
1209 485 1285 515 nihil
1304 485 1450 516 tranferri
1462 487 1500 516 ad
1518 493 1718 525 emptorem:
1736 494 1804 515 nam
1822 493 1894 515 cum
1911 487 1955 517 in-

1085 525 1217 555 terdieta
1240 527 1285 557 eis
1309 526 1346 557 sit
1368 527 1563 564 deminutio,
1588 527 1702 558 deinde
1720 535 1775 557 eos
1789 527 1836 565 jus
1856 526 1955 557 bono-

1085 574 1175 603 rum,
1199 566 1249 597 vel
1265 567 1312 605 jus
1328 569 1358 598 in
1377 567 1488 606 bonis,
1511 569 1542 600 id
1559 567 1603 599 est
1621 591 1630 606 ,
1653 568 1701 608 jus
1721 565 1955 599 administrandi

1086 607 1134 637 sua
1156 608 1259 645 bona,
1272 617 1336 641 non
1353 608 1480 640 habere.
1503 609 1627 648 prorsus
1639 609 1871 640 convenienter
1883 608 1955 640 huic

1085 647 1214 680 Horatii
1231 649 1279 679 lib.
1300 658 1326 680 2.
1345 649 1434 681 Serm.
1452 651 1514 681 Sur.
1532 661 1559 692 3.
1576 652 1648 690 vers.
1667 661 1736 692 2¹7·

1272 688 1427 722 Interaifi‘o
1445 693 1511 722 huic
1530 701 1608 723 omne
1625 693 1733 723 adimat
1746 691 1800 733 jus

1129 731 1249 762 Praetor.

1086 773 1186 818 Quod
1202 774 1242 803 de
1260 772 1396 814 prodigo
1413 773 1499 812 dixi,
1515 775 1610 806 etiam
1625 774 1654 806 in
1671 774 1794 814 pupillo
1810 774 1840 805 &
1859 773 1958 805 furio·-

1085 816 1118 845 lo
1136 813 1332 845 observatur.
1378 814 1481 845 Ecce:
1505 816 1614 854 aliquis
1630 825 1645 846 a
1663 817 1785 855 pupillo
1804 817 1880 846 emit
1905 815 1958 846 ali·

1087 856 1162 895 quid
1179 855 1240 887 fine
1252 856 1368 900 tutoris
1379 856 1567 887 auctoritate
1577 881 1585 895 ‚
1602 864 1655 888 aut
1670 866 1685 887 a
1696 856 1815 887 furioso
1827 857 1890 888 fine
1906 865 1959 887 cu-

1087 905 1201 928 ratoris
1218 897 1380 928 conlenl'u.
1405 905 1515 928 neutra
1527 899 1610 929 valet
1627 899 1749 938 emptio
1761 898 1958 929 &venditim

1087 939 1222 979 proinde
1242 947 1301 969 nec
1329 937 1512 970 Publiciana
1536 939 1595 977 est,
1622 948 1682 970 nec
1699 939 1873 978 usucapio,
1897 947 1958 969 uec

1086 979 1220 1011 acceffio
1247 977 1460 1019 poffeffionis,
1484 989 1544 1011 nec
1565 980 1647 1011 aCtio
1675 981 1714 1011 de
1738 979 1914 1011 eviCtione:
1937 979 1960 1011 fi

1087 1030 1215 1060 emptor
1239 1021 1348 1058 scivit,
1372 1023 1574 1052 venditorem
1586 1021 1653 1053 vess'e
1671 1021 1824 1062 pupillum
1841 1029 1892 1051 aut
1908 1019 1958 1051 fu-

1087 1062 1202 1094 riosum
1214 1085 1224 1101 ‚
1240 1063 1269 1093 &
1286 1062 1346 1094 illis
1360 1063 1407 1103 jus
1419 1063 1651 1094 vendendiess’e
1668 1063 1811 1103 putavit:
1826 1071 1896 1093 nam
1910 1062 1959 1101 ᾖα·

1088 1105 1129 1135 ris
1148 1113 1236 1134 error
1255 1104 1331 1135 nulli
1348 1103 1486 1143 prodest.
1505 1104 1599 1144 quid,
1615 1104 1636 1136 fi
1652 1105 1805 1145 puberem
1815 1111 1869 1134 aut
1880 1103 1958 1134 sanae
2000 1139 2004 1143 .

1088 1146 1204 1178 mentis
1221 1143 1284 1177 esse
1301 1144 1512 1184 existimavit,
1537 1146 1635 1186 lapsus
1652 1155 1759 1177 errore
1775 1145 1875 1177 facti?
1899 1153 1959 1176 nec

1088 1187 1128 1218 lic
1146 1185 1191 1218 est
1208 1187 1330 1225 emptio
1348 1186 1378 1218 ἃ
1395 1188 1545 1218 vendito:
1568 1188 1597 1219 δι
1615 1189 1689 1218 ideo
1707 1196 1770 1218 non
1791 1190 1890 1227 magis
1907 1187 1960 1217 da-

1089 1229 1174 1259 bitur
1193 1228 1394 1266 Publiciana,
1411 1238 1472 1260 nec
1491 1229 1640 1269 usucapio
1660 1228 1834 1269 procedet3
1852 1236 1911 1259 nec
1928 1237 1960 1258 e-

1090 1271 1130 1301 rit
1153 1269 1287 1300 acceffio
1309 1268 1521 1309 posseffionis;
1546 1280 1606 1302 nec
1622 1270 1705 1301 attio
1728 1270 1767 1301 de
1790 1269 1964 1300 evictione‘

1087 1310 1139 1342 Sic
1149 1310 1330 1350 strittaJuris
1341 1312 1474 1343 ratione:
1485 1321 1655 1352 numquam
1664 1310 1796 1349 sinente,
1806 1310 1965 1342 effectum

1087 1352 1151 1384 fine
1176 1352 1266 1383 causa
1289 1351 1361 1384 effe.
1405 1352 1468 1384 Sed
1489 1353 1649 1385 auctorem
1675 1352 1779 1383 habeo
1804 1351 1958 1390 Paulum,

1089 1394 1173 1425 hunc
1188 1396 1326 1435 rigorem
1342 1403 1358 1424 a
1374 1393 1546 1425 Veteribus
1562 1394 1624 1426 ess'e
1639 1395 1796 1426 laxatum:
1812 1402 1875 1424 non
1892 1402 1961 1432 pcr-

1089 1443 1178 1474 aeque
1199 1445 1228 1466 in
1249 1435 1418 1474 omnibus3
1435 1435 1486 1467 sed
1505 1437 1534 1467 in
1556 1435 1756 1476 usucapione.
1782 1443 1852 1466 nam
1870 1435 1909 1465 de
1927 1434 1961 1464 il-

1088 1478 1116 1509 la
1140 1476 1181 1508 fic
1205 1475 1311 1507 scribit
1337 1476 1356 1507 l.
1379 1486 1423 1517 13.
1443 1476 1469 1518 §.
1489 1486 1514 1508 1.
1541 1476 1582 1508 D.
1605 1479 1638 1507 cle
1659 1477 1756 1517 usurp.
1781 1475 1817 1510 δέ’
1843 1478 1964 1515 usucap.

1087 1518 1166 1550 Eum
1183 1518 1235 1559 qui
1258 1527 1276 1548 a
1292 1516 1405 1556 furiosi>
1428 1519 1500 1549 bona
1518 1517 1579 1557 fide
1595 1519 1679 1556 emit,
1703 1518 1855 1556 usucapere
1866 1516 1962 1556 peffe,
2005 1522 2007 1524 ·

1089 1564 1250 1599 responsum
1269 1556 1317 1599 eft.
1343 1557 1571 1596 PauluS,'cum
1591 1558 1651 1596 ait,
1674 1558 1755 1589 Boua
1767 1557 1846 1598 fide,
1869 1559 1962 1597 ponit

1090 1601 1193 1631 casum
1210 1600 1240 1630 in
1252 1609 1317 1640 quo
1328 1601 1397 1640 quis
1408 1601 1485 1631 emit
1502 1610 1518 1630 a
1533 1599 1669 1631 furioso:
1686 1600 1872 1637 arbitratus,
1890 1607 1964 1630 eum

1091 1642 1264 1681 baberejus
1282 1642 1460 1680 vendendi;
1475 1642 1505 1673 id
1521 1640 1586 1680 est,
1603 1640 1665 1672 effe
1683 1641 1866 1678 dominum,
1883 1639 1963 1671 &sa-
2016 1657 2018 1661 ν

1093 1693 1139 1715 nae
1153 1684 1285 1714 mentis:
1298 1683 1519 1723 permittitque
1537 1692 1578 1713 eo
1589 1684 1621 1714 in
1632 1681 1702 1713 casu
1719 1681 1942 1722 usucapionem
1953 1703 1963 1718 ,

1093 1725 1295 1765 quantumvis
1312 1723 1491 1756 destitutam
1507 1723 1583 1764 justa
1600 1723 1705 1761 causa,
1729 1723 1869 1761 alioquin
1885 1724 1915 1754 ln
1932 1731 1965 1753 u-

1092 1766 1263 1806 sucapione
1279 1765 1465 1797 neceffaria:
1482 1768 1608 1806 aitque,
1625 1767 1668 1796 ita
1684 1764 1746 1796 effe
1763 1764 1963 1804 responsum,

1091 1816 1185 1848 puta,
1210 1808 1355 1838 utilitatis
1372 1806 1477 1838 causa:
1500 1816 1570 1838 nam
1588 1806 1628 1838 fic
1646 1806 1715 1838 finit
1732 1807 1748 1838 l.
1769 1817 1796 1838 2.
1814 1805 1842 1847 §.
1864 1814 1907 1846 ¹5·
1925 1804 1962 1839 ὅ)

1095 1853 1141 1881 16.
1163 1848 1203 1879 D.
1222 1849 1278 1880 Pro
1293 1856 1422 1889 eiizptore.
1460 1848 1513 1879 De
1531 1848 1712 1880 Publiciana
1729 1848 1901 1879 videamus.
1924 1848 1967 1879 de

1092 1901 1128 1922 ea
1152 1894 1182 1921 in
1208 1890 1226 1921 l.
1242 1899 1270 1931 7.
1289 1890 1317 1932 §.
1336 1900 1362 1922 2.
1381 1890 1407 1920 b.
1427 1896 1447 1921 r.
1470 1890 1538 1922 haec
1562 1898 1672 1921 extant
1697 1887 1824 1928 Ulpiani
1849 1888 1966 1919 verba:

1092 1931 1257 1964 Marcellus
1272 1932 1320 1962 lui.
1341 1940 1386 1970 17.
1402 1929 1587 1972 Digestorum
1602 1924 1718 1970 scribit&
1736 1941 1801 1962 eum
1816 1931 1867 1971 qui
1882 1940 1899 1960 α
1908 1930 1964 1969 su-

1090 1975 1178 2010 riolo‚
1195 1974 1331 2014 ignorans
1341 1973 1526 2011 eumfarere,
1542 1975 1624 2010 emit,
1637 1971 1712 2012 pqffe
1725 1973 1884 2011 usucapere.
1907 1971 1960 2001 Sic

1091 2025 1131 2046 ex
1144 2014 1300 2046 Marcello
1312 2013 1479 2054 Ulpianus:
1498 2015 1527 2045 ὅτ.
1544 2024 1585 2045 ex
1602 2024 1642 2044 eo
1653 2013 1717 2054 ipse
1728 2022 1825 2052 porro
1843 2011 1963 2049 infert,

1093 2056 1172 2097 Ergo
1190 2055 1226 2090 &²
1245 2056 1446 2087 Publicianam
1463 2056 1584 2086 habebit.
1602 2054 1715 2086 Rursus
1734 2054 1760 2096 ᾗ.
1779 2063 1808 2091 a.
1829 2054 1892 2084 Sia
1909 2055 1971 2083 rui-2

1091 2106 1160 2127 nore
1177 2098 1242 2138 quis
1258 2098 1374 2134 emerit,
1389 2097 1526 2138 ignoraris
1542 2105 1606 2128 eum
1622 2098 1756 2128 minorem
1767 2095 1836 2136 effe,
1852 2095 1963 2126 habebit

1092 2139 1307 2170 Publicianam.
1346 2138 1397 2169 Sic
1415 2137 1588 2178 Ulpianus:
1612 2146 1646 2169 ut
1670 2146 1820 2183 apparet,
1842 2146 1858 2167 a
1875 2136 1971 2167 simili.
2006 2169 2009 2175 .

1092 2187 1328 2220 argumentatus
1344 2180 1380 2211 ad
1395 2179 1501 2211 fimile.
1521 2180 1563 2211 At
1573 2180 1665 2211 aliam
1683 2188 1763 2210 viam
1773 2179 1876 2209 tenuit
1888 2177 1965 2209 Pau-

1093 2222 1138 2253 lus
1155 2223 1183 2252 d.
1202 2221 1220 2252 l.
1233 2230 1259 2252 2.
1277 2220 1303 2262 §.
1326 2231 1371 2261 15.
1390 2220 1426 2255 ὅ)
1446 2225 1492 2253 16.
1510 2220 1830 2260 existimans,(quod
1846 2228 1965 2250 conve-

1094 2263 1140 2295 nit
1158 2262 1176 2293 l.
1198 2272 1244 2303 15.
1262 2262 1305 2293 1).
1326 2266 1358 2293 cie
1374 2262 1501 2304 legibus,
1525 2263 1555 2294 ἀ
1570 2262 1615 2294 est
1633 2262 1842 2299 veriffimum)
1859 2262 1910 2291 ubi
1929 2269 1964 2291 u-

1094 2304 1215 2335 tilitatis
1241 2303 1345 2342 causa,
1369 2303 1433 2335 sive
1449 2304 1517 2344 jure
1534 2304 1698 2345 singulari,
1721 2303 1798 2342 quid
1814 2301 1859 2332 est
1878 2310 1965 2333 rece·

1093 2354 1205 2385 ptum,
1231 2353 1264 2376 ut
1288 2346 1318 2377 in
1337 2345 1502 2385 propofito
1522 2346 1560 2377 de
1584 2343 1774 2384 usucapione
1796 2343 1968 2381 traditum;

1093 2395 1314 2426 argumentum
1340 2396 1356 2417 a
1380 2385 1468 2418 fimili
1493 2388 1531 2417 ad
1564 2386 1662 2418 fimile
1687 2393 1752 2416 non
1777 2385 1963 2424 procedere.

1092 2436 1189 2467 atque
1205 2429 1248 2458 ita
1265 2428 1324 2458 est:
1341 2428 1510 2459 secundum
1527 2427 1673 2465 Paulum,
1692 2435 1756 2457 non
1775 2425 1858 2456 valet
1874 2433 1964 2463 argu-

1093 2476 1402 2508 mentumarecepta
1419 2467 1607 2507 usucapione
1618 2469 1655 2499 ad
1673 2466 1887 2507 recipiendam
1906 2466 1966 2498 Pu-

1093 2510 1278 2545 blicianam:
1301 2509 1378 2541 ficut
1395 2519 1456 2541 nec
1478 2509 1561 2540 aftio
1583 2510 1622 2540 de
1640 2508 1823 2546 emenone,
1847 2515 1899 2538 aut
1917 2516 1967 2537 ac-

1093 2552 1188 2584 cessio
1207 2551 1420 2592 poffeffionss,
1443 2550 1629 2591 intelligitur
1651 2549 1713 2581 esse
1737 2548 1901 2581 conceffa:
1926 2557 1968 2580 eo

1094 2594 1181 2634 quod
1199 2602 1239 2624 ex
1256 2592 1356 2623 inutili
1375 2592 1434 2622 hac
1455 2594 1623 2632 emptione
1641 2592 1785 2622 utilitatis
1803 2591 1908 2628 causa,
1932 2591 1966 2621 id

1093 2634 1157 2672 est,
1180 2642 1216 2665 ut
1233 2634 1317 2671 dixi,
1333 2632 1476 2673 singulari
1490 2633 1577 2673 jure,
1593 2641 1723 2673 recepta
1740 2631 1785 2663 est
1801 2631 1961 2672 usucapio.

1093 2675 1121 2708 ls
1145 2674 1190 2706 est
1212 2674 1311 2706 sensus
1335 2674 1420 2706 Pauli
1439 2675 1466 2705 d.
1484 2677 1503 2705 t.
1523 2685 1550 2706 2.
1568 2675 1596 2716 §.
1618 2684 1665 2715 15.
1691 2673 1727 2708 {5⁹
1754 2678 1798 2705 16.
1824 2672 1972 2713 Ulpianov

1093 2716 1289 2750 contrarius,
1307 2715 1337 2747 Gt
1353 2715 1417 2747 fine
1432 2715 1485 2755 spe
1501 2726 1608 2756 pacis,
1625 2716 1780 2756 quidquid
1799 2716 1964 2755 excogite-

1094 2766 1144 2789 tur
1160 2767 1177 2788 a
1191 2756 1341 2788 felicibus
1355 2757 1382 2788 &
1400 2757 1490 2788 claris
1509 2757 1658 2798 ingeniis:
1674 2766 1746 2788 cum
1766 2764 1900 2795 uterque
1915 2755 1969 2795 Jue

1095 2798 1296 2831 risconsultus
1320 2802 1436 2831 eodem
1461 2798 1577 2831 vixerit
1597 2806 1762 2838 tempore;
1785 2798 1814 2829 ὅ(
1831 2798 1909 2829 alter
1925 2806 1967 2827 ae-

1097 2839 1208 2882 quitati
1225 2840 1313 2880 plus,
1337 2840 1416 2871 alter
1431 2838 1551 2879 minus,
1574 2839 1736 2871 indulserit
1753 2838 1900 2870 adversus
1921 2837 1964 2869 se-

1097 2881 1263 2913 veritatem
1285 2881 1378 2921 juris;
1402 2891 1508 2922 eoque
1532 2882 1562 2913 in
1581 2880 1712 2913 discidio
1731 2880 1805 2921 quid
1821 2878 1966 2912 maluerit

1095 2923 1237 2964 Populus
1254 2921 1436 2961 Romanus,
1453 2924 1497 2954 est
1516 2923 1608 2954 facti:
1626 2924 1656 2953 in
1676 2932 1740 2962 quo
1757 2921 1820 2953 fine
1835 2922 1964 2953 eviden-

1096 2973 1128 2996 te
1151 2963 1315 2995 vetustatis
1337 2964 1522 2996 testimonio
1546 2963 1650 2995 nostra
1668 2963 1870 2994 ratiocinatio
1887 2960 1963 2992 nihil

1095 3007 1133 3037 ad
1150 3006 1305 3046 liquidum
1314 3006 1473 3038 adducere
1483 3005 1606 3046 potest:
1623 3005 1792 3045 praesertim
1806 3004 1873 3044 pari
1888 3003 1964 3034 utri-

1094 3056 1196 3086 usque
1215 3047 1413 3078 auctoritate.
1837 3059 1841 3062 ·
1968 3074 1971 3081 Α

1136 3088 1182 3120 Ut
1207 3097 1241 3119 ut
1267 3089 1344 3120 erit:
1368 3089 1487 3121 Praetor
1510 3088 1598 3127 vult,
1621 3088 1759 3120 asturum
1782 3083 1972 3116 Publiciana.

1096 3129 1204 3162 emiss'e
1226 3128 1257 3161 id
1273 3130 1361 3170 quod
1385 3128 1533 3161 traditum
1550 3130 1580 3160 ἃ
1604 3129 1743 3161 nondum
1767 3125 1974 3166 usucaptium:

1097 3172 1205 3205 Unam
1221 3172 1366 3205 nominat
1382 3170 1570 3213 adquirendi
1588 3170 1721 3210 dominii
1737 3167 1883 3206 causam,
1895 3176 1966 3213 ein-

1882 3215 1965 3248 ptio-
