2052 3487
174 114 219 148 24

239 191 350 236 locique
368 188 482 234 fimiles
504 185 671 232 produntur
696 195 736 218 ex
762 183 874 218 Seneca
889 208 896 219 .
930 178 972 219 Εὖ)
1000 179 1161 225 Javolfflo.

775 94 1075 129 GERARDI
1124 88 1353 125 Noonr

1221 189 1275 222 15.
1307 179 1407 214 Verba
1440 170 1526 221 brec,
1570 188 1648 214 cum
1682 177 1743 213 alia
1776 178 1935 224 probatio

246 250 318 274 non
341 238 408 279 est,
434 247 512 271 cu.n
531 233 646 269 deficit
663 230 819 279 probatio
834 257 844 273 ,
878 228 901 264 si
933 229 1025 264 aliter
1044 230 1165 264 veritas
1183 227 1330 264 inveniri
1347 239 1415 263 non
1431 226 1549 273 poffit,
1578 225 1835 274 quitlfignificent
1859 230 1937 263 mul·

249 288 291 322 tis
316 288 348 321 in
373 286 452 321 locis.

180 404 207 427 1.
294 390 358 432 pud
389 388 560 429 Ulpianum
590 384 644 416 sub
672 383 767 414 titulo
801 383 844 415 D.
876 383 909 413 de
937 385 1033 414 verbo·

231 393 289 465 A
316 441 379 462 ram
395 428 607 470 fignificatione
631 424 673 457 fic
696 424 845 465 scriptum
872 423 917 455 est
938 433 966 454 c.
982 434 1032 463 42.

217 475 358 506 Probrum
376 471 411 505 &²
434 470 631 510 opprobrium,
655 467 684 496 id
704 464 761 505 est,
783 464 1034 509 probra-quadam

239 520 348 546 natura
365 513 461 551 turpia
469 511 544 550 sunt
559 532 568 546 ‚
593 508 721 549 quaedam
743 507 869 537 civiliter
891 505 927 540 ὠ)
951 504 1034 547 quasi

237 564 311 586 more
327 553 471 584 civitatis:
494 557 526 582 ut
539 555 614 590 puta
630 549 744 585 furtum
759 570 768 585 ‚
791 547 964 578 adulterium
980 556 1032 577 na-

238 603 307 627 tura
334 600 414 626 turae
437 590 483 633 esi.
532 591 689 622 Enimvero
717 588 811 619 tutelae
831 588 964 618 damnari
984 587 1034 618 hoc

238 647 296 668 non
313 627 421 666 natura
432 634 567 674 probrum
585 629 640 671 eft,
656 630 709 670 sed
724 639 797 659 more
812 630 960 660 civitatis:
983 637 1034 659 nec

239 679 314 708 enim
330 683 438 707 aarum
450 675 586 715 probrum
603 671 640 712 est
659 693 668 708 ‚
697 671 773 712 quod
788 668 878 711 potest
899 670 986 701 etiam
1002 670 1033 700 in

239 719 375 749 hominem
395 717 524 747 idoneam
547 714 678 744 incidere.

180 758 257 792 Hoc
277 759 498 799 Fragmentum
519 753 646 786 difficile
663 751 729 790 est;
754 752 783 783 ἀ
802 752 1035 793 interpretatio·

180 811 254 833 nem
272 801 448 840 pleniorem
475 796 583 836 exigit.
625 794 679 826 Ait
698 792 870 833 Ulpianus,
897 793 1036 824 Probrurn

182 842 219 877 ὃ)
240 841 425 881 opprobriam.
470 837 550 868 Haec
576 836 673 866 verba
699 835 773 874 quid
796 835 919 873 velint,
943 834 1035 865 latius

182 884 339 915 tradidere
365 879 508 917 Cujacins
544 878 573 908 ὣς
600 875 775 907 Goeddaeus
799 878 837 907 aa
860 877 906 906 tit.
936 874 977 906 D.
1004 876 1037 905 de

181 926 331 954 verborum
359 919 581 961 fignificatione.
632 917 761 948 Deinde
789 917 832 947 ait
865 915 1036 955 Ulpianus,

180 966 211 996 ia
226 962 273 1003 esi.
318 961 479 992 Accurfius
502 958 607 1000 legisse
634 960 779 996 Videtur,
813 959 885 989 itleln
904 955 966 997 est3
1004 966 1038 988 nt

181 1005 284 1036 senius
301 1003 337 1034 fit
351 1026 361 1041 ‚
397 1002 546 1041 probrum
576 1000 605 1031 δε
628 999 836 1039 opprobrium
857 999 940 1030 idem
959 997 1037 1029 esse:

181 1049 288 1086 itaque
306 1043 448 1075 nonnulli
465 1041 651 1079 restituunt3
677 1041 706 1072 &
725 1041 808 1071 bene
824 1063 833 1078 ‚
858 1048 892 1071 ut
914 1039 1038 1070 Alberi-

182 1097 238 1118 cus
262 1085 399 1117 Gentilis
424 1085 545 1114 monuit
571 1082 640 1123 post
663 1081 868 1113 Fornerium:
899 1082 1039 1118 addens,

182 1130 213 1159 id
230 1125 286 1168 est,
313 1135 371 1167 pro
395 1125 466 1155 idem
486 1123 542 1164 est,
569 1124 723 1155 diminute
741 1122 831 1153 scribi
856 1121 956 1153 solere
976 1133 982 1154 :
1007 1132 1038 1152 e-

179 1170 291 1210 jusque
312 1167 355 1198 rei
374 1167 468 1197 etiam
496 1166 606 1198 Petrus
630 1164 795 1196 Daconus
821 1164 984 1195 meminit:
1008 1172 1039 1193 a·

182 1212 248 1251 pud
273 1217 367 1247 quem
389 1207 478 1239 Nota
506 1208 574 1237 haee
598 1205 666 1238 1D’.
698 1205 733 1236 E.
769 1205 946 1245 explicatur
969 1205 1042 1235 taem

182 1250 239 1291 cst,
263 1249 356 1291 IDQ.
383 1258 440 1288 pro
463 1249 591 1288 idemque
606 1246 760 1278 scribitur.

224 1302 251 1322 2.
276 1291 328 1323 Ait
348 1299 444 1330 porro
468 1288 640 1329 Ulpianus,
665 1288 774 1320 Probra
796 1288 923 1330 quiedam
955 1293 1043 1318 natu-

182 1344 218 1364 ra
232 1334 327 1373 turpia
337 1332 427 1371 sunt,
450 1333 579 1372 quedam
596 1331 656 1361 ἃς.
699 1328 839 1360 Censent
860 1330 917 1359 viri
937 1328 1041 1367 docti,

184 1376 273 1406 hisee
300 1373 408 1404 verbis
436 1372 513 1403 nibil
538 1372 622 1402 aliud
649 1370 822 1411 significare
851 1369 1042 1409 Ulpianum,

185 1424 280 1456 quam
305 1414 456 1455 probrum
481 1411 509 1443 &
528 1412 735 1453 opprobrium
753 1411 814 1443 ess‘e
831 1411 928 1442 dnum
947 1420 1042 1452 gene-

184 1466 278 1489 rum:
311 1464 407 1486 unum
431 1462 561 1493 natura,
586 1453 719 1485 alterum
742 1453 880 1484 civiliter
903 1452 932 1483 Gt
960 1451 1044 1491 quafi

185 1506 277 1530 more
302 1496 460 1528 civitatis:
483 1504 592 1526 natura
615 1494 746 1535 quidem
768 1493 890 1525 furtum
914 1493 943 1524 &
958 1493 1044 1524 adul-

186 1539 321 1576 terium,
353 1536 404 1568 sed
424 1546 513 1569 more
534 1536 673 1567 civitatis
700 1535 938 1567 damnationem
962 1541 1044 1565 tute·

185 1580 235 1612 lae.
277 1579 328 1610 Sic
351 1579 408 1610 viri
427 1578 528 1610 dotti:
553 1577 606 1609 sed
628 1576 812 1615 infeliciter.

227 1631 255 1662 3.
271 1619 378 1651 Tutor
391 1620 474 1651 enim
491 1619 620 1650 autdoli
637 1627 690 1649 aut
707 1618 829 1649 latioris
841 1617 942 1658 culpze
959 1617 1044 1649 dam-

186 1671 288 1694 natur.
335 1661 377 1692 Et
401 1661 422 1692 fi
446 1661 509 1692 doli
530 1661 720 1698 damnatur:
753 1659 855 1699 palam
877 1658 941 1696 est,
973 1667 1046 1689 eum

186 1713 253 1735 non
278 1703 379 1734 minus
407 1710 534 1740 natura,
569 1710 661 1741 quam
686 1701 754 1741 jure
777 1700 889 1737 civili,
922 1701 1045 1730 notari:

187 1754 260 1776 nam
277 1745 396 1784 absque
418 1743 542 1784 legibus
558 1742 666 1781 foret3
691 1750 795 1773 tamen
811 1741 861 1773 illa
879 1741 953 1780 juris
972 1750 1046 1781 gen-

189 1786 267 1817 tium
292 1787 392 1822 ratio,
416 1785 444 1815 δὲ
463 1793 556 1824 quam
574 1791 683 1814 natura
701 1784 784 1814 inter
808 1783 954 1814 homines
971 1791 1045 1812 con·

189 1826 289 1859 stituit
306 1849 316 1866 ,
347 1832 537 1866 repugnaret
557 1824 708 1860 societas,
730 1832 797 1864 quo
820 1824 921 1855 minus
948 1823 1048 1853 homi-

189 1878 264 1900 nem
298 1867 419 1898 homini
453 1865 586 1898 insidiari
618 1867 665 1905 jus
693 1864 807 1905 fasque
839 1864 926 1895 effet.
977 1863 1048 1895 Pul-

192 1909 269 1940 chre
296 1909 414 1940 Cicero
434 1932 443 1945 ‚
475 1906 520 1938 De
546 1906 646 1948 officiis
665 1906 712 1938 lib.
738 1915 768 1946 3.
792 1905 948 1936 Rationem
965 1928 974 1944 ,
1007 1906 1050 1935 in·

193 1950 278 1990 quit,
303 1950 351 1980 hoc
372 1947 533 1989 postulare,
555 1958 590 1979 nt·
607 1949 677 1988 quid
699 1947 845 1986 infidiose,
868 1956 903 1978 ne
925 1947 995 1987 quid
1008 1944 1050 1982 fi-

193 1991 318 2028 vizulate,
341 2000 376 2020 ne
394 1989 627 2030 qziidfallaciter.
672 1988 706 2020 Id
726 1998 804 2019 vero
822 1988 843 2019 fi
860 1988 1050 2028 generaliter

195 2032 224 2062 ὅ(
243 2033 274 2062 in
295 2031 440 2062 omnibns
459 2033 579 2071 placet:
604 2038 724 2071 quanto
742 2031 838 2070 magis
858 2029 1050 2066 dicendum3

194 2082 267 2104 cum
290 2071 373 2103 frans
392 2072 435 2102 est
451 2072 573 2111 pupillo
595 2072 711 2103 innexa
731 2080 746 2101 a
766 2078 896 2101 tutore:
919 2070 1006 2109 cujus
1025 2069 1050 2099 is

194 2123 279 2144 curae
304 2112 440 2150 fideique
465 2114 585 2145 idcirco
613 2113 656 2144 est
680 2111 880 2149 eommiil'us,
910 2112 998 2150 quod
1021 2109 1051 2141 se

195 2154 261 2195 ipse
286 2164 342 2195 per
359 2155 555 2193 impuberem
574 2162 698 2185 aetatem
722 2153 897 2184 defendere
917 2162 979 2183 non
997 2161 1052 2191 po-

197 2196 281 2227 test?
313 2196 391 2232 Sed,
417 2204 449 2226 ut
468 2195 647 2227 Latiantius
665 2197 706 2225 ait
728 2194 774 2224 lib.
795 2198 824 2225 6.
850 2194 957 2225 Divin.
980 2190 1052 2233 Iasi.

195 2247 220 2268 c.
249 2246 295 2268 12.
320 2246 465 2276 magnum
493 2236 537 2268 est
560 2236 685 2276 justitiae
714 2245 793 2275 opus
813 2258 822 2274 ,
856 2235 993 2275 pupillos
1024 2235 1054 2264 (St

197 2278 308 2309 viduas
333 2278 500 2308 destitutos
518 2278 546 2308 ὅ(
564 2277 679 2308 auxilio
704 2276 883 2316 indigentes
902 2276 1054 2307 defende-

195 2329 258 2350 re:
295 2320 391 2358 idque
425 2318 570 2349 univer-lis
602 2314 734 2349 naturali
769 2319 840 2358 lege
872 2317 1052 2358 praescribi,

196 2369 263 2391 non
280 2368 400 2391 tantum
418 2359 586 2391 Christiani
609 2363 773 2396 novimus,
796 2368 835 2389 ne
854 2359 924 2397 quis
944 2366 1054 2399 putet,

196 2400 249 2432 sed
270 2402 298 2431 ἃ.
323 2400 504 2432 Gentilibus
529 2402 640 2441 procul
666 2400 765 2431 dubio
787 2399 896 2437 fuisse,
930 2409 970 2431 ex
993 2398 1053 2430 Lu-

198 2444 300 2473 cretio
331 2443 378 2473 lili.
411 2453 441 2483 5.
479 2442 585 2472 Rerum
615 2442 821 2477 naturalium,
858 2440 888 2472 &
913 2440 1055 2480 juvenali

198 2483 263 2514 Sat.
287 2492 339 2513 xv.
362 2485 434 2520 versL
464 2492 529 2523 131.
556 2482 682 2524 &seqq
708 2484 784 2513 item
810 2483 846 2512 A.
872 2481 980 2513 Gellio
1005 2482 1053 2513 lili.

198 2535 229 2565 5.
256 2523 397 2555 Nobilium
416 2524 584 2555 Atticarum
598 2531 659 2564 cap.
681 2533 727 2565 13.
747 2524 964 2563 intelligimus.
989 2522 1054 2555 Ne-

200 2574 264 2604 que
286 2565 368 2595 adeo
399 2567 505 2605 potuit
528 2565 710 2596 Lactantius
743 2565 930 2596 diffimulare
953 2566 980 2595 ci.
1005 2565 1055 2595 loc.

198 2606 271 2638 illos
291 2604 421 2644 sentire,
445 2614 552 2637 natura
568 2605 681 2646 justum
698 2604 759 2637 ess‘e
776 2629 785 2643 ,
817 2606 895 2637 tueri
924 2615 979 2638 eos
1004 2606 1057 2647 qui

200 2647 300 2678 tutela
318 2654 436 2678 carent.
481 2646 607 2679 Poss'ent
623 2647 690 2678 haec
711 2646 837 2678 stabiliri
856 2647 990 2687 plurium
1008 2657 1057 2678 au-

193 2687 324 2721 storum
347 2688 470 2726 punctis
498 2689 611 2728 quibus
636 2688 749 2720 tutoris
777 2688 870 2719 dolus
898 2697 1059 2719 anumera-

199 2735 251 2761 tur
278 2728 447 2761 iceleribus
470 2729 536 2769 jure
562 2730 694 2761 naturali
721 2737 773 2759 aut
800 2730 942 2768 gentium
968 2730 1056 2762 illici-

200 2771 261 2801 tis:
288 2770 341 2801 sed
359 2779 415 2801 cur
438 2771 600 2807 conabor,
624 2770 722 2801 solem
739 2769 862 2801 facibus
880 2770 1057 2802 illustrare?

199 2809 359 2843 Hesiodus
386 2819 489 2842 tamen
505 2835 516 2851 ‚
548 2813 620 2851 quia
642 2811 784 2842 omnium
804 2811 897 2842 instar
919 2813 982 2851 est,
1006 2821 1058 2843 au-

201 2853 314 2884 diatur.
363 2851 478 2884 Versus
508 2851 638 2884 Hefiodi
664 2852 695 2883 in
723 2853 848 2893 vulgata
873 2852 1059 2893 interpreta-

200 2894 292 2966 {iolne
309 2893 340 2925 in
363 2893 503 2934 Operibus
519 2893 554 2927 &⁹
573 2894 669 2924 diebus
685 2894 757 2930 vers.
778 2897 847 2934 3¹8·
868 2892 904 2927 ὅ)
918 2896 994 2936 seqq.
1019 2895 1060 2926 fic

226 2943 242 2965 a
268 2942 332 2966 ent.

243 2975 320 3016 Opes
343 2985 409 3006 vero
434 2985 491 3006 non
511 2975 684 3016 rapiendae:
714 2975 859 3007 divinitus
892 2977 966 3008 enim
990 2978 1062 3009 datce

279 3017 365 3047 multo
384 3018 527 3047 meliores:

242 3057 275 3087 Si
292 3060 355 3097 quir
372 3066 495 3099 namque
513 3056 549 3092 &⁹
564 3057 697 3088 manibus
708 3063 761 3098 per
782 3058 844 3089 vim
864 3068 984 3100 magnas
1000 3065 1062 3099 opes

281 3101 422 3135 traxerit,

242 3137 309 3169 Aut
330 3138 431 3179 lingna
442 3139 594 3180 spoliarit,
616 3139 743 3180 (qualia
765 3140 858 3171 multa

244 3178 354 3218 Fiunt,
377 3190 462 3220 quarn
473 3183 598 3221 prinnini
616 3181 692 3214 lucri
703 3191 780 3214 amor
790 3186 910 3213 mentem
927 3182 1062 3222 deceperit

1115 382 1296 414 Hominum:
1323 383 1457 422 pudorem
1482 393 1548 415 vero
1570 385 1750 425 'impudentia
1772 384 1939 426 expulerit)

1115 424 1209 504 hascile
1226 423 1269 495 l&
1294 423 1375 454 illum
1397 426 1547 464 obscurant
1567 425 1624 458 Da·
1641 450 1650 466 ,
1680 427 1856 457 minuuntur
1871 435 1938 457 vero

1170 474 1227 495 (imi
1242 475 1273 495 ΗΕ

1119 505 1194 537 Viro
1212 505 1272 536 illi:
1286 507 1423 546 exiguum
1443 516 1509 538 vero
1526 509 1564 539 ad
1581 514 1689 548 tempus
1702 507 1813 538 divitia
1822 508 1939 544 adsunt.

1115 546 1181 578 Par
1197 545 1235 587 eft
1250 545 1401 586 delicium,
1415 546 1445 585 fi
1460 551 1523 589 quis
1539 550 1697 590 supplicem
1717 549 1752 583 ἐξ
1771 549 1907 589 hospitem

1154 589 1226 618 malo
1244 585 1364 627 adficiat
1374 610 1384 626 ,

1117 628 1236 671 Quique
1255 628 1359 667 fratris
1373 630 1419 664 sui
1436 631 1542 662 cubilia
1561 630 1753 668 craft-endem,

1115 670 1233 702 Furtivi
1248 670 1333 708 causa
1348 672 1511 702 concubitus
1520 674 1620 703 uxoris
1630 696 1637 711 ‚
1643 672 1784 711 scelerata
1793 676 1921 711 patrans
1931 693 1942 710 ,

1118 711 1237 783 Quique
1252 711 1330 742 mala
1349 712 1511 753 cujuspiam
1520 714 1633 753 fraude
1651 713 1786 753 deceperit
1804 713 1943 753 orphanos

1168 754 1267 783 iberos.

1119 793 1237 837 ‚Quique
1256 798 1404 833 parentem
1415 795 1514 834 senem
1536 795 1632 835 misero
1654 796 1686 826 in
1698 794 1820 835 seneciae
1845 793 1944 826 limine

1119 836 1236 867 frobris
1253 835 1410 874 adfecerit,
1431 836 1575 877 gravibus
1593 836 1727 877 inceffens
1740 837 1845 867 verbis.

1119 876 1203 908 Huic
1219 883 1291 906 certe
1312 875 1433 916 Jupiter
1454 877 1609 916 irascitur,
1633 880 1670 908 acl
1694 883 1853 909 extremum
1875 886 1943 909 vcro

1122 919 1178 949 Pro
1196 919 1324 957 operibus
1343 918 1451 958 iniquis
1464 927 1586 959 gravem
1602 919 1714 949 exhibet
1737 919 1880 950 talionem.

1120 968 1149 998 4.
1177 958 1218 988 At
1242 957 1320 988 ficut
1350 958 1380 989 in
1414 958 1575 999 superiore
1606 960 1712 1000 specie
1742 961 1773 991 in
1805 969 1869 1000 qua
1899 960 1943 990 ob

1082 1000 1192 1030 dolum
1215 999 1447 1030 condemnatur
1473 1007 1578 1038 tutor,
1602 1001 1710 1032 locum
1735 1010 1799 1032 non
1825 1001 1946 1032 babent

1081 1040 1209 1081 Ulpiani
1235 1039 1355 1079 verba;
1388 1041 1459 1080 quia
1483 1049 1548 1072 tum
1577 1050 1641 1072 non
1665 1042 1767 1073 minus
1784 1043 1851 1082 Jure
1869 1051 1946 1083 gen-

1083 1084 1181 1120 tium,
1205 1090 1298 1121 quam
1319 1091 1409 1112 more
1431 1081 1587 1120 civitatis,
1609 1081 1797 1114 infamatur:
1827 1083 1869 1114 ita
1887 1082 1946 1114 fal-

1082 1123 1112 1154 sa
1138 1122 1207 1154 sunt
1224 1145 1234 1161 ,
1264 1121 1285 1153 fi
1304 1123 1341 1153 ad
1364 1123 1456 1153 latam
1481 1125 1769 1154 accommodentur
1796 1123 1945 1164 culpam:

1084 1164 1156 1205 quia
1174 1164 1217 1195 ob
1238 1163 1318 1194 hanc
1343 1164 1525 1203 damnatus,
1557 1173 1663 1204 neque
1685 1164 1754 1205 jure
1776 1165 1918 1205 gentium
1933 1187 1946 1203 ,

1084 1214 1190 1246 neque
1219 1214 1310 1236 more
1335 1205 1474 1236 civitatis
1490 1228 1499 1243 ‚
1538 1205 1711 1245 probrosus
1742 1205 1795 1237 est.
1821 1205 1877 1237 etsi
1898 1205 1946 1237 fa-

1086 1255 1154 1278 tear
1172 1269 1182 1284 ,
1213 1245 1233 1277 fi
1261 1245 1324 1276 fola
1348 1245 1589 1277 considerentur
1616 1246 1720 1278 Edicti
1748 1247 1845 1278 verba
1876 1256 1948 1287 quae

1086 1295 1199 1319 extant
1225 1288 1255 1318 in
1286 1288 1305 1318 l.
1329 1296 1354 1318 1.
1379 1286 1422 1320 D.
1444 1288 1477 1317 de
1502 1288 1545 1317 his
1570 1288 1622 1328 qui
1640 1293 1780 1319 notantur
1803 1288 1948 1327 infamia,

1087 1329 1139 1360 vix
1159 1327 1220 1359 ess'e
1239 1351 1261 1366 ,Ι
1281 1336 1315 1359 ut
1339 1328 1378 1359 ab
1404 1327 1534 1359 infamia
1554 1328 1647 1368 poffit
1672 1328 1812 1365 excusari
1838 1336 1947 1369 tutor,

1088 1378 1288 1411 quacumque
1312 1370 1436 1400 ratione
1469 1367 1523 1400 suo
1555 1370 1686 1401 nomine
1714 1370 1878 1403 damnatus
1902 1371 1949 1401 di-

1087 1411 1176 1443 recto
1194 1410 1324 1450 judicio.
1350 1410 1477 1441 interim
1503 1417 1537 1441 ut
1560 1411 1591 1441 in
1609 1411 1770 1451 plerisque
1789 1412 1856 1444 aliis
1874 1421 1949 1444 curn

1087 1452 1248 1493 Legibus,
1272 1459 1340 1483 tum
1359 1450 1497 1490 Editus,
1522 1450 1660 1484 factum:
1684 1453 1727 1483 ita
1745 1452 1775 1484 in
1804 1453 1869 1484 hoc
1892 1453 1951 1484 ob·

1088 1492 1219 1525 servaffe
1238 1493 1386 1524 videntur
1401 1491 1619 1532 Jurisconsulti
1634 1503 1644 1531 ;
1676 1501 1710 1525 ut
1727 1493 1833 1525 Edisti
1851 1494 1950 1525 verba

1087 1535 1127 1566 ab
1143 1535 1209 1575 ejus
1233 1541 1341 1565 mente
1359 1533 1598 1571 dil'cernerent3
1622 1534 1652 1566 ὅ(
1670 1544 1742 1567 cum
1759 1536 1950 1576 generaliter

1088 1576 1230 1608 ediceret
1254 1575 1394 1614 Praetor,
1418 1574 1546 1606 infamia
1565 1577 1669 1607 notari
1695 1585 1767 1608 eum
1795 1577 1849 1617 qui
1868 1583 1952 1607 tute·

1087 1618 1124 1650 1ae
1149 1617 1203 1650 suo
1235 1617 1365 1648 nomine
1397 1625 1463 1647 non
1491 1618 1654 1648 contrario
1680 1618 1801 1658 judicio
1828 1618 1952 1648 damna-

1089 1666 1138 1690 tus
1158 1659 1245 1697 erit;
1275 1658 1410 1689 multum
1435 1656 1556 1689 referre
1578 1658 1813 1698 existimarent,
1844 1667 1952 1690 utrum

1090 1701 1133 1731 ob
1160 1699 1270 1731 dolum
1288 1722 1298 1738 ‚
1329 1708 1367 1730 an
1394 1699 1438 1730 ob
1461 1699 1608 1739 culpam,
1641 1700 1684 1731 ob
1702 1701 1854 1732 malitiam
1873 1723 1882 1739 ,
1912 1709 1953 1731 an

1091 1742 1134 1772 ob
1149 1740 1358 1781 ignorantiam
1369 1763 1378 1778 ‚
1402 1741 1624 1780 damnaretur3
1657 1741 1954 1782 ignoscendumque

1091 1782 1151 1814 esse
1172 1782 1215 1813 illi
1231 1804 1240 1821 ,
1261 1781 1282 1813 si
1301 1784 1339 1812 ad
1358 1789 1526 1821 peccatum
1544 1782 1748 1822 ignoranter,
1770 1782 1954 1822 impruden-

1092 1832 1159 1863 ter,
1182 1824 1373 1863 incauteque
1398 1822 1576 1862 laberetur3
1609 1823 1734 1855 veniam
1758 1832 1836 1855 vero
1854 1823 1952 1855 habe-

1091 1874 1144 1903 re,
1168 1863 1189 1895 fi
1208 1864 1307 1894 sciens
1329 1871 1495 1903 peccaret,
1523 1873 1588 1895 non
1608 1872 1772 1904 oportere.

1129 1917 1159 1946 5.
1186 1904 1288 1944 Hujus
1307 1904 1536 1936 observationis
1559 1914 1629 1945 quae
1651 1905 1755 1937 habeo
1773 1905 1954 1938 testimonia

1092 1947 1368 1984 documentaque,
1401 1947 1510 1985 paucis
1534 1946 1706 1977 adscribam
1731 1948 1846 1979 verbis.
1889 1947 1954 1978 Pri-

1093 1996 1179 2019 mum
1207 1987 1290 2024 erit,
1324 1988 1409 2027 quod
1439 1988 1544 2026 paflim
1577 1988 1705 2027 explosa
1733 1989 1777 2019 est
1802 1988 1955 2019 sententia

1094 2037 1205 2060 eorum
1226 2028 1278 2066 qui
1298 2027 1468 2065 deliniunt,
1497 2028 1602 2058 omnia
1619 2028 1831 2068 peccata.cffe
1849 2030 1953 2068 paria;

1093 2079 1199 2110 neque
1229 2069 1375 2109 sapientis
1408 2068 1469 2102 effe
1489 2092 1498 2104 ,
1528 2070 1720 2109 ignoscere:
1751 2071 1801 2102 vel
1832 2071 1956 2101 Seneca

1094 2111 1173 2143 teste
1191 2111 1238 2141 lib.
1259 2121 1287 2141 2.
1307 2109 1354 2140 De
1370 2109 1515 2140 clementia
1534 2120 1557 2141 c.
1575 2121 1604 2148 5.
1623 2109 1658 2144 ὅ)
1675 2112 1748 2152 seqq.
1768 2111 1797 2142 &
1818 2111 1951 2142 Cicero-

1095 2162 1134 2184 ne
1149 2151 1368 2193 proMuraena3
1391 2160 1432 2181 ne
1449 2151 1524 2189 quid
1544 2151 1585 2182 de
1600 2152 1712 2184 nollris
1733 2152 1852 2192 dicam,
1871 2151 1955 2194 apud

1096 2203 1176 2234 quos
1200 2202 1236 2223 ea
1258 2202 1306 2224 res
1331 2192 1496 2223 certiffima
1514 2192 1567 2223 est.

1133 2239 1162 2265 6.
1187 2234 1329 2266 Alterum
1354 2242 1573 2273 argumentum
1608 2233 1651 2265 est
1669 2257 1678 2272 ,
1716 2235 1803 2275 quod
1833 2233 1955 2265 Praetor

1097 2275 1160 2316 ipse
1178 2299 1186 2313 ‚
1217 2283 1408 2314 quamquam
1440 2275 1471 2305 in
1501 2274 1617 2306 Edicto
1644 2277 1836 2316 generaliter
1859 2283 1955 2314 atque

1095 2317 1272 2349 indistinete
1305 2316 1445 2355 loquitur
1480 2316 1521 2347 de
1553 2317 1702 2348 notandis
1735 2317 1782 2350 his
1815 2317 1867 2357 qui
1900 2316 1954 2347 suo

1097 2359 1227 2390 nornine
1251 2358 1386 2388 damnati
1414 2365 1507 2387 erunt
1530 2358 1637 2388 tutelae
1664 2358 1789 2390 direetis
1810 2357 1955 2398 judiciis:

1098 2408 1203 2431 tamen
1236 2399 1274 2429 al)
1295 2397 1424 2430 infamia
1450 2398 1563 2430 liberat
1591 2401 1755 2430 damnatos
1786 2399 1955 2430 contrariis

1095 2441 1238 2482 Judiciis3
1261 2449 1316 2478 ac,
1340 2438 1393 2470 nisi
1411 2438 1505 2470 fallor
1519 2463 1528 2478 ‚
1552 2439 1691 2471 ostendit
1706 2441 1761 2472 illo
1782 2440 1932 2479 exemplo
1946 2462 1957 2477 ,

1099 2485 1169 2523 quis
1189 2482 1309 2513 animus
1337 2481 1402 2520 ejus
1426 2480 1462 2512 fit
1488 2482 1584 2512 etiam
1608 2482 1639 2512 in
1665 2481 1790 2512 directis
1810 2481 1956 2521 judiciis:

1099 2523 1271 2565 praesertim
1291 2531 1363 2553 cum
1381 2530 1486 2562 neque
1504 2522 1634 2553 dubium
1650 2522 1705 2561 fit3
1729 2523 1805 2563 quin
1822 2522 1843 2554 fi
1859 2531 1958 2554 unum

1101 2566 1151 2597 vel
1171 2565 1304 2596 alterum
1317 2564 1388 2605 lege
1406 2564 1622 2595 introductum
1641 2563 1706 2602 est,
1729 2564 1814 2595 bona
1829 2561 1957 2594 occasio

1099 2606 1162 2645 s1t,
1196 2613 1310 2636 caetera
1340 2613 1411 2644 quae
1438 2605 1573 2636 tendunt
1603 2605 1641 2635 ad
1668 2605 1813 2636 eamdem
1844 2604 1958 2635 utilita-

1101 2657 1186 2685 tem,
1216 2647 1268 2678 vel
1287 2646 1553 2686 interpretatione
1578 2646 1629 2677 vel
1652 2646 1869 2686 jurisdictione
1888 2643 1958 2684 sup-

1100 2689 1178 2730 pleri
1195 2689 1215 2719 l.
1237 2697 1285 2719 12.
1309 2686 1345 2721 δ’
1372 2696 1417 2728 13.
1442 2685 1484 2717 D.
1512 2687 1545 2717 de
1558 2686 1675 2728 legibus.
1717 2686 1780 2718 Sed
1800 2685 1958 2727 Ulpianus

1102 2731 1239 2762 animum
1267 2729 1413 2760 Praetoris
1438 2728 1525 2759 illum
1547 2737 1641 2768 quem
1666 2727 1751 2767 dixi,
1783 2737 1824 2759 ex
1840 2728 1960 2758 eodem

1100 2771 1262 2812 principio
1281 2780 1356 2801 vere
1373 2769 1402 2800 ἃ
1419 2769 1551 2810 pulc'nre
1568 2769 1717 2808 exprimit
1734 2769 1754 2800 l.
1775 2773 1804 2800 6.
1822 2768 1851 2810 §.
1869 2778 1897 2809 7.
1913 2767 1957 2800 D.

1101 2815 1133 2844 de
1155 2813 1199 2843 his
1215 2813 1266 2853 qui
1278 2816 1417 2842 notantur
1431 2811 1572 2850 infamia:
1596 2810 1768 2850 contrario,
1791 2811 1958 2850 inquiens,

1096 2855 1207 2896 judicio
1224 2854 1394 2884 damnatum
1410 2861 1467 2882 non
1484 2851 1535 2892 effe
1551 2852 1708 2891 infamem,
1737 2861 1787 2883 nec
1800 2852 1959 2887 immerit03

1103 2905 1171 2926 nam
1191 2896 1222 2925 in
1244 2894 1395 2924 contrariis
1416 2893 1432 2932 (
1442 2893 1592 2933 judiciis)
1616 2902 1672 2923 non
1695 2895 1728 2923 de
1744 2892 1869 2933 perfidia
1890 2891 1959 2932 ogi,

1095 2938 1149 2977 sed
1172 2937 1205 2966 cie
1227 2934 1332 2966 calculo
1347 2957 1355 2971 ‚
1378 2935 1429 2975 qui
1445 2935 1511 2974 fere
1519 2934 1629 2975 judicio
1639 2934 1712 2972 solet
1734 2935 1842 2965 dirimi.
1886 2932 1960 2964 Cla·

1104 2987 1138 3009 re
1156 2978 1240 3008 enim
1266 2974 1420 3016 Ulpianus
1445 2974 1530 3014 duo,
1563 2974 1645 3015 quasi
1669 2983 1756 3006 certa
1779 2981 1874 3014 atque
1905 2982 1959 3004 ex-

1104 3019 1227 3058 plorata
1242 3040 1251 3055 ‚
1285 3017 1396 3048 tradit:
1419 3017 1574 3057 primum,
1598 3015 1745 3048 Praetoris
1767 3014 1883 3046 Edicto
1901 3023 1959 3045 no-

1104 3060 1161 3090 tari
1180 3058 1344 3099 perfidiam
1361 3067 1371 3095 3
1401 3056 1539 3089 excusari
1558 3066 1718 3096 errorem3
1748 3056 1778 3087 &
1802 3055 1960 3096 quidquid

1104 3100 1244 3140 perfidiae
1268 3099 1481 3140 appellatione
1497 3108 1563 3130 non
1586 3099 1786 3130 continetur:
1816 3097 1933 3127 deinde
1948 3119 1959 3134 ‚

1103 3150 1168 3172 non
1188 3141 1250 3173 effe
1269 3139 1442 3179 infamem,
1475 3141 1526 3181 qui
1552 3139 1596 3171 est
1613 3139 1775 3170 damnatus
1797 3137 1960 3169 contrario

1104 3183 1212 3214 tutelae
1233 3182 1364 3223 judicio.
1388 3182 1494 3221 clare,
1517 3182 1670 3222 inquam:
1700 3188 1773 3212 nam
1796 3179 1961 3211 damnatus

1886 3228 1964 3251 con-
