2036 3495
163 148 235 184 324
585 131 618 164 G
653 139 673 161 E
705 138 728 162 R
761 138 782 161 Λ
816 136 839 161 R
872 136 896 161 D
929 135 942 158 1

172 225 282 268 rustica
306 235 330 256 c.
349 227 415 262 148.
438 218 524 259 quod
548 225 654 249 autern
681 216 799 260 moris,
823 215 852 246 &
876 212 1043 260 consuetu·

172 268 252 300 dinis
270 265 335 302 est,
358 265 391 295 in
415 262 505 292 bonae
529 258 604 290 fidei
627 257 750 298 judiciis
782 257 878 287 debet
893 264 1002 287 venire
1023 254 1043 286 l.

173 320 221 350 31.
236 309 264 350 §.
284 316 332 339 20.
349 305 390 335 D.
408 303 442 332 de
457 301 575 332 AEdz'lit.
595 298 691 331 Εαῖξί.
737 298 771 330 Id
789 297 856 329 ficri
874 297 943 342 sinit
960 295 1044 336 rigor

170 345 258 392 juris.
303 346 355 378 De
370 351 489 375 caetero
507 342 705 383 probandum
732 340 798 371 hoc
819 338 943 377 Ulpiani
961 340 987 369 cl.
1011 338 1041 379 §.

174 402 204 433 3.
227 391 246 421 Ι.
264 398 290 419 1.
315 387 349 417 Si
363 392 459 415 tamen
481 393 547 415 cum
567 382 654 424 poffet
676 381 840 423 effundere,
863 389 920 410 non
947 379 1028 420 effurz

173 433 233 468 dit,
256 427 422 460 laudandus
446 423 484 465 est
503 426 612 466 potius.
657 424 759 455 Merae
785 421 829 453 est
852 421 917 466 hoc
934 420 1042 466 huma-

169 471 297 507 nitatis,
320 469 350 500 &
365 467 487 508 praebet
502 465 686 506 exemplum
706 465 860 508 Praecepti
873 463 975 502 juris,
999 465 1042 509 dl:

171 512 272 545 stinCti
300 520 315 540 a
344 509 473 550 Reguiis
496 508 592 547 Juris:
617 510 654 537 de
681 516 742 547 qua
766 504 967 536 distinetione
992 513 1042 544 egi

170 554 218 585 lib.
241 563 267 585 1.
287 551 347 583 Tit.
367 561 392 583 1.
418 550 464 581 De
475 547 595 591 justitia
612 547 745 589 &jum
770 547 797 578 ἃ
816 546 941 591 plenius
957 545 1041 585 Julio

172 595 270 627 Paulo
287 600 387 634 apen.
406 592 442 626 δέ)
460 593 513 622 ult.
564 589 679 621 Adfert
695 598 771 620 mox
791 589 943 632 Ulpianus
964 596 1040 624 prae-

171 643 222 668 ter
249 634 387 677 superius
411 636 438 664 ci.
467 633 496 675 §.
515 642 542 672 3.
568 630 604 666 &⁹
629 641 656 669 4.
681 629 776 661 etiam
803 630 860 660 alia
884 636 1041 674 tempera-

168 686 278 710 menta
304 677 481 717 aequitatis,
507 673 599 713 digna
623 672 706 712 legi:
729 680 792 702 non
810 670 1044 715 tamen-adscri-

171 720 304 757 bcnda3
340 718 412 757 quia
436 725 498 747 non
526 714 703 745 desiderant
726 713 1042 750 interpretationem:

172 761 225 792 nili
249 760 472 800 exponendum
492 757 560 795 quis
576 763 689 794 putet,
714 754 790 794 quid
806 755 836 784 in
855 751 882 793 §.
901 762 917 788 i
953 751 1042 793 figni-

172 800 250 833 ficet
275 802 356 833 hoc:
380 799 552 830 finientium
579 797 654 837 quod
681 795 796 826 Veteres
822 800 969 834 putarunt
992 801 1045 834 per

170 846 278 874 corbem
300 842 476 873 venditorem
501 847 665 878 mensuram
690 838 790 875 facere
822 835 858 870 δ’
884 834 1041 876 effundere,

172 885 224 916 scd
242 885 273 915 id
288 883 351 924 jam
373 880 546 921 occupavit
568 878 612 910 D.
631 876 778 920 Cujacius
806 876 855 907 lib.
876 886 902 907 2*
924 876 1042 918 Observ.

169 936 194 958 c.
238 930 267 956 6.
314 954 316 958 ,

209 935 504 1002 8311111111811106161,
529 961 619 994 dietis
644 961 796 992 haftenus
815 969 884 1001 quae
906 959 1042 990 dicenda

171 1016 259 1041 erant
279 1008 318 1038 de
339 1007 431 1038 rebus
449 1006 608 1045 pondere,
635 1012 788 1040 numero,
812 1010 865 1032 aut
883 1000 1041 1039 mensura,

169 1047 404 1085 constantibus,
429 1046 571 1078 ulteriori
598 1053 728 1085 parcere
751 1044 869 1074 labori:
895 1041 949 1072 11111
973 1051 990 1071 e
1009 1051 1041 1072 re

170 1091 266 1128 esset,
297 1089 482 1130 quantitatis
513 1098 528 1118 a
559 1095 695 1126 corpore
723 1084 951 1130 distinguendae
978 1091 1041 1123 gra-

169 1133 231 1171 tia,
254 1132 359 1163 adhuc
384 1130 488 1170 subjici
517 1128 605 1168 quod
629 1126 780 1166 Ulpianus
803 1135 833 1156 in
859 1125 877 1155 l.
900 1134 945 1156 10.
965 1123 991 1165 §.
1018 1133 1042 1154 1.

168 1175 196 1206 h.
216 1181 236 1206 t.
254 1173 372 1211 refert,
396 1172 574 1204 Scaevolam
592 1178 632 1200 ex
649 1168 773 1208 Juliano
793 1175 922 1203 notare,
938 1165 1042 1196 fundo

167 1216 207 1247 ad
232 1213 408 1247 mensuram
434 1213 588 1248 vendito,
620 1210 648 1240 ὅ(
676 1209 780 1249 pretio
803 1207 863 1247 (fic
886 1208 1041 1246 arbitror)

167 1258 199 1289 111
217 1257 333 1298 singula
350 1258 460 1296 jugera
482 1251 680 1289 constitute,
704 1258 885 1289 emptorem
901 1271 910 1287 ,
934 1247 954 1280 fi
970 1257 1041 1289 pars

167 1298 260 1330 fundi
288 1296 372 1336 prius
395 1304 489 1337 quam
522 1292 665 1326 mensura
691 1290 782 1322 fieret
800 1314 808 1327 ,
840 1291 945 1330 aliquo
970 1288 1041 1319 casu

168 1339 351 1375 interierit,
383 1337 475 1368 fundi
511 1335 642 1366 nomine
675 1342 738 1363 non
765 1332 852 1376 poffe
875 1340 968 1370 agere
999 1340 1039 1361 ex

168 1388 280 1421 empto
296 1379 432 1411 afflone.
449 1377 542 1418 poffit
560 1376 643 1407 enim
663 1374 747 1412 hoc,
771 1372 822 1404 11111
841 1381 1039 1411 exponatur,

166 1422 260 1454 alicui
292 1419 460 1452 obscurum
488 1418 599 1448 videri.
649 1415 710 1446 Sed
743 1424 777 1445 tu
816 1414 889 1444 mihi
916 1415 1040 1452 crede,

168 1464 256 1504 quod
287 1461 417 1492 vendito
447 1459 567 1496 fundo,
592 1457 657 1496 ejus
682 1455 798 1486 finibus
824 1456 909 1486 ultro
925 1455 1040 1493 certis,

168 1504 223 1536 etti
246 1505 371 1534 incerto
392 1502 534 1542 jugerum
560 1506 695 1529 numero
712 1517 721 1535 ‚
752 1496 876 1541 iuliano
902 1497 1040 1542 placuit,

166 1545 281 1577 faciam
306 1542 368 1574 ess‘e
393 1540 614 1572 venditionem
639 1547 785 1578 corporis
806 1539 873 1569 noti
893 1540 921 1569 ot
938 1546 1040 1576 certi,

166 1596 203 1618 ac
221 1586 307 1626 cujus
325 1582 516 1622 perfectioni
535 1582 673 1621 proinde
701 1579 780 1610 nihil
801 1578 888 1610 deiit.
934 1578 1040 1610 Verba

165 1628 290 1668 Ulpiani
309 1625 329 1657 11
349 1626 418 1665 quis
436 1625 594 1663 requirat,
619 1621 688 1652 liaec
703 1620 786 1652 sunt:
812 1620 848 1651 In
870 1620 1037 1660 lilnossptz'-

167 1679 211 1701 mo
232 1665 413 1709 Digestorum
432 1665 562 1710 Julimii
584 1662 712 1695 Scaevola
735 1668 826 1693 notat.
872 1661 968 1692 Fundi
990 1671 1038 1691 no-

167 1712 243 1741 mine
269 1714 376 1749 emptor
405 1716 487 1748 agere
509 1715 566 1737 non
590 1701 695 1744 potest,
728 1714 792 1735 cum
815 1705 897 1742 prius
914 1726 923 1742 ,
954 1712 1043 1744 quum.

166 1754 301 1787 mensura
310 1749 393 1790 fieret
411 1773 420 1786 ,
445 1748 634 1779 inundatione
651 1755 795 1786 aquarum
812 1752 863 1775 ani
880 1746 1041 1782 chasmate,

166 1794 259 1825 aliove
273 1802 326 1834 quo
345 1795 431 1827 calu,
452 1796 520 1830 pars
534 1788 629 1828 fundi
644 1788 793 1818 interierit.
828 1787 967 1826 Julianus
985 1795 1039 1824 pu-

166 1834 265 1871 tavit,
289 1833 424 1864 vendito
445 1832 484 1862 ad
509 1829 684 1862 mensuram
708 1827 831 1872 fundo,
855 1826 942 1868 (ipso
961 1827 1040 1858 inte·

165 1886 225 1917 gro
245 1876 274 1906 &
293 1874 351 1905 suis
370 1872 483 1905 finibus
507 1871 660 1903 definito:
685 1879 754 1901 nam
784 1879 809 1900 is
832 1869 863 1900 in
891 1869 909 1899 l.
926 1872 976 1900 60.
992 1875 1038 1909 pr.

168 1916 239 1959 &³§
267 1927 294 1948 2.
315 1915 354 1946 Ι).
377 1920 410 1946 ae
425 1915 503 1945 verb.
517 1912 623 1954 fignif.
647 1910 692 1942 est
710 1910 847 1950 fundus)
871 1910 1038 1942 liberatum

166 1959 207 1991 ab
223 1964 371 1997 emptore
389 1955 452 1987 esse
470 1957 687 1986 venditorem:
712 1951 733 1983 11
756 1951 844 1983 fundi
863 1961 931 1992 pars
949 1953 1039 1995 inun-

164 2001 296 2032 datione
329 2007 480 2038 aquarum
499 2020 509 2034 ‚
547 1995 653 2026 aliove
683 2003 749 2034 quo
786 1993 855 2024 casu
884 1993 1041 2023 interierit

165 2042 273 2082 prius,
300 2049 393 2080 quam
411 2038 552 2069 mensura
568 2036 675 2067 fieret:
693 2044 763 2066 nam
782 2034 958 2075 periculum
977 2043 1039 2064 em—

166 2081 267 2124 ptoris
296 2081 374 2112 ess'e:
397 2090 438 2111 eo
462 2079 549 2119 quod
572 2077 674 2109 fundo
703 2076 757 2108 illo
782 2075 914 2107 vendito
932 2099 941 2114 ,
969 2075 1040 2116 jure

168 2123 335 2155 venditum
359 2122 404 2153 est
421 2131 533 2159 corpus
558 2119 735 2159 integrum,
758 2118 801 2148 ita
819 2126 950 2154 notum,
973 2126 1039 2147 cer-

168 2173 254 2202 tum,
280 2174 316 2196 ac
333 2162 478 2201 finitum3
503 2162 532 2192 ὃς
551 2161 720 2200 emptionis
738 2159 896 2198 perfectio
917 2159 948 2189 in
968 2168 1043 2198 prae-

168 2206 268 2238 sentia
295 2205 372 2237 nihil
398 2205 467 2245 plus
496 2202 668 2239 desiderat,
700 2201 774 2232 licet
798 2200 940 2231 mensura
965 2209 1043 2230 non-

171 2249 244 2279 dum
267 2246 508 2286 faeiajugemm
527 2252 676 2275 numerus
700 2243 872 2283 ignoretur.
898 2241 938 2272 iic
956 2250 1043 2280 pror-

170 2289 216 2321 sus
233 2289 365 2320 censeo:
390 2287 520 2327 &jux-at
545 2286 608 2316 hoc
625 2284 711 2315 Pauli
738 2284 755 2314 l.
773 2282 872 2329 34-„§‚
895 2294 925 2322 5.
952 2282 991 2312 D.
1013 2283 1046 2312 de

171 2331 301 2361 contrari.
324 2335 409 2370 empt.
455 2329 604 2367 ,Mensura
633 2335 691 2356 non
712 2335 740 2354 eo
768 2325 902 2365 prosim,
935 2330 968 2354 ut
992 2329 1046 2354 aut

168 2372 236 2412 plus
252 2377 305 2402 aut
327 2372 423 2401 minus
447 2376 569 2406 veneat,
586 2367 638 2407 sed
663 2372 697 2397 ut
719 2372 878 2406 appareat,
901 2371 1046 2406 quantum

173 2418 293 2443 ematur.
339 2412 411 2443 Fuit
429 2411 523 2451 igitur
539 2410 608 2440 haec
624 2417 716 2448 quam
736 2409 829 2444 dedi,
854 2407 934 2437 bona
954 2407 982 2437 ἃ
998 2408 1044 2445 ju-

171 2452 196 2484 ri
215 2453 391 2485 conformis
416 2452 529 2492 juliani
556 2450 733 2487 sententia,
768 2447 832 2487 ipsa
862 2457 879 2479 a
901 2448 1046 2479 Scaevola

173 2502 238 2525 non
267 2493 474 2533 reprehensa,
499 2493 550 2524 sed
572 2491 696 2529 notari,
720 2490 751 2521 id
774 2489 839 2528 est,
863 2489 914 2520 sed
929 2488 1044 2534 obser-

173 2534 241 2566 vari
265 2534 348 2573 juss‘a.
407 2535 482 2567 Hoc
513 2533 598 2565 sensu
632 2534 671 2564 ab
696 2530 837 2572 Ulpiano
868 2540 969 2571 accipi
994 2531 1046 2567 id,

175 2575 305 2608 Scaevola
321 2583 418 2616 notat,
442 2575 517 2608 mihi
535 2574 730 2616 persuadeo,
755 2573 831 2604 licet
854 2572 970 2603 Nature
986 2581 1045 2611 pro

176 2616 412 2657 reprehendere
434 2625 486 2649 aut
504 2617 706 2658 improbare,
731 2616 827 2645 etiam
856 2613 932 2644 suini
950 2622 966 2643 a
983 2613 1045 2659 Ve-

176 2660 317 2696 teribus,
340 2660 538 2691 meminerim
554 2658 638 2689 alibi.
684 2657 746 2688 Sed
767 2655 852 2686 hunc
871 2653 988 2685 sensum
1014 2663 1046 2684 in

175 2698 321 2740 praesenti
338 2699 454 2729 refellit
470 2702 507 2731 ad
523 2699 699 2731 mensuram
720 2699 849 2728 vendita
865 2704 930 2727 non
951 2705 1046 2736 quan-

178 2740 270 2779 titas,
292 2740 344 2771 sed
363 2739 499 2778 fundus3
523 2742 554 2772 id
569 2740 634 2779 est,
657 2748 774 2780 corpus
793 2744 916 2769 certum
941 2737 971 2768 &
987 2736 1045 2768 suis

177 2782 293 2814 finibus
314 2781 566 2812 determinatum.

221 2822 337 2863 lnjeeta
362 2822 456 2862 paulo
481 2829 553 2852 ante
576 2822 697 2854 mentio
722 2822 752 2863 §.
771 2831 801 2862 5.
826 2823 853 2852 d.
877 2821 896 2852 l.
917 2829 968 2861 34.
994 2828 1046 2851 me

177 2873 308 2903 monet,
334 2864 409 2895 vino
431 2861 580 2899 vendito,
612 2864 699 2895 verbi
724 2863 842 2904 gratia,
864 2872 903 2893 rie
928 2862 968 2893 de
992 2871 1047 2902 gu-

180 2906 315 2937 statione
337 2905 457 2936 sileam:
479 2902 644 2947 postquam
668 2906 707 2935 de
732 2904 874 2936 mensura
899 2904 966 2944 egi:
996 2903 1049 2934 ali-

180 2956 245 2987 quo
262 2946 432 2987 praesertim
450 2945 481 2975 in
505 2944 553 2975 his
577 2943 753 2976 discrimine
779 2944 909 2977 minime
934 2952 1049 2975 conte-

180 2989 332 3020 mnendo.
358 2988 393 3020 Id
409 2986 546 3018 advertit
564 2984 676 3016 Paulus
690 2987 718 3015 d.
734 2987 762 3026 §.
780 2998 810 3026 5.
835 2985 877 3017 sic
894 2986 1049 3017 scribens:

180 3030 238 3060 alia
264 3030 308 3061 elt
331 3028 421 3060 causa
448 3025 650 3070 degustandi,
674 3025 730 3055 alia
754 3026 915 3058 metiendi.
941 3027 1048 3068 gustus

179 3070 263 3102 enim
282 3071 320 3101 ad
337 3071 401 3101 hoc
419 3067 569 3108 proficit,
593 3073 627 3097 ut
641 3067 821 3105 improbare
839 3067 947 3099 liceat:
965 3078 1050 3099 men-

179 3109 246 3141 sura
267 3122 344 3142 vero
360 3120 423 3142 non
450 3120 491 3141 eo
515 3107 661 3150 proficit,
684 3114 716 3137 ut
741 3114 794 3136 aut
810 3109 898 3145 plus,
923 3117 974 3140 aut
992 3110 1048 3140 mi.

178 3160 237 3183 nus
255 3160 386 3191 veneat,
411 3151 463 3182 sed
489 3158 523 3182 ut
549 3154 715 3191 appareat,
739 3155 891 3188 quantum
916 3158 1048 3182 ematur.

180 3191 362 3224 Secundum
389 3194 456 3224 haec
486 3192 582 3232 igitur
605 3189 704 3223 refert
728 3188 861 3221 multum
878 3188 907 3218 in
929 3190 1048 3221 111111811-

179 3234 294 3276 liisque
322 3243 390 3275 quae
412 3233 567 3275 degustari
595 3232 717 3271 solent3
738 3237 841 3263 utrum
863 3232 1052 3262 convenerit

1001 124 1289 160 Nouum

1324 126 1352 160 C
1385 138 1406 160 0
1441 134 1468 160 it
1503 136 1542 162 111.

1087 212 1344 258 degustatione,
1367 225 1404 247 an
1430 225 1507 248 non.
1550 216 1642 257 Scio,
1665 217 1794 251 difficile
1817 218 1897 258 effe,
1919 228 1955 255 ut

1087 263 1156 293 quis
1180 265 1265 287 emat
1287 260 1360 288 vina
1385 267 1449 289 non
1472 257 1602 299 gustata.
1654 259 1714 291 Sed
1743 262 1817 301 quid
1848 269 1955 303 vetat,

1087 295 1153 326 hoc
1168 295 1237 341 1-1-1111
1251 299 1405 338 emptoris
1433 299 1576 331 socordia
1597 309 1647 331 aut
1673 301 1862 343 negligentssa
1889 303 1907 333 l.
1925 314 1958 344 4.

1086 335 1114 382 §3
1134 345 1159 367 1.
1179 339 1225 369 D.
1242 339 1268 369 h.
1292 339 1341 370 t.?
1365 341 1498 380 proinde
1516 343 1590 382 quid
1616 342 1683 372 est?
1707 344 1726 374 fi
1745 346 1850 375 vinum
1869 353 1958 378 aver-

1086 380 1172 425 iione
1189 379 1234 410 est
1249 382 1433 420 venditum,
1457 391 1518 414 nec
1536 382 1671 423 placuit,
1696 385 1870 426 degustari3
1893 395 1958 418 em-

1088 426 1198 466 11191ηεὶ
1212 421 1360 466 damnum
1384 426 1464 463 erit,
1488 423 1508 455 11
1533 423 1672 461 acuerit,
1697 428 1747 457 vel
1772 428 1847 467 quid
1872 427 1957 461 aliud

1088 467 1156 491 vitii
1181 461 1371 494 sustinuerit:
1403 466 1671 505 quemadmodum
1696 466 1716 497 fi
1740 468 1849 499 vinum
1880 467 1958 501 cffet

1086 500 1236 546 effusum,
1260 504 1309 534 vel
1327 505 1403 536 vasis
1418 507 1556 539 contufis
1569 531 1579 545 ,
1603 508 1652 538 vel
1670 517 1729 547 qua
1747 508 1804 540 alia
1822 519 1863 541 eit
1884 519 1957 542 cau-

1084 543 1123 574 la.
1147 542 1265 588 ¹Quod
1290 544 1311 574 11
1338 546 1473 585 placuit,
1498 558 1535 580 ea
1562 548 1735 589 degustari:
1760 558 1832 581 ante
1859 553 1958 592 degu-

1084 583 1252 630 stationem
1270 586 1329 616 erit
1347 589 1522 621 venditoris
1538 590 1729 630 periculum:
1747 591 1816 631 post
1831 601 1957 632 empto-

1084 628 1217 669 i·is.quid
1227 626 1247 672 11
1258 627 1406 659 venditor
1414 629 1507 661 etiam
1517 632 1607 662 aliter
1617 631 1645 663 se
1655 633 1798 671 periculo
1811 632 1960 673 subjecit?

1086 666 1249 698 sustinebit
1278 668 1343 698 hoc
1366 670 1396 700 i'n
1423 669 1456 714 id
1476 678 1617 711 tenipus,
1641 674 1747 713 quoad
1768 674 1797 705 se
1818 673 1960 714 subjecit.

1088 708 1117 738 ἃ
1143 707 1163 739 11
1187 718 1251 739 11011
1273 708 1445 751 designavit
1469 718 1612 751 tempus3
1643 721 1772 747 eatenus
1796 715 1959 747 sustinebit

1085 750 1283 796 periculum,
1307 753 1413 790 quoad
1441 753 1623 793 degustetur
1647 755 1773 788 vinum:
1807 756 1961 788 videlicet

1085 792 1167 828 quali
1193 799 1269 822 tunc
1292 792 1467 832 pleniffime
1492 802 1625 833 veneat,
1650 804 1721 827 cum
1746 797 1841 828 fuerit
1865 799 1962 837 degu-

1087 831 1209 863 statum.
1252 832 1333 864 Haec
1356 833 1384 865 in
1412 835 1497 865 hunc
1519 835 1636 866 sensum
1660 837 1734 868 olim
1752 839 1880 870 tradidit
1908 839 1966 870 Ul·

1087 874 1211 913 pianus:
1240 873 1291 906 sed
1310 882 1344 906 ut
1359 875 1454 907 hodie
1470 883 1583 907 extant
1607 878 1638 908 in
1655 877 1672 908 l.
1695 886 1720 908 1.
1733 885 1780 918 pr.
1797 879 1832 912 {5⁹
1849 880 1867 910 l.
1884 889 1913 918 4.
1933 880 1966 921 §.

1089 923 1115 946 1.
1136 914 1176 945 D.
1195 916 1221 945 Ι),
1240 922 1262 945 ι.
1288 915 1357 948 sunt
1385 918 1476 949 valde
1502 919 1655 958 impedita
1682 919 1710 950 ἃ
1728 920 1878 955 confusa,
1903 927 1965 952 nec

1086 954 1191 1000 facile
1207 956 1409 989 extricanda:
1433 958 1486 990 nifi
1510 960 1685 991 remedium
1710 969 1834 1000 petatur
1861 963 1899 992 ab
1915 962 1963 993 In·
2000 973 2001 978 ¹

1087 997 1278 1036 icriptione:
1302 998 1478 1038 ostensura,
1510 1008 1678 1041 utrumque
1702 1002 1807 1033 locum
1833 1001 1894 1033 esse
1920 1012 1962 1035 ex
2005 999 2007 1005 '

1087 1036 1215 1084 Ulpiani
1242 1040 1295 1071 lib.
1316 1046 1364 1075 28.
1391 1042 1438 1072 Ad
1457 1041 1626 1080 Sabinum,
1654 1042 1683 1074 ἀ
1700 1045 1859 1083 utrimque
1875 1043 1960 1076 Sabi·

1086 1088 1116 1110 111
1135 1080 1238 1112 verbis
1264 1082 1386 1113 misceri
1411 1081 1513 1114 Notas
1541 1082 1686 1124 Ulpiani:
1717 1084 1822 1116 Sabini
1847 1085 1961 1117 sermo-

1088 1129 1161 1152 nem
1188 1120 1241 1152 suo
1266 1125 1365 1154 modo
1385 1125 1523 1164 regentis
1551 1127 1579 1157 ἃ
1602 1125 1791 1157 illustrantis.
1838 1125 1958 1167 Saepius

1088 1165 1196 1193 notavi
1217 1172 1273 1202 per
1292 1174 1341 1196 me
1364 1166 1447 1195 talia.
1471 1165 1502 1197 in
1523 1166 1685 1206 proposito
1709 1176 1815 1199 autem
1839 1167 1962 1207 praeivil:

1087 1204 1245 1234 Antonius
1271 1205 1458 1246 Augustinus
1482 1207 1527 1238 lib.
1557 1218 1586 1249 3.
1617 1208 1760 1240 Emendat
1795 1219 1818 1240 c.
1838 1213 1866 1240 6.
1892 1216 1960 1250 pag.

1085 1254 1154 1285 23¹·
1183 1245 1219 1279 &³
1235 1255 1290 1287 seq.
1316 1249 1450 1292 ejusque
1465 1248 1626 1288 laudibus,
1650 1259 1684 1282 ut
1701 1260 1750 1282 me
1769 1252 1883 1288 decet,
1909 1251 1961 1282 hie

1086 1287 1201 1317 lubens
1224 1287 1364 1328 affui-go:
1387 1290 1555 1322 arbitratus
1572 1315 1581 1329 ,
1615 1292 1644 1321 in
1666 1299 1712 1331 pr.
1736 1293 1764 1323 d.
1789 1292 1809 1323 l.
1833 1301 1859 1323 1.
1887 1301 1961 1323 cum

1083 1327 1215 1359 Sabinus
1243 1328 1381 1368 dixili'et,
1406 1331 1441 1361 Si
1463 1333 1568 1362 vinum
1593 1334 1766 1364 venditum:
1797 1332 1855 1363 ἃς.
1882 1341 1961 1365 mox

1084 1369 1123 1399 ab
1143 1369 1278 1413 Ulpiano
1311 1370 1436 1410 subjici,
1461 1372 1516 1402 Sed
1532 1372 1561 1410 fi
1578 1374 1763 1413 venditorse.
1790 1374 1848 1405 &a
1874 1383 1960 1406 eam-

1084 1419 1145 1450 que
1169 1413 1467 1453 interpretationem
1502 1412 1680 1445 continuari
1707 1414 1737 1445 in
1760 1415 1778 1444 l.
1805 1424 1834 1454 4.
1881 1415 1961 1447 Inde

1084 1453 1115 1482 in
1131 1451 1158 1493 ᾗ.
1179 1459 1203 1482 1.
1231 1454 1332 1483 rurlus
1359 1453 1420 1484 esse
1446 1455 1509 1485 hoc
1533 1455 1660 1489 Sabini.
1692 1457 1726 1487 oi
1748 1455 1893 1494 aversione
1916 1457 1963 1486 vz'-

1084 1502 1154 1522 num
1170 1495 1280 1529 veniit,
1306 1492 1432 1533 custodia
1449 1501 1565 1526 tantum
1575 1494 1739 1536 praeflmda
1756 1495 1803 1537 eft.
1832 1497 1960 1529 Deinde

1083 1534 1167 1573 sequi
1182 1535 1245 1578 'ista
1265 1533 1390 1575 Ulpiani
1408 1558 1418 1573 ,
1440 1535 1491 1566 Ex
1506 1536 1557 1566 hoc
1572 1544 1689 1577 apparet
1723 1538 1753 1569 ὅ(
1772 1539 1900 1578 reliqua.

1125 1575 1203 1606 Satis
1222 1577 1262 1606 de
1288 1578 1394 1616 priore
1411 1583 1500 1617 parte
1517 1577 1535 1608 l.
1556 1582 1572 1611 8
1601 1579 1629 1609 h.
1648 1585 1668 1609 t.
1694 1586 1822 1608 transeo
1848 1582 1885 1610 ad
1903 1588 1961 1619 po-

1084 1615 1273 1661 steriorem:
1312 1617 1341 1648 in
1366 1627 1427 1658 qua
1453 1626 1486 1649 ut
1512 1618 1652 1659 perfcsta
1676 1619 1872 1659 intelligatur
1894 1628 1961 1652 em-

1084 1666 1172 1698 ptio,
1197 1667 1291 1699 atque
1308 1659 1461 1699 emptoris
1482 1659 1656 1699 periculum
1675 1660 1730 1699 sit,
1758 1660 1869 1692 Paulus
1888 1671 1964 1694 ven-

1086 1700 1244 1731 ditionem
1270 1709 1422 1740 praeterea
1447 1710 1555 1740 puram
1580 1701 1642 1732 ess'e
1673 1702 1818 1739 postulat.
1851 1703 1962 1741 utique

1086 1750 1182 1782 negat
1199 1765 1208 1780 ,
1241 1742 1295 1772 luo
1321 1742 1507 1774 conditione
1538 1743 1732 1775 conti-actam
1749 1768 1758 1781 ‚
1793 1751 1866 1775 ante
1891 1753 1962 1776 cain

1085 1782 1276 1814 existentem
1304 1783 1435 1824 perfici,
1458 1783 1598 1825 ideoque
1632 1785 1700 1824 poll
1720 1786 1884 1825 impletam
1908 1786 1963 1817 de-

1083 1833 1170 1855 mum
1195 1825 1350 1865 emptoris
1374 1825 1548 1865 periculum
1576 1825 1655 1864 esse,
1680 1826 1863 1858 confitetur.
1908 1825 1963 1858 Vi·

1083 1866 1221 1904 delicet,
1245 1867 1318 1906 quia
1336 1866 1454 1899 tamdiu
1470 1877 1519 1898 res
1537 1877 1600 1899 non
1620 1868 1663 1898 eit
1683 1877 1807 1907 empta,
1832 1877 1890 1899 nee
1906 1869 1963 1900 de-

1083 1907 1169 1946 bita,
1195 1908 1278 1939 nulla
1302 1908 1408 1939 adhuc
1431 1910 1614 1948 emptione:
1640 1909 1706 1948 post
1733 1919 1810 1941 vero
1829 1919 1894 1940 non
1915 1909 1962 1941 est

1083 1958 1134 1980 res
1151 1958 1220 1989 quae
1244 1950 1418 1988 vendatur3
1442 1951 1588 1981 venditio
1618 1958 1724 1982 autem
1742 1951 1804 1982 sine
1821 1961 1853 1981 re
1877 1951 1962 1982 nulla

1084 1990 1138 2021 est.
1189 1989 1258 2022 Hac
1274 1991 1369 2030 igitui-
1386 1990 1509 2022 ratione
1528 1991 1683 2029 efficitur3
1708 1999 1742 2022 ut
1760 2002 1808 2023 res
1830 1992 1960 2024 vendita

1085 2032 1246 2063 venditori
1262 2040 1392 2072 pereat,
1416 2042 1480 2064 non
1497 2040 1530 2063 ut
1547 2033 1619 2071 tali3
1644 2034 1726 2072 (non
1746 2032 1828 2063 enim
1846 2032 1890 2063 est
1913 2041 1961 2063 ta-

1084 2073 1139 2112 lis)
1164 2074 1214 2104 sed
1234 2081 1268 2104 ut
1285 2074 1427 2105 domino.
1474 2073 1579 2115 Quid,
1603 2074 1623 2105 11
1641 2073 1797 2105 defecerit
1814 2072 1961 2104 conditio

1085 2114 1139 2145 sub
1163 2123 1224 2154 qua
1250 2115 1412 2146 contracta
1446 2114 1482 2146 fit
1510 2116 1663 2154 emptio?
1698 2114 1739 2146 Et
1762 2115 1823 2145 hoe
1857 2114 1960 2146 Paulo

1087 2155 1250 2196 quaestioni
1275 2155 1320 2186 est
1343 2155 1372 2187 in
1398 2158 1426 2187 d.
1450 2157 1468 2187 l.
1493 2161 1521 2190 8.
1555 2156 1598 2187 ait
1623 2166 1702 2187 vero
1722 2178 1733 2194 ‚
1763 2155 1962 2195 emptionem

1087 2198 1138 2227 vel
1167 2196 1219 2227 hic
1241 2197 1358 2228 nullam
1382 2197 1460 2228 effe:
1485 2198 1515 2228 ἃ
1544 2196 1641 2228 utitur
1666 2198 1817 2237 exemplo
1840 2197 1963 2238 stipula-

1089 2238 1205 2276 tionis,
1229 2247 1298 2275 quae
1326 2238 1380 2269 sub
1406 2239 1595 2270 conditione
1620 2238 1800 2277 contracta,
1824 2248 1860 2268 ea
1886 2237 1962 2269 defi-

1089 2281 1196 2311 ciente
1218 2280 1320 2318 nulla,
1344 2280 1375 2311 id
1399 2279 1460 2316 est,
1486 2281 1602 2311 nullius
1618 2280 1792 2318 momenti,
1817 2279 1880 2310 sive
1897 2278 1962 2311 fine

1089 2320 1207 2352 effectu
1232 2321 1316 2358 11110,
1342 2320 1396 2352 est.
1442 2320 1519 2352 Non
1543 2320 1588 2352 est
1613 2329 1785 2352 contentus
1803 2321 1866 2350 ‘hac
1883 2318 1967 2351 fimi-

1088 2362 1223 2393 litudine
1246 2361 1383 2393 Paulus:
1416 2362 1466 2394 sed
1491 2372 1549 2403 pro
1576 2363 1728 2394 ulteriore
1758 2361 1962 2393 firmamento

1087 2405 1177 2435 addit
1202 2404 1365 2443 primum3
1396 2405 1485 2444 quod
1520 2412 1649 2443 emptor
1677 2412 1764 2441 rem,
1798 2403 1964 2442 pendente

1088 2445 1297 2483 conditione,
1321 2446 1486 2484 traditam,
1505 2455 1542 2476 ea
1562 2444 1732 2475 deficiente
1745 2466 1754 2480 ‚
1774 2453 1838 2474 non
1856 2442 1964 2482 potest

1089 2487 1261 2527 usucapere
1285 2495 1344 2526 pro
1369 2495 1533 2525 emptore,
1558 2485 1639 2525 quasi
1665 2486 1748 2516 nulla
1770 2484 1848 2524 justa
1870 2483 1962 2515 causa

1089 2529 1127 2559 ad
1151 2528 1373 2567 usucapionem
1398 2526 1573 2558 nccess'aria.
1605 2527 1692 2558 addit
1715 2527 1849 2564 deinde3
1875 2524 1963 2565 quod

1090 2577 1219 2608 emptor
1248 2571 1385 2608 pretium
1411 2578 1426 2599 a
1460 2567 1488 2599 se
1519 2568 1650 2598 solutum
1684 2566 1789 2607 potest
1814 2574 1962 2604 repetere

1090 2610 1172 2650 quasi
1196 2610 1384 2641 indebitum.
1408 2609 1602 2649 postremum
1627 2608 1695 2647 est;
1729 2609 1817 2649 quod
1842 2607 1960 2639 fruetus

1090 2652 1185 2683 medii
1212 2651 1386 2691 temporis,
1417 2659 1481 2681 non
1507 2649 1574 2680 sunt
1608 2650 1772 2689 emptoris.
1823 2649 1904 2680 Haec
1926 2653 1961 2680 ut

1090 2701 1177 2724 certa
1194 2700 1291 2731 atque
1309 2692 1474 2731 explorata
1498 2691 1699 2731 suntPau103
1725 2690 1765 2722 fic
1788 2691 1818 2721 in
1843 2699 1962 2730 propo-

1089 2734 1149 2766 fito
1175 2742 1246 2765 eum
1270 2732 1490 2771 convincunt,
1513 2742 1573 2763 nec
1600 2733 1754 2773 emptoris
1783 2731 1962 2772 periculum

1089 2775 1170 2814 effe,
1193 2774 1246 2806 ubi
1276 2773 1353 2805 nihil
1378 2774 1423 2805 est
1449 2774 1626 2806 venditum.
1658 2776 1723 2806 imo
1743 2796 1752 2812 ,
1784 2772 1962 2813 periculum

1090 2816 1151 2849 effe
1168 2816 1358 2847 venditoris:
1382 2825 1446 2847 non
1472 2825 1533 2855 qua
1551 2815 1638 2855 talis;
1663 2814 1714 2846 sed
1740 2824 1800 2855 qua
1824 2812 1962 2846 domini:

1091 2866 1126 2890 ut
1156 2858 1284 2890 dietum.
1334 2856 1483 2898 Superest
1511 2858 1603 2888 tertia
1631 2855 1718 2888 Pauli
1755 2854 1964 2887 deliberatioz

1092 2901 1167 2941 quid
1181 2899 1256 2939 juris
1272 2898 1327 2936 fit,
1351 2898 1372 2929 fi
1389 2898 1501 2930 existat
1516 2898 1682 2930 conditio?
1699 2897 1741 2929 a'it
1757 2907 1881 2935 autem,
1893 2901 1965 2926 eam

1092 2950 1180 2973 retro
1205 2939 1304 2978 trahi,
1336 2940 1417 2980 quasi
1441 2942 1471 2972 in
1498 2940 1692 2981 praeteritum
1716 2938 1965 2982 contracta—em-

1092 2984 1221 3024 ptione:
1244 2990 1350 3021 eoque
1369 2981 1476 3021 effici3
1500 2989 1533 3012 ut
1550 2980 1572 3012 11
1589 2984 1666 3012 alter
1684 2979 1964 3015 contrahentium,

1093 3025 1154 3055 live
1179 3031 1333 3063 emptor,
1363 3023 1426 3054 five
1457 3023 1629 3061 venditor,
1662 3025 1832 3057 moriatur,
1870 3018 1963 3064 heres

1094 3065 1225 3105 perinde
1252 3072 1414 3103 teneatur,
1446 3073 1482 3095 ac
1506 3063 1527 3095 fi
1552 3064 1592 3095 ab
1622 3062 1713 3095 initio
1739 3069 1815 3105 pura
1839 3066 1966 3106 emptio

1094 3106 1216 3138 fuitset:
1238 3105 1325 3137 nullo
1349 3106 1464 3144 dubio,
1489 3105 1563 3145 quin
1589 3101 1812 3136 conditionalis
1840 3108 1964 3140 emptio

1093 3158 1184 3189 aeque
1202 3147 1353 3178 heredem
1371 3155 1478 3179 teneat
1493 3146 1645 3178 invitum:
1667 3153 1703 3189 εις
1728 3141 1918 3180 defunftssS,
1942 3137 1965 3172 fi

1094 3188 1246 3228 superstes
1265 3187 1359 3227 ess'et,
1383 3199 1420 3220 ea
1436 3194 1609 3220 teneretur.
1633 3183 1786 3226 promde,
1799 3183 1818 3215 11
1835 3193 1884 3214 res
1900 3190 1969 3214 ein-

1095 3238 1169 3271 pta,
1196 3231 1358 3269 pendente
1382 3229 1567 3262 conditione
1590 3226 1628 3260 fit
1649 3226 1789 3259 deterior
1806 3221 1964 3296 facttgiffiedg
