2036 3495
451 125 513 160 An
542 123 631 157 Lm.
661 121 706 156 V.
743 121 800 156 T1
815 133 845 156 r.
875 121 932 156 ΙΙΙ.
969 122 1020 158 De
1034 123 1211 159 hereditatis
1223 127 1379 171 petitione.

28 224 82 250 tem
100 217 256 253 accedunt,
275 211 304 253 fi
318 214 433 256 quidem
451 222 487 244 ex
504 214 563 253 ipsa
578 211 746 257 hereditate,
761 215 832 251 puto
850 211 895 241 be·

26 261 145 291 redimit
168 260 309 289 accedere.-
328 255 355 295 fi
370 256 561 295 extrinsecus,
584 262 661 287 ποης
684 261 753 292 qum
769 254 895 298 ,oei-sorice

20 300 177 342 pollefforis
195 300 344 330 accedunt.
368 297 487 339 Finiam
508 294 590 325 hanc
606 301 745 338 partem,
771 296 789 324 11
807 302 845 324 ex
863 295 890 324 d.

25 334 113 381 ls25.
130 340 157 382 §.
181 350 204 372 1.
221 340 250 372 h.
269 346 289 370 t.
318 338 509 377 adscriplero
531 335 595 365 hoc
615 333 760 373 Ulpiani:
784 333 894 381 lremfi

25 393 84 414 rem
108 380 261 422 ozssraxst,
286 379 321 414 E?
344 389 378 410 ex
399 378 490 418 pretio
514 376 601 406 aliam
624 385 682 406 rem
699 382 892 415 comparavit,

29 425 126 455 veniet
138 424 263 463 pretium
278 423 307 452 in
319 422 482 461 petitionem
492 418 653 448 hereditariis
664 441 672 455 ,
689 427 744 447 non
754 426 795 447 res
806 426 894 457 quom

27 467 57 496 in
76 464 282 504 patrimonium
302 467 385 495 suum
410 461 558 490 convertit.
603 458 658 488 Sed
669 457 697 495 fi
717 468 759 505 rer
777 461 894 488 minoris

23 506 101 537 volet
112 530 121 542 ‚
137 510 388 546 quamcomparczict
399 499 455 541 est:
470 499 606 530 Docimus
622 499 892 539 locupletiorfot‘t‘us

25 548 170 578 videbitur
181 569 188 582 ,
204 552 343 586 quatenus
360 552 402 572 res
417 542 511 572 valet:
535 542 770 582 quemadmodum
782 540 809 577 fi
826 550 890 571 con-

18 586 198 630 sumpfiffet,
219 587 249 616 in
266 591 356 615 torum
370 583 532 622 locupletior
547 581 645 617 focius
663 592 720 613 non
734 584 891 613 videbitur.

67 630 164 669 Attigi
191 628 338 666 pleraque
355 623 461 656 omnia
488 633 557 664 quae
577 625 709 654 Senatus
727 623 892 668 inpoffes·

24 671 94 702 sore
112 669 196 701 malae
216 666 288 699 fidei
306 666 465 697 observari
483 665 613 696 censuit.
649 664 737 696 Unus
756 663 893 710 luperest

22 711 202 750 scrupulus,
226 717 320 746 atque
346 707 408 747 ipse
432 715 496 737 non
520 705 728 747 negligendae
747 729 756 743 ,
789 715 818 736 in
845 706 892 736 his

23 750 289 784 Senatusconsulti
301 750 404 779 verbis
414 772 423 786 ‚
438 749 559 779 Perinde
570 749 794 778 condemnandos
804 771 811 783 ,
822 756 890 787 qua>

15 790 230 834 fipoffiderent.
254 790 420 822 manifeste
437 790 522 820 enim
542 790 673 836 volunt,
689 787 892 829 poffel'sorem

21 836 108 867 malae
126 833 196 863 fidei
209 856 218 871 ‚
236 842 283 864 res
301 831 504 863 hereditarias
521 840 595 869 quas
614 832 703 861 deliit
718 830 892 869 possidere,

20 875 150 917 perinde
168 873 250 912 quali
269 874 457 913 poffideret,
482 873 612 911 petitori
626 871 806 902 restituere:
831 878 892 901 nec

21 917 143 954 finunt,
167 914 187 946 fi
204 915 326 954 petitor
344 913 430 946 malit
448 913 679 955 haberepretia
697 922 798 943 rerum
818 921 892 957 ven-

21 959 155 990 ditarum
178 966 250 988 curn
275 956 391 988 usuris.
416 964 507 994 quam
528 955 605 994 iplas
631 964 679 985 res
696 952 888 998 cum-fructi-

21 1000 98 1036 bus,
115 997 176 1030 effe
193 998 328 1037 judicis,
346 998 536 1028 electionem
555 995 685 1035 petitori
703 995 761 1025 hac
778 1005 807 1025 in
826 993 889 1040 spe-

19 1042 69 1072 cie
81 1039 272 1080 permittere.
295 1048 360 1083 non
377 1039 460 1070 enim
476 1037 596 1068 faciunt
614 1038 679 1076 ejus
691 1036 891 1082 indulgentiae

20 1082 230 1114 mentionem.
248 1081 322 1121 quin
339 1079 473 1111 districte
488 1079 616 1119 jubent,
635 1078 720 1109 malae
740 1079 892 1123 hdeipos-

23 1123 189 1160 sefforem,
211 1123 342 1162 perinde
366 1130 402 1152 ac
427 1120 446 1152 fi
470 1130 534 1151 rem
562 1119 749 1159 poffideret,
772 1120 810 1149 ad
830 1127 895 1158 ejus

22 1164 255 1196 restitutionem
274 1163 496 1193 condemnari.
523 1160 771 1191 Subverecuntle
790 1168 894 1204 tamen

21 1205 76 1238 fibi
101 1204 191 1237 sumit
216 1203 387 1244 Ulpianus,
413 1211 446 1234 ut
468 1202 660 1233 electionem
676 1209 806 1241 petitori
824 1210 891 1241 per-

20 1247 129 1278 mittat
151 1255 190 1277 ex
205 1245 337 1276 Senatus
353 1252 479 1281 mente,
503 1252 575 1273 cum
594 1243 688 1273 verba
705 1242 842 1273 resistant
859 1243 888 1273 d.

21 1289 41 1320 l.
58 1297 106 1320 20.
124 1286 151 1329 §.
173 1296 218 1318 12.
237 1286 273 1321 ὅ)
294 1289 338 1317 16.
372 1295 444 1316 meo
467 1283 589 1323 judicio
617 1293 680 1314 non
700 1285 790 1314 male.
823 1293 887 1328 non

21 1329 105 1361 enim
125 1328 226 1359 minus
249 1327 437 1358 hereditaria
456 1325 523 1356 sunt
540 1325 641 1365 pretia
657 1334 761 1356 rerum
780 1325 888 1355 vendl·

21 1378 140 1407 tarum,
158 1378 251 1408 quarn
267 1367 484 1400 res'distraftae
498 1367 516 1397 l.
533 1376 579 1397 22.
598 1367 645 1397 l).
664 1367 690 1396 b.
710 1373 730 1411 tq.
749 1375 784 1412 ac
803 1365 823 1396 fi
843 1376 891 1397 res

20 1421 89 1452 quae
115 1410 208 1451 periit
224 1433 233 1447 ‚
256 1408 398 1440 distracta
424 1410 540 1439 eodem
559 1407 657 1452 modo
680 1406 787 1453 fuisset
808 1408 891 1452 apud

21 1452 194 1494 petitorem
206 1449 362 1492 peritura:
379 1459 443 1481 non
461 1451 582 1480 idcirco
599 1458 699 1493 minus
712 1457 891 1495 isqpretium

21 1493 252 1533 consequatur;
275 1492 412 1532 alioquin
433 1491 509 1522 nihil
536 1491 716 1529 habiturus,
739 1493 758 1521 11
777 1489 890 1529 posses-

21 1534 73 1566 sor
89 1542 208 1566 tantum
227 1535 263 1564 ad
275 1543 340 1564 rem
355 1532 514 1564 venditam
530 1540 691 1578 teneret-ur
708 1532 727 1561 l.
747 1541 794 1572 33.
813 1531 831 1573 §
864 1541 889 1562 ι.

22 1575 66 1608 D.
84 1577 110 1606 h.
122 1581 143 1606 t.
168 1575 273 1614 Atque
292 1574 374 1605 hanc
391 1575 514 1614 Ulpiani
531 1574 759 1612 benignitatem
777 1573 890 1603 Paulus

23 1617 102 1652 1136.
114 1616 180 1657 §.2
192 1617 219 1646 d.
231 1622 252 1645 ι.
270 1614 368 1646 firmat
382 1623 571 1656 argumento
588 1615 626 1645 ab
644 1613 789 1651 absurdo,
801 1615 888 1661 quod

22 1651 70 1689 est
86 1651 296 1688 fortiffimum.
330 1658 361 1687 id
383 1665 602 1697 argumentum
621 1655 685 1693 est,
706 1655 762 1701 *Ne
780 1656 892 1687 mehor

23 1698 60 1731 fit
77 1698 220 1729 conditio
242 1698 418 1737 praedonis,
443 1706 534 1737 quam
553 1696 728 1736 poffeffons
747 1698 838 1728 bonae
856 1697 890 1728 fi-

26 1739 93 1771 dei:
117 1749 210 1779 quern
227 1739 359 1769 Senatus
379 1738 479 1769 voluit
498 1740 596 1779 pretia
615 1747 718 1769 rerum
736 1738 889 1769 distracta-

24 1790 94 1812 rum
107 1780 284 1818 restituere,
300 1779 353 1810 etsi
365 1780 410 1810 hae
429 1778 533 1819 postea
552 1779 827 1821 pe1·ierintl.2o.§.
844 1789 887 1820 17.

24 1824 51 1853 d.
68 1829 89 1852 t.
109 1830 254 1862 putemus
272 1821 382 1862 igitur,
401 1822 467 1851 lizec
483 1821 617 1852 Senatus
635 1822 729 1852 verba
741 1845 749 1859 ‚
768 1821 889 1852 Perinde

25 1864 248 1894 condemnandos
265 1863 372 1902 (malae
388 1861 461 1893 fidei
482 1861 685 1902 polsess'ores)
709 1861 790 1903 quast
807 1861 887 1903 poffi-

24 1906 139 1942 cierent,
161 1903 200 1935 lic
216 1902 277 1934 effe
294 1902 495 1943 accipienda:
518 1903 600 1943 quali
614 1904 722 1943 jubeat
739 1903 888 1942 Senatus,

22 1954 78 1976 eos
96 1946 318 1981 condemnari,
337 1944 356 1975 fi
369 1947 488 1983 petitor
504 1946 591 1984 cujus
608 1945 708 1985 gratia
720 1946 750 1989 id
764 1945 890 1976 Senatui

19 1986 159 2027 placuit,
176 1996 232 2016 eos
248 1986 324 2016 velit
341 1987 547 2017 condemnari
563 1996 665 2018 rerum
681 1988 813 2027 iplarum
835 1996 890 2018 no-

20 2028 126 2058 mine:
146 2028 291 2066 adeoque
309 2026 406 2068 magis
422 2028 460 2058 ad
478 2028 695 2059 coercendum
715 2028 802 2059 malae
817 2028 891 2060 fidei

20 2067 241 2109 poffefforem,
258 2077 350 2106 quam
367 2070 404 2100 ad
421 2069 645 2100 coarctandum
659 2069 707 2109 jus
726 2068 890 2109 petitoris,

20 2111 189 2150 pertinere,
214 2109 318 2150 potest
336 2111 429 2151 igitur
440 2110 491 2141 hic
503 2135 511 2143 ,
528 2109 549 2141 fi
565 2111 659 2148 velit,
681 2110 734 2142 suo
747 2111 789 2141 uti
806 2111 889 2150 jure:

22 2150 43 2182 fi
59 2151 158 2189 nolit,
174 2160 239 2182 non
255 2150 388 2191 cogitur.
410 2151 471 2184 Sed
488 2152 527 2183 de
546 2152 634 2184 malae
651 2150 724 2183 fidei
743 2151 888 2192 poffeffo-

23 2201 58 2223 re
77 2192 125 2222 vel
146 2192 246 2224 nimis.

60 2231 204 2263 Transeo
219 2233 258 2264 ad
275 2232 477 2272 possessorem
495 2234 588 2265 bonae
604 2233 695 2267 fidei:
713 2236 752 2266 de
769 2244 834 2274 quo
850 2245 890 2267 ex

21 2273 41 2305 l.
61 2283 109 2305 20.
127 2273 155 2315 §.
172 2277 202 2304 6.
219 2275 246 2305 h.
264 2279 284 2304 t.
310 2273 398 2314 supra
419 2275 506 2306 attuli
532 2276 599 2306 haec
618 2276 888 2308 Senatunconl'ulti

20 2315 135 2346 verba:
160 2315 217 2346 Eos
232 2322 325 2346 atacem
336 2318 388 2357 qui
400 2314 494 2357 justas
511 2321 611 2352 causas
627 2317 803 2358 Lvohiciffl't’tzt,
815 2328 888 2359 qua-

21 2365 52 2387 re
68 2357 138 2387 bona
154 2358 235 2393 adse
250 2358 393 2396 pertinere
408 2356 608 2398 existimafferzt
620 2383 627 2395 ,
652 2366 738 2405 usque
762 2369 791 2389 eo
807 2369 887 2390 [ium-

20 2404 104 2428 t'axut
115 2421 123 2435 ,
137 2408 191 2439 quo
211 2398 401 2438 locupletiores
419 2409 455 2429 ex
470 2409 502 2429 cn
519 2410 547 2429 re
562 2399 635 2437 fusti
653 2401 746 2440 eſjeicc.
774 2400 887 2432 Sensus

19 2437 80 2469 est:
96 2440 182 2478 quod
199 2439 292 2470 bonae
311 2439 382 2470 fidei
403 2440 551 2479 poll‘effor
566 2442 684 2480 (qualis
696 2441 823 2473 Senatui
842 2442 887 2474 est

21 2480 74 2518 qui
92 2479 201 2511 habuit
217 2481 310 2520 justas
328 2481 452 2520 causas,
472 2491 567 2521 quart¹
588 2484 671 2513 bona
688 2484 726 2514 ad
745 2482 773 2513 se
792 2484 886 2523 perti·

22 2528 96 2550 nere
114 2521 322 2562 existimaret)
341 2530 508 2562 antequam
528 2523 736 2555 hereditatem
755 2525 887 2556 alienam

22 2559 103 2598 effe,
127 2562 177 2592 vel
196 2562 249 2593 lite
265 2563 458 2601 contestata,
484 2565 534 2595 vel
558 2565 648 2596 aliter
665 2565 824 2604 rel‘cil'cat,
850 2567 889 2597 de

21 2601 115 2633 rebus
137 2603 262 2639 quidem
289 2606 470 2636 extantibus
492 2615 635 2637 tenetur:
660 2607 699 2637 de
718 2608 763 2638 his
782 2615 888 2639 autem

23 2652 92 2682 quae
103 2642 190 2674 desiit
200 2644 372 2683 possidere,
389 2646 442 2677 nisi
454 2656 605 2685 quatenus
625 2648 818 2687 locupletior
833 2649 867 2679 fit
879 2672 888 2686 ,

21 2693 86 2714 non
106 2691 249 2716 tenetur:
277 2687 350 2716 licet
374 2686 506 2725 fecerit,
531 2698 595 2727 quo
622 2691 724 2719 minus
741 2689 889 2720 haberet:

21 2733 86 2755 non
110 2725 211 2755 dicam
235 2724 311 2756 dolo
335 2728 436 2765 malo,
460 2731 550 2768 (nam
573 2731 596 2761 is
620 2739 692 2760 cum
716 2732 799 2761 bona
825 2729 889 2761 fide

22 2767 186 2796 concurrit
203 2769 393 2807 numquam)
420 2768 470 2800 sed
488 2772 589 2809 culpa.
614 2771 685 2810 quia
702 2781 785 2802 enim
805 2772 888 2811 quali

22 2806 105 2837 suam
131 2815 196 2837 rem
221 2808 380 2847 neglexit,
404 2811 478 2840 nulli
504 2813 640 2850 querelae
665 2822 737 2843 ante
756 2814 889 2853 petitam

21 2847 233 2879 hereditatem
257 2847 301 2878 est
328 2848 494 2888 subjectus:
512 2854 619 2890 postea
639 2854 668 2884 dt
692 2854 755 2893 ipse
779 2856 887 2894 praedo

13 2888 156 2960 {tabetur
170 2888 188 2918 l.
206 2898 255 2929 31.
275 2889 338 2930 §.3
357 2890 384 2920 h.
403 2897 422 2921 ι.
440 2893 478 2922 ad
495 2901 650 2932 eumque,
668 2903 827 2935 tamquam
845 2904 889 2925 ta-

32 2939 100 2968 em,
125 2930 238 2968 incipit
254 2931 410 2970 pertinere
423 2941 525 2963 rerum
544 2935 715 2973 periculum
735 2939 820 2976 quod
838 2946 889 2967 an-

22 2979 54 3002 te
78 2971 117 3002 ad
135 2970 286 3002 heredem
309 2971 496 3012 pertinebat.
519 2975 676 3015 poffitque
700 2977 762 3007 huc
785 2978 887 3015 trahi,

20 3012 109 3050 quod
134 3012 244 3043 Paulus
268 3013 284 3042 l.
310 3023 357 3051 40.
391 3014 431 3043 l).
451 3015 478 3044 d.
498 3021 518 3045 t.
544 3024 654 3047 monet
676 3017 705 3048 in
727 3017 888 3049 Oratione

17 3053 61 3085 D.
78 3052 228 3084 Hadriani
247 3053 326 3085 ell'e:
349 3053 392 3084 Ut
406 3053 467 3095 post}
489 3064 633 3094 acceptum
650 3058 794 3099 judicium
811 3061 841 3089 id
855 3070 887 3090 a·

20 3094 90 3125 fiori
101 3092 253 3134 praestetur
268 3099 341 3136 quoii
356 3097 507 3127 habiturus
523 3097 585 3137 effer
596 3121 604 3134 ,
615 3097 643 3135 fi
658 3108 686 3128 eo
701 3105 818 3139 tempore
833 3110 887 3141 quo

18 3137 147 3177 petitur,
170 3134 304 3174 restituta
328 3136 391 3176 effer
415 3137 564 3169 hereditas.
593 3138 644 3170 Est
663 3140 731 3171 lane
747 3141 810 3171 hoc
829 3143 884 3173 ler-

18 3176 173 3215 vandum‚
196 3185 351 3216 quatenus
375 3179 488 3209 attinet
512 3180 549 3210 ad
568 3179 703 3218 fructus,
729 3183 822 3213 etiarn
848 3184 886 3215 ad

17 3215 336 3291 sumptuslssciendos
352 3219 369 3251 l.
381 3229 430 3260 31.
440 3219 468 3261 §.
481 3231 509 3262 3.
521 3220 563 3253 D.
573 3222 601 3255 h.
613 3230 633 3253 r.
648 3221 682 3254 In
697 3223 762 3256 aliis
772 3246 783 3263 ,
800 3226 886 3265 quod

81 3267 133 3290 vm.
198 3281 207 3291 ο

1750 142 1818 174 145

939 212 1025 244 idem
1041 214 1265 246 animadvertit
1283 216 1417 252 Paulus,
1435 216 1539 256 potest
1557 217 1634 249 illud
1654 218 1815 251 interdum

939 254 1050 285 durum
1063 255 1134 286 elle.
1154 266 1217 287 non
1230 256 1348 288 difficili
1361 257 1705 292 differ-entiaei-atione:
1722 261 1814 292 licuit

937 296 1020 325 enim
1033 296 1124 326 bonae
1140 295 1214 328 fidei
1235 297 1411 338 possessori,
1434 308 1498 331 non
1517 301 1676 341 negligere
1692 311 1740 332 res
1760 301 1814 333 he·

936 336 1107 368 rediturias.
1133 346 1285 377 praetcrea
1309 342 1407 371 debet
1430 340 1484 372 fibi
1501 342 1678 381 imputare,
1702 342 1723 374 fi
1747 352 1813 374 non

938 377 1081 417 percepit
1106 378 1245 417 fructus,
1269 390 1348 420 quos
1374 383 1481 422 potuit
1506 384 1682 423 percipere.
1713 392 1744 415 at
1770 394 1812 416 ne

937 426 1068 458 pereant
1087 419 1140 450 suo
1159 420 1227 451 fato
1245 423 1389 454 animalia
1404 432 1456 454 aut
1475 426 1648 465 mancipia,
1667 434 1728 465 qua
1744 425 1812 457 dili-

935 461 1041 500 gentia
1053 460 1197 500 praestare
1214 462 1341 501 potest?
1359 463 1488 496 Interim
1500 464 1519 496 fi
1531 466 1724 506 deperierint
1740 466 1812 507 post

937 502 1023 532 litem
1041 501 1269 538 contestatam;
1288 506 1329 534 ait
1347 504 1478 544 Paulus,
1497 506 1588 537 bona:
1605 507 1680 539 fidei
1696 507 1814 548 poffes·

936 541 1037 574 sorem
1057 541 1230 574 subtilitate
1241 544 1405 577 Orationis
1423 548 1516 578 etiam
1536 548 1600 579 hoc
1617 550 1747 581 nomine
1764 558 1810 581 te-

936 584 1021 614 neri:
1036 585 1107 624 quia
1126 585 1176 615 illa
1195 595 1307 617 omnes
1325 587 1529 627 poll'ess'ores,
1547 589 1616 625 post
1630 591 1717 622 litem
1734 600 1812 623 con·

937 625 1098 664 tellatam,
1124 634 1213 664 pares
1243 627 1322 657 sunt.
1344 628 1395 660 sed
1413 630 1464 666 id,
1492 639 1526 660 ut
1542 630 1655 662 Paulus
1673 633 1732 670 ait,
1757 633 1811 663 ali-

936 668 1064 706 quando
1079 676 1143 697 non
1163 666 1225 698 line
1245 670 1378 708 duritie;
1403 678 1435 701 ut
1448 670 1562 710 justum
1579 670 1614 702 fit
1631 674 1660 703 iu
1680 673 1814 712 persona

937 708 1001 747 ejus
1020 707 1072 747 qui
1089 718 1136 739 res
1148 708 1352 742 hereditarias
1369 711 1408 742 ab
1425 711 1515 742 initio
1527 722 1635 743 mente
1653 714 1812 754 praedonis

935 748 1146 788 apprehendit
1158 773 1167 788 ,
1185 749 1347 783 Orationis
1359 753 1451 784 verba
1469 753 1638 785 observari.
1655 764 1711 787 cur
1726 756 1813 788 enim

936 791 1067 830 petitori
1087 791 1174 830 cujus
1192 791 1402 824 hereditatem
1420 793 1482 825 esse
1505 795 1643 834 sciebat,
1667 797 1754 835 quod
1771 807 1813 829 ex

935 841 971 861 ea
989 831 1184 871 poffidebat,
1204 833 1288 864 ultro
1304 844 1367 866 non
1379 835 1539 867 restituit?
1556 837 1706 877 potuisset
1723 847 1812 870 certe

935 874 1055 912 petitor
1073 872 1243 905 distraxisse
1261 884 1391 914 recepta
1409 879 1565 917 mancipia
1586 887 1638 910 aut
1655 880 1814 912 animalia.

934 914 1018 945 idem
1029 915 1059 944 in
1077 915 1207 954 persona
1219 916 1310 946 bonae
1324 916 1397 948 fidei
1408 918 1586 958 poffessbris
1597 944 1606 958 ,
1624 930 1688 952 non
1705 921 1810 953 omnis

935 955 1083 995 quidem3
1107 955 1158 987 sed
1177 958 1230 996 qui
1248 957 1317 998 post
1335 959 1423 990 litem
1442 960 1671 1001 contestatam,
1689 962 1812 994 consci-

935 1005 989 1035 us,
1007 996 1217 1029 hereditatem
1234 1000 1270 1029 ad
1288 998 1317 1029 se
1337 1009 1401 1031 non
1420 1003 1600 1041 pertinere,
1616 1005 1718 1043 coepit
1736 1014 1813 1045 prae-

934 1037 1027 1069 donis
1044 1047 1134 1069 more
1152 1040 1276 1071 versari.
1299 1050 1448 1074 caeteruin
1462 1044 1544 1075 aliud
1556 1044 1618 1083 est,
1634 1044 1697 1077 fise
1714 1047 1753 1077 ad
1768 1046 1814 1086 jtt-

939 1079 1142 1120 diciumjuste
1160 1089 1342 1120 provocare
1352 1083 1528 1116 existimet:
1547 1095 1616 1118 nam
1628 1085 1812 1119 hicidcirco

938 1121 1067 1160 perlitis
1084 1122 1352 1155 contestationem
1370 1134 1432 1156 non
1452 1124 1486 1156 fit
1505 1129 1624 1166 praedo.
1641 1129 1717 1168 quin
1735 1138 1814 1160 con·

938 1170 984 1192 tra
1010 1161 1122 1195 Paulus
1139 1163 1157 1194 l.
1175 1174 1223 1202 24.
1243 1165 1282 1195 D.
1300 1167 1332 1195 de
1353 1166 1448 1201 usuris
1471 1167 1556 1199 hunc
1581 1169 1611 1200 in
1635 1179 1723 1201 mora
1746 1179 1813 1202 non

938 1202 1019 1241 effe,
1036 1206 1137 1243 palam
1156 1204 1336 1245 profitetur.
1363 1206 1415 1238 De
1433 1208 1496 1239 hoc
1513 1210 1607 1249 igitur
1622 1212 1815 1251 accipiamus

938 1244 1014 1275 illud
1033 1245 1173 1285 ejusdem
1195 1246 1280 1278 Pauli
1298 1249 1324 1278 cl.
1341 1249 1360 1279 l.
1379 1249 1514 1287 40sNec
1530 1253 1603 1282 enim
1621 1253 1697 1283 deber
1711 1252 1813 1293 poffes-

925 1289 977 1324 sor
992 1293 1043 1316 aui
1053 1287 1256 1319 mortalitatem
1268 1287 1422 1329 praestczre,
1438 1297 1491 1321 aut
1505 1297 1620 1332 propter
1634 1301 1740 1324 vietum
1757 1295 1812 1325 hu-

926 1327 978 1368 jus
992 1329 1131 1366 periculi,
1155 1335 1255 1360 temere
1270 1332 1449 1371 indefensum
1458 1333 1512 1374 jus
1523 1333 1610 1371 suzim
1626 1335 1795 1376 relinquere.

972 1368 1072 1400 Bonae
1090 1370 1184 1410 igitur
1201 1370 1274 1402 fidei
1294 1372 1463 1412 poss‘effor,
1487 1376 1635 1415 quamdiu
1654 1375 1812 1409 heredita·

935 1418 999 1441 tem
1016 1411 1148 1442 alienam
1168 1412 1230 1443 effe
1245 1414 1390 1454 ignorat,
1407 1417 1446 1445 de
1462 1415 1510 1447 his
1527 1425 1597 1456 quae
1609 1417 1698 1448 desiit
1713 1418 1810 1450 habe·

935 1461 968 1482 re
985 1460 1019 1483 ut
1037 1461 1070 1483 ut
1089 1452 1142 1484 l'uo
1159 1453 1264 1493 fac‘to,
1282 1454 1399 1495 suaque
1416 1457 1528 1496 culpa,
1546 1457 1600 1489 nifi
1616 1459 1812 1499 locupletior

934 1492 1053 1532 factus,
1077 1503 1141 1526 non
1161 1503 1298 1528 tenetur.
1321 1496 1422 1529 fastus
1438 1507 1543 1530 autem
1569 1507 1698 1539 putatur
1723 1502 1813 1533 locu-

935 1534 1072 1574 pletior3
1097 1535 1116 1567 si
1139 1537 1257 1575 aliquid
1281 1537 1397 1577 habet,
1421 1548 1462 1570 eo
1485 1542 1572 1580 quod
1597 1541 1813 1575 hereditatem

935 1575 1087 1615 possidet:
1114 1578 1254 1617 alioqum
1271 1589 1336 1610 non
1353 1579 1526 1612 habiturus.
1550 1580 1620 1614 fac:
1638 1583 1756 1623 aliquid
1773 1584 1814 1616 ad

935 1626 1007 1649 eum
1026 1618 1133 1656 venit,
1150 1619 1251 1651 autin
1268 1630 1333 1652 rem
1345 1621 1410 1661 ejus
1429 1621 1551 1653 versum
1569 1622 1633 1662 est,
1658 1633 1723 1655 non
1743 1625 1812 1664 qui-

935 1658 1007 1689 dem
1026 1659 1194 1692 occasione
1211 1661 1413 1693 hereditatis:
1430 1662 1481 1695 sed
1500 1674 1538 1694 ex
1557 1664 1626 1704 ipfis
1646 1666 1740 1697 rebus
1759 1666 1813 1698 he-

934 1701 1109 1739 reditariis,
1133 1710 1186 1733 aut
1213 1712 1271 1743 pro
1297 1703 1384 1743 ipsis,
1410 1704 1586 1744 ipsarutnve
1602 1705 1665 1737 usu.
1682 1708 1814 1742 interim

933 1741 1020 1772 casus
1042 1741 1071 1773 in
1088 1743 1203 1783 quibus
1223 1745 1417 1785 locupletior
1429 1745 1530 1778 factus
1548 1747 1607 1785 est,
1625 1748 1749 1788 aliquos
1765 1749 1813 1781 su-

933 1791 987 1823 pra
1006 1783 1153 1815 observat
1167 1784 1319 1825 Ulpianus
1336 1787 1354 1818 l.
1373 1797 1420 1818 20.
1439 1787 1466 1829 §.
1484 1798 1513 1829 3.
1531 1788 1549 1818 l.
1562 1798 1599 1828 23
1628 1788 1656 1830 §.
1678 1799 1703 1821 1.
1723 1790 1742 1821 l.
1761 1800 1812 1832 25.

931 1832 975 1863 pr.
997 1824 1033 1859 ἐπ”
1049 1824 1076 1866 §.
1098 1835 1123 1857 1.
1140 1827 1167 1856 ci.
1184 1833 1204 1857 t.
1230 1837 1290 1858 nec
1313 1837 1493 1861 contrarios
1519 1830 1684 1862 desiderari
1709 1831 1812 1872 paffus

933 1864 1020 1906 §.ih
1039 1869 1064 1897 a.
1078 1873 1098 1897 t.
1117 1867 1203 1906 Ipsos
1218 1870 1381 1909 utriusque
1398 1871 1522 1910 generis
1534 1872 1633 1904 rursus
1650 1881 1714 1904 non
1733 1882 1812 1905 enu-

934 1916 1039 1945 mero3
1069 1918 1109 1939 ne
1129 1908 1286 1941 fastidium
1313 1913 1411 1951 pariat
1437 1912 1613 1950 prolixitas.
1639 1916 1734 1953 q'uare
1752 1924 1816 1947 nec

935 1948 1059 1980 vicinos
1077 1950 1155 1982 alios
1178 1950 1346 1991 attingam,
1371 1962 1410 1983 ex
1426 1955 1454 1984 cl.
1473 1953 1491 1983 l.
1511 1963 1556 1993 25.
1574 1953 1602 1995 §.
1625 1964 1669 1986 12.
1688 1954 1810 1997 &seqq

934 1998 1006 2021 cum
1025 1991 1194 2029 praesertim
1215 1993 1278 2024 illic
1297 1995 1392 2033 quaeri
1414 1994 1441 2025 ὅ(
1461 1995 1560 2026 videri
1579 1996 1717 2036 poffints

978 2030 1057 2062 lllud
1074 2033 1162 2063 lubet
1174 2033 1350 2073 inquirere,
1367 2044 1430 2074 quo
1443 2044 1607 2075 tempore,
1626 2037 1742 2069 debeat
1755 2039 1814 2069 bo-

934 2081 979 2103 nae
997 2072 1071 2104 fidei
1084 2073 1442 2115 poffefforlocupletioi·
1459 2078 1611 2119 intelligi:
1628 2087 1731 2111 utrum
1748 2079 1811 2112 litis

934 2114 1138 2153 contestatae,
1155 2125 1191 2146 an
1210 2118 1253 2147 tei
1267 2117 1424 2155 Judicatae.
1451 2117 1563 2149 Paulus
1580 2119 1656 2160 l.36.
1674 2120 1702 2162 §.
1720 2131 1748 2159 4.
1767 2120 1810 2153 D.

934 2156 961 2186 h.
978 2162 999 2186 t.
1018 2156 1061 2187 ait
1078 2158 1231 2189 dubitari:
1256 2157 1307 2189 sed
1323 2159 1443 2190 causam
1461 2169 1526 2191 non
1544 2163 1687 2202 apponit.
1722 2162 1811 2194 Mihi

935 2197 1004 2228 haec
1020 2196 1186 2229 succurrit:
1212 2201 1299 2237 quod
1318 2200 1446 2232 Senatui
1463 2202 1601 2241 placuit,
1625 2203 1718 2234 bonae
1735 2203 1811 2235 fidei

935 2237 1138 2279 possessorem
1152 2263 1160 2278 ‚
1177 2240 1246 2280 post
1264 2241 1350 2273 litem
1361 2242 1573 2274 contestatam
1584 2267 1594 2282 ‚
1611 2244 1719 2275 haberi
1733 2254 1813 2286 prae-

934 2281 1074 2318 donem;
1091 2281 1231 2320 indeque
1246 2282 1350 2314 amissa
1361 2283 1568 2323 posseffione‚
1584 2286 1718 2324 perinde
1733 2295 1810 2318 con-

932 2321 1093 2360 demnari,
1117 2330 1152 2352 ac
1172 2322 1190 2354 li
1210 2324 1391 2363 poffideret.
1414 2326 1550 2364 proinde
1574 2326 1724 2366 quaefito,
1743 2336 1810 2368 quo

933 2370 1078 2402 tempore
1097 2363 1211 2394 debeat
1223 2365 1416 2406 locupletior
1432 2367 1514 2406 dici;
1532 2367 1582 2397 vix
1600 2368 1683 2399 aliud
1701 2369 1810 2400 videa-

933 2411 983 2434 tur
994 2411 1121 2443 aptum,
1141 2414 1235 2444 quam
1255 2406 1314 2437 litis
1327 2407 1523 2439 contestatte.
1548 2407 1609 2439 Sed
1627 2408 1808 2442 videamus:

931 2454 971 2476 ne
990 2444 1038 2475 illa
1056 2445 1346 2479 severitassenatus
1363 2458 1424 2488 qua
1441 2450 1481 2480 (le
1499 2449 1626 2488 monui,
1643 2451 1729 2482 circa
1748 2452 1808 2483 bo-

930 2495 978 2516 nae
1004 2485 1077 2517 fidei
1107 2487 1309 2527 possessorem
1323 2513 1331 2527 ,
1353 2499 1417 2521 non
1437 2500 1585 2531 peraeque
1605 2491 1634 2523 in
1656 2492 1807 2524 omnibus

934 2527 1086 2558 servetur.
1117 2527 1241 2560 fateor:
1265 2532 1410 2571 praecipit
1434 2532 1587 2571 Senatus,
1613 2534 1707 2565 bonae
1731 2533 1809 2566 fidei

932 2568 1134 2608 possessorem
1148 2571 1217 2608 poll:
1234 2571 1320 2602 litem
1339 2573 1547 2605 contestatam
1560 2597 1567 2609 ,
1581 2574 1712 2611 perinde
1729 2585 1808 2607 con·

933 2610 1073 2641 demnari
1085 2634 1094 2648 ‚
1110 2620 1145 2641 ac
1163 2611 1183 2642 ss
1201 2612 1380 2651 poffideret.
1398 2614 1494 2654 idque
1511 2615 1540 2647 &
1558 2614 1671 2647 Oratio
1688 2616 1731 2649 D.
1744 2617 1807 2649 Ha-

933 2650 1030 2682 driani
1052 2653 1153 2683 voluit
1169 2652 1244 2690 l.40.
1267 2655 1312 2685 D.
1329 2657 1355 2686 h.
1372 2661 1391 2685 t.
1411 2655 1472 2687 Sed
1490 2656 1601 2689 Paulus
1611 2659 1723 2695 d.l.4o.
1741 2660 1808 2690 ani-

933 2691 1122 2729 madvertit,
1146 2692 1228 2725 illam
1254 2696 1392 2735 regulam
1418 2697 1448 2728 in
1472 2698 1604 2736 persona
1628 2699 1805 2739 poss‘efforis

932 2733 1027 2763 bonae
1045 2733 1119 2764 fidei
1138 2733 1296 2767 interdum
1312 2736 1374 2769 esse
1392 2739 1510 2771 duram.
1529 2741 1648 2780 quippe
1665 2741 1805 2772 resistere

932 2773 1076 2804 favorem
1094 2775 1186 2806 bonae
1204 2776 1296 2815 fidei,
1313 2788 1353 2809 ne
1365 2788 1497 2821 cogatur
1515 2789 1636 2813 temere
1652 2782 1699 2820 jus
1718 2781 1805 2811 suum

932 2814 1129 2847 indefensum
1143 2817 1331 2858 relinquere.
1354 2822 1430 2859 quid
1447 2821 1464 2852 si
1478 2822 1562 2854 idem
1574 2824 1626 2853 ille
1642 2822 1734 2852 favor
1746 2822 1806 2852 eti-

933 2866 981 2887 am
1004 2858 1103 2887 movit
1123 2857 1250 2890 Paulum
1270 2861 1298 2892 in
1318 2863 1344 2892 cl.
1363 2863 1382 2892 l.
1399 2867 1447 2903 36.
1464 2863 1492 2905 §.
1510 2875 1538 2902 4.
1557 2864 1703 2904 negleclo
1721 2861 1806 2902 rigo-

933 2907 966 2927 re
984 2897 1272 2939 Senatusconsulti,
1297 2910 1421 2941 tempus
1449 2914 1514 2944 quo
1533 2903 1725 2943 locupletior
1742 2902 1805 2934 esse

931 2938 1046 2969 debeat
1065 2939 1157 2970 bonae
1174 2941 1246 2973 fidei
1260 2943 1430 2982 pofseffor,
1448 2945 1553 2985 potius
1566 2954 1580 2975 a
1599 2954 1631 2974 re
1646 2944 1803 2983 judicata,

931 2988 1023 3018 quam
1042 2981 1079 3011 ab
1098 2991 1233 3023 accepto
1250 2984 1367 3023 judicio
1384 2986 1552 3017 aestimare:
1577 2994 1615 3015 ne
1632 2984 1802 3024 poss'ess'or,

932 3030 1063 3060 propter
1088 3023 1202 3056 bonam
1227 3024 1343 3065 fidem,
1366 3027 1461 3058 facile
1486 3029 1632 3056 damnum
1653 3025 1736 3056 ferat
1760 3036 1803 3058 ex

933 3061 1118 3101 poffeffione
1135 3065 1243 3097 alienae
1260 3067 1445 3099 hereditatis
1462 3068 1479 3097 l.
1492 3077 1537 3105 25.
1554 3066 1582 3107 §.
1602 3076 1648 3098 11.
1670 3067 1714 3098 D.
1732 3067 1759 3099 h.
1777 3075 1802 3099 t.

932 3103 1040 3135 amiffis
1066 3104 1134 3145 post
1162 3107 1249 3139 litem
1275 3109 1482 3140 contestatam
1508 3108 1601 3138 rebus
1626 3117 1701 3148 quas
1727 3117 1804 3140 ante

930 3144 1072 3183 poss'edit.
1090 3149 1185 3188 Atqui
1196 3158 1309 3181 omnes
1320 3149 1504 3190 possessores
1515 3171 1523 3185 ‚
1541 3148 1610 3186 post
1621 3149 1709 3181 litem
1724 3159 1804 3181 con-

929 3185 1091 3226 testatam,
1114 3198 1204 3228 pares
1227 3190 1306 3221 sunt.
1330 3192 1360 3221 in
1385 3190 1587 3228 praedonibus
1611 3200 1711 3230 vero,
1736 3201 1803 3232 quo

929 3234 1083 3302 tempor}=
1105 3230 1335 3272 locupletiores
1366 3230 1425 3263 sint
1443 3253 1453 3269 ‚
1485 3239 1550 3263 non
1574 3230 1802 3308 distingmrssufff'

1759 3284 1775 3304 e
