2036 3495
132 118 203 142 100
546 103 580 138 G
609 112 630 136 1:
664 112 686 136 R
718 107 740 132 A
771 108 793 132 a
828 106 852 130 Ι)
885 106 898 131 r

132 194 272 228 absentia
297 194 558 234 qualiscumque,
581 186 764 233 sive-justa,
787 183 852 215 five
875 183 1004 232 injusta,

132 236 226 269 alicui
245 235 341 276 prosit
360 244 432 264 cum
451 233 550 263 aliena
568 230 695 269 injuria:
719 228 748 258 ἂ
766 234 898 264 contra,
915 236 954 257 ne
972 236 1003 258 in

130 279 290 317 integrum
317 274 473 306 restitutio
497 271 569 304 laeso
587 270 785 300 concedatur
801 276 933 307 propter
952 268 1002 299 ab·

132 318 263 349 sentiam
278 317 367 347 aliam
378 323 494 354 ,quam
510 310 709 353 probabilem
726 317 780 340 aut
792 307 1005 341 necessariam.

132 359 265 391 Interim
293 365 326 387 ut
352 356 382 388 in
411 355 589 395 superiore,
614 351 655 383 sic
682 353 711 382 in
731 351 807 388 hae,
831 358 921 389 parte
941 353 1006 381 duo

132 398 357 431 desiderantur.
382 397 518 438 primurn
535 392 703 426 adversarii
720 391 880 429 absentia,
905 392 954 422 vcl
973 400 1008 422 ut

131 441 164 471 in
190 439 322 470 vinculis
338 437 457 475 fuerit,
483 437 533 468 vel
552 442 746 471 contumax,
772 433 822 463 vel
835 432 1006 478 ‘Magistra-

132 488 193 512 tus.
220 480 335 511 deinde
350 488 384 511 ut
395 490 447 511 eas
457 479 501 510 ob
511 476 615 510 causas
626 485 666 507 ex
682 475 777 506 bonis
789 476 865 514 quid
882 476 1006 505 exierit.

177 520 229 552 Fit
245 522 340 563 igitur
357 522 417 553 hac
442 529 529 561 parte
555 518 713 550 restitutio
732 518 888 556 primum,
911 515 931 547 si
950 516 1007 553 rei-

131 563 270 602 publicae
293 562 384 594 causa
407 563 540 600 absens,
563 558 767 598 usucapiebat
792 565 858 587 rem
884 566 1007 595 meam;

129 614 192 636 nec
208 614 271 646 ego
289 613 435 644 poteram
450 612 563 644 agere3
583 602 656 641 quia
672 608 768 631 nemo
786 605 853 628 erat
871 598 936 636 eJus
955 599 1006 629 de·

128 644 248 677 sensor.
281 646 317 678 fit
342 647 478 683 deinde,
502 644 525 675 si
548 641 683 683 praesens
703 649 768 671 non
789 641 909 670 utendo
924 638 1008 670 amisi

131 686 378 726 usumfructum,
398 688 485 718 verbi
501 687 620 726 gratia,
638 682 668 714 ἃ
684 681 793 712 absens
812 689 877 711 non
896 680 1007 727 defen·

132 728 278 761 debatur.
297 730 394 760 tertio
412 728 447 760 fit
459 753 467 766 ‚
486 727 507 759 si
524 725 633 757 absens
647 733 708 763 qua
726 722 894 761 temporali
913 722 1008 753 actio-

133 779 175 801 ne
193 770 229 802 sit
250 771 418 810 liberatus,
436 771 510 801 dum
529 776 626 800 nemo
645 766 712 796 vult
728 773 801 795 eum
819 762 1005 795 defendere.

131 812 218 843 addit
243 808 401 854 Ulpianus
425 813 452 842 d.
471 812 490 841 l.
509 819 560 842 21.
577 808 598 850 §
626 817 654 839 2.
677 807 774 851 quod.
790 805 857 835 liaec
884 804 1006 837 restitu-

132 854 199 891 tio,
216 863 371 894 quatenus
388 855 426 885 ad
446 852 689 890 usucapionem,
706 848 856 884 obtinet3
870 846 932 878 sive
950 856 1007 887 per

131 893 187 933 se,
207 895 270 926 sive
289 905 344 935 per
360 894 510 935 subjectas
527 892 580 924 sibi
601 890 766 930 personas,
790 889 843 928 qui
862 887 1006 919 absentes

131 935 221 974 sunt,
246 936 482 978 usucapiebant.
512 942 607 966 unum
626 932 764 972 exigitur
781 939 822 960 eo
839 931 869 961 in
889 930 959 961 casu
977 933 1007 961 ot

132 978 164 1009 in
181 979 323 1017 caeteris3
340 987 373 1009 ut
390 987 454 1009 non
472 976 508 1008 sit
525 973 684 1007 defensor.
705 980 776 1003 nain
798 972 853 1011 (ut
869 972 912 1002 ait
930 971 1006 1018 Pau·

130 1020 179 1051 lus
197 1020 217 1051 l.
235 1029 285 1060 39.
301 1020 328 1050 h.
350 1026 371 1051 t.
396 1018 524 1059 respicit
546 1017 631 1048 enirn
655 1015 693 1046 acl
718 1013 800 1044 hanc
819 1014 960 1053 partem)
983 1021 1010 1043 ις

133 1063 184 1105 qui
200 1061 359 1101 reipublicae
376 1062 463 1101 causti
479 1059 639 1099 absmarus
655 1060 734 1102 ertit,
749 1053 779 1093 st
792 1061 1008 1101 procuratorem

132 1103 298 1144 reliquerit,
318 1110 371 1143 per
384 1112 469 1144 quem
488 1100 604 1140 defendi
619 1103 735 1139 poturi,
750 1106 781 1126 m
797 1101 943 1136 integrum
958 1105 1007 1141 ve·

133 1144 193 1175 lens
207 1142 320 1185 restitui
337 1154 393 1175 non
409 1144 540 1176 auditur.
569 1140 647 1173 Inde
663 1136 826 1179 quaesitum
843 1138 922 1184 fuit,
939 1146 1008 1178 quis

132 1186 258 1218 dicatur
277 1184 479 1217 defendere?
504 1185 558 1215 vix
575 1190 657 1222 opus
674 1188 740 1211 erat
759 1188 880 1225 moneri
892 1203 907 1218 ,.
919 1178 1007 1220 qnod

131 1227 155 1260 fi
178 1227 214 1259 sit
238 1236 430 1268 procurator
454 1225 575 1257 habens
592 1222 790 1259 mandatum,
815 1222 941 1251 Videtur
955 1220 1006 1251 de-

130 1269 268 1302 fendere
283 1270 312 1300 d.
328 1270 346 1300 l.
367 1278 413 1301 21.
434 1268 463 1311 ς.
484 1277 512 1298 2.
536 1265 660 1306 subjicit
685 1265 780 1309 igitur
804 1260 958 1302 Ulpianus
975 1261 1004 1302 §.

128 1311 304 1352 sequente,
328 1311 423 1342 etiam
448 1308 578 1340 defendi
606 1313 679 1337 eum
703 1313 790 1344 cujus
810 1302 957 1335 defensor
977 1307 1007 1334 le

130 1353 269 1395 ingerit,
284 1352 316 1384 id
335 1351 398 1390 est,
414 1351 443 1382 se
460 1350 577 1391 sponte
590 1347 653 1380 fine
672 1346 822 1392 mandato
839 1343 937 1391 offert
952 1345 1006 1390 de-

130 1394 280 1426 fensioni.
304 1394 458 1433 amplius,
477 1392 600 1432 inquit,
617 1387 768 1424 defendi,
792 1386 813 1418 fi
831 1395 882 1427 qui
902 1395 1006 1427 requi-

130 1436 206 1468 fitus
229 1437 268 1467 ab
292 1435 399 1466 actore
417 1457 426 1471 ,
460 1442 524 1464 non
551 1431 595 1462 est
617 1428 793 1460 defensioni
818 1428 1006 1460 defuturus:

129 1477 291 1519 plenaque
316 1474 460 1508 defensio
484 1473 659 1513 accipitur,
683 1469 703 1500 si
728 1469 924 1509 &judicium
941 1478 1005 1501 non

130 1516 346 1556 detrectetur,
371 1517 399 1548 ἀ
415 1516 593 1556 judicatum
609 1511 685 1542 solvi
707 1510 883 1544 satisdetur.
915 1509 1003 1552 Ergo

129 1570 195 1593 non
216 1559 307 1590 aliter
325 1558 432 1589 locum
451 1555 584 1587 habebit
603 1553 667 1584 hoc
684 1551 850 1592 Edictum,
873 1561 967 1593 quam
983 1551 1004 1583 si

131 1602 224 1633 amici
243 1599 509 1640 ejusinterrogati
527 1596 668 1631 fuerint,
685 1603 722 1625 an
740 1594 935 1632 defendant,
952 1601 1005 1625 aut

131 1642 153 1675 fi
171 1651 267 1674 nemo
284 1640 321 1672 sit
337 1641 391 1682 qui
410 1638 597 1679 interrogari
616 1634 737 1677 potest:
753 1644 951 1677 oportetque
968 1644 1006 1666 ea

129 1683 301 1716 testatione
327 1681 499 1722 complecti
526 1681 547 1712 l.
573 1688 620 1710 22.
645 1678 673 1709 h.
699 1683 722 1708 ε.
753 1678 875 1718 Aliquis
901 1678 1005 1709 dicat:

129 1726 206 1766 quid
233 1733 315 1766 opus
338 1723 542 1756 restitutione
564 1720 625 1751 hac
640 1720 670 1750 in
689 1719 805 1759 parte?
829 1728 900 1750 nam
917 1718 938 1750 si
953 1719 1005 1750 ab·

130 1767 200 1799 sens
221 1775 286 1798 non
304 1764 516 1802 defendatur,
541 1760 646 1803 potest
668 1764 735 1800 peti
753 1761 854 1793 miffio
871 1761 903 1792 in
920 1761 1006 1791 bona

129 1818 171 1841 ex
195 1809 301 1850 primo
326 1808 480 1844 decret03
504 1805 553 1844 &,
576 1802 598 1836 fi
622 1803 747 1841 latitet,
770 1805 868 1834 etiarn
895 1811 936 1833 ex
959 1801 1004 1833 se-

127 1851 248 1883 cundo.
293 1848 357 1881 Sed
379 1848 455 1879 huic
478 1845 625 1886 scrupulo
648 1844 819 1883 dupliciter
834 1843 1006 1882 respondet

127 1891 287 1933 Ulpianus
304 1891 332 1922 d.
353 1890 371 1921 l.
391 1898 438 1921 21.
457 1889 486 1931 §.
503 1898 531 1920 2.
556 1884 656 1924 verfic.
685 1885 834 1917 Caeterum.
865 1886 1007 1918 Primum

127 1935 193 1973 ait,
217 1934 249 1964 in
277 1933 340 1964 hoc
364 1930 480 1963 Edicto
498 1939 564 1962 non
583 1928 694 1968 utique
710 1929 809 1967 quaeri
827 1928 866 1959 de
884 1928 1007 1959 latitan-

128 1983 186 2014 te,
202 1974 254 2006 sed
272 1975 311 2006 de
329 1971 480 2011 absente,
496 1968 732 2012 quamvisjusta
746 1979 787 2001 ex
805 1969 905 2001 causa.
921 1969 1008 2001 dein-

130 2017 171 2049 de
180 2017 223 2048 ait
234 2026 244 2055 3
260 2016 349 2056 quod
360 2015 502 2046 creditor
511 2011 658 2045 adversus
667 2009 830 2043 absentem
839 2011 934 2043 facile
945 2012 1009 2052 qui-

128 2059 205 2091 dem
223 2058 375 2097 impetrat
391 2057 558 2088 decretum
581 2055 739 2095 primurm
761 2053 813 2085 sed
836 2063 901 2085 non
919 2062 1010 2093 aeque

130 2098 228 2132 facile
243 2101 394 2139 impetrat
406 2097 590 2129 secundum.
609 2096 684 2135 quin
701 2105 741 2127 ex
758 2096 862 2136 primo
875 2096 1008 2127 decreto

132 2141 232 2173 solam
256 2140 373 2178 accipit
396 2138 589 2175 custodiam,
613 2137 666 2168 seu
690 2137 930 2169 detentionem:
952 2146 1010 2177 per

131 2192 227 2226 quam
246 2191 311 2214 non
322 2181 359 2213 fit
374 2179 503 2212 securus
517 2180 678 2218 creditor3
695 2183 768 2211 cum
785 2188 842 2219 per
858 2188 927 2210 eam
944 2187 1009 2210 non

129 2224 354 2266 interpelletur
363 2220 524 2262 usucapio.
547 2219 621 2252 Nec
631 2221 697 2252 hoc
707 2221 922 2252 omittendum
941 2229 1009 2251 cre-

132 2267 212 2299 didit
236 2265 351 2298 Paulus
373 2265 401 2295 d.
417 2263 436 2295 l.
457 2273 504 2295 22.
522 2263 551 2305 §.
570 2272 598 2294 2.
646 2262 831 2294 Labeonem
857 2260 1009 2302 censere,

129 2309 191 2340 hac
217 2316 306 2348 parte
330 2305 480 2337 Edictum
505 2305 600 2336 etiam
624 2305 662 2335 ad
678 2303 835 2343 furiosos,
861 2304 889 2336 δι
907 2303 1008 2335 infan-

132 2358 199 2388 tes,
223 2349 253 2381 &
269 2348 437 2385 civitates,
461 2346 482 2378 fi
499 2355 563 2377 non
580 2345 813 2385 defendantur,
832 2347 1007 2386 pertinere.

172 2391 253 2422 Satis
271 2391 311 2422 tle
326 2388 528 2421 restitutione
544 2396 616 2428 quae
634 2386 690 2425 fit,
707 2387 727 2419 fi
745 2387 854 2418 absens
873 2397 938 2420 non
957 2388 1007 2419 de-

131 2431 295 2464 fendatur.
320 2440 351 2462 at
370 2440 434 2462 non
454 2430 518 2461 hoc
534 2429 599 2461 fine
616 2428 751 2460 substitit
770 2429 901 2461 Praetor.
927 2438 1006 2470 prae-

131 2481 220 2505 terea
244 2472 384 2511 promisit
406 2471 659 2510 restitutionem,
683 2472 716 2502 Si
732 2472 798 2512 quir
812 2481 877 2502 cum
893 2473 924 2502 in
941 2472 1007 2502 vin-

132 2515 205 2546 ealis
220 2514 304 2555 effen,
329 2513 515 2552 praesentem
538 2512 751 2552 usucapione,
778 2514 866 2544 verbi
887 2513 1006 2554 gratia,

131 2555 218 2589 laesit.
242 2554 358 2596 scripsit
381 2556 420 2587 ad
444 2555 529 2586 hunc
553 2555 721 2586 articulum
747 2553 902 2594 Ulpianus
919 2554 938 2585 l.
955 2564 1004 2594 23.

128 2604 176 2639 pr.
193 2597 212 2638 §
243 2606 268 2628 1.
288 2606 315 2627 2.
333 2607 364 2637 3.
383 2597 411 2628 b.
427 2602 447 2628 ι.
474 2596 505 2628 δι’.
519 2597 591 2629 addi
611 2596 718 2637 potest
732 2595 879 2637 Cujacius
897 2596 1007 2628 lib.22.

135 2639 256 2677 Observ.
276 2647 300 2668 c.
322 2647 368 2676 17.

148 2706 149 2709 ,
174 2680 276 2712 Porro
289 2679 330 2709 ait
348 2678 486 2718 Praetor,
504 2678 644 2710 Secumve
659 2677 935 2721 agendipotefiatem
949 2688 1007 2710 non

126 2722 245 2764 fecerit.
290 2718 379 2765 Haec·
393 2720 490 2751 verba
517 2730 557 2751 eo
583 2722 770 2760 pertinent3
795 2730 828 2752 ut
851 2722 1007 2762 intelliga-

132 2773 225 2802 mus,
247 2760 479 2793 restitutionem
506 2760 565 2792 hac
591 2761 694 2794 Edisti
713 2771 803 2803 parte
819 2763 913 2794 etiarn
930 2772 1008 2794 con-

134 2805 207 2837 cedi
226 2802 374 2835 adversus
385 2811 459 2833 eum
476 2802 528 2842 qui
541 2802 675 2842 praesens
686 2813 750 2835 non
763 2803 886 2835 faceret
900 2805 1006 2836 secum

130 2846 247 2888 agendi
267 2843 457 2886 potestatem
469 2865 477 2880 ‚
502 2852 566 2882 quo
588 2844 712 2877 facilius
730 2845 880 2886 usucapio
898 2846 1008 2887 imple-

132 2897 241 2925 retur,
259 2886 309 2918 vel
328 2886 395 2916 dies
411 2884 541 2916 aetionis
562 2888 745 2925 temporalis
763 2888 886 2926 exiret,
903 2888 924 2920 fi
941 2898 1007 2920 non

130 2930 269 2970 haberet
292 2925 503 2959 defensorem,
535 2926 577 2956 ita
600 2925 753 2967 Ulpianus
778 2930 805 2960 d.
825 2929 842 2960 l.
861 2939 910 2971 23.
929 2930 957 2972 §.
975 2939 1005 2969 4.

130 2972 188 3004 ubi
207 2979 313 3002 tamen
328 2967 543 3000 observandus
560 2965 606 2997 est
623 2968 728 3000 versus
739 2993 749 3008 ,
774 2970 840 3002 Nec
855 2972 933 3002 enim
939 2972 1008 3012 suf.

128 3013 197 3054 ficit
205 3012 326 3052 semper.
372 3008 456 3042 Nam
479 3008 543 3040 hoc
560 3007 652 3039 versu
667 3008 822 3050 Ulpianus
839 3013 937 3044 tacite
953 3022 1008 3045 oc-

131 3055 233 3086 currit
249 3052 423 3094 objestioni
442 3059 533 3092 quam
545 3048 653 3080 facere
672 3059 798 3091 poterat
814 3054 945 3094 aliquis:
961 3064 1007 3086 ai·-

130 3097 285 3134 bimatus,
309 3104 375 3126 non
392 3092 455 3125 effe
471 3091 613 3129 causam,
635 3099 691 3122 cui·
714 3092 767 3122 hic
782 3092 818 3123 fit
834 3095 1006 3127 restitutio-

130 3139 165 3170 ni
189 3138 298 3170 locus:
320 3135 410 3173 poffe
432 3135 518 3166 enim
542 3132 642 3165 astori
666 3132 786 3164 consuli
805 3133 921 3167 Edicto
939 3140 1007 3177 qui-

132 3180 194 3212 bus
208 3187 250 3211 ex
267 3176 363 3210 causis
380 3178 413 3209 in
430 3174 656 3218 poss'effionem
674 3182 784 3212 eatur;
808 3175 848 3205 de
865 3184 930 3214 quo
946 3179 965 3208 l.
976 3189 1005 3218 7.

128 3222 161 3264 S.
180 3231 207 3255 1.
225 3219 270 3254 D.-
286 3217 377 3263 Qib.
394 3227 431 3252 ex
447 3217 526 3259 catis.
545 3217 578 3250 in
588 3214 659 3258 poff.
676 3223 732 3250 eat·
754 3215 819 3249 Sed
836 3216 1009 3258 respondet

957 96 1220 133 Noonr
1276 97 1491 134 COMM.

1048 183 1223 232 Ulpianus,
1247 188 1277 219 id
1302 186 1449 221 Edictum
1475 188 1561 229 loqui
1581 188 1622 220 de
1639 189 1805 223 latitante:
1829 191 1858 223 &
1874 193 1919 224 fa-

1047 226 1108 257 cile
1135 229 1276 260 ineidere
1300 230 1423 269 caulas3
1448 239 1503 261 cur
1521 230 1589 269 quis
1609 240 1673 262 non
1691 232 1835 262 videatur
1855 233 1922 264 lati·

1049 274 1123 298 tare.
1148 278 1315 309 praeterea,
1332 270 1352 302 si
1370 273 1491 310 latitet,
1509 271 1597 310 posse
1614 272 1681 304 fieri
1693 296 1702 311 ‚
1718 282 1757 302 nc
1776 272 1922 305 Edictum

1050 311 1225 349 procedat,
1247 313 1394 350 exempla
1418 314 1487 344 sunt
1510 314 1541 344 in
1559 313 1587 344 d.
1605 314 1624 345 i.
1644 323 1682 355 23
1712 313 1742 354 §.
1760 313 1813 344 ult.
1832 315 1851 346 l.
1871 325 1921 354 24.

1048 352 1068 381 ι.
1088 359 1136 389 25.
1157 351 1176 381 l.
1197 356 1245 383 26.
1263 361 1310 393 pr.
1329 355 1356 384 h.
1377 361 1398 384 r.

1091 390 1240 432 Sequitur
1252 395 1282 425 in
1299 393 1414 427 Edicto
1427 405 1435 426 :
1450 395 1516 427 Aut
1526 405 1590 427 cum
1604 406 1668 427 eum
1684 397 1813 428 invitum
1829 397 1922 437 injus

1049 441 1153 463 vocare
1170 442 1226 464 non
1243 435 1357 473 licerer,
1381 447 1470 478 neque
1486 438 1704 475 defenderetur,
1731 448 1796 469 cum
1818 438 1920 475 Magi·-

1043 472 1156 519 stratus
1173 477 1206 504 de
1222 484 1254 506 etl.
1269 486 1298 507 re
1315 479 1471 518 appellatus
1489 478 1561 520 effer.
1601 480 1651 511 Ad
1669 480 1738 510 haec
1755 480 1853 510 verba
1866 479 1923 512 Ui-

1050 524 1161 555 pianus
1177 515 1200 560 s·
1220 520 1268 547 26.
1288 518 1317 558 §.
1338 528 1365 550 2.
1384 519 1420 554 &²
1436 530 1464 561 3.
1480 521 1507 551 b.
1526 526 1550 552 t.

1093 555 1199 595 Pergit
1216 556 1353 590 Praetor:
1371 562 1440 591 Sive
1453 563 1500 592 cuz·
1514 568 1563 601 per
1582 561 1777 604 Magistratus
1800 562 1864 601 (ita
1882 563 1926 595 le-

1050 600 1207 636 gendum,
1231 607 1315 638 non,
1335 606 1386 639 pro
1403 602 1604 644 Magistrum,
1633 613 1666 636 ut
1685 605 1785 636 modo
1801 605 1865 635 dixi
1882 613 1924 636 ex

1050 640 1078 669 d.
1094 639 1115 670 l.
1135 642 1183 669 26.
1201 638 1230 679 §.
1247 640 1298 680 4.)
1308 639 1373 679 fine
1390 643 1449 674 dolo
1466 644 1553 684 ipfius
1571 645 1643 678 αὲἶὶο
1659 652 1790 685 exempla
1807 645 1861 685 effe
1880 647 1924 676 ai-

1050 685 1140 711 cetur.
1183 679 1259 725 hoc
1277 690 1362 721 quo,
1387 685 1460 715 vide
1477 688 1504 716 d.
1521 687 1540 718 l.
1557 692 1607 719 26.
1626 687 1654 729 §.
1672 698 1703 726 4.
1723 687 1758 722 ὅ)
1776 687 1847 728 seqq-

1085 721 1244 768 ·Sequitur
1270 727 1361 768 tertia
1387 724 1489 757 Edisti
1513 737 1592 768 pars.
1639 729 1730 768 item,
1748 728 1848 770 siqua
1865 728 1926 760 alia

1049 764 1119 793 mzhz
1130 760 1214 803 justa
1232 766 1319 804 causa
1337 764 1387 805 effe
1408 768 1571 808 videbitur,
1597 771 1629 801 in
1646 772 1790 813 integrum
1807 768 1922 810 resticu-

1049 814 1107 835 am.
1151 803 1232 852 H‘aec
1256 805 1394 838 clausula.
1411 808 1533 848 (inquit
1556 812 1709 853 Ulpianus
1734 812 1752 842 l.
1770 816 1819 843 26.
1845 811 1874 853 §.
1891 820 1924 847 9.

1049 846 1078 876 b.
1098 845 1141 885 t.)
1165 845 1281 877 hdisto
1299 846 1412 879 inserta
1429 850 1601 883 necell'ario
1619 853 1684 885 est:
1707 854 1736 884 δι
1753 853 1925 894 praefatur,

1050 891 1139 926 quod
1156 895 1333 927 potuerunt
1349 890 1437 935 multi
1456 892 1650 926 intervenire
1669 894 1754 925 casus
1766 895 1816 935 qui
1835 893 1925 925 defe-

1050 936 1139 966 rant,
1163 929 1198 960 id
1220 927 1266 960 est
1283 952 1310 975 ,¹
1324 939 1377 970 qui
1395 932 1522 977 'possint
1546 935 1692 976 defer-re)
1714 935 1925 967 restitutionis

1050 971 1217 1001 auxilium:
1232 979 1333 1002 necin
1355 981 1525 1012 prlol'essut
1543 975 1719 1015 posteriore
1735 976 1837 1008 Edic'ti
1854 986 1933 1016 patr

1049 1018 1082 1042 te
1099 1011 1158 1059 (ad
1175 1019 1341 1053 utramque
1352 1015 1436 1045 enim
1456 1015 1524 1046 haec
1541 1019 1681 1057 pertinet
1697 1017 1854 1058 clausula)
1869 1017 1926 1049 sin-

1049 1054 1180 1099 gulatim
1208 1061 1383 1102 potuerunt
1406 1059 1594 1089 enumerari.
1627 1061 1722 1101 igitur
1745 1059 1851 1100 placet
1875 1059 1926 1096 ei,

1051 1102 1178 1140 quoties
1205 1103 1337 1135 aequitas
1360 1095 1496 1138 suggerit
1513 1100 1763 1138 restitutionem,
1787 1101 1825 1132 ad
1842 1100 1926 1131 hanc

1050 1136 1217 1182 clau-sulam
1243 1137 1448 1170 descendere.
1473 1149 1522 1171 res
1547 1143 1703 1184 exemplis
1728 1143 1851 1183 aliquot
1869 1140 1926 1172 fiet

1050 1178 1174 1224 clarior.
1208 1176 1316 1209 Unum
1333 1179 1396 1226 tale
1417 1180 1478 1212 est:
1505 1183 1627 1223 Aliquis
1644 1193 1717 1215 cum
1737 1183 1928 1224 fungeretur

1051 1219 1212 1263 legatione
1230 1229 1289 1264 pro
1308 1229 1462 1260 ClVitate,
1487 1223 1575 1256 laesus
1592 1225 1637 1256 est
1654 1226 1803 1257 absentia.
1836 1226 1860 1255 is
1881 1233 1930 1255 re-

1050 1261 1173 1306 verluS,
1197 1269 1280 1307 petit
1303 1271 1319 1292 a
1335 1261 1485 1308 'Praetore
1502 1265 1641 1298 restitui:
1666 1268 1755 1308 quod
1774 1267 1871 1305 dicit,
1894 1264 1927 1297 se

1049 1300 1182 1347 abfuisse
1206 1303 1391 1348 reipublicae
1409 1306 1507 1337 causa.
1532 1317 1569 1338 an
1587 1309 1699 1340 recte?
1723 1315 1851 1349 poterat
1868 1308 1927 1339 du·

1049 1343 1160 1375 bitari:
1184 1352 1257 1390 quia
1280 1344 1326 1375 est
1347 1354 1407 1392 una
1432 1346 1546 1387 Populi
1573 1348 1707 1381 Romani
1725 1349 1926 1389 respublica.

1049 1392 1173 1416 caeterae
1191 1394 1338 1418 cwitates
1353 1396 1552 1427 privatorum
1570 1391 1646 1422 loco
1667 1391 1824 1422 habentur
1839 1391 1855 1421 l.
1879 1393 1927 1421 16.

1050 1425 1092 1473 Q.
1105 1427 1143 1472 'de
1158 1425 1329 1472 verhtfign.
1355 1429 1450 1474 Atqui
1468 1430 1585 1462 dicitur
1602 1441 1733 1473 quoque
1743 1431 1926 1472 respublica

1048 1475 1206 1513 civitatis,
1223 1468 1259 1514 &¹
1269 1469 1452 1515 simpliciter
1469 1473 1650 1513 respublica
1667 1483 1740 1514 quae
1753 1473 1797 1505 est
1810 1473 1924 1504 civita-

1050 1517 1088 1541 tis
1107 1517 1159 1540 aut
1175 1519 1351 1550 municipii.
1376 1520 1439 1543 non
1459 1522 1539 1553 opus
1556 1516 1729 1553 exemplis:
1749 1520 1927 1546 occurrunt

1048 1550 1166 1591 passim.
1190 1550 1266 1583 Hoc
1281 1560 1387 1583 tamen
1405 1554 1532 1586 abusive
1544 1554 1632 1596 fieri,
1645 1555 1799 1596 Ulpianus
1815 1555 1928 1586 auetor-

1049 1591 1094 1638 est
1109 1592 1128 1624 l.
1150 1601 1197 1632 15.
1216 1594 1243 1623 d.
1262 1599 1284 1624 t.
1319 1592 1539 1627 Nihilominus
1556 1596 1578 1628 si
1595 1598 1665 1638 quis
1683 1596 1824 1628 abfuerit
1842 1605 1859 1626 a
1875 1595 1928 1626 sua.

1050 1636 1181 1679 civitate
1198 1634 1337 1675 legatus:
1353 1644 1445 1675 putat
1464 1635 1616 1678 Ulpianus
1633 1641 1661 1670 d.
1681 1638 1700 1670 l.
1720 1642 1769 1670 26.
1789 1638 1809 1680 ὃ
1837 1646 1865 1673 9·
1883 1647 1925 1668 ἰθ-

1051 1675 1228 1721 quisiimum
1252 1675 1334 1714 ess'e,
1359 1685 1431 1708 eum
1449 1678 1589 1711 restitui:
1613 1690 1678 1712 non
1698 1690 1741 1712 ex
1759 1688 1865 1720 priore
1884 1678 1928 1709 E-

1050 1717 1124 1764 diffiti
1141 1725 1246 1764 parte:
1264 1717 1316 1749 sed
1335 1727 1375 1749 ex
1392 1722 1531 1759 generali
1545 1721 1700 1759 clausula,
1719 1719 1848 1760 Item‚fi
1863 1730 1929 1762 quat

1048 1759 1119 1789 mibi
1134 1759 1192 1790 alia
1203 1757 1287 1801 justa
1305 1762 1392 1798 causa
1406 1760 1457 1801 effe
1474 1763 1630 1794 videbitur.
1654 1762 1738 1796 Nam
1757 1764 1833 1795 licet
1852 1771 1928 1803 pro-

1050 1802 1118 1840 prie
1135 1810 1200 1832 non
1216 1800 1357 1832 abfuerit
1379 1803 1584 1844 reipublicae,
1608 1805 1641 1838 id
1658 1804 1725 1844 est,
1747 1803 1843 1835 Urbis
1860 1802 1927 1835 Ro-

1049 1851 1127 1880 mae,
1146 1842 1255 1875 causa:
1280 1843 1445 1875 esttamen
1464 1846 1577 1877 eadem
1596 1847 1679 1878 ratio
1696 1855 1768 1887 quae
1785 1845 1889 1885 foret3
1903 1844 1929 1877 si

1049 1885 1089 1914 ab
1108 1882 1197 1916 Urbe
1214 1884 1317 1916 Roma
1333 1885 1398 1924 ejus
1418 1887 1508 1917 causa
1525 1886 1681 1920 abfuisset.
1715 1891 1822 1928 itaque
1838 1887 1929 1918 addit

1050 1924 1207 1972 Ulpianus
1219 1950 1229 1966 ,
1245 1927 1331 1967 (quo
1349 1925 1436 1959 forte
1452 1927 1617 1967 &respicit
1631 1930 1742 1962 Paulus
1759 1929 1778 1961 l.
1791 1934 1820 1963 8.
1837 1929 1864 1960 h.
1883 1929 1928 1968 t.)

1050 1976 1148 1999 etiam
1171 1968 1332 2010 saepiffime
1354 1967 1416 1999 esse
1440 1969 1667 2009 constitutum,
1690 1970 1829 2011 adjuvari
1852 1979 1929 2002 eum

1051 2010 1189 2049 debere,
1212 2019 1308 2051 atque
1334 2010 1537 2050 indistinete,
1558 2011 1620 2044 sive
1645 2013 1755 2044 habuit
1778 2020 1928 2052 procura-

1052 2060 1174 2091 torem,
1197 2051 1261 2083 sive
1283 2061 1359 2083 non.
1383 2053 1422 2083 de
1439 2061 1505 2092 quo
1521 2054 1551 2084 in
1568 2053 1761 2086 antecessum
1779 2054 1856 2085 dixi.
1882 2052 1928 2084 Si-

1051 2094 1126 2126 mile
1139 2102 1229 2134 putat
1244 2093 1396 2135 Ulpianus
1412 2096 1438 2124 d.
1451 2094 1478 2135 §.
1491 2103 1518 2130 9-
1543 2094 1565 2126 fi
1581 2096 1649 2137 quis
1668 2095 1837 2127 testimonii
1855 2103 1930 2125 cau-

1052 2136 1082 2166 sa
1099 2135 1134 2167 sit
1151 2144 1306 2168 evocatus
1322 2144 1363 2166 ex
1380 2136 1519 2175 qualibet
1538 2138 1725 2177 provincia,
1749 2137 1800 2168 vel
1818 2138 1848 2167 in
1867 2134 1928 2167 Ur-

1052 2178 1146 2217 bem,
1171 2178 1202 2210 id
1218 2177 1282 2217 est,
1306 2176 1461 2216 Romam,
1486 2178 1536 2209 vel
1555 2179 1592 2209 ad
1610 2177 1803 2219 Principem.
1825 2177 1880 2208 etsi
1897 2186 1929 2208 e-

1051 2223 1117 2251 niin
1132 2228 1193 2250 nec
1211 2219 1263 2250 hic
1279 2219 1356 2250 absit
1375 2219 1561 2258 reipublicae
1578 2219 1687 2259 causa,
1712 2228 1818 2251 tamen
1836 2228 1929 2260 aeque

1051 2262 1181 2293 coactus
1192 2259 1297 2299 abest,
1314 2269 1350 2292 ac
1361 2259 1379 2291 si
1392 2261 1574 2301 reipublicae
1592 2261 1682 2293 causa
1691 2261 1821 2294 abeffet.
1837 2262 1927 2292 ideo->

1053 2313 1114 2345 que
1141 2312 1209 2334 non
1231 2303 1334 2335 minor
1358 2301 1456 2333 fuerit
1481 2303 1611 2342 aequitas
1630 2313 1700 2334 eum
1718 2302 1931 2341 restituendi,

1053 2353 1146 2386 quam
1169 2344 1275 2376 futura
1297 2343 1390 2382 ess'et,
1414 2343 1434 2375 si
1460 2345 1644 2385 reipublicae
1660 2344 1749 2376 causa
1768 2343 1929 2375 abfuisset.

1051 2387 1139 2419 Idem
1156 2386 1235 2418 dicit
1254 2385 1408 2427 Ulpianus
1420 2386 1447 2416 d.
1465 2386 1516 2417 loc.
1541 2390 1581 2417 de
1598 2387 1645 2418 his
1662 2387 1716 2426 qui
1732 2386 1929 2426 cognitionis

1049 2429 1171 2470 gratia,
1188 2429 1238 2460 vel
1255 2427 1498 2469 appellationis,
1516 2427 1585 2458 sunt
1605 2428 1813 2468 peregrinati:
1830 2426 1860 2458 δι
1873 2436 1927 2467 ge-

1050 2469 1215 2508 neraliter,
1231 2469 1501 2509 quotiescumque
1511 2469 1581 2509 quis
1591 2478 1631 2500 ex
1643 2468 1843 2506 necessitate,
1860 2476 1928 2499 non

1050 2521 1090 2543 ex
1115 2512 1284 2543 voluntate
1306 2509 1429 2548 abfuit,
1452 2518 1605 2550 oportere
1622 2511 1649 2541 ei
1667 2507 1836 2541 subveniri.
1859 2509 1931 2541 imo

1049 2552 1204 2594 Ulpianus
1226 2552 1245 2583 l.
1262 2556 1312 2586 28.
1328 2551 1356 2582 b.
1376 2558 1397 2582 c.
1421 2551 1512 2582 latius
1537 2551 1672 2592 porrigit
1694 2552 1930 2592 indulgentiam

1048 2595 1209 2628 Praetoris.
1232 2594 1309 2634 quid
1326 2592 1410 2624 enim
1422 2615 1431 2631 ,
1446 2590 1468 2623 fi
1483 2592 1552 2633 quis
1571 2593 1748 2625 studiorum
1765 2592 1856 2624 causa
1875 2592 1929 2623 ab·

1049 2636 1118 2669 sens
1136 2637 1167 2668 δι
1189 2634 1276 2668 laesus
1293 2634 1349 2673 sit,
1372 2632 1460 2665 forte
1477 2641 1607 2666 mortuo
1624 2633 1862 2675 procuratore?
1885 2642 1927 2666 an

1049 2678 1171 2720 poterit
1187 2675 1333 2709 restitui?
1356 2685 1423 2707 non
1444 2674 1552 2717 potest
1569 2676 1669 2708 videri
1688 2685 1728 2708 ex
1743 2675 1930 2708 neceffitate

1051 2719 1195 2752 abfuiffe.
1219 2726 1333 2750 contra
1350 2716 1454 2749 abfuit
1470 2727 1511 2749 ex
1526 2717 1706 2749 voluntate.
1730 2716 1858 2749 interim
1875 2717 1929 2747 ab·

1051 2761 1113 2793 fuit
1137 2770 1177 2793 ex
1200 2759 1290 2791 causa
1305 2759 1443 2791 maxime
1461 2759 1631 2799 probabili.
1657 2767 1746 2800 putat
1761 2759 1856 2800 igitur
1872 2756 1928 2789 Ul-

1051 2805 1181 2845 pianuS,
1206 2802 1310 2834 adhuc
1334 2800 1510 2833 deliberare
1531 2801 1651 2833 debere
1667 2801 1864 2838 Praetorem,
1886 2808 1926 2830 an

1049 2845 1078 2877 ei
1090 2844 1257 2876 subvenire
1266 2842 1402 2881 debeat,
1419 2852 1459 2874 ne
1474 2843 1651 2884 decipiatur
1667 2852 1725 2883 per
1735 2842 1929 2883 J‘ustiffimam

1048 2886 1198 2918 absentiae
1214 2884 1347 2917 causam.
1383 2883 1438 2915 Est
1454 2884 1484 2915 &
1501 2885 1578 2916 alius
1595 2883 1681 2916 casus
1698 2883 1733 2925 §.¹
1748 2893 1774 2915 1.
1793 2884 1821 2914 d.
1838 2883 1858 2914 l.
1877 2886 1928 2916 28.

1049 2928 1171 2969 Aliquis
1187 2925 1249 2958 fuit
1271 2926 1326 2958 sub
1343 2925 1557 2966 fidejussorum
1576 2926 1731 2964 datione3
1748 2925 1777 2957 δε
1795 2923 1840 2956 est
1856 2932 1930 2963 pro-

1050 2977 1160 3012 pterea
1176 2976 1289 3009 captus
1308 2967 1361 3000 seu
1377 2968 1486 3007 laesus,
1510 2969 1598 3008 quod
1624 2968 1664 2999 de
1683 2967 1757 2999 loco
1775 2966 1927 2996 recedere

1050 3021 1115 3043 non
1133 3010 1256 3052 potest:
1279 3011 1311 3042 id
1328 3009 1393 3049 est,
1416 3009 1577 3050 promisit,
1601 3008 1630 3041 se
1648 3009 1688 3040 de
1704 3008 1779 3039 loco
1798 3014 1864 3046 quo
1881 3002 1927 3050 est

1047 3053 1142 3094 juffus
1159 3051 1218 3084 sisti
1231 3076 1241 3091 ‚
1265 3061 1330 3084 non
1355 3050 1564 3083 decessurum.
1587 3051 1612 3082 is
1630 3059 1670 3081 eo
1687 3048 1816 3080 nomine
1834 3046 1927 3076 dedit

1050 3093 1285 3135 fidejussorem3
1307 3094 1338 3125 &
1363 3101 1499 3132 uterque
1525 3092 1554 3124 se
1571 3090 1725 3132 obligavit
1742 3088 1780 3118 ad
1797 3094 1926 3126 poenam

1050 3145 1181 3167 certam.
1207 3136 1377 3176 quaeritur,
1396 3144 1434 3165 an
1447 3134 1473 3165 ei
1490 3134 1592 3166 danda
1610 3132 1644 3164 sit
1659 3132 1688 3162 in
1706 3130 1863 3168 integrum
1880 3136 1930 3158 re-

1049 3177 1199 3210 stitutio?
1220 3176 1308 3209 forte
1330 3177 1436 3207 dices:
1461 3185 1526 3207 non
1551 3174 1596 3206 est
1613 3172 1665 3203 sub
1682 3168 1843 3209 custodia3
1865 3177 1929 3199 nec

1050 3221 1151 3261 magis
1168 3219 1262 3252 estin
1278 3218 1425 3252 vinculis.
1451 3217 1550 3259 quid,
1572 3214 1595 3249 fi
1613 3220 1718 3248 tamen
1736 3219 1804 3245 non
1820 3209 1930 3284 potgg
