2036 3495
551 114 905 149 GERAxnr

138 133 155 167 (s)

162 135 180 158 (2

793 200 1150 237 TITULus

962 106 1225 148 Nono-r
1282 112 1501 148 Coun.

1209 202 1276 238 IX.

902 290 954 325 De
971 290 1178 329 senatoribus.

201 394 222 417 x
237 385 337 416 tribus
353 381 428 422 juris
445 380 577 421 objeslis
599 382 670 418 quae
689 377 778 419 supra
795 378 884 419 posui
899 377 1016 410 Titulo

141 390 196 459 E
215 425 244 455 V
257 449 265 463 ‚
278 426 371 456 rellat
388 424 516 454 tertium
534 422 621 459 quod
640 419 684 451 est
702 422 741 451 de
755 420 934 452 actionibus
951 422 1015 461 qui-

140 471 198 500 bus
216 466 278 497 suae
295 467 428 506 quisque
445 463 586 504 personae
598 486 608 501 ,
624 462 675 492 vel
692 462 812 493 suarum
830 471 933 492 rerum
945 486 954 500 ,
969 463 1016 501 jus

141 517 256 541 tuetur.
274 508 387 538 dicitur
404 515 509 536 autem
526 505 607 535 attio
618 503 657 534 ab
673 504 815 544 agendo:
831 503 918 543 quod
928 503 1016 534 attor

141 562 157 582 a
175 558 231 582 reo
254 549 373 588 aliquid
390 547 554 587 injudicio
574 546 675 585 petit;
698 543 761 575 sive
778 545 865 581 quod
881 545 924 574 ibi
943 553 1016 575 cum

138 593 196 624 illo
214 591 325 622 tractat
344 590 383 620 de
400 589 505 627 aliqua
527 597 560 618 re
578 586 677 618 danda
697 586 744 615 vel
763 584 920 616 facienda.
944 594 1016 617 nam

140 642 234 675 agere
251 640 323 662 cum
340 631 446 670 aliquo
463 631 545 660 inter
557 628 614 659 alia
632 626 784 666 fignificat
803 635 932 666 petere,
949 625 1015 657 five

143 674 274 705 tractare
291 673 331 704 de
350 672 454 703 dando
472 670 520 700 vel
539 668 700 699 faciendo.
734 667 804 698 Hac
822 669 946 698 ratione
963 668 1015 699 de-

139 715 249 748 finitur
265 714 368 752 attio,
385 714 430 752 Jus
451 710 658 751 persequendi
676 710 706 740 in
724 709 844 748 judicio
862 710 948 749 quod
962 708 1016 740 sibi

140 757 277 788 debetur
295 763 343 796 pr.
369 751 440 794 lust.
467 755 499 783 cie
522 752 689 782 ustionibus.
721 750 874 781 Suadeam
891 759 1016 789 autem,

140 806 284 835 vocem,
308 797 401 827 debere
417 818 426 833 ,
450 795 480 825 in
505 803 541 824 ea
573 792 761 823 delinitione
787 791 888 832 accipi
914 792 1016 823 latius.

140 849 215 871 nam
235 838 361 878 proprie
380 838 448 877 quis
469 835 585 866 dicitur
601 834 718 865 debere
736 833 765 864 id
784 833 822 864 ad
840 833 926 872 cujus
942 842 1019 873 prae-

138 881 309 914 stationem
336 877 390 908 suo
414 876 501 907 fileto
527 875 694 916 obligatur.
718 874 771 904 hic
786 875 882 906 etiam
901 875 1019 906 debere

140 922 260 954 dicitur
276 920 329 961 qii
345 927 472 950 tenetur
483 917 590 948 facere
609 917 658 947 vel
677 914 860 953 restituere,
877 917 1020 955 quamvis

141 962 174 994 se
192 963 229 994 ad
247 963 278 993 id
298 970 361 992 non
383 959 577 1000 obligaverit
597 958 614 989 l.
638 962 703 997 178.
721 956 748 998 §.
766 966 794 997 13.
814 956 856 988 D.
884 962 916 987 (te
938 959 1018 988 verb.

134 1004 241 1045 fignif.
268 1004 311 1034 ita
330 1010 394 1033 tam
411 1002 442 1032 in
462 1010 549 1038 rem,
567 1008 661 1040 quam
681 1001 710 1029 in
730 998 913 1038 personam,
936 998 1019 1029 atho

142 1047 204 1077 hac
220 1044 409 1075 definitione
429 1042 626 1073 continetur.
669 1039 826 1079 Judicium
843 1048 959 1079 porro,
985 1046 1019 1070 ut

146 1088 211 1118 boc
236 1087 348 1117 addam
361 1108 370 1123 ,
395 1083 439 1115 est
457 1083 598 1124 legitima
614 1080 711 1112 causae
729 1079 919 1119 disceptatio
936 1081 1018 1111 inter

141 1128 283 1159 actorem
301 1127 330 1158 ἃ
347 1135 433 1157 reum
453 1125 535 1165 apud
552 1130 794 1162 competentem
810 1122 950 1162 judicem
968 1121 1019 1152 vel

142 1170 206 1202 litis
224 1168 372 1200 finiendae
390 1167 440 1197 vel
452 1165 598 1197 maleficii
610 1164 760 1205 puniendi
776 1163 886 1203 gratia.
911 1160 947 1193 Id
964 1161 1018 1193 suo

143 1220 293 1250 tempore
311 1208 454 1249 liquebit.
496 1205 594 1238 Nunc
612 1205 699 1246 quod
717 1204 807 1244 hujus
824 1204 885 1235 loci
902 1203 965 1242 est,
990 1213 1018 1235 a-

142 1262 215 1293 gam
232 1254 272 1282 de
290 1248 545 1291 Magistratibus,
571 1248 601 1278 &
621 1255 732 1277 eorum
751 1244 896 1283 officiis,
909 1253 1020 1286 quate·

143 1304 203 1325 nus
216 1291 434 1332 jurisdictione
447 1288 654 1320 aestimantur:
672 1287 723 1317 sed
735 1296 798 1317 non
810 1287 890 1318 ultra
900 1309 909 1325 ,
926 1295 1019 1326 quam

145 1345 197 1367 res
216 1333 362 1374 postulat.
410 1330 593 1371 Oportebat
611 1329 693 1360 enim
713 1328 906 1368 litigaturum
923 1327 1020 1358 attio-

143 1385 218 1407 nem
237 1375 266 1406 &
283 1375 427 1414 judicem
446 1382 461 1402 a
481 1370 668 1412 Magistratu
692 1371 779 1408 cujus
795 1368 971 1409 jurisdictio
987 1379 1019 1399 e-

147 1426 214 1454 rat,
239 1417 421 1456 impetrare.
454 1413 529 1444 Erat
546 1421 652 1442 autem
670 1409 895 1451 Magistratus,
919 1409 1022 1449 perso-

146 1467 185 1490 na
203 1458 349 1498 publica,
374 1463 443 1496 qua:
467 1454 526 1495 juri
550 1452 690 1485 dicundo
707 1450 828 1492 praeest.
856 1452 901 1483 ita
921 1450 1022 1493 Magi·

1059 378 1188 413 stratum
1213 381 1325 414 definit
1349 381 1545 423 Pomponius
1561 380 1580 411 l.
1601 390 1628 412 2.
1650 380 1679 422 §.
1701 389 1747 420 13.
1771 379 1810 411 D.
1829 379 1863 412 de
1877 373 1932 412 ονὶ-

1057 423 1120 462 gin.
1132 423 1196 463 jur.
1220 423 1318 464 Igitur
1332 423 1501 455 Senatores
1519 431 1582 453 non
1600 430 1690 453 erant
1709 422 1932 461 Magistratus:

1059 463 1113 493 sed
1136 473 1176 495 ex
1208 466 1266 496 illis
1290 465 1488 506 eligebantur
1520 462 1734 503 Magistratus.
1770 464 1933 504 magisque

1060 511 1126 534 erat
1158 504 1292 537 Senatus
1323 507 1410 537 velut
1439 505 1637 536 seminarium
1669 503 1933 544 Magistratuum

1061 554 1253 585 quamquam
1264 546 1418 587 Augustus
1431 547 1459 578 ὅ(
1478 547 1593 578 deinde
1612 545 1762 577 Claudius
1778 547 1873 576 etiam
1892 544 1935 575 E-

1061 586 1236 624 questribus
1254 596 1325 618 cum
1343 589 1375 619 in
1393 587 1499 626 Urbe,
1525 595 1590 619 tum
1616 587 1646 618 in
1664 587 1830 628 AEgypto,
1853 586 1883 617 ἂ
1901 596 1934 616 a-

1059 627 1108 658 liis
1126 627 1156 658 in
1175 628 1365 667 provinciis,
1379 629 1628 669 iurisdietionem
1640 629 1783 659 detulere
1794 652 1802 666 ,
1818 630 1935 659 contra.-

1057 676 1203 699 veterem
1223 678 1362 700 morem:
1387 678 1420 700 ut
1435 670 1542 701 multis
1561 669 1710 701 observat
1726 669 1861 700 Tacitus
1880 669 1931 699 lib.

1062 719 1108 742 12.
1126 709 1239 741 Annal.
1258 719 1283 740 c.
1300 714 1352 742 60.
1368 710 1397 741 ἃ
1415 711 1456 742 ibi
1469 710 1608 751 Lipsius,
1625 710 1752 750 Excurs.
1773 710 1806 742 B.
1826 712 1938 750 Atque

1061 751 1131 782 haec
1156 752 1258 790 ratio,
1280 760 1336 782 cur
1361 751 1414 782 hic
1438 750 1566 782 Titulus
1590 752 1625 782 fit
1645 752 1697 783 De
1713 752 1932 783 Senatoribus.

1062 802 1128 824 non
1154 793 1238 824 enim
1263 792 1400 823 intendit
1421 794 1458 823 ad
1477 802 1511 823 ea
1530 802 1598 832 quae
1617 794 1647 824 in
1665 793 1782 824 Senatu
1800 793 1934 825 tracten-

1063 842 1131 869 tur;
1154 843 1216 864 nec
1239 834 1336 874 magis
1362 833 1425 873 agit
1451 831 1490 864 de
1511 833 1655 873 iudiciis,
1678 835 1753 873 (etsi
1770 835 1877 866 multis
1893 835 1935 864 de

1063 874 1159 906 caulis
1174 875 1337 915 judicabat
1353 874 1486 905 Senatus
1498 875 1560 914 jum
1578 875 1652 906 inde
1672 885 1688 906 a
1705 875 1829 907 Tiberii
1852 876 1936 913 prin-

1063 918 1188 957 cipatu:
1206 925 1239 947 ut
1258 924 1349 946 notat
1363 914 1499 946 Tacitus
1517 915 1563 946 lib.
1577 927 1605 954 4.
1623 916 1734 947 Anmzl.
1753 928 1775 948 c.
1796 918 1864 957 ις.)
1882 916 1936 947 sed.

1063 959 1103 988 de
1123 958 1280 998 dignitate
1295 957 1477 988 Senatoria:
1500 957 1539 987 ad
1563 966 1655 996 quam
1676 958 1825 998 pleraque
1846 958 1935 997 hujus

1061 998 1165 1030 Tituli
1191 999 1263 1030 loca
1288 997 1449 1038 spetlare,
1474 998 1524 1028 vel
1549 997 1612 1028 sola
1636 1000 1787 1040 inlpettio
1805 1001 1937 1030 indicat.

1062 1041 1115 1080 qui
1137 1049 1234 1079 porro
1251 1040 1398 1071 dicantur
1419 1039 1609 1077 Senatores,
1631 1041 1672 1070 ita
1696 1040 1808 1071 definit
1827 1039 1937 1079 Ulpia-

1061 1091 1117 1113 nus
1133 1081 1152 1112 l.
1176 1090 1221 1113 12.
1240 1080 1268 1122 §.
1296 1089 1319 1111 1.
1343 1081 1370 1112 h.
1391 1086 1412 1112 t.
1458 1078 1608 1111 Senatores
1627 1082 1821 1121 accipiendum
1839 1080 1876 1121 est
1893 1090 1938 1111 eos

1060 1123 1112 1163 qui
1126 1133 1144 1153 α
1151 1121 1336 1163 patriciis&
1352 1121 1522 1158 Consulibus
1539 1131 1628 1162 usque
1645 1124 1682 1152 aci
1698 1132 1792 1152 onmes
1810 1121 1935 1163 illustres

1060 1165 1139 1194 viros
1161 1165 1352 1204 descendunt:
1374 1164 1443 1204 qaia
1462 1163 1492 1193 hi
1506 1163 1565 1201 Jbli
1587 1164 1617 1193 in
1642 1164 1939 1203 Senatusentemiam

1061 1205 1288 1246 [licerepoffunt.
1332 1205 1479 1245 Aliquem
1504 1203 1672 1235 offendant
1696 1205 1795 1245 prima
1818 1205 1936 1241 verba,

1065 1246 1216 1277 Senatores
1230 1247 1426 1285 accipiendum
1444 1243 1481 1286 eft
1505 1255 1557 1276 eos.
1603 1245 1664 1277 Sed
1690 1246 1767 1278 nihil
1792 1246 1942 1277 damnaria

1063 1289 1137 1318 dum
1155 1287 1237 1326 effe,
1261 1287 1385 1318 ostendi
1405 1286 1452 1317 De
1466 1286 1545 1326 pau.
1564 1286 1600 1320 ὅ)
1616 1287 1755 1318 transiret.
1771 1297 1792 1318 cv
1814 1298 1862 1328 25.
1887 1287 1939 1317 Sa-

1065 1329 1104 1360 tis
1122 1329 1162 1360 de
1179 1328 1403 1366 Senatoribus‚
1427 1337 1579 1365 quantum
1599 1329 1636 1359 ad
1656 1329 1831 1359 institutum
1849 1329 1939 1368 hujus

1063 1368 1178 1401 Tituli.
1202 1370 1259 1401 alia
1276 1369 1295 1401 fi
1308 1369 1376 1410 quis
1392 1368 1564 1406 desideret,
1580 1368 1721 1400 consulat
1738 1369 1944 1408 Manutium,-

1065 1413 1094 1442 δι
1112 1410 1312 1442 Zamoscium
1332 1419 1467 1450 quorum
1485 1410 1575 1450 libri,
1599 1410 1647 1442 De
1662 1410 1772 1443 Senatu
1786 1410 1917 1443 Romano
1927 1431 1944 1450 ,2

1065 1453 1215 1484 omnibus
1231 1453 1302 1484 noti
1318 1450 1398 1485 suut.

829 1535 863 1570 T
896 1544 911 1570 1
941 1546 964 1569 T
997 1545 1021 1570 n·
1054 1546 1075 1571 1.
1105 1546 1129 1570 u
1159 1549 1174 1572 s
1230 1534 1274 1571 X.

886 1611 936 1647 De
950 1608 1049 1657 officio
1064 1611 1209 1657 Consulis,

144 1705 239 1780 Sed
264 1710 409 1737 revertor
428 1703 466 1735 ad
483 1701 698 1743 Magistratus.
731 1701 763 1733 hi
788 1702 841 1733 vel
866 1701 1021 1741 majores,

213 1747 263 1777 vel
289 1746 429 1778 minores
456 1744 526 1776 sunt
544 1746 564 1775 l.
582 1753 630 1785 32.
651 1742 691 1774 D.
714 1745 747 1774 de
762 1744 883 1785 injuriis
903 1743 939 1778 &³
953 1743 972 1774 l.
991 1752 1020 1774 2.

144 1789 188 1821 D.
207 1790 240 1819 de
256 1788 354 1829 injus
369 1787 508 1818 vocando.
543 1785 593 1816 alii
612 1783 750 1823 Urbani,
775 1786 824 1816 alii
842 1784 1022 1816 Provincia-

144 1832 201 1863 ]es.
225 1829 270 1861 illi
287 1829 416 1869 proprie
435 1828 463 1859 ἂ
483 1836 557 1858 vere
575 1825 791 1866 Magistratus.
822 1826 853 1857 hi
873 1835 932 1867 pro
950 1825 1020 1856 Ma-

144 1871 325 1913 gistratibus
342 1869 527 1909 funguntur.
552 1868 626 1899 inde
643 1867 706 1899 Pro
723 1867 882 1905 Consule,
906 1867 935 1898 ἃ
957 1867 1019 1898 Pro

143 1914 287 1945 Praetore
310 1912 529 1952 appellantur:
552 1917 624 1940 curn
649 1908 679 1939 in
702 1907 791 1940 Urbe
820 1907 973 1940 Consules
992 1909 1020 1939 <St

144 1954 304 1987 Praetores
321 1954 480 1984 dicantur:
505 1958 539 1982 ut
557 1950 679 1981 notabo
698 1950 745 1981 lib.
765 1960 792 1981 2.
814 1949 873 1980 Tit.
893 1960 922 1981 2.
972 1949 1021 1980 Ex

145 1995 285 2027 Urbanis
311 1994 340 2025 &
363 1992 532 2033 majoribus
556 1990 793 2031 Magistratibus
818 1992 926 2031 primoe
951 1990 1021 2022 sunt

145 2046 252 2078 partes
272 2035 465 2067 Consulum:
485 2033 538 2073 qui
557 2031 712 2064 substituti
732 2032 890 2073 Regibus,
908 2032 947 2063 ab
964 2033 1022 2063 ilii·

148 2079 196 2110 tio
210 2078 324 2117 regiam
337 2076 529 2116 potestatem
547 2073 696 2106 habuere.
714 2080 837 2105 tantum
856 2073 917 2105 fuit
934 2073 1022 2105 diffe-

146 2120 268 2151 rentia:
286 2119 374 2157 quod
391 2117 564 2149 Consulum
581 2114 721 2155 potestas
736 2123 804 2147 erat
819 2124 1022 2154 annua,cum

146 2160 273 2202 Regum
288 2158 364 2190 effer
383 2166 554 2199 perpetua:
578 2158 655 2188 item
675 2157 764 2197 quod
779 2165 837 2197 pro
853 2166 916 2188 uno
935 2155 1022 2197 Rege

148 2210 237 2234 erant
254 2201 318 2232 duo
331 2199 502 2238 Consules;
518 2205 631 2229 caetera
643 2207 733 2239 pares
750 2197 839 2239 Regi.
865 2198 1024 2229 habebant

148 2244 235 2275 enim
259 2243 427 2283 imperium
452 2250 516 2272 non
534 2241 635 2272 modo
651 2240 806 2278 mixtum',
831 2239 883 2270 sed
901 2248 1023 2271 merum

147 2293 298 2325 quoque:
321 2283 426 2315 donec
452 2282 523 2323 lege
547 2281 673 2313 Valeria
697 2280 817 2313 sacrum
843 2280 906 2320 est;
933 2289 967 2312 ut
983 2280 1022 2311 ab

148 2328 195 2358 eis
212 2324 405 2366 provocatio
422 2323 519 2362 esset;
542 2332 625 2354 neve
642 2321 766 2362 possent
782 2323 813 2353 in
833 2330 928 2363 caput
945 2323 1024 2353 civis

148 2365 564 2399 Romanitanimadvertere.
590 2362 689 2395 solum
700 2364 843 2395 relietum
853 2364 898 2395 est
909 2364 953 2394 eis
964 2386 973 2402 ‚
989 2370 1025 2393 ut

149 2412 302 2440 coercere
316 2406 461 2448 poffent,
477 2406 553 2438 utin
570 2405 696 2436 vincula
712 2406 841 2446 publica
851 2406 921 2437 duci
935 2405 1023 2445 jube-

147 2458 220 2481 rent
235 2450 253 2480 l.
274 2459 301 2480 2.
320 2449 349 2490 §.
369 2452 414 2480 16.
436 2447 473 2482 ἐξ
489 2457 537 2488 23.
560 2446 597 2478 D.
618 2448 650 2477 de
666 2448 739 2488 orig.
752 2447 815 2488 jur.
834 2447 934 2488 Igitur
950 2447 1022 2478 reti-

148 2498 287 2522 nuerunt
304 2487 709 2530 civilemjurisdiffionem:
723 2487 849 2528 fuitque
859 2488 928 2519 haec
939 2488 1025 2519 dein-

150 2532 192 2564 de
208 2532 442 2563 communicata
458 2539 531 2561 cum
548 2530 706 2562 Praetore:
723 2532 811 2569 quod
824 2529 978 2561 Consules
994 2537 1024 2559 a·

149 2581 341 2605 vocarentur
358 2573 448 2604 bellis
462 2571 619 2610 finitimi33
644 2580 750 2611 neque
767 2570 843 2602 ess'et
861 2571 915 2611 qui
932 2571 963 2601 in
982 2571 1024 2601 ci-

147 2614 251 2645 vitate
265 2613 313 2652 jus
325 2614 457 2644 reddere
468 2612 570 2654 posset
585 2614 614 2643 d.
630 2612 650 2644 l.
661 2622 689 2644 2.
707 2612 735 2653 §.
747 2621 795 2652 27.
819 2611 881 2643 Sed
899 2620 963 2643 non
981 2611 1025 2642 id·

149 2656 239 2687 circo
255 2654 298 2684 illi
310 2653 520 2694 defieruntjus
538 2655 646 2686 dicere
656 2662 767 2684 vetere
778 2662 885 2685 more:
903 2662 942 2684 ne
958 2661 1023 2684 mu·

150 2704 216 2728 tata
227 2695 354 2735 quidem
371 2697 541 2735 republica.
563 2694 604 2726 Et
617 2695 661 2727 est
677 2694 803 2735 insignis
818 2704 906 2726 error
918 2693 1022 2725 existi-

149 2737 325 2772 mantium,
349 2736 521 2767 Consulum
546 2736 687 2767 officium
708 2736 777 2776 jure
795 2735 1022 2767 Pandeftarum

150 2777 458 2813 manumissionibus,
474 2778 722 2817 adoptionibus,
747 2778 777 2808 &
794 2777 1022 2816 emancipatio-

150 2820 265 2858 nibus,
288 2819 321 2849 id
345 2816 408 2855 est,
432 2818 550 2848 actibus
577 2816 1023 2859 voluntariaejurisdifflonis,

151 2859 324 2894 terminari.
369 2857 445 2890 Non
463 2857 606 2897 inficior,
629 2860 659 2890 in
679 2860 698 2891 l.
716 2861 794 2891 unic.
811 2861 839 2891 h.
861 2864 882 2891 t.
901 2867 1023 2891 tantum

150 2903 223 2935 fieri
241 2910 352 2933 eorum
369 2899 575 2932 mentionem.
596 2900 648 2932 sed
665 2902 738 2932 inde
754 2901 929 2942 colligere,
945 2910 1022 2941 ergo

94 2962 97 2964 -
151 2945 214 2976 hos
231 2942 317 2974 solos
334 2941 418 2973 actus
435 2941 577 2970 exerceri
595 2950 611 2971 a
627 2941 834 2981 Consulibus,
851 2941 949 2973 fuerit
967 2942 1023 2972 ho-

152 2986 246 3017 minis
260 2983 359 3015 solum
376 2981 464 3022 quod
477 2989 549 3012 ante
563 2981 659 3019 pedes
674 2982 728 3021 fit,
745 2983 893 3015 videntis.
916 2992 953 3013 an
971 2984 1022 3013 cui

153 3027 202 3058 fas
221 3025 266 3057 cst
283 3022 544 3066 ignorare,quod
561 3022 659 3061 liquet
676 3032 715 3054 ex
733 3023 840 3055 Indice
854 3024 1023 3056 Pandecta-

154 3078 224 3100 rum
236 3091 246 3105 ,
261 3065 434 3107 Ulpianum
445 3063 495 3095 De
504 3062 614 3094 officio
625 3062 769 3095 Consulis
778 3065 877 3096 libros
892 3065 1024 3105 scripsis-

153 3109 187 3140 se
196 3118 278 3140 tres:
297 3116 432 3147 quorum
444 3105 630 3146 Fragmenta
640 3112 709 3143 quae
720 3104 749 3134 in
761 3104 925 3137 Pandectis
935 3109 1004 3137 lunt
1014 3129 1022 3144 ,

155 3150 286 3189 collegit
309 3148 446 3188 jacobus
469 3146 622 3191 Labittus.
645 3153 686 3175 ex
702 3144 750 3175 his
767 3154 916 3184 apparet,
941 3148 1027 3179 Con-

155 3191 235 3223 sules
252 3199 317 3222 non
334 3190 433 3223 modo
444 3185 617 3222 exercuisse
632 3185 719 3218 aeus
735 3187 921 3220 voluntariae
939 3188 1026 3226 Juris-

1065 1700 1232 1740 dictionis,
1247 1707 1283 1733 ut
1298 1701 1342 1734 illi
1360 1708 1492 1742 putant3
1510 1697 1561 1734 sed
1580 1701 1675 1735 etiam
1695 1700 1880 1743 cognovill'e
1899 1700 1944 1733 de

1064 1745 1130 1775 aliis
1147 1743 1271 1775 multis:
1295 1751 1370 1784 puta
1386 1744 1426 1774 de
1445 1744 1602 1775 alimentis
1619 1752 1806 1782 parentum,
1827 1743 1943 1774 libero-

1063 1794 1130 1817 rum
1140 1808 1150 1822 ,
1162 1785 1347 1816 libertorum
1358 1808 1367 1823 ,
1383 1794 1420 1815 ac
1434 1794 1642 1824 patronorum
1658 1786 1675 1815 l.
1687 1795 1716 1824 5.
1728 1783 1769 1816 D.
1781 1787 1813 1814 cle
1821 1784 1937 1825 agnose.

1064 1825 1100 1860 δ’
1114 1826 1206 1858 alenai.
1219 1826 1300 1858 lilier.
1316 1826 1335 1856 l.
1353 1836 1381 1867 3.
1401 1825 1441 1857 D.
1459 1829 1491 1856 de
1502 1826 1578 1858 alirn.
1590 1827 1637 1857 vel
1649 1827 1734 1857 cilmr.
1754 1826 1829 1867 legat
1857 1826 1936 1857 item

1064 1869 1104 1899 de
1121 1868 1319 1909 ingenuitate
1335 1867 1364 1898 ἅ
1382 1867 1589 1899 libertinitate
1611 1868 1630 1899 l.
1651 1877 1697 1907 14.
1715 1867 1756 1898 D.
1779 1870 1811 1897 de
1827 1868 1939 1907 prohat.

1064 1910 1159 1940 etiam
1185 1911 1225 1940 de
1248 1906 1423 1940 collusione
1451 1910 1628 1949 detegenda
1643 1910 1661 1940 l.
1683 1919 1712 1940 2.
1736 1908 1777 1939 D.
1796 1910 1828 1939 cle
1845 1908 1940 1943 collus.

1064 1952 1154 1992 deteg.
1181 1959 1242 1981 nec
1260 1950 1362 1981 minus
1386 1951 1425 1980 de
1448 1951 1555 1982 tutelis
1571 1950 1588 1980 l.
1612 1960 1658 1990 17.
1677 1950 1719 1981 D.
1745 1951 1778 1980 de
1795 1948 1877 1980 tutel.
1901 1948 1939 1983 &²

1064 1997 1122 2022 rat.
1146 1989 1224 2032 distr.
1256 1991 1386 2031 aliisque
1407 1991 1542 2031 publicis
1563 1991 1746 2022 muneribus
1762 1991 1781 2021 l.
1801 1999 1829 2026 9.
1848 1989 1891 2020 D.
1906 1990 1942 2020 de

1065 2034 1240 2064 muneribus.
1261 2040 1412 2072 praeterea
1429 2034 1469 2063 de
1485 2031 1686 2064 servitutibus
1706 2032 1897 2072 praediorum
1914 2031 1936 2063 l.

1069 2083 1115 2105 11.
1134 2074 1176 2105 D.
1193 2075 1312 2114 deserv.
1326 2074 1415 2114 praed.
1441 2075 1502 2105 urb.
1528 2074 1557 2104 ὃς
1582 2072 1829 2104 fideicommisfis
1847 2072 1867 2103 l.
1888 2081 1941 2112 27.

1065 2115 1108 2146 D.
1133 2117 1166 2146 de
1189 2116 1243 2145 reb.
1263 2113 1340 2147 ααὲἶ,
1356 2115 1448 2156 judic.
1466 2112 1563 2155 poffid.
1590 2115 1629 2146 de
1647 2114 1760 2154 quibus
1777 2114 1874 2145 etiamv
1889 2121 1939 2144 te-

1066 2156 1161 2196 statur
1184 2154 1357 2196 Ulpianus,
1380 2155 1496 2197 Fragm.
1514 2161 1561 2186 m.
1579 2166 1626 2195 25.
1642 2155 1670 2197 §.
1696 2165 1740 2187 12.
1767 2156 1896 2195 utique,
1917 2153 1940 2186 fi

1066 2197 1190 2238 majoris
1209 2197 1333 2229 summae
1351 2196 1387 2228 s1t
1409 2195 1703 2228 fideicommissum:
1727 2203 1762 2228 ut
1780 2206 1821 2228 ex
1839 2194 1942 2238 Quin-

1067 2240 1178 2270 tiliano
1196 2238 1343 2270 observat
1354 2237 1499 2278 Cujacius
1508 2238 1553 2279 lib.
1566 2247 1616 2269 21.
1630 2237 1750 2278 Olifirv.
1763 2248 1786 2268 c.
1796 2247 1846 2278 34.
1863 2237 1942 2269 Mo-

1066 2281 1160 2312 lestus
1172 2279 1296 2318 forem,
1314 2279 1335 2311 fi
1355 2280 1471 2311 vellem
1487 2278 1613 2311 adferre
1630 2280 1754 2311 omnia:
1771 2288 1834 2310 non
1846 2279 1943 2309 omit-

1067 2329 1129 2353 tam
1147 2328 1272 2360 tamen,
1296 2321 1383 2362 quod
1409 2321 1437 2352 ἂ
1452 2320 1579 2360 Judices
1602 2320 1693 2352 fuiss‘e
1715 2329 1730 2351 a
1750 2319 1944 2350 Consulibus

1067 2364 1176 2400 datos,
1191 2370 1322 2403 apparet
1337 2372 1377 2393 ex
1395 2362 1412 2393 l.
1430 2372 1480 2403 3²-
1500 2362 1541 2393 D.
1559 2363 1592 2392 de
1601 2361 1722 2403 judiciis
1739 2360 1775 2395 &0
1791 2360 1810 2391 l.
1828 2369 1878 2397 99.
1898 2360 1941 2391 D.

1066 2405 1101 2435 de
1118 2405 1196 2436 verb.
1209 2403 1289 2446 fign.
1304 2403 1405 2434 fuit&
1422 2403 1584 2441 quaefitum
1602 2405 1641 2433 de
1659 2401 1854 2433 executione
1872 2400 1940 2432 sen-

1067 2447 1196 2485 tentiae,
1220 2445 1390 2485 formaque
1409 2445 1474 2484 ejus
1494 2444 1513 2475 l.
1536 2453 1581 2483 15.
1599 2442 1642 2474 D.
1663 2444 1695 2473 de
1712 2452 1741 2473 re
1752 2442 1848 2483 judic.
1869 2450 1944 2482 quae

1068 2487 1175 2518 omnia
1191 2486 1230 2517 ab
1245 2486 1366 2517 astibus
1389 2485 1576 2516 voluntariae
1596 2483 1822 2524 jurisdictionis
1844 2483 1941 2523 longe

1067 2534 1191 2560 remota
1207 2527 1284 2558 sunt.
1300 2526 1362 2558 Sed
1378 2525 1543 2558 manifeste
1562 2526 1601 2556 de
1618 2524 1753 2556 Claudio
1770 2524 1944 2556 Suetonius

1067 2571 1100 2600 in
1117 2570 1178 2610 ejus
1196 2570 1279 2607 vita,
1302 2577 1326 2599 c.
1348 2576 1394 2606 ιη.
1413 2567 1493 2606 Jus,
1517 2566 1639 2606 inquit,
1665 2564 1701 2599 ὅ)
1720 2564 1874 2602 Consul&
1891 2574 1943 2596 ex-

1067 2617 1114 2642 tra
1130 2611 1260 2641 bonorem
1275 2607 1480 2648 laboriofiffime
1491 2608 1579 2639 dixit.
1610 2607 1642 2638 id
1659 2606 1703 2637 est
1714 2630 1723 2645 ,
1741 2607 1773 2638 in
1790 2605 1943 2638 Consula-

1067 2660 1102 2683 tu
1120 2660 1279 2691 tamquam
1297 2649 1434 2689 Consu13
1451 2650 1479 2681 dt
1497 2657 1587 2681 extra
1601 2657 1673 2680 eum
1689 2648 1846 2680 honorem
1865 2655 1943 2680 tam-

1066 2702 1159 2734 quam
1176 2693 1362 2732 Imperator.

1107 2733 1185 2766 Non
1202 2734 1408 2764 admonerem
1425 2731 1496 2770 hic,
1513 2732 1567 2763 nili
1582 2731 1663 2763 ordo
1678 2730 1819 2762 materia:
1836 2731 1942 2771 exige-

1065 2784 1130 2814 ret,
1144 2773 1348 2807 Consulatum
1366 2773 1418 2813 qui
1429 2783 1549 2805 annuus
1567 2781 1634 2804 erat
1650 2773 1748 2803 libera
1758 2773 1918 2813 republica
1929 2793 1941 2809 ,

1065 2827 1101 2849 ca
1122 2823 1242 2848 mutata
1260 2825 1325 2846 non
1346 2814 1467 2854 semper
1483 2814 1574 2845 fuisse
1598 2823 1755 2845 annuum:
1780 2816 1854 2854 quin
1873 2813 1939 2853 ple·

1066 2867 1201 2898 rumque
1217 2857 1376 2897 prioribus
1397 2855 1585 2888 Consulibus
1602 2856 1741 2886 remotis
1755 2854 1826 2896 post
1842 2856 1941 2885 breve

1067 2908 1193 2939 tempus
1209 2922 1219 2937 ,
1252 2897 1433 2929 substitutos
1450 2897 1541 2928 fuisse
1557 2906 1669 2928 novos.
1695 2897 1769 2927 inde
1785 2896 1942 2936 quosdam

1067 2940 1262 2977 ordinarios,
1278 2940 1357 2970 alios
1377 2938 1544 2977 suffectos,
1561 2937 1710 2978 appellari
1727 2936 1845 2968 solitos.
1868 2936 1941 2980 illos

1067 2981 1185 3013 dedisse
1208 2990 1292 3012 anno
1317 2989 1456 3019 nomen,
1479 2980 1539 3011 hos
1563 2989 1627 3010 non
1655 2987 1763 3018 aeque3
1787 2985 1892 3017 eoque
1906 2984 1939 3005 m

1063 3025 1132 3063 jure
1156 3022 1265 3054 nostro
1292 3021 1461 3068 aliquoties
1484 3022 1640 3052 nominari
1661 3018 1812 3050 Consules
1831 3018 1884 3056 qui·
1905 3015 1939 3046 in
1963 3026 1966 3029 ·

1066 3064 1161 3096 Fastis
1180 3073 1243 3095 uon
1261 3070 1469 3102 reperiuntur.
1493 3062 1544 3093 sed
1562 3062 1629 3092 haec
1645 3058 1835 3091 mittozsunt
1852 3055 1938 3102 enim

1068 3107 1187 3138 dudum
1206 3112 1358 3136 annotata
1374 3114 1390 3135 a
1409 3103 1451 3136 D.
1463 3103 1585 3138 Vinnio
1595 3104 1632 3134 ad
1642 3100 1668 3142 §.
1678 3109 1705 3140 4.
1723 3096 1796 3139 Inst.
1812 3098 1844 3128 de
1855 3095 1941 3137 fidet-

1068 3157 1137 3181 com.
1156 3147 1248 3182 hereti.
1268 3146 1299 3179 &
1314 3147 1391 3179 aliis.

1875 3257 1940 3291 Tr-
