2036 3495
430 106 496 143 An
527 106 618 142 Lu.
645 102 744 141 XIV.
778 104 878 140 T1·r.
905 103 947 140 11.
986 104 1037 141 De
1054 105 1118 153 lege
1136 105 1255 143 Rhodia
1269 105 1410 153 dejaffu.

33 199 104 234 etae.
134 198 216 232 Rem
244 196 372 239 attingit:
401 195 552 228 Manilius
581 195 630 226 lib.
651 203 682 234 5.
707 192 899 235 Astronomic.

35 241 112 284 versi
128 245 198 283 428.
216 239 320 273 verbis
338 237 550 278 sequentibus.
575 276 614 309 V
713 273 744 318 fl

52 307 56 311 .
478 296 488 302 -
511 296 519 302 -
544 301 552 309 .
607 282 685 307 ocum
704 285 717 305 e

70 324 138 357 Illis
154 325 185 355 iri
197 327 281 364 ponto
291 343 301 360 ‚
317 320 477 360 jocundum
490 316 528 359 est
543 327 668 359 quarere
679 325 818 357 minium,

69 366 196 405 Corpora
210 366 260 405 qui
276 369 409 403 mergum
425 362 510 392 undz‘s
522 383 531 399 ‚
554 361 700 400 ipsumque
710 362 765 398 juli
781 359 877 391 antris

71 406 172 439 Nerea
189 405 224 439 δ”
242 413 381 444 (equoreas
400 407 540 433 conantur
556 401 645 436 vilere
657 401 815 441 nymphas,

71 448 292 488 Est-ponantque
307 447 394 475 maris
403 444 533 484 praedas,
559 441 595 476 &⁹
610 448 693 482 rapta
705 443 847 482 profundo

72 489 265 528 JVaufragz'a,
285 491 370 525 atque
386 485 458 515 imas
474 484 555 515 avidi
563 490 740 524 scrutamur
756 493 867 515 arenas.

35 529 146 564 Habes
167 530 280 559 thema.
304 524 464 566 quaestioni
483 525 549 563 est,
569 534 606 555 an
624 534 746 556 merces
763 535 819 564 per
836 525 892 556 uri-

34 580 162 604 natores
185 567 330 601 extraQae
346 589 356 604 ‚
388 574 565 605 pertineant
587 567 625 598 ad
654 567 862 605 collationem
882 566 897 598 Ρ

34 611 169 644 Sabinus
187 607 325 650 putavit3
341 608 370 638 dt
387 606 577 639 Callistratus
593 607 683 650 l.4.§
715 616 737 638 i.
756 609 782 638 h.
800 615 820 638 ι.
835 608 896 645 ait,

33 662 110 685 eum
127 661 201 693 teque
219 647 418 690 respondisse.
442 649 474 680 id
494 659 571 680 vero
584 672 594 687 ‚
617 658 650 679 ut
668 659 727 691 ego
744 658 875 689 expono
888 671 897 687 ,

31 694 82 726 -est
113 693 255 731 benigne.
287 699 357 722 nam
390 690 528 731 angustia
552 690 582 721 &
605 690 756 721 subtilitas
781 690 896 730 regulet:

33 729 130 775 Legis
147 732 280 764 Rhodiae
304 732 597 771 conti-ibutionern,
621 731 675 763 nisi
698 730 779 762 salva
798 741 897 769 nave,

33 785 101 808 non
126 773 253 806 sinebat.
283 773 345 805 Sed
372 773 502 805 Sabinus
526 772 607 804 hanc
630 782 742 812 aeque,
778 773 809 804 id
834 772 895 808 est,

33 816 171 856 benigne
182 816 425 855 ,interpretatur
434 825 472 845 ex
485 815 578 855 Legis
592 813 898 851 finezarbitratus,fi

31 867 73 889 ex
83 867 162 888 nave
174 858 248 896 quid
258 856 479 888 conservatum
491 856 526 887 iit
537 857 760 896 qualicumque
778 856 877 886 inodo
887 878 897 893 ,

34 898 174 930 obtineri
198 896 293 929 finem
317 897 427 936 Legis:
450 907 547 928 unum
573 897 762 938 quaeientis3
782 905 818 927 an
837 895 899 936 ipsa

31 938 122 972 navis
145 947 199 970 aut
226 948 265 970 ex
289 949 324 969 ea
347 938 463 978 aliquid
487 937 641 970 servatum
657 937 712 977 fit,
736 947 800 969 tion
819 946 896 978 quo·

32 982 154 1015 modo:
178 989 250 1010 cum
269 980 437 1020 pi-aelei-tim
455 989 562 1019 parum
580 979 708 1010 referat.

49 1034 53 1037 *
78 1021 215 1053 Invento
247 1019 317 1053 casu
345 1030 410 1061 quo
435 1021 631 1053 contributio
665 1019 720 1052 fiat
745 1030 786 1052 ex
811 1019 898 1062 Lege

35 1062 182 1096 Rhodia:
205 1061 315 1101 restat,
337 1072 354 1093 a
381 1063 493 1103 quibus
520 1061 569 1094 ilia
591 1061 658 1093 fieri
676 1062 799 1093 debeat.
827 1062 888 1093 l'au

34 1105 84 1136 lus
99 1104 116 1134 l.
135 1113 162 1135 2.
179 1103 206 1145 §.
228 1113 255 1134 2.
275 1103 314 1134 D.
332 1104 359 1135 h.
380 1109 400 1134 t.
418 1102 547 1142 definit,
572 1113 683 1135 omnes
706 1113 840 1143 quorum
858 1102 901 1134 in·

35 1143 190 1177 terfuiffet
207 1145 355 1184 jacturam
373 1144 458 1183 fieri,
475 1144 621 1176 conferre
643 1153 806 1184 oportere.
830 1143 902 1176 Nec

34 1186 100 1218 fine
126 1187 256 1217 ratione.
281 1195 316 1216 ea
333 1187 412 1217 ratio
434 1186 497 1218 est:
520 1185 604 1228 Quia
630 1185 661 1216 id
678 1187 830 1217 tributum
845 1186 901 1216 ob-

32 1227 163 1259 servatae
187 1237 235 1258 res
270 1227 435 1258 deberent.
467 1227 605 1267 indeque
638 1227 734 1258 infert
766 1227 877 1258 Paulus
893 1249 903 1265 ,

34 1270 129 1300 etiam
141 1267 302 1299 dominum
314 1269 400 1300 navis
411 1277 467 1308 pro
478 1268 624 1309 portione
640 1268 816 1309 obligatum
832 1267 902 1299 ess'e.

32 1309 159 1341 Summa
176 1309 258 1340 Pauli
279 1308 341 1346 cst,
365 1310 482 1340 debere
507 1318 639 1346 navem,
664 1308 693 1339 δι
710 1312 816 1340 omnia
832 1318 901 1348 quae

31 1359 103 1381 cum
123 1359 202 1380 nave
222 1350 339 1381 sei-tata
357 1350 443 1384 sunt,
466 1350 528 1381 fine
546 1350 723 1381 discrimine
740 1349 901 1389 aestimari3

27 1390 50 1424 fi
67 1391 195 1432 quidem
214 1392 368 1431 recipiant
390 1390 646 1422 aestimationern:
662 1400 722 1422 nec
737 1390 901 1429 interesse,

29 1440 134 1464 utrum
153 1433 276 1472 pondus
294 1434 446 1470 habeant,
470 1432 500 1464 &
519 1432 565 1463 liis
582 1440 710 1463 onerata
734 1431 830 1464 fuerit
849 1442 887 1463 na

30 1476 99 1511 vis,
122 1483 160 1504 ari
179 1482 258 1504 non:
283 1482 480 1514 mgemmae,
497 1474 690 1514 margaritae,
706 1474 832 1512 annuli,
850 1482 890 1506 ve

32 1514 94 1545 stes
110 1515 279 1554 cujusque:
302 1524 361 1545 una
386 1514 700 1554 Legisinspeffione‚
723 1525 760 1546 an
780 1516 900 1546 domini

33 1554 215 1586 interfuerit
225 1578 233 1592 ,
245 1564 295 1586 eas
307 1555 416 1586 servari
426 1556 506 1595 jactu
520 1579 528 1592 ‚
539 1555 568 1586 ἃ
580 1555 731 1595 recipiant
749 1556 900 1588 aestimati-

35 1604 142 1626 onem.
169 1595 227 1625 hac
252 1596 339 1626 causa
363 1597 457 1627 libera
487 1596 606 1635 excipit
623 1598 743 1637 capita:
769 1598 900 1636 nolens,

34 1645 95 1678 pro
120 1635 166 1667 his
189 1637 270 1667 dari:
302 1637 373 1676 quia
404 1638 484 1668 nulla
514 1637 626 1668 horum
650 1637 813 1670 aestimatio
838 1638 900 1670 est:

36 1684 227 1708 caetewrum
251 1678 392 1708 omnium
413 1677 466 1709 est.
490 1678 518 1709 δι
539 1687 641 1709 tamen
660 1680 698 1710 ab
718 1680 764 1710 his
781 1681 901 1719 excipit

35 1717 170 1756 Paulus,
195 1717 213 1748 fi
232 1726 300 1757 quae
322 1719 525 1750 consumendi
552 1720 638 1750 cansa
664 1720 805 1761 imposita
822 1720 898 1759 sint,

35 1759 153 1790 cibaria
177 1759 264 1790 verbi
288 1761 402 1800 gratia:
426 1770 465 1791 eo
489 1761 604 1802 inagis3
627 1764 712 1802 quod
731 1762 750 1794 fi
773 1763 900 1802 quando

36 1809 73 1831 ea
98 1799 275 1831 defecerint
310 1802 338 1831 in
372 1802 622 1842 navigationem,
656 1804 740 1841 quod
767 1806 900 1844 quisque

32 1840 188 1880 haberet,
204 1841 234 1872 in
252 1850 421 1873 commune
432 1842 602 1875 conferret.
621 1843 696 1876 Vult
715 1844 807 1885 igitur
826 1844 901 1876 Pau-

34 1882 104 1920 ]us,
120 1892 155 1912 ea
171 1881 356 1913 confiderari
370 1891 527 1923 tamquam
544 1884 646 1916 futura
662 1889 802 1917 omnium
815 1896 900 1918 com-

34 1923 161 1962 munia;
179 1924 207 1954 ὅ(
224 1923 243 1954 fi
262 1925 388 1963 quando
411 1925 586 1957 defecerint
609 1925 638 1957 in
665 1928 900 1969 navigationem

33 1964 74 1995 ad
95 1966 235 1994 omnium
264 1965 539 1998 conservationem
564 1968 594 1998 in
621 1968 758 2000 medium
789 1968 899 2000 confe-

33 2006 148 2050 renda:
171 2005 302 2036 volente
319 2007 517 2045 necestitate,
543 2007 652 2040 servari
671 2019 793 2041 omnes,

46 2086 53 2092 -
78 2043 219 2085 Liquet,
245 2047 328 2078 unde
343 2046 487 2080 Facienda
508 2049 542 2081 sit
559 2050 774 2082 contributio:
797 2051 899 2084 adhuc

31 2086 153 2128 liquere
168 2096 315 2127 oportet,
339 2091 504 2128 quomodo
522 2090 556 2122 fit
575 2090 730 2123 facienda.
770 2091 820 2124 De
836 2092 900 2124 hoc

34 2127 79 2160 fic
99 2129 208 2158 Paulus
227 2129 285 2159 d.l.
302 2139 328 2161 2.
350 2129 375 2170 ἓ.
395 2140 411 2161 2
443 2130 593 2171 Jasturae,
617 2133 737 2172 inquit,
754 2138 900 2173 summum

36 2174 88 2210 pro
103 2178 197 2199 rerum
211 2171 298 2209 pretio
314 2171 446 2210 distribui
462 2180 575 2212 oportet.
619 2173 681 2205 Sed
708 2176 787 2212 hoc,
813 2177 898 2214 quod

37 2211 209 2254 quaeritur,
241 2220 302 2242 non
330 2213 397 2242 satis
414 2215 557 2246 eittricat.
582 2215 687 2254 itaque
704 2217 732 2247 in
756 2216 831 2257 §.4
857 2218 886 2248 di

36 2251 175 2282 ssianius
196 2250 281 2282 infit:
306 2253 403 2284 Portio
427 2262 521 2285 (etitem
538 2263 586 2295 pro
602 2256 784 2296 aestimatione
807 2267 902 2289 rerum

61 2293 205 2331 uaeJulvae
215 2295 305 2332 sunt,
331 2294 367 2328 &³
390 2304 487 2326 earum
509 2306 573 2337 qttae
595 2297 698 2336 amiffae
721 2302 802 2336 lunc,
828 2306 887 2339 prae

31 2301 199 2374 Jlarisolec.
223 2344 272 2364 nec
303 2336 339 2365 ad
364 2345 421 2367 rem
444 2340 587 2376 pertinet,
605 2337 632 2374 si
655 2339 696 2369 hae
722 2349 782 2380 quoe
798 2339 901 2380 amtffte

28 2377 124 2413 sunt,
145 2376 235 2414 pluris
259 2378 356 2407 veniri
383 2384 530 2415 nuteriam,
562 2381 697 2419 quoniam
720 2382 898 2418 detrimenti,

38 2415 207 2462 non-lucri,
233 2415 266 2453 ῆι
288 2415 438 2457 prestaria.
462 2420 507 2455 sed
530 2422 559 2450 z'tz
589 2422 630 2451 his
666 2423 747 2451 rebus
779 2432 902 2463 quarum

39 2465 151 2488 nornine
165 2459 367 2495 conferendum
382 2457 438 2499 est,
458 2458 603 2500 astimarz‘o
625 2463 703 2493 dehet
718 2465 830 2501 halieri,
848 2473 904 2495 non

39 2499 144 2538 quanti
161 2505 255 2537 emplae
263 2498 340 2537 sinc,
361 2503 412 2541 secl
428 2504 533 2542 qztunti
550 2503 648 2533 venire
661 2503 783 2543 poſjunt.
828 2503 900 2535 Har⁴

39 2539 249 2582 mcnopulus,
262 2541 443 2581 Pronzpt.lt'b.
455 2553 469 2573 2
490 2545 534 2573 tit.
551 2552 683 2575 tiaram.
701 2554 744 2576 11.
757 2546 797 2575 ait
811 2570 819 2583 ‚
832 2545 905 2577 Hoc

39 2576 127 2615 fieri,
150 2587 214 2618 quo
230 2581 259 2611 ἀ
278 2583 442 2619 damnum,
462 2587 565 2623 quoad
584 2585 648 2616 fieri
668 2586 771 2623 potest
788 2596 904 2618 minua-

41 2625 110 2664 tur,
135 2623 162 2649 ot
182 2621 298 2665 lucrum
315 2625 446 2664 amplius
465 2635 667 2666 propagetur.
691 2628 796 2665 addit,
815 2628 856 2659 ita
874 2638 903 2659 u-

45 2667 166 2706 trisque
182 2661 319 2700 consuli,
344 2665 372 2695 ὅ(
396 2664 430 2695 iis
449 2668 499 2705 qui
518 2667 665 2707 jacturam
685 2668 848 2707 fecerunt,
874 2670 904 2700 ἃ

44 2710 83 2732 lis
101 2709 151 2738 qui
177 2711 225 2731 res
246 2702 309 2734 suas
328 2703 419 2737 salvas
440 2707 567 2739 habent.

87 2740 185 2782 Quod
205 2744 242 2773 ad
261 2743 392 2788 formam
418 2751 560 2786 petendae
584 2751 831 2782 contributionis
853 2761 895 2782 no

45 2786 140 2814 tanda
165 2783 209 2813 est
233 2783 412 2828 observatio
442 2786 566 2827 Ulpiani
589 2791 608 2821 l.
628 2801 672 2829 14.
699 2791 735 2823 D.
753 2793 785 2822 de
797 2798 910 2831 praelcr.

44 2824 122 2854 verb.
163 2822 202 2854 sic
235 2824 414 2872 scribentis:
454 2829 516 2870 Qti
537 2835 750 2870 servandarum
774 2835 910 2864 mercium

38 2868 165 2905 suarum
181 2873 264 2896 causa
280 2866 386 2897 alienas
407 2878 507 2900 merces
523 2873 553 2901 in
570 2883 647 2904 mare
666 2875 804 2914 projecit,
828 2875 910 2905 nulla

46 2911 161 2935 tenetur
177 2904 294 2938 afflone.
311 2910 363 2946 sed
388 2908 410 2943 si
431 2908 488 2943 sine
511 2918 594 2947 causa
611 2915 641 2944 id
657 2915 785 2955 feciffec,
810 2918 840 2945 in
862 2916 897 2953 fa

46 2945 142 2979 &uim
159 2945 188 2983 fi
202 2947 281 2985 dolo,
304 2950 336 2979 de
358 2951 417 2980 dolo
434 2957 556 2982 tvneiur.
583 2953 708 2993 Ulpiani
728 2956 826 2987 sermo
846 2966 910 2987 non

44 2986 92 3018 est
116 2989 155 3017 de
179 2998 226 3034 <30-
243 2989 474 3034 cujusbmerces
492 2993 575 3030 iaCtae
592 2994 659 3027 sunt
677 2998 706 3027 in
732 3007 836 3035 mai·e;
861 2996 911 3027 sed

46 3029 88 3059 de
113 3038 150 3058 eo
176 3038 227 3067 qui
255 3031 381 3062 alterius
412 3042 531 3064 mei-ces
558 3038 712 3076 projecit3
744 3039 773 3068 δι
799 3046 910 3079 negat,

45 3068 134 3101 hunc
151 3078 320 3109 propterea
349 3073 517 3105 ullateneri
541 3076 670 3109 afflone.
720 3078 818 3121 Quod
839 3088 896 3116 pro

45 3109 101 3141 bo.
124 3110 154 3142 &
172 3110 215 3142 est
233 3121 333 3150 ratio;
357 3117 440 3153 quod
460 3117 511 3154 qui
532 3118 650 3156 voluit,
675 3119 703 3150 se
720 3130 769 3149 aut
789 3129 910 3152 merces

46 3149 113 3181 suas
138 3152 275 3192 servare,
298 3155 384 3195 jactis
408 3156 539 3188 aliorum
564 3160 720 3191 mei-cibus
737 3184 746 3199 ‚
780 3160 847 3192 usus
866 3161 909 3194 est

48 3193 426 3267 tefffffiriffsneceffifflw
448 3198 569 3242 semper
589 3200 639 3242 jus
653 3202 814 3243 iaciente,
835 3212 908 3240 cum

1751 115 1822 151 259

944 204 1010 227 non
1028 195 1104 227 licet
1120 194 1229 226 facere
1253 195 1356 226 aliter.
1380 195 1424 226 ita
1449 202 1516 226 non
1537 199 1665 226 tenetur
1679 201 1719 225 ex
1739 191 1816 225 deli-

943 236 1015 276 ἑὶος
1039 235 1092 268 nisi
1110 236 1183 276 quid
1207 245 1309 276 egerit
1332 237 1410 267 dolo
1435 236 1519 268 malo
1555 245 1614 267 nec
1636 235 1734 276 magis
1755 243 1815 274 po-

943 277 1001 308 test
1026 287 1067 308 ex
1087 278 1252 308 contractu
1279 278 1439 318 obligatus
1460 276 1602 309 censeri:
1635 286 1709 317 quia
1734 275 1812 307 nihil

941 318 987 348 est
1010 319 1091 349 inter
1112 328 1185 350 eum
1210 319 1239 348 ἂ
1257 320 1408 350 mercium
1428 320 1592 351 dominum
1610 317 1814 350 contractum

940 359 980 390 de
996 360 1170 398 reparando
1182 358 1310 398 jacturae
1334 365 1460 391 damnO.
1503 360 1578 391 Nori
1605 359 1648 390 est
1670 360 1764 401 igitur
1779 357 1814 389 in

939 399 1106 439 proposito
1127 401 1377 440 inlpiciendum,
1402 404 1469 439 quis
1484 402 1597 441 jecerit
1614 408 1754 432 merces:
1777 399 1812 430 id.

941 442 1024 471 enim
1050 441 1126 473 nihil
1148 444 1186 472 ad
1216 450 1282 471 rem
1309 442 1455 480 pertinet.
1480 445 1577 483 magis
1602 443 1811 482 quaerendum

940 481 1003 520 est,
1027 483 1114 521 cujus
1132 493 1180 514 res
1197 492 1237 513 eo
1253 482 1335 522 jaCtu
1353 484 1479 513 {ervatae
1495 483 1568 514 iiiit:
1592 493 1662 514 nam
1680 485 1745 522 ejus
1764 484 1818 513 in?

940 522 1068 561 tersuit,
1089 523 1204 564 jactum
1228 522 1314 561 fieri3
1339 523 1476 563 ideoque
1500 534 1624 564 aequum
1649 524 1712 562 est,
1736 531 1812 555 eum

938 565 982 595 ob
1002 574 1050 596 res
1068 564 1201 596 servatas
1215 567 1253 595 ad
1278 565 1484 596 collationem
1507 574 1618 596 teneri.
1642 567 1683 596 At
1701 574 1761 605 qua
1779 573 1812 595 a-

939 605 1065 644 stione3
1089 615 1162 637 cuin
1181 607 1256 636 nihil
1273 607 1377 637 aetum
1394 606 1636 637 conti-atttiinve
1654 607 1686 637 iit
1700 610 1714 636 'e
1735 606 1813 637 Hoc

941 646 1109 688 diligenter
1132 648 1242 678 tractat
1269 648 1380 678 Paulus
1410 651 1436 677 d.
1462 647 1479 677 l.
1497 657 1515 678 2
1547 655 1593 687 pr.
1617 648 1643 676 l)
1682 650 1698 676 b
1732 653 1753 676 ι.
1778 646 1814 678 ὅζ

941 698 1012 728 quia
1038 688 1173 720 obscure
1191 698 1276 720 more
1297 690 1368 720 luo:
1392 690 1456 720 duo
1480 687 1606 726 postulo
1631 688 1812 719 obiervari:

942 739 1038 761 unum
1063 730 1106 760 est
1133 732 1220 770 quoti
1247 730 1316 761 haee
1344 732 1393 761 lex
1419 730 1553 761 debetur
1580 730 1663 761 Pauli
1692 729 1741 758 lib.
1762 738 1812 769 34.

941 772 989 802 Ad
1017 770 1182 809 Etiicium,
1206 781 1246 802 ex
1263 781 1327 811 quo
1344 772 1388 802 est
1407 771 1500 803 etiam
1519 771 1536 801 l.
1561 780 1582 802 ι,
1611 774 1637 801 ὧι
1658 771 1762 803 plures
1781 779 1816 799 a·

939 811 989 844 11ae
1014 812 1067 843 sub
1090 812 1202 844 'situlo
1223 813 1324 844 Locati
1346 812 1496 850 tondum,
1519 821 1625 851 eoque
1649 811 1685 843 fit
1708 809 1813 841 verifi-

941 853 1040 890 mile,
1066 853 1194 885 Panium
1219 855 1469 892 explicationem
1503 854 1595 894 Legis
1623 852 1752 883 R‘htiilae
1772 852 1814 882 de

938 894 1020 935 jaCtu
1039 895 1173 934 junxiss'e
1193 894 1304 926 Edicto
1323 895 1372 926 De
1390 897 1497 927 locato
1515 898 1543 926 <St
1562 893 1736 925 condutio.
1762 892 1817 923 Al·

941 945 1018 967 tera-
1033 936 1216 967 observatio
1238 945 1319 974 erit,
1344 938 1427 976 quod
1453 935 1565 967 Paulus
1590 937 1617 966 in
1646 937 1675 967 (l.
1697 935 1714 964 l.
1732 944 1759 965 2.
1782 933 1816 964 ei

941 978 1027 1017 cujus
1047 986 1167 1008 merces
1191 977 1248 1008 sint
1276 978 1305 1008 iii
1332 987 1415 1009 mare
1431 978 1538 1017 jactae.
1565 977 1678 1008 nullam
1696 984 1817 1006 conce·

943 1019 987 1049 dit
1003 1018 1157 1050 actionem
1179 1028 1219 1050 ex
1240 1018 1326 1060 Lege
1347 1018 1486 1054 Rhodia:
1513 1028 1572 1049 nec
1589 1019 1685 1057 magis
1706 1016 1817 1049 memi-

944 1060 991 1090 nit
1010 1059 1141 1091 actionis
1158 1069 1173 1090 a
1194 1060 1332 1091 Pi-aetorc
1350 1060 1380 1091 in
1406 1060 1518 1091 Editio
1540 1059 1727 1101 propositae:
1749 1067 1817 1090 tau·

945 1109 1010 1132 turn
1028 1100 1105 1131 facit
1123 1102 1319 1132 mentionem
1343 1101 1473 1133 aetionis
1492 1111 1533 1133 ex
1559 1102 1665 1132 locato
1684 1103 1711 1131 (St
1736 1108 1815 1130 con·

945 1143 1059 1179 dutto;
1082 1142 1234 1180 industae,
1260 1151 1293 1173 ut
1320 1145 1463 1180 videtur,
1489 1143 1547 1174 hac
1573 1152 1601 1173 in
1634 1142 1735 1180 specie
1760 1139 1815 1171 usu

948 1184 976 1214 ἃ
1003 1181 1215 1224 disputatione
1245 1183 1568 1223 Jurisconlultoruiii:
1608 1190 1816 1221 interpretan-

948 1223 1042 1261 tium,
1067 1225 1291 1256 contrahentes
1318 1226 1358 1257 de
1381 1227 1538 1256 mercibus
1570 1234 1649 1255 nave
1673 1232 1816 1255 transve-

948 1265 1059 1297 hendis
1076 1276 1130 1306 per
1151 1276 1254 1304 mare,
1280 1268 1309 1297 in
1333 1276 1398 1305 quo
1415 1276 1482 1297 orta
1499 1265 1688 1301 tempestate
1705 1274 1816 1296 ntces-

948 1306 1024 1338 sai-io
1048 1307 1101 1338 fiet
1125 1309 1275 1339 mercium
1296 1308 1417 1348 ieelim,
1450 1309 1588 1338 invicem
1617 1306 1748 1343 obligari
1774 1313 1817 1336 ex

946 1349 1053 1379 locato
1074 1349 1102 1380 δι
1122 1350 1283 1380 condutio
1299 1349 1328 1380 iii
1355 1349 1385 1380 iu
1405 1351 1491 1388 quod
1510 1351 1641 1379 alterurn
1666 1348 1755 1378 atteri
1773 1354 1818 1377 ex

946 1389 1009 1421 fide
1031 1390 1115 1421 bona
1135 1390 1218 1430 jactu
1236 1390 1321 1421 festo
1347 1390 1489 1430 praestare
1506 1399 1657 1430 oportet,
1683 1387 1766 1426 quasi
1783 1387 1817 1418 id.

947 1432 1043 1462 tacite
1060 1431 1229 1470 placuerit,
1253 1431 1307 1463 etii
1324 1434 1362 1462 de
1381 1441 1421 1462 eo
1441 1432 1515 1462 nihil
1536 1431 1722 1461 nominatim
1739 1438 1818 1459 con-

947 1473 1068 1503 venerit
1091 1471 1110 1514 §
1140 1483 1157 1513 3
1197 1470 1264 1514 [nst.
1290 1475 1324 1503 cle
1338 1473 1421 1513 oblig.
1439 1482 1501 1513 quae
1518 1471 1601 1513 quast
1617 1481 1652 1503 ex
1672 1468 1816 1501 contrast-

946 1512 1079 1551 proinde
1107 1516 1209 1544 locata
1233 1522 1286 1544 aut
1312 1513 1468 1544 condueta
1495 1523 1649 1544 mercium
1676 1520 1819 1542 transve-

945 1554 1069 1590 Clione,
1094 1556 1121 1586 &a
1138 1555 1219 1594 jittu
1238 1565 1255 1585 e
1273 1565 1306 1586 re
1332 1555 1498 1585 vectorum
1518 1553 1605 1585 fatto
1630 1553 1703 1593 iuffu
1720 1552 1820 1593 magi-

945 1594 1014 1633 stri,
1040 1598 1195 1627 creditum
1219 1595 1281 1626 fuit
1300 1620 1308 1635 ‚
1340 1597 1515 1626 conxenirc
1541 1603 1658 1633 naturae
1683 1595 1818 1625 locatio-

945 1637 991 1667 nis
1009 1638 1038 1668 ἃ
1068 1636 1291 1669 conductionis
1313 1646 1381 1678 quae
1408 1637 1452 1668 est
1475 1637 1567 1668 bonae
1593 1635 1683 1672 fidei,
1711 1645 1741 1665 ut
1760 1635 1820 1666 do-

945 1678 1019 1709 mini
1038 1681 1210 1715 mercium,
1234 1688 1327 1716 prout
1346 1679 1448 1709 locata
1466 1687 1520 1709 aut
1538 1676 1696 1708 coiidueta
1712 1675 1748 1708 iit
1766 1685 1820 1707 ea-

944 1728 1011 1750 rum
1043 1720 1257 1756 transvectio,
1283 1729 1321 1751 ex
1346 1720 1453 1750 locato
1478 1720 1506 1750 &
1529 1719 1692 1750 condutio
1718 1726 1821 1755 expe-

944 1761 1060 1791 riantur
1084 1763 1230 1792 advertus
1257 1761 1433 1802 magistrum
1459 1761 1564 1792 navis:
1590 1769 1622 1790 ut
1643 1760 1666 1790 is
1686 1759 1820 1791 vicissim

945 1811 1016 1842 agat
1035 1810 1148 1833 contra
1166 1803 1309 1833 vectores
1324 1828 1331 1838 ‚
1357 1812 1478 1833 mei-ces
1500 1802 1562 1833 suas
1590 1801 1682 1832 salvas
1700 1800 1821 1831 haben·

945 1851 1011 1879 tete,
1035 1846 1073 1874 ad
1099 1843 1180 1882 hoc,
1216 1853 1247 1874 ut
1275 1846 1422 1875 damnum
1453 1844 1550 1883 iactus
1575 1841 1820 1879 contributione

944 1894 1002 1923 pro
1018 1894 1168 1924 portione
1185 1895 1350 1926 reparent;
1374 1894 1426 1916 aut
1444 1885 1527 1916 hunc
1545 1886 1574 1915 in
1592 1882 1686 1915 finem
1704 1891 1820 1923 eorum

945 1935 1066 1958 merces
1093 1928 1244 1964 retineat,
1281 1928 1386 1958 donec
1411 1926 1611 1957 satisfaciant.
1653 1923 1822 1956 Neutrum

943 1967 1185 1999 remedium'est
1211 1969 1384 1999 inauditum
1410 1967 1438 1998 in
1462 1968 1529 2007 jure
1558 1966 1675 1998 nostro.
1700 1974 1769 1996 nam
1787 1964 1820 1996 <Sc

945 2008 1053 2039 Labeo
1076 2010 1094 2039 l.
1114 2013 1154 2041 60
1189 2008 1217 2050 §.
1242 2021 1257 2049 5
1293 2010 1334 2040 l).
1359 2009 1460 2040 Loculi
1484 2018 1545 2045 ait,
1572 2009 1623 2039 ubi
1648 2007 1715 2046 quis
1744 2007 1821 2038 ulie-

943 2059 1014 2081 nam
1039 2050 1164 2082 meffem
1190 2050 1332 2088 iuiluiit,
1370 2051 1532 2082 dominum
1564 2049 1605 2080 illi
1644 2049 1822 2079 condicere

943 2090 1137 2123 frumentum
1163 2091 1267 2131 posse,
1292 2093 1320 2122 ἃ
1349 2098 1380 2123 ut
1406 2094 1436 2122 id
1461 2090 1575 2128 sac‘at,
1600 2091 1753 2122 colonum
1774 2096 1819 2120 ex

943 2133 1103 2164 condutto
1127 2133 1267 2164 asturum
1300 2141 1373 2164 cum
1404 2133 1546 2163 domino.
1594 2132 1675 2162 Dedi
1705 2132 1732 2162 ot
1759 2130 1822 2161 alia

947 2174 1092 2213 exempla
1112 2175 1199 2212 {upra
1221 2176 1272 2210 sub
1293 2173 1348 2205 Tit.
1365 2176 1397 2204 de
1409 2175 1502 2215 judic.
1551 2172 1620 2204 Non
1640 2172 1741 2203 minus
1762 2181 1821 2203 Πο-Ι

948 2222 1012 2246 tum
1031 2215 1076 2246 est
1091 2217 1138 2254 jus
1158 2216 1365 2254 retentionis,
1388 2215 1622 2255 ⁸jurisconsultis
1648 2224 1714 2245 eain
1729 2237 1736 2249 ,
1762 2213 1822 2244 do-

947 2266 1006 2287 nec
1024 2256 1171 2295 satisfiat,
1196 2266 1237 2288 ex
1262 2256 1351 2288 causa
1377 2256 1634 2295 permittentibus
1660 2253 1820 2295 poss'effio-

947 2307 1018 2329 nem
1037 2299 1157 2338 adepto
1176 2297 1237 2328 sine
1260 2298 1357 2337 vitio,
1383 2298 1478 2329 etiarn
1496 2297 1515 2328 fi
1535 2306 1597 2327 non
1617 2296 1730 2326 habeat
1750 2297 1819 2336 pig-

945 2348 1001 2370 nus
1020 2340 1040 2369 l.
1064 2348 1090 2370 1.
1115 2339 1152 2370 D.
1173 2339 1260 2382 Quib.
1278 2341 1341 2369 mod
1364 2342 1445 2379 pigri.
1460 2338 1529 2375 lolv.
1550 2338 1569 2368 l.
1592 2347 1614 2368 i.
1633 2337 1665 2368 C.
1682 2337 1714 2367 Si
1729 2337 1820 2369 alien.

944 2390 987 2411 res
1000 2382 1079 2420 pigri.
1097 2381 1115 2411 l.
1135 2391 1210 2411 zcmc.
1229 2381 1259 2411 C.
1280 2380 1380 2410 Etiam
1396 2382 1427 2410 ob
1444 2380 1566 2420 chirogr.
1591 2389 1630 2409 res
1655 2381 1725 2419 pign
1782 2378 1821 2411 In.

947 2421 1110 2461 propolito
1129 2431 1233 2453 autem
1260 2423 1384 2452 videtur
1403 2421 1469 2452 ustis
1488 2429 1699 2452 retentionem
1721 2419 1820 2460 magi-

948 2462 1011 2493 stro
1035 2472 1122 2493 navis
1143 2462 1345 2500 concessisse,
1371 2461 1453 2502 quasi
1477 2471 1512 2492 ea
1539 2464 1606 2502 lege
1625 2471 1744 2492 merces
1761 2469 1820 2492 ex·

949 2512 1088 2542 ceperit:
1112 2513 1153 2534 eo
1177 2506 1295 2543 aequius
1313 2527 1323 2541 ‚
1355 2504 1443 2543 quod
1469 2504 1709 2543 quodaminodo
1740 2501 1820 2533 esset

948 2544 1171 2576 neceffarium:
1198 2555 1237 2575 ne
1261 2545 1280 2575 si
1304 2545 1357 2575 ille
1383 2545 1517 2575 deberet
1539 2543 1674 2584 singulos
1695 2543 1821 2583 inficio

947 2586 1137 2622 convenire,
1149 2586 1347 2616 contributio
1365 2584 1458 2616 facile
1474 2587 1653 2617 eluderetur
1664 2595 1671 2615 ε
1683 2586 1823 2623 plerum-

948 2636 1010 2667 que
1030 2629 1148 2666 ignotis
1168 2626 1368 2665 vectoribus,
1394 2628 1472 2667 l‘aepe
1496 2628 1557 2658 alio
1577 2626 1820 2664 festinantibus,

951 2669 1062 2708 utique
1090 2670 1249 2708 dilapluris
1267 2692 1275 2705 ‚
1310 2677 1381 2699 cum
1407 2678 1424 2699 e
1456 2678 1534 2699 nave
1559 2676 1651 2699 erunt
1682 2666 1820 2708 digress.

951 2710 1031 2746 Sed,
1059 2718 1091 2740 ut
1109 2712 1146 2740 ad
1169 2710 1297 2740 Paulum
1318 2709 1496 2745 veniamus,
1521 2719 1544 2740 is
1569 2711 1675 2749 (quod
1696 2707 1820 2746 optime

952 2750 1097 2781 observat
1118 2750 1156 2780 i).
1177 2751 1322 2790 Cujacius
1339 2751 1386 2782 lib.
1407 2761 1434 2790 53.
1457 2751 1576 2788 Observ.
1596 2761 1621 2782 c.
1642 2752 1690 2788 2.)
1711 2748 1821 2779 distin-

952 2793 1038 2832 guit3
1064 2800 1166 2822 utrum
1193 2793 1311 2823 domini
1345 2793 1494 2823 iiierciuni
1519 2792 1665 2833 magistro
1694 2796 1818 2833 mei-ces

956 2832 1116 2863 vehendas
1140 2833 1342 2873 locaverint3
1372 2843 1411 2865 an
1443 2835 1480 2864 ab
1507 2844 1547 2864 eo
1578 2831 1732 2864 mercibus
1759 2829 1818 2862 suis

954 2875 1170 2904 conduxerint
1195 2883 1316 2906 certum
1343 2875 1458 2907 locum.
1504 2874 1576 2907 Huc
1601 2873 1680 2902 redit
1699 2870 1818 2901 summa

954 2915 1052 2944 totius
1071 2915 1144 2945 loci.
1162 2917 1266 2955 priore
1281 2916 1351 2947 casu
1366 2917 1407 2948 ait
1428 2918 1556 2952 Paulus,
1571 2914 1718 2944 dominos
1735 2920 1819 2942 mer-

954 2957 1039 2986 cium
1063 2965 1104 2987 ex
1119 2956 1226 2987 locato
1251 2957 1373 2990 aeturos
1396 2958 1541 2988 adversus
1565 2952 1741 2993 magistrum
1765 2961 1821 2983 na-

956 2998 1019 3027 vis:
1044 3006 1073 3028 ut
1093 2999 1118 3028 is
1134 2997 1259 3030 viciffim
1284 3007 1356 3038 auat
1380 2999 1503 3030 afflone
1527 3005 1565 3026 ex
1585 2994 1746 3025 conantio
1763 2994 1819 3026 ad-

955 3037 1058 3068 versus
1075 3039 1238 3078 veitore53
1263 3038 1475 3080 ut'praestetur
1493 3037 1577 3075 quod
1595 3045 1669 3073 eos,
1695 3045 1752 3073 pro
1771 3044 1820 3067 re·

955 3080 1087 3117 paranda
1102 3080 1237 3121 jactura,
1262 3091 1302 3113 ex
1327 3083 1410 3113 bona
1427 3079 1488 3110 fide
1513 3075 1655 3121 praestare
1673 3083 1820 3122 oportet,

954 3119 1078 3152 Servius
1102 3123 1229 3160 quidem
1262 3122 1424 3162 respondit
1444 3143 1451 3154 ,
1487 3127 1637 3149 mercium
1670 3124 1824 3151 dominos

953 3170 1022 3192 cum
1041 3163 1187 3204 magistro
1206 3173 1245 3195 ex
1267 3164 1374 3195 locato
1395 3161 1532 3201 experiri
1551 3159 1686 3198 debere,
1709 3169 1740 3190 ut
1760 3169 1820 3190 cae-

952 3210 1090 3279 teroktgi
1110 3204 1273 3240 vectorum
1288 3211 1414 3238 merces
1428 3202 1584 3242 retineat,
1608 3201 1714 3234 donec
1733 3201 1819 3244 dam-3

1096 3255 1116 3279 2
1781 3246 1819 3274 nl
