2036 3495
447 93 508 130 AD
534 92 622 127 [ΑΒ.
651 89 714 127 VI.
750 88 850 125 Tt'r.
881 89 922 124 Π.
956 90 1007 127 De
1014 92 1190 139 publiciana
1208 95 1239 129 in
1257 105 1320 129 rem
1337 95 1464 132 afflone.

99 188 262 230 ptionem3
281 194 352 218 cum
368 184 426 218 fine
441 183 556 225 plures.
574 190 615 212 ex
631 189 689 211 una
705 187 830 217 tamen,
848 180 923 220 quid
940 190 968 212 a·

96 238 170 271 gat,
188 228 389 268 intelligitur:
408 225 594 267 pervulgato
604 222 686 262 apud
706 220 858 267 Veteres,
890 232 967 261 quo-

76 263 81 274 *
99 273 159 302 ties
183 270 253 311 lege
277 268 395 309 aliquid
420 275 514 299 unum
533 264 582 296 vel
601 264 732 308 alterum
749 264 965 294 introductum

61 324 68 329 “
96 312 159 351 est,
181 312 296 343 bonam
318 309 379 341 ess'e
404 306 619 343 occasionem,
644 312 739 349 etia-m
766 313 880 335 caetera
900 315 967 344 quae

96 354 136 384 ad
161 353 305 384 eamdem
331 351 464 382 tendunt
489 348 678 383 utilitatem,
701 353 967 393 interpretatione

97 394 149 425 vel
164 391 380 435 jurisdictione
393 390 524 431 suppleri
541 389 560 419 b.
583 396 685 419 11.12.
707 395 751 427 13.
770 388 812 417 L).
831 388 966 434 'clelegzffl

96 434 196 476 Igitur
212 432 434 474 Ulpianusinl.
451 430 562 474 3.§.·1·.
581 429 620 459 D
631 429 657 458 h.
675 434 697 473 t.
719 438 757 459 ex
777 426 884 477 Editsstr
899 430 966 476 sen-

96 477 195 508 tentia
212 476 268 517 (ad
286 474 459 506 hancenim
477 470 620 510 respicit)
637 469 678 501 fic
690 468 775 500 infit:
794 470 966 517 ‘ngz'rgztur

91 516 204 560 justam
221 517 334 553 causam
351 514 510 546 traditionis
535 513 615 542 habet
627 535 635 547 ‚
661 511 757 541 utitur
775 512 962 544 Publiciana.

95 559 200 600 Magis
224 556 373 598 liquescet
394 555 459 586 hoc
484 553 588 585 verbis
609 552 892 597 sequentibusztEt
907 563 964 584 non

89 600 185 642 stilum
200 598 399 639 emptorihonae
409 595 482 636 fidei
497 595 557 635 (de
570 604 635 635 quo
655 594 719 624 solo
737 595 766 625 in
788 593 900 639 Edicto
920 596 963 624 lo·

94 648 186 672 cutus
210 639 312 671 fuerat
338 637 475 677 Praetor)
498 638 626 676 competit
653 635 845 670 Patauium,-
862 638 912 676 sed
928 635 964 670 ὅ)

93 683 168 714 ciliis.
210 679 362 723 Quibus?
385 678 534 710 omnibus
560 676 716 717 emptioni
741 677 905 708 similibus:
929 685 964 708 ut

91 724 136 754 est
154 721 343 763 permutatio
366 721 385 751 l.
405 730 432 760 7.
452 719 470 761 ᾗ
497 730 527 760 5.
546 720 571 749 h.
588 726 607 748 t.
632 719 724 749 etiam
742 722 817 757 dos,
842 718 905 765 sive
925 728 962 765 ae-

89 764 229 801 stimata,
255 762 318 793 sive
343 761 546 800 inaeslin=ata3
573 768 638 791 tum
659 769 704 791 res
723 769 762 790 cx
779 760 865 791 causa
882 761 961 805 lum·

88 804 170 843 cati,
192 805 241 835 vel
261 803 402 835 solvendi
418 802 525 841 causa,
545 802 594 833 vel
611 801 698 832 causa
716 810 808 832 noxae
828 802 962 832 deditio-

88 847 134 878 nis
159 846 290 883 tradita,
315 845 378 876 sive
403 854 474 875 vera
499 843 552 882 sit,
575 842 638 874 sive
657 842 746 873 falsa:
771 843 846 873 item
865 842 884 873 si
905 841 960 873 ser-

87 897 162 919 vum
187 896 228 918 ex
256 885 344 918 causa
369 884 497 924 noxali,
525 884 595 923 quia
620 893 683 914 non
711 883 960 921 defendebatur,

87 929 209 960 duxero
229 927 304 968 Juslu
329 927 498 965 Praetoris,
523 927 551 956 δι
575 925 707 957 amisero
725 925 960 971 possessi-onem:

85 969 139 1001 sed
156 971 185 1001 &
204 969 225 1001 fi
243 979 291 1001 res
311 968 484 1009 adjudicata
509 966 564 998 fit:
588 966 663 998 item
681 966 701 997 si
719 967 756 1011 lis.
769 967 865 997 suerit
883 966 958 1013 aesti-

84 1019 186 1049 mata,
202 1010 306 1043 similis
320 1013 363 1041 est
381 1008 576 1041 venditioni:
595 1009 623 1039 δί
642 1009 683 1038 ait
700 1007 856 1047 Julianus,
876 1008 895 1039 si
912 1018 959 1039 re-

86 1062 122 1084 us
137 1052 255 1083 obtulit
278 1051 537 1088 aestimationem,
565 1049 777 1080 Publicianam
796 1057 959 1093 compete-

86 1103 133 1125 re.
157 1093 209 1125 sed
227 1093 256 1124 &
274 1092 294 1124 fi
311 1094 379 1133 quis
397 1103 437 1124 ex
454 1092 616 1124 lucrativis
632 1090 727 1121 causis
746 1097 888 1131 accepit,
908 1091 958 1121 ha-

86 1135 143 1166 bet
171 1134 412 1172 Publicianam3
437 1142 570 1173 eamque
596 1131 743 1163 adversus
768 1133 957 1163 donatorem

85 1176 182 1208 etiam
193 1183 396 1216 competere,
411 1174 562 1215 Ulpianus
574 1181 663 1218 puta-t
675 1172 839 1219 :causatus
849 1196 859 1212 ‚
871 1174 959 1213 quod

86 1216 133 1249 est
147 1217 240 1256 justus
255 1216 405 1257 possessor
422 1217 450 1247 ὅτ
469 1215 587 1256 petitor
603 1224 655 1254 qui
674 1215 892 1245 liberalitatem
910 1224 958 1245 ac-

86 1261 183 1299 cepit.
221 1257 330 1291 Tenes
345 1259 489 1298 exempla
507 1257 545 1287 ab
565 1255 700 1295 Ulpiano
719 1255 748 1286 &
766 1255 863 1286 Paulo
883 1265 958 1286 enu-

84 1308 203 1332 merata
218 1300 237 1331 l.
251 1310 280 1341 3.
294 1299 322 1341 §.
344 1308 370 1330 1.
388 1299 406 1328 l.
425 1308 453 1345 4.
473 1299 492 1329 l.
509 1309 538 1337 5.
555 1298 574 1327 l.
591 1301 620 1328 6.
640 1296 675 1331 &⁹
690 1297 707 1326 ι.
725 1306 752 1340 7.
766 1303 812 1336 pr.
830 1296 856 1338 §,
879 1306 901 1327 1.
919 1296 956 1332 &²

85 1351 117 1383 3.
134 1342 160 1372 h.
172 1347 192 1373 t.
207 1340 366 1372 Summam
379 1339 475 1379 Gaius
490 1342 509 1369 t.
528 1348 571 1379 13·
592 1338 673 1368 hanc
689 1337 782 1368 facit:
799 1337 954 1381 Qnoecnm-

83 1391 138 1424 que
146 1386 213 1420 lunt
222 1380 309 1424 justa>
324 1381 398 1419 caus
395 1391 416 1411 ιε
431 1381 676 1422 adqztz‘rendarunz
692 1388 788 1409 rerum
798 1402 807 1417 ,
836 1389 845 1409 z
861 1390 897 1410 ex
912 1380 955 1410 his

84 1418 177 1462 caufis
194 1422 294 1454 nanffl
309 1432 353 1453 res
368 1422 561 1460 amiserimus,
573 1422 690 1452 dabitur
705 1421 783 1451 nobis
799 1430 898 1452 earnm
914 1430 956 1451 re-

83 1474 149 1496 rum
160 1464 423 1505 persequendasum
437 1465 537 1505 gratia
552 1463 610 1493 brec
627 1461 712 1493 αέῖἰο.
757 1460 788 1492 N
793 1471 830 1493 cc
848 1471 954 1495 tamen

83 1512 339 1546 temperamento
357 1505 408 1536 vei
428 1504 479 1535 liic
495 1503 643 1541 abstinuit
659 1504 687 1533 d.
706 1503 724 1533 l.
741 1512 785 1543 13.
803 1503 831 1544 §.
845 1513 869 1535 1.
886 1513 954 1535 ver-

82 1546 131 1578 bis
154 1546 373 1586 sequentibus:
399 1546 547 1577 Interdum
573 1545 743 1585 qmbusdam
757 1554 806 1575 nec
824 1554 859 1576 ex
869 1542 959 1586 justis

77 1587 152 1628 poste
177 1589 287 1618 wm'bus
303 1589 434 1627 competit
453 1587 653 1630 Publicianam
665 1586 817 1626 judicium.
856 1586 895 1617 Et
912 1597 957 1618 ra-

83 1629 206 1659 tionem
227 1629 351 1660 duobus
373 1628 527 1668 exemplis
551 1628 686 1658 indicat:
710 1627 847 1668 Namque
859 1631 957 1670 pigne-

83 1671 187 1700 ratitz'ae
203 1669 239 1703 δέ’
248 1670 386 1710 precariae
398 1667 568 1709 paffeffiones
588 1666 756 1713 jnstaesztnt
767 1692 776 1707 ‚
796 1670 844 1706 sed
859 1679 895 1700 ex
911 1671 956 1701 bis

83 1720 142 1741 non
154 1711 221 1746 lolet
236 1717 386 1751 competere
397 1712 451 1741 tale
461 1711 623 1751 judicium:
639 1710 689 1740 illa
702 1710 808 1746 scilicet
827 1712 953 1751 ratione,

82 1754 152 1792 quia
173 1761 263 1793 neque
277 1753 417 1789 creditor,
440 1761 528 1791 neque
550 1753 573 1781 is
594 1751 645 1791 qni
662 1752 791 1790 precario
818 1754 952 1794 rogavit,

82 1802 112 1823 eo
128 1793 222 1825 animo
238 1794 415 1829 nanciscitur
432 1791 618 1833 poffeffionem
629 1816 636 1829 ,
662 1799 693 1822 nt
712 1795 848 1833 credatse
865 1795 953 1824 donii-

81 1843 154 1865 num
171 1834 230 1874 effe.
264 1835 292 1866 Is
311 1844 388 1865 vero
406 1836 525 1865 animus
542 1835 578 1865 ad
595 1832 831 1873 poffeffionem,
847 1834 953 1866 usuca-

79 1875 169 1915 pioni
188 1875 217 1907 ἀ
234 1875 378 1907 dominio
395 1875 593 1916 adquirendo
610 1883 711 1913 aptam
723 1898 732 1913 ,
751 1876 950 1909 desideratur.

80 1915 124 1947 Et
144 1916 208 1957 jam
227 1915 338 1948 Paulus
355 1916 373 1948 l.
396 1926 442 1957 13.
461 1917 506 1947 D.
524 1917 557 1947 de
572 1920 667 1956 usurp.
688 1916 723 1951 ἐξ
743 1918 821 1957 usuc.
840 1918 951 1965 Pigno-

80 1958 127 1995 τί,
151 1958 271 1997 inquit,
287 1968 344 1988 rem
361 1963 503 1996 acceptam
521 1962 574 1995 usu
590 1967 646 1988 non
663 1961 806 1996 capimus:
823 1969 892 2000 quta
903 1967 952 2000 pro

80 1998 173 2029 alieno
187 1997 363 2038 poffidemns.
401 1998 478 2030 Non
507 2000 588 2030 male
607 2007 711 2030 tamen
734 1999 845 2032 Paulus
867 2002 885 2031 l.
906 2006 952 2036 18·

77 2039 121 2071 D.
137 2041 170 2070 de
181 2041 369 2081 pignoribus,
388 2041 475 2080 (quae
493 2040 537 2071 est
550 2040 637 2080 hujus
651 2041 728 2072 loci:
745 2042 862 2086 quippe
880 2052 952 2074 curn

79 2080 116 2112 sit
139 2090 180 2112 ex
202 2081 267 2121 ejus
285 2081 333 2112 lib,
358 2090 402 2117 19.
426 2082 474 2114 Ad
495 2081 639 2112 Edictum
659 2092 699 2113 ex
716 2092 780 2116 ouo
799 2087 868 2113 sunt
885 2085 902 2114 l.
923 2094 952 2116 2.

79 2122 98 2152 l.
115 2131 143 2161 4.
161 2122 276 2154 &aliae
295 2123 348 2153 sub
366 2123 393 2153 h.
414 2123 453 2163 t.)
485 2122 535 2160 Si,
560 2123 681 2163 inquit,
705 2123 743 2154 ab
767 2134 806 2154 eo
825 2126 878 2163 qui
897 2125 951 2157 Pu-

79 2162 212 2194 bliciana
235 2163 277 2194 uti
303 2166 428 2203 potuit,
451 2164 521 2204 quia
546 2165 722 2197 dominium
741 2175 805 2196 non
825 2166 952 2206 babuit,

78 2204 203 2245 pignori
222 2206 353 2244 accepi,
371 2204 412 2236 fic
429 2212 535 2236 tuetur
548 2215 598 2237 me
608 2215 664 2246 per
679 2205 858 2238 Servianam
876 2208 951 2239 Prte-

78 2252 148 2283 tor,
172 2246 439 2286 quemadmodum
456 2247 635 2278 debitorem
653 2256 709 2285 per
728 2248 950 2282 Publicmnam.

118 2286 220 2317 Porro
240 2288 282 2318 ait
301 2287 422 2319 Praetor
438 2310 447 2325 ,
471 2288 536 2335 Qui
553 2290 624 2320 bona
634 2288 696 2328 fide
717 2292 782 2320 emit
800 2300 856 2320 non
873 2302 889 2322 α
906 2293 947 2322 (Ιο-

76 2327 162 2359 mino.
188 2326 284 2368 Igitur
300 2338 363 2360 non
380 2331 483 2360 omnis
503 2331 625 2368 emptio
642 2331 750 2361 atini-o
767 2330 950 2364 Publiciana

76 2369 236 2409 proderit:
260 2369 312 2401 sed
336 2379 406 2410 quae
429 2369 525 2401 habet
550 2371 664 2402 bonam
694 2370 805 2403 fidem:
828 2383 898 2404 nam
917 2385 946 2405 e-

74 2417 165 2442 mens
182 2420 197 2440 a
217 2420 281 2442 non
298 2411 432 2443 domino
445 2435 453 2450 ‚
474 2413 549 2443 licet
561 2413 626 2451 ejus
647 2412 817 2444 traditione
834 2424 897 2445 non
916 2414 947 2446 fi-

75 2458 108 2482 at
125 2451 292 2491 dominus3
310 2452 501 2484 constitutus
518 2461 622 2484 tamen
635 2463 767 2494 propter
783 2455 898 2486 bonam
915 2456 948 2488 fi-

78 2493 150 2523 dem
169 2493 198 2524 in
217 2494 405 2525 conditione
429 2493 648 2535 usucapiendi‚
674 2495 798 2527 interim
818 2507 877 2537 pro
893 2498 948 2529 do-

75 2532 163 2564 mino
180 2534 338 2565 habeturl.
354 2539 418 2575 ¹36·
437 2535 482 2567 D.
500 2538 533 2566 cie
545 2537 672 2578 reg.jzcr.
697 2536 825 2568 Dicitur
842 2547 947 2570 autem

75 2572 174 2618 4109.
193 2576 238 2606 D.
255 2576 287 2606 de
303 2575 486 2617 verbsignif.
505 2578 597 2608 bonae
615 2577 687 2609 fidei
708 2587 835 2618 emptor
852 2580 876 2610 is
895 2581 947 2620 qui

76 2615 253 2655 ignoravit,
276 2626 343 2648 eam
369 2627 435 2648 rem
458 2619 589 2650 alienam
616 2619 677 2650 effe
697 2630 704 2650 :
728 2629 781 2650 aut
805 2623 947 2659 putavit,

76 2664 149 2686 eum
166 2656 218 2695 qui
230 2658 390 2696 vendidit,
405 2658 451 2697 ius
462 2661 618 2691 vendendi
638 2661 773 2699 babere,
785 2670 860 2702 puta
878 2671 948 2703 pro·

77 2705 257 2728 curatorem
274 2697 344 2728 esse.
389 2699 440 2730 Ait
455 2698 548 2740 igitur
569 2701 714 2736 Praetorz,
728 2701 792 2745 Qui
806 2705 878 2734 hona
888 2703 950 2743 fide

75 2739 151 2768 emit.
196 2737 238 2769 Et
262 2738 354 2769 fidem
371 2739 487 2772 bonam
505 2741 597 2773 solius
615 2753 770 2783 emptor1s
790 2745 948 2776 continet.

77 2779 214 2818 proinde
237 2778 301 2809 hoc
328 2779 460 2819 sufficit,
483 2791 533 2813 me
559 2785 650 2814 bonae
674 2783 746 2816 fidei
767 2795 949 2825 emptorem

75 2819 186 2856 fuisl'e,
210 2821 351 2860 quamvis
369 2830 431 2851 non
447 2831 464 2852 a
479 2824 610 2855 domino
630 2826 779 2865 emerim,
804 2828 879 2858 licet
898 2828 949 2858 ille

77 2861 194 2892 callido
207 2861 338 2892 consilio
349 2861 655 2905 vendideritzneque
671 2868 754 2899 enim
771 2869 862 2900 dolus
875 2878 949 2899 ven-

78 2902 189 2933 ditoris
205 2902 280 2933 mihi
298 2904 428 2934 nocebit
443 2903 461 2934 l.
475 2914 500 2943 7.
516 2904 545 2945 §
567 2914 612 2936 11.
626 2907 696 2949 ὃὸ.
711 2911 824 2948 15.b.t.
841 2909 948 2950 Quid,

76 2942 97 2975 fi
124 2943 278 2974 succesl'or
294 2967 303 2981 ,
334 2944 364 2974 id
389 2943 451 2982 est,
475 2945 584 2984 heres,
610 2946 692 2985 sum,
716 2951 744 2980 ἃ
766 2951 843 2982 dolo
866 2950 946 2989 feei,

76 2994 149 3016 cum
174 2985 199 3016 is
223 2984 252 3015 in
276 2986 364 3025 cujus
381 2985 488 3017 locum
506 2986 651 3025 succeffi,
678 2990 761 3021 bona
779 2990 840 3023 fide
858 2991 949 3022 emis-

74 3025 146 3057 set?
164 3026 196 3057 ln
214 3026 271 3057 hac
283 3027 407 3056 actione
425 3037 488 3058 non
509 3028 613 3059 oberit
625 3030 709 3061 mihi.
736 3031 861 3064 Eodem
883 3042 948 3064 mo-

76 3068 119 3098 do
136 3077 196 3099 nec
211 3067 370 3107 proderit;
395 3067 415 3098 fi
432 3069 508 3099 dolo
526 3078 638 3107 careo,
661 3080 733 3103 curn
754 3082 881 3114 emptor
897 3074 947 3104 cui

75 3107 223 3146 successi,
247 3109 323 3140 dolo
348 3108 472 3140 fecisset
494 3111 520 3141 d.
537 3110 554 3141 l.
573 3120 600 3150 7.
618 3111 645 3152 §.
669 3121 714 3144 12.
741 3113 802 3146 Sed
827 3116 909 3145 enim
927 3113 948 3146 fi

76 3148 180 3180 servus
206 3159 294 3181 meus
317 3151 393 3181 emit
413 3175 422 3187 ,
454 3152 545 3182 dolus
569 3162 634 3191 ejus
658 3153 718 3184 erit
742 3154 946 3196 speciandus,

75 3198 141 3220 non
165 3199 271 3229 meus,
297 3193 346 3222 vel
367 3201 478 3222 contra
495 3194 522 3223 d.
540 3193 558 3223 l.
576 3202 603 3232 7.
618 3193 646 3234 §.
671 3203 715 3232 iq.

112 3230 166 3304 {Be
181 3231 297 3305 eoIsFit
315 3233 510 3267 dubitatum:
533 3241 638 3268 utrum
657 3229 807 3278 sufficiat,

142 3283 193 3304 om.
261 3297 267 3305 .

826 3237 941 3272 bonam

1824 104 1887 138 161

1011 179 1106 213 fidem
1125 181 1185 213 effe
1198 189 1345 224 tempore
1362 185 1537 226 emptionis
1549 209 1557 224 ‚
1569 194 1605 217 an
1617 192 1769 227 oporteat
1788 188 1885 222 etiam

1010 222 1071 254 esl'e
1097 231 1242 264 tempore
1267 227 1454 258 traditionis.
1476 227 1705 259 dubitationem
1724 228 1886 263 faciebant

1009 264 1157 296 Praetoris
1176 267 1286 297 verba:
1312 268 1344 297 Sz·
1360 269 1425 309 quis
1443 270 1473 299 icl
1488 272 1562 310 quod
1581 271 1726 308 traditur,
1742 272 1808 302 emit
1825 282 1883 303 non

1009 306 1147 336 adomino
1164 307 1234 337 bona
1244 308 1314 346 fide.
1338 309 1400 340 Sed
1417 311 1554 349 julianus
1573 311 1625 341 lib.
1637 321 1663 352 7.
1677 310 1882 353 Digestorum

1009 345 1145 386 scripsit,
1158 350 1240 387 apud
1261 348 1429 389 Ulpianum
1445 353 1471 382 d.
1487 352 1504 382 l.
1524 362 1550 391 7.
1567 351 1595 393 §.
1612 362 1656 392 17.
1677 355 1883 387 traditionem

1008 388 1052 418 rei
1076 390 1191 427 emptae
1216 397 1369 428 oportere
1395 393 1477 422 bona
1501 392 1562 423 fide
1588 392 1671 426 fieri:
1696 393 1835 434 ideoque
1860 395 1882 428 si

1009 426 1108 459 sciens
1125 428 1256 460 alienam
1283 430 1502 469 pos'seffioncm
1521 435 1753 474 apprehendit,
1778 437 1883 469 Publi-

1006 470 1095 500 ciana
1112 479 1183 500 eum
1195 471 1330 510 experiri
1343 481 1405 503 non
1419 474 1525 514 posse:
1543 475 1614 515 quia
1632 476 1800 518 usucapere
1817 488 1884 511 non

1006 511 1135 551 poterit.
1154 510 1306 552 Ulpianus
1316 521 1419 545 tamen
1433 515 1495 545 hoc
1505 539 1514 554 ,
1526 525 1597 547 cum
1610 517 1703 557 poffit
1713 518 1883 552 obscurum

1007 553 1126 591 videri,
1150 552 1191 583 sic
1208 561 1364 594 temperat
1383 563 1390 585 ε
1414 555 1486 587 Nec
1502 557 1666 598 quisquam
1683 568 1793 599 putet,
1818 562 1883 593 boc

1008 603 1066 624 nos
1091 593 1288 633 existimare,
1312 595 1455 628 sufficere
1479 597 1570 628 initio
1591 601 1771 633 traditionis
1789 604 1883 643 igno-

1006 634 1083 666 rasse
1100 645 1166 666 reni
1192 636 1345 673 alienam,
1369 639 1411 668 uti
1430 638 1498 678 quis
1517 639 1610 678 poffit
1629 640 1810 674 Publiciana
1825 653 1881 675 ex-

1007 675 1116 716 periri:
1133 675 1183 707 sed
1209 686 1361 716 oportere
1379 680 1407 711 &
1426 688 1502 711 tunc
1520 681 1602 711 bona
1619 679 1681 712 fide
1697 691 1880 722 emptorem

1006 717 1078 748 esse.
1119 717 1170 748 Sic
1186 716 1360 758 Ulpianus:
1382 730 1478 761 atque
1496 722 1569 753 inde
1587 723 1776 762 explicanda
1793 725 1811 756 l.
1833 735 1880 758 10.

1006 760 1053 790 l).
1070 760 1102 789 de
1119 760 1217 799 usurp.
1238 759 1273 793 θ’
1289 761 1403 802 usucap.
1428 771 1498 803 quae
1517 763 1561 794 est
1578 763 1716 796 similiter
1735 764 1882 807 Ulpiani,

1004 808 1101 841 atque
1120 810 1159 831 cx
1176 801 1289 832 eodem
1308 803 1355 833 lib.
1379 807 1423 834 16.
1439 807 1476 835 ad
1491 804 1629 835 Edistnm
1649 815 1688 836 ex
1707 815 1772 847 quo
1793 807 1836 839 est
1853 810 1880 839 d.

1002 841 1020 871 l.
1038 851 1064 882 7.
1077 840 1103 882 §.
1127 850 1159 882 17
1183 852 1190 872 :
1215 844 1242 873 (St
1261 842 1300 874 fic
1318 843 1430 876 habet:
1447 845 1487 876 Et
1502 848 1624 877 obtinuit
1642 847 1744 879 Sabini
1760 848 1795 883 ὃ
1812 850 1883 880 Cas-

995 881 1035 920 fiz'
1051 883 1199 923 sententia
1217 886 1386 955 c{reditionis
1403 888 1521 918 initium
1537 888 1736 928 speetantiztin.
1768 889 1881 922 Debet

1002 923 1085 955 enim
1103 925 1212 964 perind
1251 926 1373 965 accipi,
1396 928 1479 968 quasi
1502 929 1645 969 dixiffet,
1670 933 1765 962 etiam
1784 932 1881 963 tradi-

1003 966 1097 997 tionis
1113 965 1236 997 initium
1254 966 1478 1006 spectantium:
1506 979 1539 1001 ut
1561 971 1623 1011 jam
1642 972 1777 1004 indicavi
1795 973 1880 1005 alibi.

1001 1006 1056 1037 Est
1073 1016 1150 1038 vero
1175 1007 1239 1038 noc
1255 1008 1405 1049 singulare
1428 1012 1458 1042 in
1479 1012 1660 1052 emptione:
1680 1023 1749 1046 nam
1768 1015 1798 1046 in
1817 1024 1879 1046 cae·

1002 1048 1075 1079 teris
1100 1049 1315 1081 contractibus
1340 1051 1451 1083 sufficit
1467 1076 1476 1091 ,
1510 1054 1625 1085 bonam
1653 1054 1750 1087 fidem
1774 1056 1879 1088 adesse

1001 1098 1148 1131 tempore
1166 1092 1345 1123 traditionis
1369 1094 1389 1125 l.
1405 1104 1432 1125 2.
1460 1095 1504 1125 l).
1524 1096 1579 1125 Pro
1597 1103 1726 1136 emptore.
1759 1096 1793 1128 In
1814 1097 1878 1138 ips'a

1002 1140 1132 1172 quoque
1151 1132 1315 1172 emptione
1332 1134 1360 1165 ἂ
1383 1135 1570 1167 venditione
1587 1136 1607 1168 si
1625 1138 1777 1179 emptoris
1796 1139 1880 1170 bona

1001 1172 1081 1204 fides
1099 1172 1195 1204 fuerit
1214 1182 1363 1214 tempore
1379 1177 1560 1210 contractus
1579 1179 1605 1209 ἃ
1619 1186 1766 1220 tempore
1785 1180 1878 1212 tradi-

1001 1213 1114 1253 tionis,
1135 1215 1250 1246 deinde
1265 1215 1489 1256 superveniens
1506 1219 1586 1250 mala
1599 1219 1676 1252 fides
1695 1231 1758 1253 non
1778 1230 1880 1253 nocet

1000 1255 1208 1287 Publicianae:
1225 1258 1296 1297 quia
1317 1258 1436 1290 Praetor
1451 1269 1520 1291 eam
1539 1269 1660 1292 tantum
1676 1263 1800 1294 duobus
1817 1263 1879 1295 illis

1001 1297 1199 1338 temporibus
1216 1298 1389 1338 desiderat,
1408 1301 1486 1332 ultra
1499 1312 1562 1332 non
1581 1302 1752 1334 desiderat:
1768 1314 1879 1336 exem·

1000 1339 1054 1378 plo
1072 1338 1269 1378 usucapionis
1287 1364 1296 1379 ,
1321 1341 1375 1372 etsi
1395 1342 1424 1373 in
1442 1342 1601 1375 fruetuum
1620 1344 1830 1382 adquisitione
1848 1355 1880 1377 a·

998 1379 1061 1410 liud
1080 1380 1124 1411 fit.
1147 1389 1243 1421 atque
1261 1382 1325 1413 hoc
1340 1384 1458 1422 modo,
1485 1393 1563 1424 puto
1576 1409 1583 1422 ‚
1608 1386 1816 1426 explicandus
1837 1386 1880 1418 se·

998 1430 1098 1461 quens
1115 1421 1242 1462 Ulpiani
1261 1424 1452 1464 locustl.l.7.
1465 1426 1493 1467 §.
1512 1436 1556 1464 14.
1577 1427 1750 1458 Publiciana
1767 1434 1879 1468 tempus

996 1465 1143 1503 emptionis
1170 1465 1317 1495 continet:
1340 1465 1376 1499 ἃ
1400 1467 1457 1497 ideo
1486 1477 1576 1508 neque
1592 1471 1666 1510 qnod
1680 1476 1747 1499 ante
1764 1472 1881 1510 emptio-

996 1514 1077 1542 nem,
1099 1515 1189 1546 neqne
1205 1507 1280 1547 qnod
1297 1505 1391 1547 postea
1408 1509 1468 1538 cloto
1484 1509 1555 1539 malo
1566 1510 1685 1549 fastum
1700 1508 1759 1551 est,
1775 1511 1806 1542 in
1823 1511 1879 1543 hat:

1001 1545 1110 1577 afflone
1128 1549 1246 1586 (reduci,
1272 1548 1423 1587 Pomponio
1439 1551 1565 1581 videtur.

1042 1587 1191 1626 Sequitur
1209 1588 1237 1619 in
1260 1588 1391 1622 Editio:
1413 1590 1450 1621 Et
1465 1593 1592 1623 nondum
1607 1592 1778 1633 ztsucaptum
1791 1599 1879 1634 petet.

1000 1627 1051 1659 Ex
1072 1628 1117 1660 his
1135 1629 1238 1661 verbis
1256 1630 1461 1671 intelligitur,
1491 1633 1685 1673 Praetorem‚
1711 1643 1745 1665 ut
1771 1634 1879 1666 Publi-

998 1671 1086 1701 ciana
1103 1669 1232 1709 fit‚non
1251 1672 1426 1711 postulare,
1439 1674 1521 1704 bona
1541 1673 1603 1706 fide
1621 1684 1764 1716 emptum
1783 1677 1878 1708 tradi-

998 1719 1130 1751 tumque
1146 1713 1240 1743 etiam
1258 1713 1440 1753 usucaptum
1460 1714 1538 1747 ess'e:
1565 1715 1614 1747 sed
1634 1724 1755 1748 tantum
1773 1718 1878 1757 velle,

998 1752 1099 1784 essein
1119 1754 1309 1786 conditione
1326 1756 1527 1797 usucapientli
1540 1758 1685 1798 positum.
1702 1758 1826 1799 prorsus
1843 1768 1879 1791 ut:

997 1803 1124 1834 emptor
1143 1805 1214 1826 cum
1237 1806 1299 1827 non
1317 1797 1414 1829 fuerit
1432 1799 1579 1830 dominus
1598 1798 1697 1831 faetus
1710 1823 1719 1837 ,
1743 1799 1810 1831 fieri
1834 1809 1880 1832 ta-

997 1845 1069 1867 men
1088 1835 1280 1876 usucapione
1298 1840 1441 1877 potuerit
1458 1841 1614 1873 (lominus.
1652 1842 1703 1872 Sic
1720 1841 1795 1872 hinc
1814 1843 1880 1881 pla-

996 1885 1050 1909 cet
1067 1886 1215 1918 quoque,
1241 1882 1329 1918 quod
1347 1879 1377 1911 in
1396 1881 1413 1911 l.
1436 1891 1480 1922 12.
1498 1881 1526 1923 §.
1542 1893 1570 1921 4.
1589 1883 1618 1913 b.
1638 1888 1658 1913 t.
1677 1882 1783 1914 scribit
1801 1883 1879 1916 Pau-

996 1919 1062 1957 lus,
1078 1918 1108 1950 Si
1127 1929 1175 1950 res
1194 1921 1262 1951 talis
1279 1919 1333 1958 sit,
1352 1929 1386 1953 ut
1404 1932 1472 1954 eam
1492 1922 1561 1955 Lex
1578 1924 1705 1956 alienari
1725 1925 1877 1964 prohibe-

995 1968 1046 1999 at,
1069 1970 1109 1990 eo
1128 1960 1199 1992 casu
1217 1962 1398 1994 Publiciana
1416 1974 1477 1995 non
1494 1966 1665 2005 competit.
1708 1965 1750 1997 Et
1763 1966 1879 2005 ‘praefa-

997 2009 1063 2032 tur:
1085 2001 1186 2044 Quod
1213 2003 1259 2033 bis
1278 2004 1397 2036 casibus
1420 2008 1578 2038 neminem
1604 2015 1709 2039 tuetur
1736 2007 1876 2048 Praetor;

997 2053 1036 2074 ne
1054 2052 1164 2074 contra
1179 2044 1278 2085 Leges
1298 2045 1401 2077 faciat.
1418 2046 1577 2079 Nimirum
1596 2056 1708 2080 movet
1724 2049 1875 2081 Paulum:

996 2086 1082 2125 quod
1101 2085 1219 2116 Praetor
1238 2085 1319 2118 h'anc
1343 2087 1498 2120 actionem
1518 2089 1689 2130 proponit,
1713 2097 1874 2130 tamquam

997 2136 1036 2157 ex
1058 2125 1150 2166 Legis
1172 2136 1298 2165 mente,
1322 2127 1376 2160 sub
1395 2131 1508 2161 colore
1525 2132 1657 2162 dominii
1677 2131 1875 2170 usucapione

997 2167 1156 2207 adquisiti:
1183 2170 1374 2209 videturque
1399 2172 1481 2202 adeo
1499 2172 1590 2204 fuisse
1607 2173 1673 2213 ejus
1689 2173 1877 2212 consilinm,

996 2208 1090 2249 Legis
1109 2210 1306 2241 voluntatem
1325 2214 1440 2252 exequi
1457 2212 1587 2245 fictione
1603 2215 1752 2246 dominii:
1769 2215 1819 2246 sed
1831 2216 1876 2246 ni-

996 2250 1038 2280 hil
1058 2259 1170 2281 eontra
1188 2249 1309 2292 Legem
1326 2252 1435 2284 facere
1455 2254 1525 2286 ficia
1543 2255 1736 2295 usucapione
1753 2256 1782 2287 &
1799 2257 1873 2288 alie·

995 2292 1126 2322 natione
1152 2293 1213 2330 rei,
1239 2303 1331 2330 quam
1357 2294 1424 2326 Lex
1448 2306 1500 2327 aut
1524 2296 1719 2327 Constitutio
1743 2297 1873 2330 alienari

994 2332 1145 2372 probibet
1162 2334 1180 2364 l.
1198 2343 1225 2369 9.
1244 2334 1272 2376 §.
1289 2346 1317 2372 4.
1338 2337 1364 2366 b.
1383 2344 1401 2367 t.
1423 2336 1496 2368 Non
1514 2339 1603 2369 aliam
1618 2338 1661 2368 ob
1677 2338 1798 2370 causam
1816 2339 1873 2370 Ul-

993 2376 1102 2414 pianus
1120 2377 1145 2405 d.
1162 2375 1180 2405 l.
1197 2375 1224 2417 ᾗ.
1242 2387 1270 2416 5.
1304 2377 1383 2408 Haee
1399 2379 1501 2417 aetio,
1526 2379 1647 2418 inquit,
1672 2379 1701 2410 in
1724 2380 1772 2411 his
1798 2389 1871 2421 quae

992 2415 1115 2456 ul'ucapi
1136 2426 1199 2447 non
1219 2417 1363 2456 possunt,
1382 2428 1474 2458 puta,
1493 2419 1638 2458 furtivis,
1663 2421 1761 2453 veliti
1778 2422 1871 2453 servo

992 2457 1132 2497 fugitivo
1152 2459 1256 2489 locum
1275 2469 1337 2490 non
1358 2460 1461 2491 babet.
1495 2460 1553 2492 His
1570 2461 1653 2493 enim
1672 2462 1700 2493 &
1720 2461 1872 2495 similibus

991 2499 1084 2529 rebus
1101 2499 1243 2530 cohaerec
1258 2501 1389 2538 vitium,
1402 2511 1534 2540 propter
1551 2502 1670 2545 Legem
1687 2503 1871 2537 Duodecim

991 2538 1187 2571 Tabularum
1210 2541 1237 2571 ἀ
1258 2542 1376 2581 Legem
1397 2541 1533 2574 Atiniam
1552 2553 1622 2582 quae
1638 2554 1743 2578 earum
1763 2546 1872 2577 usuca-

993 2582 1122 2620 pionem
1143 2582 1345 2621 probibucre.
1365 2582 1441 2614 Non
1461 2585 1500 2615 ita
1514 2584 1597 2617 estin
1617 2586 1822 2628 vectigalibus
1840 2588 1871 2620 δί

993 2622 1057 2653 aliis
1075 2622 1214 2661 praediis,
1238 2622 1293 2654 etsi
1313 2633 1372 2654 nec
1390 2625 1440 2656 illa
1458 2626 1581 2666 usucapi
1601 2628 1724 2667 posiint.
1748 2639 1818 2660 nam
1837 2629 1868 2660 in

995 2663 1039 2694 his
1059 2663 1237 2694 Publiciana
1255 2667 1414 2705 competit
1432 2691 1440 2703 ‚
1465 2666 1484 2698 fi
1503 2667 1589 2699 forte
1607 2668 1692 2700 bona
1709 2668 1772 2701 fide
1790 2672 1868 2702 mibi

994 2703 1107 2735 tradita
1128 2706 1194 2735 sunt
1210 2706 1229 2735 l.
1251 2715 1294 2736 12.
1314 2706 1338 2747 §.
1360 2717 1385 2737 ρ.
1405 2706 1441 2741 &³
1457 2718 1474 2748 3
1504 2710 1530 2739 h.
1547 2716 1566 2740 t.

1033 2744 1194 2777 Promittit
1211 2746 1433 2786 igiturl'raetor
1451 2750 1664 2783 Publicianam
1681 2753 1802 2793 petenti
1819 2762 1867 2782 to-

993 2794 1059 2817 tum
1075 2787 1105 2816 id
1123 2789 1209 2826 quod
1223 2788 1258 2818 sit
1275 2789 1357 2819 bona
1376 2789 1436 2820 fide
1448 2801 1589 2830 emptum
1604 2796 1817 2833 traditumque
1834 2794 1865 2824 δε

993 2828 1136 2858 nondum
1150 2828 1332 2869 usucaptum
1345 2843 1351 2862 :
1364 2831 1426 2862 hoc
1444 2835 1527 2864 enim
1546 2834 1656 2865 sonant
1675 2836 1778 2865 verba.
1804 2843 1866 2865 nec

994 2877 1100 2899 tamen
1125 2868 1207 2901 aliud
1233 2869 1294 2909 est,
1319 2875 1418 2910 petita
1443 2883 1547 2914 parte:
1571 2875 1613 2906 est
1640 2877 1723 2907 enim
1751 2876 1864 2907 eadem

992 2912 1089 2950 partis
1106 2911 1186 2941 ratio
1211 2921 1280 2951 quae
1295 2913 1340 2944 est
1361 2915 1457 2948 totius
1473 2916 1492 2946 l.
1511 2921 1560 2956 76.
1581 2918 1623 2947 L).
1646 2919 1679 2946 cie
1695 2919 1735 2945 rei
1753 2917 1862 2946 vindic.

993 2952 1122 2990 quando
1146 2951 1189 2982 est
1207 2961 1309 2985 meum
1329 2957 1414 2994 quod
1432 2967 1470 2987 ex
1492 2968 1524 2988 re
1542 2967 1610 2988 mea
1630 2956 1782 2995 simei-effi
1807 2967 1862 2988 eo-

993 3001 1055 3030 que
1076 2992 1225 3025 vindicari
1244 2996 1349 3034 potest
1369 2997 1388 3028 l.
1398 3008 1439 3034 49
1463 2999 1490 3039 §.
1509 2999 1655 3029 1.eu[l.l7'l5.
1676 2998 1738 3027 boc
1754 3007 1864 3030 exem-

993 3034 1046 3072 plo
1064 3036 1217 3073 procedet
1233 3035 1433 3077 Publiciana3
1451 3041 1468 3070 li
1486 3047 1632 3079 petantur
1644 3038 1746 3068 teeil‘ae
1758 3049 1863 3078 partes

992 3082 1105 3115 emptae
1123 3075 1228 3107 statuae
1250 3078 1268 3109 l.
1293 3088 1335 3110 11.
1352 3079 1380 3121 §.
1404 3086 1430 3113 8.
1454 3082 1480 3110 h.
1501 3087 1521 3110 t.
1548 3081 1630 3109 idern
1651 3079 1712 3116 est,
1741 3080 1861 3112 aedibus

990 3117 1120 3155 emptis,
1143 3116 1164 3148 si
1189 3118 1309 3151 fuerint
1337 3127 1458 3152 dirutae.
1486 3120 1609 3157 poffunr
1637 3123 1720 3152 enim
1737 3132 1773 3152 ea
1792 3132 1859 3162 quae

988 3158 1124 3189 aedificio
1135 3159 1349 3200 accesserunt,
1369 3162 1545 3201 hujusmodi
1563 3160 1688 3193 actione
1703 3165 1767 3202 peti
1786 3163 1812 3205 ξ,
1831 3167 1860 3194 6.

985 3199 1050 3230 (1.1.
1072 3208 1116 3231 11.
1141 3210 1251 3240 aeque,
1276 3203 1296 3233 si
1320 3202 1447 3233 insul-nn
1475 3202 1555 3239 cmi,
1582 3212 1682 3244 eaque
1699 3207 1737 3236 ad
1754 3215 1858 3236 aream

984 3240 1149 3314 pervenjift:
1174 3250 1291 3283 potero
1318 3243 1500 3276 Publiciana
1523 3244 1566 3275 uti
1585 3243 1613 3285 §.
1640 3245 1694 3278 ult.
1714 3248 1740 3278 cl.
1760 3246 1776 3277 Ι,
1805 3245 1857 3277 De

1813 3297 1853 3318 CO
