2036 3495
469 59 535 94 An
568 57 618 93 L1
629 64 659 91 n.
688 47 814 90 XXIII.
843 53 944 89 Tir.
980 50 1024 85 ΙΙ.
1061 52 1112 89 De
1134 51 1197 90 ritu
1217 56 1404 103 nuptiarum.

48 151 104 190 vi,
127 150 157 182 δι
176 148 333 190 sapiente,
356 146 409 180 ubi
433 147 589 180 deliberat
612 145 651 177 de
673 143 853 177 ass'umtnda
869 143 915 174 vi-

49 202 87 223 tae
105 191 204 230 socia,
229 190 258 222 &
275 191 480 230 procreandis
498 189 621 225 liberis,
644 195 709 217 non
728 185 870 216 eiectum
885 193 914 215 a·

47 235 121 266 liam
136 256 146 271 ,
168 241 259 272 quain
277 230 390 262 castam
409 232 439 262 &
457 231 718 274 pudicamzcuni
734 235 795 266 qua
812 225 841 256 se
857 225 915 272 h.⁰‘

48 274 137 306 nesto
154 282 261 305 amore
278 272 440 311 oblectem
463 282 477 302 a
497 279 556 311 qua
572 268 649 300 nihil
676 274 796 300 metuat
819 266 848 297 se
872 275 916 297 in-

45 317 203 357 dignum3
234 314 401 350 multoque
428 312 528 345 minus
556 311 693 341 alienum
718 308 833 354 foetum
858 314 917 347 pro

45 350 101 388 sui)
136 355 292 396 expetlet.
343 354 431 397 Quid
462 354 633 397 haeremus,
665 359 698 381 re
725 348 917 381 manifesta?

48 398 159 430 mulier
182 405 295 436 gerens
323 394 353 427 se
379 405 436 436 pro
469 395 610 434 virgine,
635 391 800 433 postquam
833 388 915 430 passa

47 440 111 478 est,
137 438 166 469 se
184 436 328 477 stuprari,
367 446 429 467 nori
448 434 508 475 agit
531 435 615 465 bona
641 432 724 471 fide,
755 439 789 462 ut
820 439 916 477 opor·

46 482 108 511 tuit
125 480 155 511 in
180 489 212 511 re
238 478 424 509 ianfiiffima.
456 483 567 506 contra
594 475 672 505 dolo
690 474 914 520 malo-decipit

43 522 167 559 virum,
190 521 229 551 de
247 528 282 550 ea
299 519 377 549 bene
395 517 580 558 sperantem.
604 516 680 556 quid
697 525 728 546 ni
746 516 859 558 igitur,
878 512 913 557 il-

44 563 65 594 li
83 562 132 592 vel
160 562 223 592 hoc
246 565 431 600 argumento
455 558 490 589 (it
512 557 600 588 causa
625 554 815 602 dissolvendi
842 554 912 584 talis

44 600 233 635 matrimonii
249 599 448 639 quantumvis
461 598 591 640 perfecti
602 597 692 637 ?pari
710 603 835 642 ratione
850 602 912 642 qua

45 645 195 684 Ulpianus
212 642 230 672 l.
252 650 296 671 11.
320 641 348 681 §.
364 652 392 682 5.
421 641 461 672 D.
479 642 512 672 de
528 640 660 671 astionib.
677 644 758 679 empt.
782 636 815 684 St
829 645 911 677 quts,

43 686 165 723 inquit.
187 684 372 724 virginenise
389 692 476 714 emere
489 681 629 722 putaffet,
652 690 718 711 cum
733 678 836 710 mulier
857 686 908 708 ve-

42 726 141 766 riiffet,
180 724 215 758 {3⁹
245 725 334 758 sciens
358 734 454 755 errare
477 733 540 754 eum
563 723 699 753 venditor
728 718 826 761 paffus
845 717 908 760 stt,

40 761 251 799 redhibitionem
273 766 384 806 quidem
400 775 435 797 ex
453 766 506 796 hac
523 764 609 803 causa
626 773 683 794 non
700 762 769 803 effe,
792 769 909 790 verum-

42 817 137 839 tamen
160 816 195 838 ex
210 812 298 846 empto
320 812 469 847 competere
492 805 629 837 astionem
656 805 694 835 ad
715 801 908 849 resolvendam

41 851 225 891 emptionem,
248 853 281 878 ut
293 849 385 888 pretio
402 846 527 888 restituto
543 846 645 878 mulier
660 846 808 889 reddatur:
854 846 908 872 bic

42 893 116 932 lego
133 891 179 920 lib.
189 887 268 930 sing.
294 890 344 920 De
354 889 453 927 forma
469 889 637 933 emendandi
658 886 714 918 doli
733 884 803 917 malz
825 892 848 914 c·
873 892 902 919 9·

43 933 226 970 ibidemque
244 938 315 960 eum
332 930 440 962 locum
458 930 592 971 explico.
614 971 617 975 ἱ
827 966 834 972 ·

87 972 366 1015 Quemadmodum
392 981 479 1003 error
494 994 503 1009 ,
525 972 567 1001 ita
591 975 714 1008 metus,
743 973 904 1013 matrimo-

43 1015 98 1046 nio
115 1021 228 1044 nocet:
251 1022 315 1043 non
342 1013 468 1052 quidem
493 1012 615 1050 omnis,
639 1010 690 1042 sed
715 1018 766 1051 qui
790 1015 905 1039 merito

40 1057 133 1088 cadat
149 1056 179 1085 iii
199 1054 359 1085 hominem
377 1054 589 1085 constantem:
609 1053 648 1083 de
663 1061 727 1093 quo
746 1050 834 1090 supra
852 1049 906 1079 sub

41 1097 179 1134 Titum,
203 1095 290 1138 Quod
314 1101 405 1126 metus
427 1097 521 1129 causa.
564 1093 678 1125 Talem
702 1098 843 1128 metum,
866 1091 905 1120 ab

42 1146 194 1171 extraneo
218 1137 333 1169 illatum
351 1145 461 1168 conti-a
490 1136 596 1167 bonos
620 1140 726 1166 mores
742 1155 752 1172 ‚
789 1131 906 1177 habere

43 1178 166 1211 causam
197 1178 391 1209 rescindendi
416 1176 626 1215 matrimonii,
655 1184 750 1207 nemo
773 1173 908 1220 dubitat.

44 1223 128 1252 idem
155 1228 302 1260 putemus
316 1241 325 1257 ,
348 1218 368 1250 fi
395 1218 502 1250 veniat
519 1228 534 1249 a
551 1226 658 1258 patre,
673 1216 727 1257 qui
746 1214 844 1247 filium
857 1215 908 1244 ha-

42 1263 100 1294 bet
116 1262 145 1292 in
165 1260 338 1300 potestate:
363 1269 433 1292 nam
453 1260 503 1292 vel
526 1259 568 1291 sie
593 1258 660 1290 fieri
684 1255 828 1302 adversus
851 1255 906 1286 bo-

45 1313 105 1335 nos
128 1311 229 1333 mores
244 1324 253 1339 ,
278 1300 414 1340 ideoque
438 1301 559 1340 legibus
583 1299 772 1340 improbam,
803 1296 908 1328 aucto-

43 1353 110 1376 rem
134 1343 237 1373 habeo
255 1340 443 1373 Terentium
464 1342 663 1372 Clementem
680 1340 699 1371 l.
719 1348 767 1371 21.
785 1337 827 1369 D.
844 1339 905 1385 {²2⁵⁴

46 1383 152 1415 verbis
184 1382 413 1422 sequentibus:
452 1383 523 1414 Non
555 1383 668 1423 cogitur
692 1378 907 1426 filiusfamilias

43 1434 161 1457 uxorem
177 1426 283 1454 ducere.
309 1423 419 1455 Paulus
441 1424 460 1454 l.
482 1433 527 1464 ¹3·
554 1423 594 1454 D.
612 1424 645 1453 cle
658 1422 814 1463 sponsalib.
833 1429 909 1468 prae·

47 1476 133 1498 terea
149 1466 187 1497 sic
206 1464 325 1496 scribit:
351 1464 551 1504 Filiofcimz'lias
573 1464 749 1504 dissentiente
762 1462 910 1502 sponsalia

46 1511 158 1539 nomine
187 1500 248 1548 e'jus
273 1505 340 1543 fieri
364 1515 420 1535 non
444 1505 566 1546 pqffunt.
609 1504 739 1550 Rectez·
755 1512 826 1534 nam
849 1502 910 1543 (ut

46 1549 195 1580 Donatus
218 1546 315 1577 refert
340 1548 377 1576 ad
400 1545 609 1584 Tei-entium,
640 1545 758 1576 Andria
784 1552 810 1575 1.
825 1554 856 1583 5.
880 1552 911 1574 a·

47 1598 126 1630 gens
151 1589 190 1619 de
209 1587 325 1626 nuptiis
350 1586 566 1626 filiifamilias)
598 1585 782 1631 Nuptiarum
803 1594 859 1616 non
883 1594 911 1615 o-

48 1630 123 1661 mnis
135 1627 255 1669 poteslas
278 1631 308 1659 in
329 1634 412 1668 patre
432 1627 481 1667 esi.
524 1631 565 1660 At
587 1636 669 1659 enim
694 1626 801 1658 Celsus
826 1627 846 1656 l.
863 1635 911 1658 22.

49 1672 78 1702 b.
101 1676 122 1701 t.
146 1670 178 1701 Si
193 1665 274 1706 botre
292 1675 406 1710 cogente
423 1670 501 1700 aucit
516 1678 634 1700 uxorem
647 1678 735 1710 quam
749 1677 805 1699 non
830 1668 911 1715 dicce-

50 1718 111 1749 ret,
128 1710 158 1750 fi
178 1712 222 1746 fui
238 1710 354 1741 arbitrii
375 1710 456 1751 effa,
486 1711 631 1742 contraxit
654 1716 749 1741 tamen
771 1717 912 1740 matrimo-

49 1754 147 1791 nium,
173 1754 246 1793 quod
263 1753 340 1782 inter
356 1754 463 1783 invitos
477 1761 533 1782 non
554 1752 754 1790 contrahitur,
784 1749 913 1790 nialuzffe

48 1794 99 1825 hoc
113 1795 238 1825 videtur.
281 1793 343 1824 Sed
361 1793 545 1831 videamus3
568 1802 608 1825 ne
625 1792 732 1824 Celsus
755 1801 819 1823 non
842 1799 913 1838 agat

47 1836 87 1867 de
106 1835 275 1866 coactione
292 1835 322 1864 vi
339 1841 392 1865 aut
409 1834 592 1866 verberibus
616 1840 669 1865 aut
685 1842 745 1875 qua
765 1839 912 1864 atrocita-

50 1883 82 1908 te
97 1876 179 1907 fac'ta
197 1900 206 1915 ,
229 1877 268 1907 de
291 1884 351 1915 qua
375 1875 535 1916 praecipue
558 1875 766 1922 disputamus:
799 1873 851 1905 sed
874 1874 914 1905 de

49 1919 216 1949 coactione
232 1917 374 1955 profesta
393 1926 408 1947 a
425 1917 605 1948 reverentia
620 1925 728 1955 patris.
750 1924 844 1947 ecce:
861 1923 912 1955 pa-

49 1964 99 1990 ter
112 1957 326 1998 iubet‚filium
344 1963 475 1989 uxorem
494 1958 621 1989 ducere.
645 1956 726 1989 filius
744 1964 849 1989 motus
861 1965 913 1996 pu-

49 2000 129 2032 dore
154 1999 266 2039 patris,
290 1999 378 2030 ducit
401 2006 531 2037 uxorem
555 2007 648 2039 quam
670 2008 733 2030 non
757 1997 912 2045 duxisset,

47 2041 71 2073 fi
89 2041 130 2072 lui
149 2040 266 2072 arbitrii
284 2039 397 2071 fuisset.
421 2050 458 2072 an
477 2040 563 2071 valet
585 2039 845 2072 matrimonium?
868 2040 913 2071 di-

49 2092 123 2118 ces,
146 2083 228 2113 inter
253 2082 372 2112 invitos
395 2089 460 2113 non
486 2081 650 2113 contrabi:
687 2083 717 2113 in
749 2079 914 2128 proposito

47 2130 153 2155 autem
184 2123 310 2153 coaetus
341 2122 385 2154 cst
406 2120 497 2154 filius.
522 2130 553 2153 at
577 2132 638 2153 non
659 2122 689 2153 vi
705 2130 758 2153 aut
774 2121 914 2153 verberi-

46 2165 124 2202 bus3
147 2163 199 2195 sed
217 2171 348 2204 urgente
365 2165 504 2204 pietate:
528 2172 620 2203 quam
643 2173 706 2195 non
730 2163 914 2209 improbant

45 2206 125 2237 boni
143 2215 255 2236 mores.
280 2204 449 2236 secundum
476 2204 534 2235 hos
559 2205 652 2245 igitur
670 2214 733 2236 non
759 2203 912 2249 nolu-isse,

46 2247 98 2277 sed
113 2246 269 2282 maluisse,
293 2246 446 2277 dicendus
464 2246 518 2277 est.
560 2245 633 2276 Hoc
650 2247 680 2277 iii
698 2245 911 2277 filiofamilias.

47 2289 96 2319 An
115 2288 145 2319 in
173 2286 369 2318 filiafamilias
389 2296 520 2326 quoque
537 2287 551 2318 P
575 2286 683 2325 Cave,
709 2296 810 2326 putes.
826 2296 912 2334 ‘nam

45 2324 182 2361 Veteres
212 2329 327 2368 (quod
351 2328 539 2368 intelligitur
562 2337 603 2359 ex
627 2327 792 2360 Ambrosio
809 2328 858 2359 lib.
884 2336 911 2359 1.

47 2370 95 2401 De
111 2370 278 2401 Abraham:
302 2370 353 2408 qui
373 2370 461 2400 locus
480 2377 568 2400 extat
584 2370 613 2400 in
631 2379 655 2399 c.
672 2369 864 2401 Honorantur
886 2379 911 2400 c.

49 2420 98 2450 253.
121 2421 147 2452 q.
168 2411 225 2450 2.)
247 2412 434 2448 credentes,
461 2420 517 2442 non
539 2409 589 2450 effe
603 2411 760 2452 virginalis
773 2411 912 2457 pudoris,

50 2452 148 2491 eligere
164 2453 320 2490 moritum,
345 2452 528 2489 voluerunt,
555 2453 678 2491 nuptias
701 2451 914 2483 filiaefarnilias

50 2492 90 2522 ab
118 2492 206 2522 unius
231 2493 327 2532 patris
355 2494 520 2524 voluntate
541 2494 691 2531 pendere.
741 2492 776 2525 Id
799 2501 914 2533 praeter

48 2531 244 2564 Ambrosium
263 2534 376 2573 probat
395 2543 521 2573 quoque
544 2533 608 2565 hoc
620 2534 910 2566 Honorii&Theo·

51 2572 126 2603 dosii
147 2573 165 2602 l.
184 2582 224 2603 20
257 2574 288 2604 C.
309 2575 334 2605 b.
354 2582 364 2605 t
401 2575 438 2606 In
454 2573 653 2616 coizjziiietione
664 2574 799 2615 filiarum
824 2576 913 2614 inlo-

49 2614 106 2644 crt's
129 2614 178 2653 (id
196 2612 298 2651 est‚in
315 2616 490 2657 potestate)
508 2615 667 2657 pofitarum
677 2619 773 2657 patris
789 2616 913 2658 expetie-

48 2660 97 2686 tiir
113 2655 274 2685 arbitrium.
300 2667 302 2669 >

93 2695 186 2726 Poffir
205 2699 272 2734 quis
289 2703 397 2734 putare
409 2721 417 2735 ‚
429 2698 638 2738 Imperatores
661 2699 714 2730 hic
728 2700 776 2740 J'us
793 2709 914 2732 novum

51 2735 255 2767 constituere.
299 2736 359 2767 Sed
380 2740 508 2775 perinde
526 2740 593 2771 sunt
613 2741 808 2780 accipiendi,
834 2751 871 2772 ac
894 2741 914 2774 fi

52 2778 214 2812 dicerent,
242 2777 436 2815 Expectctur
458 2780 609 2820 deinceps
633 2783 730 2821 patris
755 2783 917 2815 arbitrium

51 2820 116 2856 ita,
141 2827 173 2848 ut
197 2817 312 2849 facturn
339 2819 498 2852 hactenus.
545 2823 640 2862 Atqui
663 2822 800 2862 Julianus
826 2824 846 2854 l.
869 2833 917 2855 11.

52 2858 97 2890 D.
114 2860 146 2889 de
160 2860 351 2899 sponsalibus,
376 2861 539 2901 Sponsali'a,
562 2863 682 2904 inquit,
698 2863 778 2902 sicut
792 2867 917 2905 nuptiae,

53 2902 188 2940 consensu
207 2901 435 2932 contrabentium
446 2901 544 2941 fiunt.-
568 2903 604 2938 δ’
627 2907 686 2935 ideo
695 2905 774 2943 ficut
790 2907 917 2946 nuptiis,

51 2942 95 2972 ita
116 2942 318 2980 sponsalibus.
353 2942 577 2981 filiornfiiiizi'lias
607 2949 762 2986 consentire
798 2953 914 2987 oportet.

50 2982 172 3015 Verum
191 2982 220 3013 in
247 2992 394 3023 promptu
414 2984 456 3014 est
477 2985 632 3025 responsio
660 2997 700 3018 ex
727 2987 866 3027 Ulpiano
885 2989 915 3020 i'n

46 3024 68 3055 l.
88 3033 132 3055 12.
158 3034 232 3055 mox
251 3024 420 3064 sequente:
445 3026 499 3056 Sea
514 3037 574 3068 quae
586 3029 682 3067 patris
699 3029 846 3060 voluntati
860 3039 917 3060 non

28 3072 209 3105 repugnat,
241 3067 396 3097 consentire
419 3067 599 3107 intelligitur.
648 3069 718 3100 Plus
751 3071 840 3101 addit
858 3069 915 3102 Ul-

47 3107 157 3144 planus
174 3107 203 3148 ᾗ.
226 3115 250 3138 1.
277 3106 357 3136 Timr
372 3109 568 3147 oiitemsolum
590 3110 773 3150 differiti'endi
794 3121 811 3141 a
834 3117 917 3152 patre

46 3146 162 3180 licentia
180 3147 251 3188 filice
275 3150 464 3189 conceditur,
487 3148 516 3187 fi
537 3152 690 3194 indignum
719 3153 841 3185 moribus
863 3160 916 3185 aut

1759 60 1828 108 383

958 146 1070 186 turpem
1088 142 1226 183 sponsum
1249 147 1274 177 ei
1278 152 1375 218 fpater
1395 143 1492 189 eligat.
1541 143 1662 180 Diffeit
1685 147 1779 190 igitur
1795 150 1832 183 fi*-

958 183 1154 216 liusfamilias
1172 195 1188 216 a
1212 184 1274 217 filia
1293 187 1420 221 amilias.
1446 190 1490 221 illi
1513 189 1590 221 licet
1618 199 1635 221 a
1658 199 1748 230 patre
1771 191 1834 224 dis-

959 222 1091 256 sentire:
1117 225 1190 257 huic
1209 230 1376 262 nonlicet.
1402 230 1471 262 haec
1488 230 1593 271 potest
1617 231 1709 272 cogi,
1733 233 1834 263 nube-

958 272 1010 295 re:
1032 266 1084 297 ille
1100 274 1164 297 non
1182 269 1286 306 potest
1301 273 1372 311 cogi
1388 295 1398 310 ‚
1421 281 1552 304 uxorem
1571 273 1699 304 ducere.
1731 272 1832 313 Egre-

960 306 1011 346 gie
1039 306 1253 348 Quintilianus
1281 311 1413 343 Deciani.
1436 318 1505 354 376.
1532 314 1685 353 Uxorem,
1706 314 1833 354 inquit,

959 356 1016 376 non
1033 350 1113 378 (lucis
1128 358 1214 389 quiem
1231 351 1302 381 volo.
1348 353 1431 399 Quid
1455 355 1545 386 turn?
1567 356 1656 395 nescis
1676 354 1767 396 nostri
1782 364 1833 386 (zr-

960 388 1041 418 bitrii
1064 389 1115 428 effe
1133 392 1340 423 matrimonia?
1362 394 1484 434 effecius
1498 393 1587 436 nostri
1601 396 1681 428 vobis
1704 406 1761 428 non
1769 397 1831 434 Jer-

957 429 1057 460 vitarit.
1081 439 1137 460 non
1152 437 1230 471 potes
1244 431 1351 473 efficere
1365 437 1496 474 imperio,
1520 445 1552 468 ιιι
1569 438 1718 469 velamem
1742 447 1831 479 quam

956 470 1048 507 veiis,
1069 471 1116 501 vel
1131 474 1245 503 oderim.
1268 477 1485 507 matrimonium
1503 487 1570 508 vero
1586 485 1648 510 tum
1660 486 1831 520 perpetuum

957 508 1013 550 est,
1030 509 1060 548 fi
1081 520 1184 544 mutua
1204 514 1355 547 voluntate
1367 518 1518 558 jungitur.
1545 529 1609 551 cum
1629 530 1694 562 ergo
1716 530 1829 563 quoera-

954 557 1004 582 tur
1018 553 1089 583 mihi
1104 564 1196 592 uxor,
1215 554 1295 596 socia
1310 560 1382 597 tori,
1405 560 1475 589 vitae
1490 562 1600 601 consors
1612 583 1622 600 ‚
1645 565 1677 593 in
1692 571 1771 594 omne
1784 562 1829 601 [ἓέ-

953 593 1052 624 culum
1069 596 1138 625 mihi
1155 597 1284 637 eligenda
1300 597 1347 639 eli.

997 635 1043 665 Lx
1062 642 1200 672 quatuor
1224 637 1347 681 Legum
1379 641 1547 682 praeceptis
1573 643 1642 683 quae
1664 644 1753 685 attigi
1779 643 1827 677 su-

954 684 1034 723 p¹'{¹’,
1050 677 1196 709 ultimum
1215 679 1278 718 est,
1309 690 1348 713 ne
1367 691 1500 724 propter
1522 685 1746 724 cognationem
1772 692 1828 717 aut

951 716 1157 757 affinitatem,
1181 720 1315 753 aliamve
1331 724 1471 763 causam,
1494 725 1614 763 nuptiae
1636 725 1828 766 prohibean-

952 766 1013 789 tur.
1055 758 1206 800 Incipiam
1235 771 1251 793 a
1268 767 1473 804 cognatione.
1522 766 1660 807 Cognati
1683 767 1775 808 (inl.
1793 778 1827 807 4.

950 799 978 839 §.
999 809 1026 831 1.
1051 800 1090 830 D.
1112 803 1144 830 de
1157 804 1323 845 gradihus)
1346 807 1384 837 ab
1401 817 1442 839 eo
1464 807 1526 839 dici
1544 816 1713 849 putantur,
1737 805 1825 853 quoq

951 838 1034 879 quasi
1052 849 1112 886 una
1128 844 1386 878 communiterve
1403 850 1467 880 nati
1491 848 1543 879 vel
1565 850 1605 881 ab
1619 851 1736 882 eodem
1762 858 1828 881 ortt

950 890 1152 928 progenitive
1173 883 1253 918 sunt.
1278 887 1320 918 ita
1350 891 1502 929 cognatio
1520 889 1565 922 est
1585 892 1747 924 vinculum
1770 892 1827 923 de·

950 923 1169 968 icentlentium
1185 935 1226 958 ex
1243 928 1353 960 eadem
1372 930 1476 972 stirpe.
1508 930 1700 974 Intelligitur
1716 939 1827 965 autem

949 973 980 994 in
1006 965 1032 1005 ᾖ.
1057 974 1085 995 2.
1108 966 1127 995 d
1162 966 1182 997 l.
1215 971 1416 1009 cognationis
1447 971 1616 1005 substantia
1656 973 1824 1007 bifariam:

949 1013 1021 1036 nam
1047 1006 1191 1050 quaedam
1215 1011 1425 1051 cognationes
1444 1013 1514 1054 jure
1535 1014 1646 1055 civili,
1677 1018 1826 1056 quaedam

949 1048 1082 1092 naturali
1114 1050 1374 1085 connectuntur:
1413 1063 1652 1092 nonnumquam
1684 1057 1827 1099 utroque

945 1097 1017 1128 jure
1034 1096 1270 1133 concurrente,
1293 1094 1323 1125 ἂ
1340 1097 1473 1128 naturali
1497 1097 1527 1130 ὃς
1552 1097 1648 1131 civilis,
1673 1099 1826 1136 naturalis

951 1137 1103 1175 cognatio
1118 1139 1175 1170 pei·
1193 1131 1223 1163 se
1239 1133 1301 1166 fine
1319 1137 1405 1169 civili
1419 1138 1489 1177 jure
1507 1146 1565 1179 per
1580 1139 1747 1173 foeminam
1771 1141 1828 1172 de-

951 1170 1069 1202 scendit
1086 1180 1161 1217 ⁷quae
1179 1174 1278 1215 vulgo
1295 1176 1412 1210 liberos
1429 1181 1566 1220 peperit.
1583 1181 1683 1214 civilis
1699 1191 1756 1222 pei·
1772 1181 1824 1220 se,

953 1220 1022 1251 quae
1049 1219 1144 1256 etiam
1169 1214 1310 1256 legitima
1336 1218 1478 1259 dicitur,
1509 1221 1570 1253 sine
1599 1222 1667 1262 jure
1691 1223 1826 1255 naturali

952 1251 1164 1300 confiuit-per
1183 1257 1400 1298 adoptionem.
1425 1268 1564 1301 utroque
1578 1263 1648 1302 jure
1663 1264 1826 1304 consistit,

950 1303 1022 1325 cum
1036 1293 1123 1334 justis
1140 1297 1257 1337 nuptiis
1271 1301 1442 1333 contractis
1458 1303 1634 1344 copulatur.
1651 1308 1826 1347 cognatio,

950 1344 1043 1375 quam
1064 1336 1207 1379 descripsi
1223 1363 1233 1378 ,
1262 1343 1360 1383 vulgo
1383 1344 1500 1375 dicitur
1524 1344 1679 1377 secularis.
1702 1348 1747 1379 est
1771 1357 1830 1379 ve-

951 1385 989 1408 ro
1005 1385 1119 1417 praeter
1134 1378 1216 1423 hanc
1239 1382 1335 1414 etiam
1353 1393 1422 1425 quae
1441 1384 1607 1426 spiritualis
1631 1389 1828 1428 appellatur:

952 1427 988 1448 ea
1005 1417 1140 1451 nascitur
1155 1429 1238 1453 inter
1258 1422 1471 1465 susceptorem
1489 1427 1518 1458 c&
1534 1426 1831 1470 susceptam‚item-

953 1468 1016 1499 que
1038 1460 1121 1491 'inter
1144 1461 1367 1503 susceptricem
1392 1466 1423 1498 δι
1445 1466 1641 1508 susceptum,
1673 1480 1713 1502 ex
1737 1472 1827 1504 sacro

953 1501 1154 1540 baptismate.
1177 1505 1329 1543 prohibet
1345 1514 1451 1539 autem
1474 1508 1564 1547 haec,
1594 1512 1720 1551 nuptias
1745 1514 1831 1545 inter

953 1542 1020 1573 illas
1037 1542 1184 1582 personas
1200 1547 1347 1578 contrahi
1365 1547 1382 1579 l.
1409 1553 1457 1580 26.
1482 1549 1516 1581 C.
1533 1550 1561 1581 b.
1581 1555 1604 1581 t.
1628 1554 1831 1594 cognationis

955 1584 1100 1616 secularis
1122 1584 1336 1626 (spiritualem
1361 1590 1446 1622 enirn
1472 1591 1612 1632 omitto)
1635 1592 1733 1626 Paulo
1756 1596 1776 1626 l.
1794 1605 1829 1634 9.

956 1625 1004 1655 1).
1021 1626 1054 1655 cte
1069 1627 1211 1666 gradibus
1228 1629 1297 1660 duae
1320 1629 1388 1662 sunt
1414 1632 1525 1665 lineae:
1559 1633 1642 1665 recia
1667 1635 1698 1667 &
1728 1644 1831 1670 trans-

955 1665 1056 1712 yersa.
1079 1667 1162 1698 recia
1179 1669 1238 1701 alia
1254 1670 1300 1702 est
1321 1671 1463 1712 superior
1478 1672 1738 1709 adscendentium
1748 1691 1760 1718 ,
1772 1678 1831 1712 alia

954 1706 1091 1740 inferior
1114 1708 1388 1745 descendentium.
1410 1724 1451 1746 ex
1478 1714 1745 1752 adscendentibus
1768 1729 1830 1753 nos

955 1747 1059 1794 sumus
1081 1751 1167 1782 nati:
1189 1751 1421 1787 descendentes
1446 1765 1487 1788 ex
1511 1756 1613 1789 nobis.
1638 1767 1752 1800 praeter
1775 1761 1834 1794 has

956 1789 1053 1822 lineas
1071 1790 1169 1823 Paulo
1186 1792 1231 1825 est
1246 1795 1277 1827 dc
1297 1797 1606 1837 tertia,transversa:
1630 1799 1661 1832 in
1679 1810 1743 1842 qua
1759 1801 1833 1836 sunt

956 1830 1173 1873 collaterales,
1196 1843 1259 1866 una
1281 1838 1451 1871 nobiscum
1467 1839 1531 1871 nati
1547 1849 1589 1872 ex
1609 1840 1836 1876 adscendenti-

956 1872 1024 1918 bus.
1068 1872 1276 1920 Unaquaeque
1296 1888 1395 1920 porro
1412 1880 1494 1913 linea
1512 1880 1570 1914 suis
1586 1882 1740 1917 dividitur
1763 1894 1834 1926 gra-

957 1913 1060 1946 dibus.
1084 1914 1116 1947 hi
1139 1917 1214 1949 dicti
1237 1919 1277 1950 ad
1299 1919 1533 1954 similitudinem
1557 1921 1729 1965 scalarum,
1759 1927 1833 1959 fere

955 1957 1215 2003 generationibus
1231 1960 1451 2004 intelliguntur
1466 1964 1486 1995 l.
1512 1971 1559 1996 10.
1582 1964 1610 2006 §.
1631 1975 1679 1999 10.
1704 1968 1751 2000 D.
1767 1969 1793 1999 d.
1804 1973 1830 2001 t.

956 1998 1047 2028 Adeo
1066 2006 1188 2038 quoties
1203 2010 1373 2042 generatur
1397 2004 1551 2045 persona,
1573 2007 1611 2038 fit
1636 2017 1738 2041 novus
1760 2008 1831 2051 gr'a·

957 2038 1030 2069 dus:
1053 2048 1195 2087 vereque
1212 2043 1363 2084 dicimus,
1387 2053 1438 2078 tot
1454 2046 1516 2078 effe
1532 2050 1736 2089 cognationis
1760 2060 1832 2091 gra-

957 2079 1035 2117 dus,
1059 2088 1140 2120 quot
1170 2091 1201 2114 in
1225 2092 1262 2114 ea
1285 2084 1354 2117 sunt
1371 2088 1615 2128 generationes,-
1639 2091 1688 2122 vel
1712 2091 1830 2132 (quod

957 2121 1073 2152 eodem
1092 2123 1193 2164 redit)
1217 2134 1294 2164 quot
1318 2127 1388 2159 sunt
1410 2130 1570 2169 personia,
1593 2140 1651 2162 una
1676 2132 1830 2174 dempta,

958 2168 1007 2192 tot
1017 2161 1078 2193 effe
1094 2165 1218 2204 gradus.
1230 2166 1290 2203 hac
1300 2168 1422 2201 ratione
1431 2170 1533 2202 facilis
1543 2170 1587 2203 est
1601 2171 1631 2203 in
1646 2171 1726 2205 linea
1742 2175 1827 2208 recta

955 2204 1107 2249 graduum
1131 2207 1319 2241 numeratio.
1353 2210 1418 2250 sic,
1448 2209 1536 2243 verbi
1557 2214 1673 2253 gratia,
1699 2222 1788 2255 pater
1807 2226 1827 2248 a

955 2245 1023 2289 tilio
1040 2245 1130 2291 distat
1144 2248 1242 2288 gradu
1268 2260 1351 2289 un0;
1375 2261 1451 2284 avus
1476 2262 1492 2283 a
1521 2262 1642 2293 nepote
1666 2254 1826 2292 secundo:

955 2294 1026 2324 quia
1042 2294 1123 2318 inter
1145 2297 1265 2328 patrem
1284 2292 1313 2323 ἂ
1328 2291 1426 2325 filiurn
1446 2293 1490 2325 est
1509 2303 1566 2326 una
1585 2297 1828 2337 generati03in·

955 2333 1003 2371 ter
1020 2336 1114 2359 avum
1131 2330 1161 2360 ὅ(
1178 2339 1331 2372 nepotem
1353 2333 1422 2365 sunt
1439 2336 1519 2366 duae.
1565 2335 1673 2369 Simile
1688 2337 1764 2378 quid
1780 2339 1828 2372 est

955 2377 986 2399 in
1011 2370 1183 2401 transversa
1203 2372 1302 2411 linea,
1327 2375 1427 2406 modo
1449 2375 1479 2407 in
1500 2376 1578 2416 hac,
1611 2380 1826 2419 quaerentibus

956 2410 1092 2442 duorum
1120 2413 1392 2454 propinquitatem
1410 2439 1419 2455 ,
1451 2417 1490 2448 ab
1523 2427 1587 2450 uno
1612 2420 1745 2460 primum
1772 2423 1827 2455 ad-

955 2449 1140 2483 scendamus
1160 2454 1198 2485 ad
1215 2463 1420 2489 communem
1438 2459 1602 2500 utriusque
1618 2459 1826 2503 stipitem3ab

956 2500 1062 2531 eoque
1088 2493 1190 2526 rursus
1208 2496 1435 2530 descendamus
1458 2500 1496 2531 ad
1513 2501 1645 2534 alterum
1662 2514 1670 2542 3
1694 2504 1725 2536 δι
1740 2503 1824 2546 quot

954 2532 1177 2566 adscendendo
1201 2537 1229 2567 ἂ
1255 2538 1478 2572 descendendo
1502 2543 1674 2582 reperimus
1698 2555 1829 2586 genera·

957 2575 1062 2606 tiones
1074 2599 1083 2614 ‚
1101 2584 1151 2607 tot
1167 2576 1229 2608 effe
1245 2586 1392 2619 putemus
1408 2583 1532 2621 gradus
1554 2583 1594 2615 fic
1611 2584 1631 2616 fi
1649 2595 1827 2625 quaeratur,

957 2624 1060 2655 quoto
1076 2619 1173 2657 gradu
1191 2628 1207 2649 a
1221 2629 1272 2651 me
1290 2620 1383 2653 distet
1409 2624 1508 2655 frater
1529 2634 1634 2657 meus:
1657 2628 1791 2667 primum
1809 2634 1829 2658 a

958 2666 1009 2688 me
1031 2659 1285 2692 adicendenduin
1309 2664 1345 2694 ad
1368 2673 1571 2698 communem
1605 2667 1739 2708 stipitem
1771 2667 1826 2708 qui

958 2698 1003 2730 est
1023 2702 1184 2740 utriusque
1202 2710 1308 2742 pater3
1326 2704 1365 2735 ab
1384 2714 1488 2746 eoque
1502 2707 1618 2739 deinde
1634 2708 1828 2740 descenden-

958 2741 1032 2772 dum
1049 2742 1086 2772 ad
1103 2741 1243 2774 fratrem.
1268 2753 1332 2784 quo
1356 2746 1461 2786 facio,
1484 2749 1668 2788 apparebit,
1692 2748 1827 2781 fratrem

961 2790 977 2812 a
994 2790 1045 2812 me
1060 2782 1172 2814 distare
1185 2784 1310 2816 duobus
1326 2787 1492 2828 gradibus,
1517 2791 1587 2830 quia
1604 2789 1685 2820 inter
1701 2798 1760 2820 nos
1777 2791 1825 2822 iu·

961 2823 1129 2854 tercedunt
1154 2825 1221 2855 duae
1244 2829 1484 2866 generationes:
1509 2830 1559 2861 ubi
1583 2838 1670 2870 pater
1687 2830 1826 2869 primum

960 2872 1031 2902 me,
1054 2865 1169 2896 deinde
1184 2866 1332 2908 fratrem,
1345 2873 1521 2909 generavit.
1544 2870 1595 2901 Sic
1613 2869 1723 2903 Paulus
1739 2871 1759 2903 l.
1775 2881 1824 2905 10.

959 2904 988 2946 §.
1007 2915 1039 2942 9.
1064 2905 1104 2936 D.
1123 2908 1156 2937 de
1168 2909 1283 2949 gradib.

998 2946 1160 2979 intellecta
1204 2951 1327 2983 ratione
1365 2952 1558 2994 cognationis
1579 2960 1589 2989 3
1631 2951 1797 2995 yideamus
1812 2977 1825 2994 ‚

959 2988 1224 3027 quemadmodum
1247 2991 1299 3024 illa
1321 2994 1530 3034 impediantur
1554 3000 1682 3037 nuptiae.
1726 2993 1827 3035 Igitur

959 3038 1024 3060 non
1051 3039 1162 3062 omnes
1181 3032 1274 3064 nobis
1298 3044 1412 3065 uxores
1443 3034 1559 3064 ducere
1585 3033 1700 3074 licere,-
1733 3036 1785 3068 sed
1808 3046 1827 3069 a

959 3072 1159 3108 quarumdam
1192 3074 1310 3115 nuptiis
1344 3073 1560 3105 abstinendum
1590 3073 1679 3112 esse,
1717 3084 1774 3114 ac,
1803 3077 1827 3109 ss

957 3110 1052 3152 fiant,
1074 3113 1208 3146 incestas
1231 3115 1398 3159 appellari,
1411 3113 1588 3152 Imperator
1604 3116 1648 3160 ait
1664 3117 1693 3159 §.
1715 3117 1825 3159 1.Inst.

956 3154 984 3186 h.
1012 3160 1033 3186 t.
1077 3154 1193 3188 Recte:
1216 3156 1261 3187 est
1278 3155 1361 3187 enim
1379 3154 1537 3196 incestus,
1561 3166 1651 3190 maris
1666 3167 1703 3190 ac
1725 3158 1827 3192 foemi'-

1775 3210 1824 3233 nae
