2036 3495
443 122 506 157 An
531 120 624 155 Lin.
651 116 750 155 XIV.
785 117 881 156 T1T.
908 115 952 153 ΙΙ.
987 115 1039 153 De
1053 116 1119 164 lege
1135 117 1258 154 Rhodia
1279 117 1420 164 dejaffu.
1767 128 1837 164 257

42 222 109 249 tum
127 213 279 247 mercium
289 211 350 244 esse
360 210 497 250 saelum,
510 210 539 241 ἃ
556 209 683 249 quidem
702 208 791 240 navis
810 209 914 240 levari·
957 204 1065 253 Lipsio
1084 207 1124 239 V.
1142 206 1203 239 CL.
1216 207 1315 248 Igitur
1331 206 1522 248 tempestate
1538 205 1680 254 deterior
1694 206 1776 238 faCta
1793 206 1839 252 est

41 259 88 290 dae
106 256 215 299 gratia.
241 255 284 286 ita
306 262 370 285 non
397 253 619 298 est-contenta
641 251 758 280 damno
784 251 813 281 in
832 257 914 295 nave
956 256 1067 293 navis;
1090 256 1186 292 puta,
1205 258 1317 295 rupta,
1334 249 1440 280 fiffave
1453 272 1462 286 ,
1478 256 1531 282 aut
1548 251 1629 296 quid
1643 257 1839 305 exarmavit:

40 299 256 330 obveniente:
280 295 331 326 scd
363 302 473 333 quaerit
492 316 501 330 ,
524 301 560 322 an
587 292 734 322 damnum
764 290 797 321 iit
823 299 911 322 navis
956 289 987 318 ld
1006 287 1070 334 est,
1095 289 1322 336 amifit'aliqua
1342 299 1546 336 armamenta.
1570 290 1685 322 facicm
1711 299 1839 338 tempe-

38 340 182 372 ]evandae
204 336 292 369 causa
322 335 458 374 factum,
481 334 510 365 &
536 340 570 363 ut
596 332 680 371 dixi,
700 332 783 373 jactu
799 331 910 363 merci·
953 327 1039 359 statis
1056 329 1097 360 iic
1115 329 1264 361 describit
1284 331 1455 363 Petronius
1473 335 1501 364 cl.
1518 342 1541 363 c.
1566 342 1632 371 ¹14·
1654 332 1775 373 Peragit
1791 341 1837 362 m-

38 390 103 412 um.
127 379 195 411 sunt
214 380 309 418 igitur
323 376 452 418 angusta
466 374 560 414 Legis
571 374 684 418 uerba:
701 373 753 403 sed
765 396 774 410 ‚
798 382 832 403 ut
851 372 908 417 fit,

36 422 130 454 latius
146 419 288 460 porrefta
308 417 352 449 est
370 419 435 457 eJus
453 416 622 447 sententia:
647 413 797 445 suadente
816 422 910 455 aequi-

32 471 104 494 tate
139 463 170 494 in
189 459 252 501 pari
270 458 358 490 causa
374 459 483 498 parJ‘us
501 456 632 494 servari,
651 456 746 487 etiam
764 465 835 487 cum
853 456 907 487 de-

36 486 150 536 ficiu’nt
172 501 275 532 verba.
300 499 478 538 exemplum
503 497 566 528 tale
587 497 670 537 apud
695 496 908 528 Callistratum

37 545 58 576 1.
73 554 101 582 4.
121 545 169 575 D.
189 543 216 573 b.
237 547 258 572 t.
278 540 374 572 Navis
389 538 500 570 onusta
516 547 580 569 non
599 547 726 579 poterat
742 548 814 569 cum
832 547 907 569 one·

36 594 72 618 re
90 586 203 616 intrare
218 590 343 623 portum
357 581 404 610 vel
415 580 542 612 flumen.
558 579 678 610 idcirco
689 579 812 611 necess‘e
823 579 903 616 fuit,

35 635 159 660 merces
175 623 322 663 quasdam
344 621 444 661 trajici
462 622 491 652 in
510 620 674 660 scapham;
691 631 730 653 ne
747 621 833 652 navis
852 628 904 667 aut

40 675 131 699 extra
148 666 279 700 flumen,
303 671 356 694 aut
380 664 411 694 in
429 661 495 702 ipso
513 662 615 700 ostio,
640 663 691 694 vel
712 671 805 701 portu
824 670 902 703 peri-

35 709 204 741 clitaretur.
226 703 337 744 scapha
354 704 398 735 est
415 713 487 735 cum
504 704 661 749 mercibus
681 702 842 735 submersa.
867 712 906 734 an

35 749 132 781 debet
157 746 235 778 ratio
259 745 366 776 haberi
384 746 466 776 inter
483 754 538 777 cos
560 754 611 785 qui
637 747 667 776 in
686 754 767 776 nave
785 753 907 776 merces

33 790 130 821 salvas
148 787 266 818 habent
283 795 355 818 cum
372 787 436 825 his,
449 787 500 826 qui
518 786 621 818 suasin
638 786 750 826 scapha
760 786 904 827 perdide·

33 829 133 864 runt?
147 838 211 861 non
222 827 322 860 finuut
333 827 428 859 verba
441 827 553 868 Legis,
570 837 634 859 non
651 827 735 859 facto
753 828 905 859 mercium

35 871 140 914 jactu:
164 879 258 910 quem
275 870 343 908 illa,
360 876 394 900 ut
409 868 610 900 contributio
629 868 703 906 fiat,
720 869 906 900 defiderant.

34 913 239 945 nihilominus
254 911 405 942 intererat
421 910 581 949 omnium,
603 910 764 942 communi
784 910 906 951 pericu-

34 954 68 986 lo
92 955 215 985 occurri
234 953 465 983 exoneratione
491 952 585 992 partis
609 951 762 984 mercium
787 952 818 983 in
842 951 906 982 sca-

33 995 130 1036 pham
156 992 304 1025 immiffae.
329 993 393 1024 hoc
417 1002 494 1024 vero
520 993 589 1024 Lex
611 993 757 1025 intendit.
782 1002 906 1034 aequuln

36 1037 131 1077 igitur
149 1034 194 1066 est
206 1058 215 1074 ,
232 1043 420 1074 quamquam
436 1033 584 1065 deficiant
596 1033 690 1075 Legis
708 1034 820 1074 verba,
840 1044 907 1074 per-

37 1078 113 1109 inde
137 1085 176 1108 ex
199 1076 263 1116 ejus
281 1082 389 1107 mente
411 1075 479 1106 fieri
504 1076 797 1115 contributionem‚
829 1085 865 1106 ac
887 1075 909 1108 si

39 1119 157 1158 jactura
174 1116 255 1148 satta
271 1116 356 1148 esset.
394 1117 482 1148 Alius
500 1116 584 1147 casus
600 1116 645 1148 est
663 1117 693 1148 in
711 1118 739 1148 d.
750 1117 769 1148 l.
785 1127 813 1156 4.
829 1117 858 1159 §.
879 1127 907 1149 2.

35 1159 143 1191 Ecce:
159 1160 198 1190 de
214 1167 293 1189 nave
313 1157 413 1189 fastus
439 1157 483 1189 est
500 1158 671 1198 aliquarum
696 1160 849 1190 mercium
866 1159 909 1199 ja-

38 1201 115 1233 etus.
138 1200 203 1231 aliae
220 1200 249 1230 in
267 1208 347 1231 nave
357 1199 577 1230 remanserunt.
598 1199 643 1229 hcc
664 1199 755 1231 faCtae
773 1199 841 1231 sunt
857 1203 908 1231 de-

38 1244 189 1273 teriores:
212 1249 275 1272 non
293 1241 378 1280 quod
394 1241 423 1271 in
441 1243 557 1281 angulo
575 1240 686 1271 alicubi
701 1241 860 1280 jacerent,
878 1241 907 1272 δε

38 1284 124 1314 unda
148 1282 350 1322 penetravit:
375 1282 456 1321 (tale
482 1283 565 1312 enim
588 1282 736 1313 damnum
763 1289 908 1324 tangeret

36 1323 190 1356 mercium
201 1323 384 1360 dominum
398 1323 476 1354 alios
493 1331 557 1353 non
576 1324 739 1364 tangeret)
755 1323 805 1354 sed
819 1324 905 1364 quod

65 1374 98 1395 er
112 1364 227 1405 Jactum
246 1364 430 1401 denudarae,
446 1362 626 1404 adspargine
642 1373 729 1404 aquae
748 1364 817 1396 sunt
834 1374 912 1396 con-

54 1414 210 1446 purcmae,
234 1405 263 1435 ἂ
283 1404 410 1436 viliores
431 1404 532 1435 faQae.
578 1404 740 1446 Quaeritur
754 1429 764 1445 ,
796 1415 832 1437 an
858 1407 912 1438 do-

38 1448 127 1480 mino
144 1446 204 1477 hac
219 1446 306 1477 causa
324 1446 472 1476 damnum
491 1445 574 1486 passo
586 1469 594 1484 ,
611 1446 751 1478 conferri
770 1447 912 1480 debeat?

38 1488 164 1520 fatcor:
189 1496 254 1518 non
270 1486 339 1518 sunt
351 1487 438 1525 jactae
457 1496 595 1519 merces:
611 1490 697 1527 quod
716 1487 783 1520 Lex
800 1489 907 1529 postu-

39 1530 94 1561 lat.
125 1528 296 1559 denudatio
319 1535 423 1559 tamen
448 1528 591 1568 praestitit
616 1530 784 1569 damnum;
806 1539 907 1570 eaque

39 1570 180 1609 contigit
197 1576 328 1608 propter
343 1568 469 1607 janum.
495 1570 525 1600 in
541 1569 658 1601 summa
673 1580 750 1602 vero
769 1572 844 1610 quid
860 1572 906 1603 in·

43 1609 158 1647 terest,
179 1609 272 1649 jactas
290 1619 338 1641 res
361 1619 444 1641 meas
461 1609 611 1642 amiserim
624 1635 633 1650 ‚
656 1621 693 1642 an
712 1613 840 1644 nudatas
858 1614 909 1645 de-

43 1651 178 1683 teriores
193 1650 309 1680 habere
325 1649 475 1690 coeperim
486 1651 503 1683 ἱ)
525 1652 630 1691 placet
647 1653 759 1693 igitur,
779 1655 910 1694 perinde

48 1691 207 1723 subveniri
228 1692 359 1722 domino
383 1692 434 1731 qui
457 1701 577 1723 merces
600 1692 665 1724 suas
680 1717 689 1732 ‚
720 1703 850 1735 propter
868 1696 910 1736 ja-

45 1733 148 1769 ctum,
172 1731 347 1763 deteriores
367 1732 484 1765 habere
502 1735 659 1775 coeperit,
675 1744 711 1767 ac
728 1736 910 1770 subvenitur

42 1773 72 1806 ei
95 1776 147 1813 qui
164 1783 213 1805 eas
229 1774 310 1813 jactu
329 1774 508 1813 perdiderit.

89 1814 151 1846 Sed
169 1815 367 1846 contributio
385 1814 432 1853 se,
457 1824 491 1847 ut
510 1816 592 1856 dixi,
616 1826 679 1850 non
696 1818 858 1861 adstringit
873 1820 912 1852 ad

41 1856 191 1897 jacturam
203 1879 212 1895 ‚
231 1865 269 1887 ne
279 1856 430 1887 mercium
441 1858 582 1898 quidem.
597 1859 682 1899 plura
699 1861 812 1892 solatur
825 1862 910 1894 dam-

43 1907 102 1929 na:
126 1897 179 1928 etsi
197 1898 264 1928 Lex
283 1905 403 1929 tanturn
413 1898 453 1929 de
467 1899 553 1938 jactis
572 1902 727 1934 mercibus
744 1902 910 1943 loquatur3

42 1939 185 1970 necalias
195 1948 262 1976 res,
276 1939 397 1970 aliosve
407 1939 491 1972 casus
500 1941 642 1982 attingat.
663 1941 714 1973 Ne
723 1944 910 1984 exemplum

43 1979 208 2018 quaestioni
225 1979 276 2010 fit:
300 1988 385 2019 pone
403 1980 432 2011 in
454 1981 471 2012 l.
489 1991 518 2022 3.
535 1983 581 2013 D.
599 1983 626 2013 b.
646 1988 666 2014 t.
686 1984 831 2017 arborem
851 1995 908 2016 cae-

40 2020 116 2052 sam.
140 2020 200 2060 (fic
216 2021 313 2052 malus
332 2021 525 2061 appellatur,
549 2030 582 2055 ut
609 2023 638 2055 in
662 2024 679 2056 Ι.
699 2036 726 2066 5.
746 2025 774 2067 ᾗ.
799 2035 821 2057 1.
838 2028 865 2058 d.
886 2033 908 2058 t.

43 2062 75 2092 ἂ
90 2063 171 2101 apud
190 2061 374 2093 Petronium
386 2086 395 2100 ‚
419 2062 545 2103 Satyric.
561 2074 585 2095 c.
610 2074 675 2104 ιω.
695 2076 735 2097 ne
752 2068 818 2107 quis
836 2071 910 2108 poe·

42 2104 142 2133 ticum
159 2103 223 2143 eius
233 2103 320 2133 verbi
336 2102 422 2134 usum
440 2104 501 2136 ess'e
511 2106 680 2147 opinetur)
697 2107 741 2139 est
756 2118 910 2149 praeterea

41 2143 75 2174 in
92 2145 118 2174 d.
138 2144 156 2174 l.
174 2153 203 2185 3.
221 2145 403 2183 exemplum
428 2146 458 2176 in
476 2146 599 2186 dejecto
619 2148 680 2179 alio
698 2150 784 2182 navis
799 2150 907 2182 instru-

41 2191 173 2216 mento:
196 2191 271 2224 puta
297 2186 391 2224 velo,
414 2194 579 2226 antemna,
604 2189 839 2231 gubernaculo,
863 2202 908 2223 re·

40 2226 121 2264 mis3
145 2227 219 2256 dum
236 2225 266 2256 in
287 2225 334 2258 his
359 2227 468 2259 damna
486 2230 680 2270 contigerint
696 2233 784 2263 navis
803 2233 908 2265 levan-

40 2267 90 2297 dae
110 2265 207 2298 causa.
230 2267 312 2298 clare
339 2267 379 2298 fic
407 2268 436 2299 iu
464 2270 489 2300 d.
514 2269 533 2299 l.
557 2280 585 2310 3.
609 2270 811 2311 Papinianus:
836 2275 908 2305 Cum

42 2309 144 2346 arbor,
169 2313 220 2339 aut
236 2308 411 2339 aliuclnavis
420 2308 640 2350 instrumentum
657 2316 819 2345 removendi
836 2326 906 2347 com-

40 2350 138 2380 munis
155 2349 282 2420 fierit-idi
304 2350 390 2389 caustz
413 2351 550 2391 dejestum
567 2350 606 2392 eft
621 2376 630 2390 ,
668 2356 839 2386 contributio
862 2359 906 2387 de-

40 2391 129 2422 betur.
170 2390 278 2421 ‘odem
291 2392 389 2422 modo
402 2393 483 2430 apud
495 2392 786 2435 Hermogenianum
798 2398 822 2426 ιίΔ
844 2398 862 2428 l.
873 2408 903 2437 5.

39 2430 70 2473 §-
90 2440 115 2462 1.
133 2430 168 2462 fit
183 2432 306 2462 mentio
330 2434 438 2463 arboris
461 2436 540 2474 caesae.
564 2444 657 2474 quem
684 2436 714 2468 in
730 2436 848 2469 finem?
870 2445 903 2469 ut

37 2473 127 2503 mavis
143 2482 207 2503 cum
222 2474 361 2504 mercibus
377 2474 522 2507 liberetur.
536 2475 564 2506 ἃ
581 2476 722 2516 additur,
739 2480 826 2519 quod
840 2487 902 2519 pro-

36 2519 136 2553 pterea
149 2515 268 2555 aequitas
293 2516 510 2546 contributionis
535 2517 645 2548 babebit
661 2520 761 2550 locum.
787 2518 832 2550 lta
849 2530 902 2561 pu·

37 2560 142 2584 temus
159 2576 168 2592 ,
192 2556 307 2586 damno
331 2555 361 2587 in
387 2566 467 2588 nave
492 2556 598 2597 facto,
623 2569 714 2590 unam
734 2560 795 2592 effe
812 2560 906 2603 Legis

33 2593 301 2639 sollicitudinem:
317 2605 419 2628 utrum
435 2597 656 2632 fitcommunis
667 2602 797 2641 periculi
818 2611 905 2634 aver-

43 2635 131 2665 tendi
149 2635 236 2665 causa
254 2635 380 2668 factum.
397 2647 433 2669 ac
450 2638 469 2670 fi
487 2641 518 2670 id
536 2640 590 2679 sit,
608 2643 840 2683 qualecumque
859 2645 903 2675 di-

41 2683 131 2706 catur
147 2676 310 2714 damnum,
333 2678 410 2709 facit
425 2682 654 2714 contributioni
673 2684 796 2715 locum:
814 2684 857 2716 fin
874 2695 904 2715 a·

40 2716 126 2754 liud,
149 2725 260 2757 negat:
281 2722 482 2757 ‘quantumvis
508 2722 541 2754 fit
568 2724 597 2754 in
618 2733 698 2755 nave
716 2724 844 2756 factum.
868 2735 904 2756 ac

38 2755 210 2789 secundum
237 2757 305 2788 haec
320 2761 420 2791 danda
442 2760 505 2792 fine
528 2764 625 2795 dubio
643 2766 697 2797 lux
721 2766 820 2797 Paulo
837 2767 867 2797 in
884 2767 904 2798 l.

40 2808 69 2830 2.
90 2798 117 2839 §.
139 2807 162 2828 1.
182 2800 226 2829 l).
241 2799 267 2830 b.
285 2806 304 2829 t.
334 2800 438 2831 Verba
462 2801 565 2836 Pauli:
589 2806 622 2836 Si
642 2808 818 2845 conservatis
833 2818 904 2838 mer-

40 2840 119 2870 cibus
136 2840 254 2869 deterior
267 2839 350 2877 fasta
359 2839 399 2878 fit
416 2843 501 2873 navis
512 2866 521 2881 ,
542 2845 632 2884 autfi
653 2849 724 2888 quid
739 2858 905 2879 exarmave,

39 2882 98 2918 rit,
121 2880 202 2910 nullu
212 2881 351 2919 facienda
367 2880 405 2922 eft
419 2883 545 2914 collatio:
565 2890 634 2927 quia
649 2888 787 2928 diffimilis
805 2899 904 2921 earum

38 2930 135 2951 rerum
145 2920 368 2963 causafit,quae
377 2926 731 2969 navisgratiapareniur‚
752 2930 788 2964 δ’
805 2940 902 2962 earum

32 2968 88 3003 pro
97 2962 200 3002 quibus
209 2966 358 2994 mercedem
368 2964 473 3005 aliquis
482 2971 625 3007 acceperit.
650 2980 716 3001 nam
733 2970 769 3005 ἐξ
786 2970 808 3006 fi
816 2972 904 3010 faber

35 3005 168 3035 incudem
191 3009 244 3034 aut
267 3004 398 3035 malleum
412 3006 555 3046 fregerit,
578 3019 634 3041 non
658 3013 856 3050 imputaretur
879 3015 904 3044 ei

33 3046 87 3087 qui
109 3045 246 3075 locaverit
271 3053 349 3085 opus.
371 3045 423 3086 sed
439 3046 469 3084 fi
492 3048 640 3081 voluntate
662 3052 824 3090 vestorum,
856 3055 903 3085 vel

29 3091 147 3128 propter
164 3086 287 3127 aliquem
311 3092 415 3117 metum
441 3089 471 3119 id
490 3089 690 3123 detrimentum
709 3093 828 3132 fabium
840 3093 898 3134 sic,

34 3127 184 3166 hocipfurn
197 3129 304 3165 sarciri
319 3133 433 3168 oportet.
457 3129 602 3170 Aliquem
616 3142 710 3164 vexet
727 3135 794 3165 baec
810 3135 896 3166 locu·

953 371 1036 400 terim
1059 369 1204 411 tempestas
1216 374 1514 411 mandatafazorum,
1531 384 1681 415 omnesque
1697 375 1836 414 reliquias

951 413 1038 441 navis
1054 418 1213 452 expugnat.
1253 413 1324 444 Non
1343 416 1428 444 arbor
1443 421 1504 445 erat
1522 415 1639 453 relicta,
1653 425 1709 445 non
1724 416 1831 455 guber-

951 452 1078 490 nacula,
1102 463 1157 483 non
1175 453 1286 493 funis,
1308 462 1359 484 aut
1375 464 1486 485 remus:
1502 456 1554 496 sed
1579 457 1661 497 quasi
1683 459 1763 487 ruetis
1786 461 1832 487 at-

950 502 1005 534 que
1023 493 1133 533 infesta
1149 496 1270 525 materia
1295 495 1353 525 ibat
1368 495 1595 535 cumflueiibas.
1623 498 1655 529 ln
1684 499 1831 529 talitem-

952 534 1073 574 pestate
1091 536 1178 566 navis
1195 536 1271 575 quid
1297 538 1491 575 exarmavit,
1515 546 1570 568 aut
1596 538 1830 570 deteriorsatta

949 576 994 606 est
1013 599 1022 614 ‚
1047 575 1240 608 conservatis
1264 578 1435 609 mercibus.
1466 588 1503 609 an
1529 578 1573 610 est
1601 581 1832 612 detrimentum

948 626 1049 648 nautae
1069 620 1222 649 mercium
1248 619 1491 651 contributione
1517 618 1740 652 sarciendum?
1762 621 1829 652 Ne-

950 667 1004 698 gat
1022 658 1156 690 Paulus:
1173 660 1201 690 ἀ
1219 659 1301 690 hauc
1318 660 1422 691 adfert
1441 660 1573 692 causam.
1591 661 1673 704 Quia
1689 662 1829 702 clzffimz'lz's

950 709 1048 731 earum
1058 709 1154 730 rerum
1165 703 1251 741 causa
1260 700 1318 739 fit,
1330 711 1391 742 quae
1408 705 1494 733 navis
1506 704 1607 743 gratia
1619 711 1778 742 patrentur,
1790 703 1828 738 ὅ*

949 750 1048 772 earum
1059 764 1067 779 ,
1075 748 1127 781 pro
1142 743 1246 783 quibus
1260 745 1411 773 mercedem
1431 745 1536 784 aliquis
1551 750 1700 784 acceperit.
1726 744 1829 784 Impe-

950 783 1015 814 dita
1032 783 1076 813 cst
1093 782 1180 814 Pauli
1199 784 1296 815 causa.
1331 784 1400 816 Imo
1420 784 1553 825 Cujacio
1567 787 1615 816 lib.
1634 795 1681 826 23.
1704 785 1826 824 Observ.

950 833 974 855 c.
989 833 1038 864 35.
1063 823 1106 854 cst
1131 824 1281 862 suspecta:
1308 835 1409 865 usque
1435 830 1536 865 ade-0,
1570 834 1605 858 ut
1632 836 1696 858 non
1722 837 1829 858 verea-

950 871 1018 903 tur,
1043 873 1102 905 pto
1120 864 1260 905 difflmilis
1279 866 1589 905 substitueresimilis.
1622 868 1691 899 usus·
1715 868 1767 899 ille
1783 868 1829 899 est

950 905 999 937 sua
1017 907 1150 937 ratione.
1175 916 1243 938 mea
1261 907 1281 938 fi
1300 909 1343 938 uti
1362 909 1437 939 mihi
1457 909 1584 941 licebit:
1608 910 1757 941 retinebo
1774 919 1829 941 ve-

951 956 1050 979 terem
1076 947 1248 979 leftionem
1266 971 1275 986 ,
1307 948 1468 989 diffimz'lis:
1502 961 1560 990 pro
1579 960 1639 992 qua
1657 950 1736 982 stant
1757 952 1831 982 libri

951 998 1072 1020 omnes.
1095 998 1160 1020 rem
1178 997 1335 1029 putemus.
1358 990 1427 1022 Lex
1450 991 1573 1023 Rhodia
1592 995 1629 1024 ad
1648 1001 1740 1033 quam
1758 995 1829 1024 exi-

951 1031 1074 1071 gendus
1093 1030 1179 1062 Pauli
1200 1030 1323 1070 sensuS,
1347 1042 1409 1064 non
1426 1032 1515 1072 finit,
1530 1034 1738 1066 collationem
1756 1033 1827 1065 fieri

951 1081 992 1103 ex
1016 1071 1142 1103 servatis
1166 1073 1345 1104 mercibus:
1377 1084 1588 1115 praeterquam
1616 1084 1651 1106 ut
1678 1075 1828 1107 sarciatur

953 1114 1100 1144 damnum
1117 1114 1155 1144 ad
1169 1123 1276 1146 earum
1294 1115 1571 1148 conservationem
1592 1116 1721 1148 fufium.
1739 1117 1827 1148 hunc

952 1153 1048 1186 finem
1069 1164 1134 1186 non
1151 1154 1275 1187 invenit
1291 1157 1425 1197 praesens
1448 1157 1548 1189 casus.
1573 1160 1711 1190 minime.
1736 1159 1766 1190 in
1784 1168 1827 1190 eo

952 1198 1098 1228 nocuerit
1115 1196 1283 1236 tempestas
1301 1199 1371 1229 navi
1389 1207 1441 1230 aut
1459 1202 1680 1237 armamentis,
1698 1210 1714 1230 a
1732 1209 1828 1231 nauta

952 1239 1082 1278 paratis,
1109 1246 1142 1269 ut
1160 1239 1253 1278 poffit
1272 1248 1394 1272 merces
1411 1240 1636 1279 transvehere,
1654 1241 1683 1272 ἀ
1699 1250 1759 1280 pro
1776 1240 1827 1273 bis

952 1279 1132 1311 mercedem
1150 1281 1308 1320 accipere.
1327 1290 1399 1312 cum
1418 1288 1525 1313 tamen
1544 1282 1752 1313 collationem
1771 1292 1827 1321 pe·

951 1321 988 1351 tit
1005 1322 1181 1360 reparando
1205 1324 1323 1354 damno
1351 1322 1438 1354 navis
1463 1332 1516 1354 aut
1534 1331 1826 1362 armamentorum3

956 1371 1021 1392 non
1045 1363 1126 1402 petit
1149 1362 1251 1394 sarciri
1277 1364 1426 1396 damnum
1450 1365 1494 1396 ob
1518 1364 1684 1396 servandas
1701 1374 1826 1396 merces

955 1402 1084 1434 fafilum.
1109 1403 1256 1445 sicigitur
1273 1407 1304 1436 id
1323 1407 1412 1437 oneri
1429 1415 1542 1438 eorum
1561 1408 1713 1438 domino:
1737 1415 1768 1437 at
1785 1416 1826 1437 ne

955 1443 1118 1476 incumbat
1144 1445 1193 1477 his
1217 1456 1351 1485 quorum
1368 1457 1491 1478 merces
1510 1448 1596 1480 sunt:
1621 1457 1692 1480 nam
1711 1446 1740 1478 hi
1759 1456 1827 1479 non

954 1484 1023 1517 sunt
1041 1487 1161 1517 domini
1180 1489 1268 1519 navis
1286 1497 1338 1518 aut
1356 1496 1647 1528 armamentorum;
1671 1498 1702 1520 at
1719 1498 1827 1529 neque

953 1536 1011 1567 pro
1033 1537 1143 1559 eorum
1168 1528 1312 1568 periculo
1327 1531 1402 1570 quid
1419 1530 1489 1562 sunt
1505 1531 1657 1569 polliciti:
1682 1531 1826 1570 ideoque

954 1568 1016 1599 sola
1031 1568 1189 1601 solutione
1207 1572 1383 1609 mercedis,
1408 1581 1466 1611 pro
1486 1572 1722 1602 transvectione
1746 1580 1827 1603 mer-

953 1611 1037 1641 cium
1055 1619 1245 1650 conventae,
1271 1614 1396 1653 optimo
1409 1613 1478 1653 jure
1495 1613 1719 1654 defunguntur.

993 1652 1131 1692 Aliquod
1148 1653 1238 1684 attuli
1256 1653 1356 1685 Paulo
1375 1654 1502 1686 lumen:
1521 1654 1571 1686 sed
1589 1663 1621 1686 ut
1637 1655 1749 1685 clarius
1765 1652 1826 1692 fit,

954 1691 1112 1733 subjiciam
1128 1693 1283 1733 Julian'um
1296 1695 1313 1725 l.
1323 1699 1353 1727 6.
1370 1696 1397 1726 b.
1411 1701 1431 1726 t.
1449 1697 1559 1727 eadem
1577 1697 1625 1726 via
1641 1703 1826 1727 exeuntem.

954 1734 1061 1766 Verba
1076 1734 1206 1774 Juliani:
1230 1737 1332 1768 Navis
1358 1738 1482 1774 adversa
1506 1735 1666 1777 tempestate
1680 1736 1826 1777 deprefflz‚

952 1775 1011 1807 istu
1025 1777 1158 1815 fulminis
1173 1776 1277 1818 deustis
1299 1778 1501 1816 armamentis,
1525 1778 1561 1813 ὅ)
1577 1780 1674 1810 arbore
1691 1778 1726 1813 ὅς’
1743 1783 1825 1808 ante·

953 1827 1039 1856 rnna,
1065 1817 1226 1859 Hipponem
1250 1820 1344 1851 delata
1367 1818 1424 1860 est,
1446 1821 1540 1861 ibique
1563 1820 1764 1851 tumultuariis
1779 1826 1827 1850 ar-

953 1861 1102 1890 mamentis
1123 1862 1160 1890 acl
1172 1863 1291 1901 praesens
1310 1863 1498 1902 comparatis,
1515 1860 1628 1901 Ostiam
1645 1862 1825 1902 navigavit,

955 1900 991 1935 ὅ)
1006 1910 1077 1931 onus
1093 1902 1237 1943 integrum
1251 1903 1380 1943 pertulit.
1405 1902 1565 1949 Quaesitum
1581 1902 1619 1940 eli
1629 1928 1637 1939 ,
1655 1913 1694 1934 an
1709 1903 1739 1933 bi
1753 1911 1827 1943 quo-

953 1952 1019 1973 rum
1036 1952 1106 1973 onus
1120 1944 1202 1981 fuit,
1219 1949 1314 1974 nazctae
1330 1951 1381 1984 pro
1397 1949 1500 1975 alamno
1525 1945 1654 1984 conferre
1677 1943 1825 1975 debeant?

952 1983 1126 2024 Respondit,
1151 1994 1208 2016 non
1223 1987 1335 2016 debere:
1350 1986 1396 2016 hic
1412 1987 1489 2016 enim
1505 1986 1637 2026 sumptus
1651 1983 1827 2026 instruendae

953 2028 1044 2064 magis
1061 2026 1148 2056 navis
1159 2050 1168 2064 ,
1191 2036 1279 2067 quam
1295 2027 1558 2058 conservandarum
1574 2029 1708 2057 mercium
1721 2028 1824 2068 gratia

945 2066 1048 2106 fabius
1061 2065 1108 2107 est.
1127 2067 1375 2108 Christopborus
1394 2069 1548 2106 Colerus,
1561 2068 1600 2100 V.
1615 2068 1672 2100 CL.
1683 2069 1731 2098 lib.
1744 2067 1824 2109 fing.

953 2108 1074 2147 Parerg.
1099 2118 1123 2139 c.
1153 2118 1198 2146 19.
1226 2109 1397 2146 deliberat,
1423 2109 1609 2150 prtestetne,
1635 2119 1693 2149 pro
1720 2109 1825 2140 Navis

950 2149 1073 2189 depreffa
1084 2149 1193 2189 scribi,
1210 2150 1313 2181 Navis
1329 2151 1470 2192 deprensa.
1488 2152 1575 2182 illum
1587 2159 1717 2189 movet,
1734 2150 1826 2191 quod

951 2192 1117 2231 deprendere
1133 2190 1177 2222 est
1201 2192 1331 2223 verbum
1359 2193 1523 2233 proprium
1544 2201 1725 2230 nautarum,
1750 2200 1826 2223 cum

952 2231 1140 2271 tempestate
1167 2241 1386 2270 occupantur:
1409 2233 1505 2274 idque
1529 2235 1651 2273 aliquot
1669 2232 1825 2277 Veterum

951 2273 1139 2304 testimoniis
1153 2275 1290 2315 pulchre
1305 2275 1484 2306 confirmat.
1508 2274 1607 2315 Quod
1617 2282 1722 2305 tamen
1733 2283 1825 2306 mire-

952 2324 1005 2353 re,
1030 2323 1141 2345 contra
1159 2324 1273 2355 putat,
1297 2317 1366 2347 satis
1391 2316 1502 2347 Latine
1526 2315 1677 2356 depreffam
1691 2316 1753 2347 dici
1770 2324 1826 2346 na-

951 2365 1023 2387 vem
1049 2365 1107 2396 pro
1123 2358 1288 2395 submersa.-
1311 2357 1388 2388 ficut
1414 2357 1450 2388 fit
1477 2358 1507 2388 i'n
1533 2358 1551 2387 l.
1578 2366 1605 2396 ρ.
1623 2358 1650 2388 h.
1669 2363 1690 2388 t.
1713 2357 1821 2397 Atque

951 2396 1015 2428 hoc
1042 2398 1180 2435 mavult,
1205 2397 1390 2438 recusatque
1414 2399 1535 2429 idcirco
1560 2398 1590 2429 in
1607 2400 1634 2429 d.
1650 2399 1668 2429 l.
1685 2403 1704 2428 6
1732 2407 1823 2429 rece-

948 2438 1023 2468 dere
1039 2448 1055 2468 a
1079 2447 1208 2476 recepta
1226 2439 1370 2470 leftione.
1394 2439 1455 2470 Sed
1481 2449 1613 2478 vereor3
1637 2449 1677 2471 ne
1694 2439 1822 2471 fallatur

948 2479 1005 2510 Vir
1020 2480 1073 2510 iile
1087 2481 1247 2512 eruditus:
1271 2481 1330 2511 bac
1347 2483 1570 2520 ratione,quae
1587 2480 1631 2512 est
1646 2481 1822 2513 evidentis-

950 2519 1043 2559 fima;
1068 2522 1153 2559 quod
1180 2522 1209 2552 in
1235 2523 1262 2552 cl.
1288 2522 1306 2552 l.
1335 2525 1365 2553 ό.
1389 2522 1475 2554 navis
1503 2522 1687 2563 Hipponem
1712 2524 1819 2554 delata

949 2560 1012 2592 ess'e
1029 2561 1152 2592 dieitur.
1170 2564 1256 2601 quod
1275 2572 1291 2592 a
1310 2563 1451 2603 depressa
1463 2587 1472 2603 ‚
1489 2563 1551 2594 five
1569 2563 1721 2595 submersa
1738 2573 1821 2595 nave

949 2603 1045 2643 longe
1064 2602 1158 2633 abest.
1184 2604 1319 2643 proinde
1338 2613 1401 2635 non
1421 2604 1572 2643 permitto
1589 2605 1687 2644 mihi,
1703 2615 1742 2636 ne
1761 2614 1819 2646 pro

948 2644 1050 2674 Navis
1073 2644 1195 2684 depreſja
1221 2645 1345 2684 juliano
1372 2646 1529 2677 restituam
1554 2647 1656 2678 Navis
1672 2648 1818 2687 deprensa.

949 2682 1045 2724 idque
1079 2685 1147 2724 post
1172 2687 1238 2716 haec
1262 2687 1392 2725 scripta,
1422 2696 1458 2717 ac
1483 2688 1582 2728 praelo
1604 2689 1665 2728 jam
1691 2696 1817 2727 parata,

949 2727 1044 2757 etiam
1065 2726 1242 2757 observasse
1261 2726 1300 2758 V.
1322 2727 1378 2759 CL.
1399 2727 1590 2760 Richardum
1611 2730 1815 2769 bentlejum,

949 2765 1044 2798 Notis
1060 2768 1097 2798 ad
1118 2767 1284 2799 Horatium
1303 2769 1350 2799 lib.
1374 2778 1396 2800 r.
1418 2769 1510 2801 Carm.
1531 2771 1587 2802 Oa.
1612 2780 1654 2809 14.
1671 2773 1742 2805 vers.
1765 2778 1814 2801 10.

948 2808 1091 2839 adductis
1116 2808 1256 2840 similiter
1280 2811 1344 2850 ejus
1374 2810 1545 2843 locutionis
1570 2811 1742 2849 exemplis„
1770 2810 1816 2839 lu·

948 2848 1062 2879 benter
1077 2850 1292 2882 animadverti.
1314 2849 1389 2883 Non
1406 2853 1690 2892 opus,hiciterum
1707 2851 1817 2881 admo-

947 2890 1279 2929 neri‚Julianumind.
1296 2892 1350 2923 l.6.
1364 2895 1490 2924 arborem
1509 2903 1628 2934 ponere
1647 2901 1704 2931 pro
1722 2892 1814 2923 malo:

949 2932 1035 2969 quod
1051 2932 1081 2962 in
1098 2933 1289 2964 antecessum
1312 2933 1439 2966 fadum.
1467 2935 1543 2966 iliud
1563 2943 1624 2964 non
1642 2933 1788 2963 omittam
1801 2956 1814 2971 ‚

948 2972 1036 3008 quod
1053 2973 1093 3004 de
1118 2982 1383 3007 armamentorum
1409 2975 1574 3007 deustionc
1594 2973 1655 3004 itta
1670 2972 1814 3005 fulminis

945 3011 1028 3043 facta
1043 3013 1086 3044 ait
1103 3013 1241 3053 Julianus
1254 3039 1263 3055 ,
1284 3016 1371 3056 posse
1393 3015 1492 3056 juvari
1519 3025 1557 3045 ex
1574 3015 1694 3045 Seneca
1711 3015 1760 3046 lzb.
1780 3025 1811 3046 2.

945 3053 1059 3086 Natur.
1075 3053 1170 3096 quaell.
1188 3068 1212 3088 c.
1229 3067 1280 3096 40.
1298 3057 1378 3089 Haec
1400 3058 1505 3087 obiter
1531 3056 1560 3086 &
1578 3054 1662 3095 quafi
1678 3055 1708 3086 in
1729 3064 1812 3088 tran-

942 3094 1009 3126 fitu.
1031 3095 1162 3136 Species
1181 3099 1268 3130 talis:
1295 3099 1392 3129 Navis
1407 3097 1533 3127 adversa
1552 3096 1740 3136 tempestate
1756 3100 1811 3129 de-

940 3136 1048 3175 prensa
1072 3137 1132 3177 (fic
1156 3141 1240 3171 enim
1262 3141 1366 3171 malim
1391 3137 1471 3176 legi)
1489 3137 1549 3167 iftu
1569 3137 1712 3169 fulminis
1733 3139 1810 3171 deu-

31 3169 79 3199 tio
90 3190 99 3205 ,
111 3168 237 3199 Sinavz's
246 3170 316 3209 quid
332 3172 535 3214 exarmaverit.
552 3172 612 3204 Sed
629 3174 674 3206 est
690 3174 794 3207 fimilis
810 3178 894 3217 apud
937 3176 986 3210 stis
995 3182 1216 3219 armamentis,
1234 3181 1384 3212 &arbore
1395 3202 1403 3216 ‚
1416 3179 1479 3210 five
1491 3178 1593 3218 malo,
1604 3180 1810 3219 &antemna,

26 3209 300 3251 Senecam‚Epz‘Jt.
315 3211 525 3254 30.1biquein
535 3213 625 3247 Notis
633 3216 769 3258 probata
779 3216 890 3258 aJusto
932 3218 1036 3253 delata
1061 3219 1107 3251 est
1134 3223 1166 3253 in
1190 3230 1319 3263 portum
1348 3219 1594 3261 Hipponensem
1626 3222 1680 3262 qui
1707 3220 1752 3252 est
1776 3220 1809 3252 in

22 3271 31 3277 «.
68 3249 145 3282 Tom.
167 3249 207 3282 Il

1041 3259 1077 3293 K
1081 3261 1099 3293 k
1675 3262 1785 3295 Africa
1794 3276 1805 3291 2
