2036 3495
172 130 244 165 280
589 117 621 152 G
653 125 674 150 E
707 123 730 147 R
763 120 784 146 a
815 120 839 146 R
871 119 896 144 n
929 119 943 145 1

178 214 242 253 ejus
259 212 346 253 quod
362 216 433 242 ante
453 208 536 238 diem
553 213 615 236 non
633 202 730 233 debet
749 200 832 240 peti:
857 198 928 239 quia
946 196 985 228 ab
1003 206 1043 228 eo

176 255 316 295 petitur,
336 262 368 283 ut
385 252 414 281 id
433 248 558 279 interim
570 245 674 284 litpro
692 240 920 285 compensato:
937 241 967 270 id
979 238 1043 285 est,

176 306 212 327 ut
229 305 268 326 eo
287 295 380 326 modo
397 289 526 330 perinde
538 287 688 318 liberetur
700 293 755 322 ,ac
768 284 786 313 li
806 282 941 312 inlutum
953 279 1038 311 eflet.

176 337 241 369 hoc
258 342 360 366 autem
379 331 465 366 fici-i,
489 338 552 359 non
576 327 645 358 linit
670 324 774 356 forma
797 331 850 353 aut
868 325 947 353 ratio
963 322 1040 352 obli-

178 377 313 419 gationis
339 373 368 403 in
397 370 480 402 diem
505 375 692 408 conceptae,
723 363 873 406 quamdiu
900 365 1041 394 nondum

178 418 268 450 venit
284 417 359 446 dies.
1022 443 1027 447 ι

219 457 313 489 Haec:
335 454 355 486 fi
373 452 513 485 debitum
532 459 671 489 utroque
686 449 755 489 jure
773 446 939 486 adjuvetur
956 444 985 475 &
1001 453 1042 474 ci-

177 499 231 530 vili
251 503 277 529 ot
297 496 437 528 naturali.
465 493 560 535 quid,
584 491 603 522 si
626 491 728 522 altero
755 490 871 519 nitatur
891 493 1012 517 tanturn
1030 485 1043 516 Ρ

176 548 278 580 pone,
305 537 421 577 aliquid
434 536 502 576 jure
521 534 605 565 civili
625 531 752 567 deberi3
768 529 898 559 naturali
916 536 977 557 non
995 529 1044 556 de·

177 581 256 612 beri.
281 580 367 610 estne
389 579 454 617 ejus
480 572 724 613 compensatio?
746 570 824 601 facit
842 568 934 599 hinc:
959 567 1047 607 quod

176 622 246 662 jure
270 621 354 652 civili
382 620 462 659 parit
486 616 663 652 aetionem3
687 613 716 643 ἃ
739 612 803 652 peti
828 608 944 654 potest.
974 609 1046 653 inde

177 663 272 694 facit:
296 662 384 702 quod
400 659 481 691 aetio
501 656 631 689 naturali
652 663 761 684 carens
777 657 944 691 aequitate,
961 648 982 680 si
1002 658 1045 679 in-

177 703 339 741 stituatur,
365 712 420 742 per
438 698 665 738 exceptionem
686 695 823 725 eliditur.
849 691 889 723 sic
909 700 984 735 vero
1002 689 1045 720 nil

178 745 328 783 interest,
352 742 419 784 ipso
440 742 508 781 jure
532 749 593 770 non
612 737 664 774 lit,
689 745 725 766 an
742 743 798 774 per
816 739 1044 778 exceptionem

178 786 357 818 infirmetur
375 785 393 814 i.
417 793 480 814 112.
503 780 541 811 l).
561 781 592 810 de
607 787 657 818 reg
676 777 813 818 jur.imo
834 775 965 815 perinde
981 772 1044 811 est,

180 827 264 868 qnasi
281 825 386 858 debita
401 823 539 864 juribus,
563 821 593 851 id
611 823 673 857 eit,
694 818 762 857 jure
786 816 873 847 civili
890 822 942 845 aut
959 822 1034 844 natu

178 870 254 908 tali,
278 877 340 899 non
358 866 392 897 lit
410 864 543 905 pecunia
558 863 576 892 i.
593 863 626 901 3ss
639 860 667 901 §.
690 869 714 890 i.
726 858 766 888 D.
780 859 812 888 de
822 855 1044 901 constit.pecun.

179 919 276 951 quare
299 908 398 939 soluta
425 907 520 936 etiam
545 911 647 943 repeti
672 898 794 941 potest,
819 905 980 937 tamquam
1001 905 1045 941 in—

180 952 296 984 debita,
316 958 374 980 nec
393 948 474 979 male
488 945 677 985 Javolenus‚
696 940 911 985 Quaecumque,
927 939 1047 983 inquit,

175 1000 228 1035 per
243 991 430 1031 exceptionem
451 988 556 1029 perimi
582 983 716 1024 postiam,
740 984 772 1013 in
799 982 1050 1021 corripensatzonem

180 1044 238 1066 non
252 1034 374 1063 veniunt
392 1031 410 1061 l.
437 1038 481 1066 14.
505 1027 545 1058 D.
559 1028 585 1058 b.
603 1033 625 1056 t.

222 1075 392 1106 Videamus
410 1071 448 1101 de
460 1078 549 1101 mero
564 1065 695 1099 naturali
707 1063 827 1096 debito.
844 1071 914 1093 nam
930 1061 969 1093 de
988 1069 1027 1091 eo
1039 1081 1049 1098 ,

182 1124 219 1148 an
250 1112 474 1153 compensetur
491 1134 501 1149 ‚
530 1111 605 1140 ideo
638 1107 718 1138 solet
748 1104 778 1136 in
803 1103 966 1148 confilium
993 1100 1048 1132 iri:

181 1157 270 1197 quod
291 1154 472 1187 destitutum
490 1151 677 1182 austoritate
694 1146 768 1187 juris
778 1145 898 1182 ciVilis,
914 1153 978 1174 non
998 1151 1049 1182 pa-

183 1200 223 1230 rit
242 1199 399 1229 athonem
425 1203 484 1234 qua
511 1193 664 1232 exigatur.
686 1189 760 1228 quin
781 1187 844 1217 hoe
859 1185 982 1230 *intuitu
1000 1193 1051 1224 pa-

183 1249 251 1272 rum
276 1237 361 1269 abest
385 1236 423 1267 ab
441 1233 603 1270 indebit03
626 1239 683 1261 nec
704 1232 835 1271 Videtur·
850 1226 990 1257 sufficere
1012 1225 1049 1255 ad

182 1279 497 1320 compensationem,
531 1273 666 1314 speciem
692 1272 853 1311 petitionis
878 1266 1047 1307 praeferen·

183 1330 250 1354 tem
268 1319 397 1361 t.15.1).
419 1318 488 1348 Rat.
506 1325 571 1346 rem.
589 1315 652 1344 bob.
668 1312 730 1343 Sed
746 1312 826 1341 hanc
844 1308 1048 1339 subtilitatem

184 1373 252 1404 quae
273 1371 339 1392 tota
359 1359 402 1390 est
415 1359 489 1399 juris
506 1356 626 1392 civilis,
649 1354 847 1395 adspernatur
867 1348 1049 1389 compensa·

185 1404 352 1435 tio:unius
369 1399 500 1432 studiosa
517 1396 672 1436 aequitatis
690 1393 847 1425 naturalis.
862 1390 931 1421 sane
950 1398 982 1420 ut
1000 1398 1051 1429 pe-

186 1447 208 1476 ti
224 1451 362 1483 nequeat
379 1440 518 1472 naturale
534 1438 675 1469 debitum
688 1458 696 1472 ‚
720 1433 823 1473 pOtest
849 1433 931 1463 ultro
949 1430 1024 1462 solvi
1042 1440 1050 1462 ι

183 1487 318 1517 solutum
335 1491 440 1514 autem
459 1489 521 1511 non
534 1477 637 1518 potest
648 1476 750 1515 repeti
767 1475 776 1504 l
801 1483 846 1505 10.
862 1476 906 1504 l).
918 1474 950 1503 cle
966 1472 1049 1512 oblig.

186 1527 222 1562 &³
237 1526 291 1557 ιιὲῗ.
312 1526 340 1555 ἂ
361 1525 441 1554 bene
460 1521 574 1556 habet,
592 1519 678 1556 quod
700 1514 984 1555 Pomponiusl.51.
1006 1516 1050 1544 l).

184 1571 217 1599 cle
234 1565 354 1598 condiet.
371 1564 464 1594 indeo.
485 1561 535 1592 Ex
560 1561 664 1601 quibus
681 1555 792 1595 confit,
816 1555 916 1595 inquit
928 1578 937 1594 ,
959 1560 1049 1585 reten-

184 1610 287 1640 tionem
309 1606 423 1647 quidem
447 1604 597 1639 habemus,
624 1601 787 1640 peticionem
810 1603 906 1628 autern
930 1606 985 1626 non
1003 1596 1050 1625 ha-

185 1651 297 1686 bemus,
321 1644 595 1686 eafisolverimus,
619 1647 740 1681 repetere
763 1649 819 1669 non
833 1638 985 1678 poffzcmus.
1009 1635 1051 1666 ita

182 1693 284 1722 minus
303 1688 431 1729 proprie
449 1685 591 1717 debitum
610 1681 644 1713 fit
661 1680 842 1713 naturaliter
858 1687 980 1709 tantum
999 1678 1051 1708 de-

183 1732 285 1763 bitum
302 1753 311 1767 ,
335 1726 504 1769 praesertim
527 1725 679 1756 collatum
705 1731 777 1753 cum
803 1719 931 1751 naturali
956 1719 985 1750 &
1009 1720 1051 1762 ci-

184 1772 239 1804 vili
263 1770 399 1803 debito:
422 1776 452 1799 at
479 1777 534 1808 per
560 1764 742 1797 abufionem
772 1771 837 1793 non
860 1762 940 1792 male
965 1760 1051 1791 ‹lebi-

184 1821 252 1845 tum
277 1811 462 1848 intelligitur
486 1809 504 1839 l.
526 1811 571 1840 16.
591 1807 619 1848 §.
636 1816 664 1845 4.
682 1803 723 1835 D.
740 1805 772 1834 de
782 1802 966 1843 fidejufforib.
991 1810 1051 1832 nec

182 1853 354 1887 intercedit
372 1851 554 1892 Ulpianus;
578 1858 618 1879 ne
643 1846 695 1877 vel
719 1844 818 1886 ipsum
843 1854 873 1874 iu
899 1852 1049 1887 compen-

182 1895 337 1929 sationem
364 1895 450 1925 recte
475 1892 651 1922 deducatur
672 1888 692 1918 l.
714 1891 744 1918 6.
772 1887 817 1916 D.
838 1885 864 1915 h.
882 1890 901 1916 t.
924 1884 964 1915 sic
983 1886 1051 1914 ici-1-

185 1939 281 1969 bens:
306 1936 406 1967 Etiam
429 1935 504 1974 quoti
526 1937 637 1962 natura
661 1929 803 1973 debetur,
820 1928 900 1970 venit
926 1927 956 1956 in
982 1934 1040 1955 com

179 1979 385 2021 pensationem.
411 1975 485 2006 Dixi
503 1972 661 2008 breviter,
679 1970 755 2010 quid
765 1968 840 1999 milii
858 1968 971 2011 ledeat.
988 1966 1050 2006 ple-

184 2020 255 2052 nius
272 2018 317 2050 est
334 2018 415 2049 hanc
433 2014 639 2054 quaestionem
664 2017 842 2050 exequutus
859 2008 898 2039 D.
918 2007 1052 2038 Vinnius

185 2062 227 2094 V.
249 2061 307 2092 CL.
323 2059 370 2090 lib.
392 2067 416 2090 1.
434 2056 531 2088 Select.
552 2051 648 2096 quoest.
670 2062 693 2084 c.
707 2061 757 2092 49.
770 2050 841 2089 ubi,
857 2049 877 2082 fi
895 2049 991 2088 libet,
1008 2050 1052 2079 vi-

188 2104 245 2136 de:
269 2110 329 2133 nec
347 2099 471 2140 pigebit
490 2096 607 2128 vidiffe.

225 2143 275 2175 Ex
292 2142 451 2182 superiore
469 2138 644 2179 quaestione
661 2141 733 2167 nata
750 2133 795 2165 est
811 2133 888 2171 alia,
912 2141 1005 2176 quam
1021 2132 1052 2163 in

185 2185 205 2217 1.
226 2189 271 2216 16.
289 2183 318 2226 ᾖ,
339 2193 363 2214 1.
384 2182 425 2213 D.
443 2176 829 2212 b.t.hisverbisterminat
849 2175 1051 2214 Papinianus:

187 2227 261 2258 Cum
278 2228 358 2256 intra
377 2225 450 2254 diem
475 2223 512 2253 ad
524 2220 650 2262 judicati
674 2221 868 2248 executionem
892 2217 992 2245 dotum
1003 2215 1052 2255 ju-

185 2269 298 2298 dicatus
317 2265 390 2296 Titio
407 2265 469 2305 agit
487 2272 552 2293 cum
567 2263 658 2292 eodem
684 2258 777 2296 Titio,
801 2259 851 2298 qui
868 2256 905 2290 &³
921 2258 976 2296 ipse
992 2257 1051 2295 pri-

187 2310 247 2339 dem
262 2308 305 2338 itti
316 2307 466 2349 judicatus
482 2302 539 2345 est,
562 2301 745 2342 compensatio
770 2300 948 2329 admittetur.
964 2297 1052 2328 The-

186 2359 237 2382 ma
253 2350 314 2380 tale
333 2348 395 2379 est:
421 2346 490 2387 Ego
506 2343 551 2376 fui
567 2345 729 2375 damnatus
745 2341 865 2379 judicis
880 2339 1051 2376 sententia,

188 2392 245 2422 tibi
261 2398 390 2421 centum
409 2390 492 2419 dare.
517 2387 546 2417 &
562 2385 673 2416 efluxit
698 2390 822 2420 tempus
840 2379 994 2425 damnatis
1013 2381 1052 2410 ad

188 2431 418 2463 conficiendam
447 2427 617 2469 pecuniam
641 2423 796 2464 indulgeri
822 2421 957 2453 solitum.
987 2421 1051 2460 ejus

186 2472 339 2512 temporis
354 2470 497 2502 meminit
515 2467 707 2500 Callistratus
723 2465 739 2495 t.
760 2473 807 2505 31.
828 2462 868 2493 D.
886 2464 918 2494 cle
933 2472 962 2493 re
971 2462 1052 2502 jndi-

188 2520 273 2550 cata,
297 2514 390 2543 etiam
409 2511 476 2543 Lex
494 2507 674 2540 Duodecim
701 2504 916 2543 Tabularum3
941 2513 1002 2544 qua
1019 2503 1051 2534 id

189 2555 318 2592 triginta
336 2554 457 2584 dierum
479 2550 587 2587 fuiffe,
612 2548 712 2580 refert
733 2547 769 2578 A.
797 2544 922 2577 Gellius
936 2546 983 2575 lib.
1003 2554 1049 2583 15.

187 2594 277 2629 Nost.
294 2593 386 2625 Atrio.
404 2604 426 2624 c.
444 2602 487 2634 13.
505 2592 541 2627 ὅ)
557 2592 604 2622 lib.
622 2599 670 2621 20.
687 2599 710 2619 c.
735 2597 761 2619 1.
779 2586 893 2618 deinde
912 2595 944 2617 tu
961 2595 993 2618 es
1012 2595 1052 2616 ex

189 2639 249 2669 alia
265 2638 352 2666 caula
370 2635 550 2670 damnatus,
580 2632 657 2664 mihi
681 2629 878 2660 tantumdem
904 2629 993 2658 dare:
1024 2627 1052 2657 ἃ

188 2677 346 2710 indultum
356 2673 412 2706 tibi
423 2673 583 2706 consimile
593 2671 723 2713 spatium
734 2669 891 2701 solvendae
911 2669 1052 2709 pecuniae

192 2719 246 2751 est.
271 2718 334 2748 hoc
368 2715 505 2746 nondum
529 2716 654 2755 elapso,
685 2720 719 2744 tu
744 2711 808 2752 agis
835 2710 980 2741 adversus
1004 2718 1054 2740 me

192 2761 317 2793 afflone
332 2758 376 2789 rei
399 2755 554 2796 judicatae.
579 2756 749 2795 quaeritur3
772 2761 809 2783 an
827 2751 921 2793 poffit
945 2752 1053 2782 adver-

191 2803 239 2834 sus
258 2809 289 2832 te
304 2798 428 2830 admitti
445 2797 661 2834 compensatio
671 2795 734 2835 c-jus
750 2796 890 2834 pecuniae
906 2793 944 2824 ad
963 2801 1056 2832 quarn

193 2852 228 2876 tu
247 2838 478 2873 condemnatus
494 2846 527 2867 es
546 2836 644 2868 mihi?
662 2839 704 2867 ait
720 2834 915 2876 Papinianus.
931 2841 961 2864 at
978 2842 1054 2864 non·

193 2887 269 2916 dum
286 2881 425 2921 elapium
441 2878 485 2910 est
502 2885 625 2916 ternpus
643 2877 763 2917 legibus
784 2876 839 2907 tibi
856 2874 1057 2913 concessum3

194 2926 225 2958 ἃ.
241 2925 273 2956 in
291 2923 374 2954 diem
392 2920 553 2955 debitum,
576 2925 611 2947 ut
625 2925 699 2947 ante
716 2917 851 2955 ditium,
875 2925 948 2948 ante
963 2925 1057 2956 quam

194 2967 261 2999 dies
277 2962 385 3000 venit,
408 2971 472 2992 non
496 2957 737 2998 compensatur;
753 2957 846 2989 dilata
863 2958 926 2998 ejus
943 2966 1056 2988 execu-

196 3007 286 3039 tione
312 3004 383 3046 post
410 3003 504 3034 diem.
535 2999 587 3030 sed
612 2998 641 3029 id
668 2997 753 3041 levis·
769 3000 925 3030 momenti
950 2998 993 3029 est
1019 3006 1059 3029 ex

194 3045 359 3087 Papiniani
381 3043 554 3080 sententia,
576 3039 617 3071 fic
641 3037 778 3069 causati?
800 3039 880 3070 atiud
902 3037 940 3078 esi
965 3040 1058 3077 enim,

198 3090 272 3120 diem
291 3086 469 3127 obligationis
478 3093 535 3115 non
549 3079 673 3120 veniffe3
689 3078 769 3110 aliud
786 3078 975 3123 humanitatis
990 3090 1055 3121 gra⁴

197 3131 242 3160 tia
266 3135 373 3168 tempus
394 3125 535 3166 indulgeri
547 3121 710 3167 solutionis.
735 3118 920 3157 Papinianus
945 3129 1056 3160 negat,

196 3170 229 3204 in
246 3167 407 3209 proposito
425 3165 487 3198 effe
505 3167 535 3197 in
551 3165 634 3195 diem
660 3161 812 3192 debiturn.
838 3168 947 3189 contra
970 3169 1059 3198 putat

195 3210 258 3243 effe
285 3208 427 3240 debitum
453 3213 582 3247 purum:
605 3205 692 3242 cujus
715 3202 781 3232 dies
805 3200 936 3232 cesserat
963 3201 992 3231 ἃ
1009 3210 1059 3231 ve-

192 3257 285 3286 nerat
295 3250 358 3292 jani
375 3256 448 3281 ante
466 3246 663 3281 sententiam.
687 3250 808 3277 tantum
817 3242 959 3283 ‚inquit,
973 3242 1059 3275 dam-

1002 106 1267 144 NoonT
1324 106 1536 143 Coun.

1089 205 1164 228 nato
1193 196 1397 229 humanitatis
1421 197 1519 239 gratia
1543 196 1701 228 indultum
1720 195 1783 228 efl'e
1817 203 1952 239 tempus.

1090 239 1173 282 aliud
1188 247 1295 269 autem
1312 238 1392 276 ess'e,
1415 241 1499 270 diem
1525 239 1724 279 obligationis
1742 249 1802 269 non
1823 242 1954 273 venisse:

1088 280 1189 324 aliud,
1216 280 1417 311 humanitatis
1434 281 1532 321 gratia
1558 288 1684 320 tempus
1709 279 1864 320 indulgeri
1884 282 1956 315 solu·

1084 328 1190 351 tionis.

1125 360 1202 392 Dixi
1221 364 1260 393 de
1283 362 1351 402 jure
1375 361 1473 394 debiti
1499 363 1536 394 ad
1567 362 1856 402 compensationem
1881 362 1954 402 apti.

1085 402 1200 433 Adhuc
1224 405 1394 435 dicendum
1416 405 1455 435 de
1482 404 1571 435 causa
1597 415 1636 436 ex
1664 413 1724 444 qua
1747 407 1776 434 id
1800 403 1956 443 proficisci

1087 452 1254 487 oporteat:
1279 453 1348 476 nam
1365 455 1404 476 ne
1430 445 1511 477 hanc
1528 445 1654 485 quidem
1682 446 1821 476 ¹intinxit
1845 445 1957 476 Mode-

1090 484 1185 528 stinus
1200 485 1218 514 l.
1239 492 1263 514 1.
1284 485 1346 515 ht.
1364 487 1653 526 compensationem
1678 485 1860 523 simpliciter
1883 486 1958 518 defi-

1091 534 1200 562 mens,
1224 525 1321 570 debiti
1339 527 1369 557 &
1386 529 1499 558 crediti
1525 528 1607 559 inter
1623 529 1652 558 se
1678 527 1958 559 contributionem.

1090 574 1238 612 putemus
1257 574 1366 610 igitur,
1389 569 1527 608 generali
1549 571 1577 600 ἃ
1605 569 1669 600 laio
1695 571 1835 599 sermone
1853 567 1956 600 effici:

1091 615 1123 638 ut
1152 607 1228 637 nihil
1255 607 1390 653 interfit,
1416 612 1523 648 (quod
1543 611 1572 641 ἀ
1598 610 1708 641 Paulus
1738 617 1849 640 monet
1864 611 1909 639 lib.
1930 618 1958 640 2.

1090 648 1220 694 Sentent.
1236 654 1330 691 ιιι.)
1350 648 1377 689 §.
1396 650 1474 688 ult.)
1497 658 1599 682 utrum
1627 661 1697 692 par,
1723 661 1759 682 an
1779 652 1895 690 dispar,
1923 651 1958 681 lit

1088 690 1188 720 debiti
1221 690 1327 719 caula:
1365 699 1424 720 nec
1450 692 1566 731 magis,
1595 701 1698 723 utrum
1732 694 1885 723 densatur
1916 700 1959 723 cx

1088 730 1321 775 contrat-‘tuan
1340 730 1421 770 quali
1442 741 1481 762 ex
1500 733 1683 769 coiitraetu;
1701 735 1775 763 item
1796 741 1897 762 utrum
1918 741 1959 763 ex

1088 772 1266 809 maleficio,
1296 780 1334 802 an
1355 772 1435 812 quasi
1460 781 1498 803 ex
1516 773 1682 805 maleficio.
1714 774 1860 813 exempla
1889 773 1958 805 satis

1089 813 1220 853 pulchra
1239 813 1327 843 dedit
1348 814 1496 853 Ulpianus
1522 814 1540 844 l.
1571 823 1613 846 io.
1634 823 1669 853 pr
1697 814 1724 855 §.
1741 825 1769 846 2.
1789 824 1821 849 (5
1842 826 1870 856 3.
1887 820 1914 846 D.
1932 820 1955 846 t.

1091 863 1151 884 nec
1169 863 1249 900 opus
1266 853 1490 893 explicatione.
1516 864 1574 894 pro
1597 865 1630 886 ea
1657 854 1717 885 seri
1729 857 1770 886 iet
1787 855 1846 887 hoc
1863 856 1959 886 Sene-

1092 904 1138 925 cae
1161 895 1209 925 tib.
1234 898 1261 925 6.
1293 895 1336 941 sk
1351 896 1463 935 benefic.
1489 906 1512 927 c.
1537 906 1555 934 4
1593 896 1727 927 Colonum
1741 898 1824 933 situm
1843 906 1899 927 non
1918 904 1958 926 te-

1093 942 1161 974 net,
1185 945 1320 976 quamvis
1347 938 1456 967 tabellis
1481 939 1659 968 manentibus
1688 938 1737 977 qui
1758 945 1874 977 segetem
1899 938 1961 978 ejus

1084 977 1288 1018 proculcavit,
1311 979 1361 1018 qzti
1376 978 1503 1015 succidit
1528 976 1663 1019 arbusta:
1686 988 1740 1008 non
1766 979 1835 1018 quio
1857 980 1960 1015 recepit
1988 974 1991 979 '

1091 1020 1166 1064 quoti
1186 1020 1349 1059 pepigerat,
1367 1019 1419 1058 jeci
1442 1021 1510 1060 quia
1534 1029 1569 1050 ne
1600 1025 1753 1059 reciperet,
1784 1018 1886 1059 efficit.
1909 1018 1959 1050 Sic

1093 1060 1211 1090 debitori
1221 1066 1273 1096 suo
1292 1061 1492 1101 creditorsaepe
1508 1061 1680 1098 damnatur,
1703 1062 1752 1091 ubi
1767 1063 1828 1099 plui
1845 1070 1880 1091 ex
1897 1060 1956 1091 alia

1093 1104 1179 1147 causa
1203 1098 1337 1146 abstulit,
1361 1111 1448 1141 quam
1470 1111 1505 1133 ex
1526 1103 1629 1133 credito
1650 1104 1730 1140 petit.
1757 1101 1828 1133 Non
1844 1107 1958 1132 tantum

1093 1148 1166 1172 inter
1188 1145 1352 1172 creditorem
1371 1142 1406 1176 &²
1429 1145 1576 1173 debitorem
1597 1144 1691 1185 judex
1715 1150 1785 1177 leaet
1809 1144 1858 1183 qni
1881 1145 1959 1173 dicat

1087 1184 1241 1224 pecuniam
1264 1181 1416 1223 credidisti.
1439 1185 1508 1225 quid
1532 1194 1596 1225 ergo
1606 1188 1621 1215 ‚J
1640 1192 1725 1225 pecus
1747 1181 1882 1223 abegisti,
1906 1192 1957 1217 ser-

1091 1234 1163 1254 vum
1179 1222 1389 1269 ejusce-cidisti.
1407 1233 1560 1267 argentum
1579 1228 1653 1267 quoti
1669 1226 1731 1265 (ita
1751 1225 1826 1265 legit
1840 1224 1873 1255 V.
1898 1224 1957 1256 CL.

1088 1265 1191 1306 Justus
1217 1264 1357 1312 Lipsius)
1382 1276 1438 1310 non
1465 1277 1588 1305 emeras,
1610 1265 1744 1307 poffiiles:
1776 1265 1960 1306 (estimatione

1089 1306 1189 1345 facia,
1213 1308 1320 1337 debitor
1337 1309 1444 1347 discede
1459 1309 1509 1348 qui
1531 1310 1652 1339 creditor
1666 1317 1794 1338 veneras.
1823 1306 1955 1338 Curiose

1093 1348 1122 1378 ὅ(
1157 1357 1195 1378 ex
1220 1355 1287 1378 arte
1312 1348 1431 1379 Seneca
1457 1357 1549 1380 ctiam
1575 1359 1613 1380 ex
1643 1348 1797 1379 maleficio
1821 1347 1959 1379 admittit

1092 1387 1398 1434 compensationem:
1422 1398 1482 1420 non
1500 1389 1551 1420 ubi
1575 1389 1778 1421 criminaliter
1802 1398 1840 1419 ex
1865 1398 1906 1419 eo
1929 1398 1959 1419 a·

1091 1438 1192 1475 gitur,
1210 1430 1261 1475 sed
1278 1438 1350 1460 cum
1370 1430 1513 1462 civiliter.
1532 1431 1624 1471 plane
1635 1430 1865 1461 convenienter
1884 1430 1958 1461 liuic

1096 1470 1221 1510 Ulpiani
1238 1472 1265 1501 ιί.
1282 1471 1310 1512 §
1332 1481 1355 1501 2.
1379 1470 1520 1514 Quotiens
1544 1481 1579 1503 ex
1601 1471 1738 1511 maleficio
1753 1472 1846 1501 oritur
1862 1470 1955 1509 ufiio,

1094 1518 1212 1551 utputa
1236 1521 1273 1542 ex
1295 1520 1382 1547 causa
1400 1514 1542 1550 furti-va,
1566 1519 1781 1552 caeterorumque
1806 1511 1953 1550 viiiafeficio-

1094 1563 1176 1590 runi,
1196 1551 1223 1590 fi
1237 1554 1269 1582 de
1285 1563 1318 1583 ea
1341 1554 1508 1592 pecuniarie
1523 1555 1639 1594 agitur,
1664 1555 1846 1593 compensatio
1864 1553 1957 1583 locum

1094 1595 1185 1638 habet.
1213 1593 1288 1624 Idem
1304 1592 1342 1634 eft
1355 1618 1363 1630 ‚
1390 1593 1426 1627 ἐξ
1443 1592 1471 1630 fi
1485 1596 1652 1624 condicatur
1669 1603 1704 1625 ex
1728 1593 1956 1632 caufasurtiva.

1095 1636 1149 1666 Sed
1160 1635 1196 1669 ἑὲ)
1210 1637 1261 1675 qui
1275 1636 1489 1674 noxatijoiticio
1505 1636 1691 1672 convenitur,
1708 1634 1957 1673 compensationem

1094 1684 1227 1719 opponere
1239 1675 1337 1720 potest.
1370 1676 1460 1707 Ratio
1485 1675 1671 1708 differentiae
1695 1676 1775 1706 inter
1800 1677 1825 1705 ci
1853 1676 1901 1705 ilia
1927 1675 1957 1706 &

1094 1719 1264 1762 criminalia
1285 1718 1403 1758 judicia
1433 1717 1477 1748 est
1501 1717 1638 1758 optima:
1664 1717 1745 1758 quod
1765 1716 1793 1747 in
1812 1715 1956 1748 civilibus

1095 1760 1124 1790 ὃ(
1143 1760 1329 1799 pecuniariis
1346 1758 1519 1790 aCtionibus
1546 1759 1648 1799 potest
1671 1758 1834 1789 aestimano
1858 1757 1960 1788 mutui

1097 1801 1218 1838 debiti,
1243 1809 1276 1830 ut
1302 1800 1460 1840 utrimque
1486 1802 1597 1841 privati
1623 1802 1784 1831 commodi
1812 1798 1875 1835 cst,
1900 1808 1956 1837 per

1096 1840 1403 1881 compensationem,
1429 1841 1512 1881 quasi
1539 1851 1577 1872 ex
1604 1842 1766 1879 utriusque
1783 1840 1958 1879 conlensu‚

1093 1884 1217 1928 pris-ato
1231 1884 1299 1923 J'ure
1315 1883 1403 1921 tolli,
1428 1883 1514 1914 nullo
1537 1883 1621 1914 tertii
1648 1886 1760 1913 damno
1775 1890 1828 1911 aut
1845 1881 1956 1920 praeju-

1093 1926 1177 1956 dieio
1199 1935 1206 1956 ε
1232 1926 1284 1955 ubi
1309 1933 1385 1955 vero
1410 1924 1448 1954 ab
1474 1932 1606 1964 utraque
1631 1931 1719 1963 pai-te
1750 1922 1880 1953 incurrit
1901 1921 1959 1953 cri-

1094 1966 1184 1998 minis
1209 1965 1407 2006 persecutio3
1444 1973 1545 1996 neutri
1572 1965 1706 1995 debetur
1745 1972 1847 2003 poenae
1879 1963 1957 1993 aesti-

1095 2009 1211 2045 mati03
1237 2006 1287 2038 sed
1308 2005 1489 2047 reipublicae
1508 2005 1638 2037 crimine
1665 2006 1826 2044 utriusque
1843 2004 1918 2034 laesae
1935 2003 1955 2034 l.

1094 2058 1122 2086 9.
1139 2048 1167 2090 §.
1184 2059 1213 2089 5.
1234 2048 1272 2079 D.
1291 2050 1323 2078 cle
1336 2048 1508 2089 publicanis.
1531 2049 1668 2086 ideoque
1693 2055 1801 2077 neutra
1822 2044 1910 2076 alteri
1926 2045 1959 2076 in

1095 2088 1382 2130 compensationem
1407 2088 1521 2120 deduci
1550 2087 1651 2127 porest
1669 2111 1678 2125 ,
1709 2086 1789 2117 salva
1818 2087 1955 2117 utilitate

1095 2132 1293 2162 vindicandoe
1318 2129 1507 2170 reipublicae.
1535 2130 1680 2169 Aliquem
1703 2127 1868 2158 frustretur
1895 2128 1958 2157 hoc

1096 2172 1256 2213 Papiniani
1275 2181 1313 2202 ex
1330 2172 1349 2202 i.
1373 2180 1422 2211 39.
1443 2172 1487 2201 D.
1515 2171 1607 2201 Solut.
1632 2171 1755 2201 matrim.
1782 2168 1855 2199 Viro
1874 2175 1960 2208 atque

1094 2223 1183 2245 uxore
1206 2222 1293 2244 mores
1315 2214 1437 2243 invicem
1462 2213 1677 2249 accusantibus,
1709 2210 1822 2249 causam
1846 2210 1958 2249 repudii
2001 2242 2006 2247 ¹

1095 2255 1194 2295 deiliſje
1209 2261 1362 2294 utrumque
1375 2253 1601 2294 pronunciatum
1610 2250 1694 2292 estid
1711 2253 1752 2282 ita
1763 2252 1958 2291 accipitrem,

1094 2303 1127 2328 ut
1145 2306 1177 2326 eci
1191 2296 1268 2336 tege,
1291 2304 1378 2337 quam
1401 2297 1480 2325 anisio
1505 2298 1748 2334 contempserunt,
1772 2297 1872 2323 neuter
1892 2293 1959 2321 vin-

1095 2339 1222 2369 dicetur:
1245 2340 1327 2377 paria
1345 2337 1419 2366 enirn
1444 2335 1544 2367 delicia
1570 2341 1671 2366 mutua
1685 2334 1847 2375 pensatione
1863 2331 1956 2371 diffol-

1094 2386 1219 2410 vnntnr.
1243 2378 1304 2409 Sed
1322 2378 1435 2414 nolim,
1459 2386 1529 2408 eum
1549 2385 1643 2416 quem
1670 2376 1721 2406 bic
1738 2380 1833 2405 vexet
1850 2374 1956 2411 locus,

1094 2429 1224 2461 putare,
1239 2429 1254 2450 a
1272 2418 1445 2458 Papiniano
1463 2418 1609 2457 disputari
1621 2418 1659 2447 de
1677 2415 1801 2456 publica
1816 2413 1955 2445 criminis

1093 2460 1294 2492 accusatione
1312 2469 1351 2491 ex
1372 2459 1458 2499 Lege
1473 2458 1550 2498 Julia
1563 2459 1601 2490 de
1619 2457 1794 2491 adulteriis,
1812 2454 1957 2494 quamvis

1095 2504 1123 2533 ἂ
1143 2502 1236 2543 Legis
1253 2502 1456 2538 meminerit,
1479 2501 1509 2531 δι
1531 2498 1758 2530 accusationis:
1781 2505 1843 2527 non
1872 2495 1956 2526 enim

1093 2545 1137 2575 ita
1153 2543 1208 2575 est.
1232 2550 1344 2574 contra
1360 2542 1497 2581 pertinet
1515 2540 1581 2581 ejus
1600 2538 1767 2579 disputatio
1782 2545 1904 2567 rantum
1919 2536 1959 2567 ad

1091 2585 1242 2625 judicium
1259 2585 1297 2615 de
1315 2581 1470 2619 moribus,
1494 2580 1643 2620 frequens
1660 2588 1724 2610 tum
1745 2580 1774 2610 ἂ
1795 2577 1960 2616 usitatum,

1097 2626 1164 2666 post
1187 2625 1340 2656 abolitum
1357 2622 1471 2663 l.11.§.
1489 2621 1540 2652 ult.
1562 2622 1594 2651 C.
1613 2623 1644 2650 de
1659 2621 1759 2661 repud.
1773 2619 1807 2651 In
1825 2629 1865 2650 eo
1882 2619 1960 2659 judi-

1097 2668 1164 2704 cio,
1178 2666 1316 2697 divortio
1332 2674 1348 2695 a
1367 2665 1584 2694 viro&nx0re
1600 2661 1704 2700 faelo,
1716 2661 1851 2692 invicem
1870 2668 1959 2699 pete-

1099 2708 1213 2738 bantur
1234 2716 1337 2747 poenae
1363 2703 1462 2745 injusti
1487 2704 1628 2743 repudii,
1655 2704 1698 2734 ob
1713 2702 1810 2733 malos
1832 2701 1960 2732 alterius

1099 2758 1224 2786 mores,
1247 2757 1319 2779 cum
1337 2747 1490 2783 leV1ores,
1509 2754 1574 2775 tum
1592 2743 1767 2785 graviores:
1790 2744 1829 2774 de
1847 2743 1961 2781 quibus

1100 2789 1254 2830 Ulpianus
1264 2788 1470 2829 Fragm.tit.6.
1487 2786 1516 2817 id
1532 2785 1682 2826 judicium
1702 2784 1887 2823 Papinianus
1905 2792 1961 2813 vo-

1100 2838 1151 2862 cat
1177 2830 1423 2865 accusationem,
1447 2827 1595 2868 exemplo
1625 2826 1777 2857 Scaevolae
1803 2825 1820 2856 1.
1843 2834 1893 2865 47.
1917 2824 1962 2855 D.

1102 2873 1193 2904 Solut.
1209 2872 1334 2902 matrim.
1359 2878 1549 2909 quamquam
1567 2867 1642 2900 effer
1663 2867 1818 2906 privatum
1839 2866 1867 2896 <St
1886 2865 1964 2895 civi-

1100 2914 1130 2946 le
1150 2913 1319 2953 judicium:
1351 2910 1427 2942 sicut
1451 2910 1577 2951 querela
1601 2908 1763 2940 inofficiosi
1787 2904 1966 2939 testamenti

1101 2953 1258 2986 accusatio
1281 2953 1459 2993 appellatur
1481 2951 1500 2982 l.
1530 2960 1575 2991 17.
1606 2951 1649 2981 D.
1667 2951 1699 2980 cie
1723 2947 1828 2989 inoffic.
1852 2944 1959 2986 testam.

1101 2995 1135 3027 ln
1152 3004 1192 3026 eo
1209 2994 1305 3034 igitur
1318 2992 1438 3034 judicio
1449 2993 1487 3023 de
1503 2991 1644 3023 moribus
1655 2991 1780 3031 privato
1795 2990 1822 3019 ἂ
1840 2987 1963 3031 ordina-

1100 3039 1166 3074 rio,
1189 3035 1210 3067 fi
1227 3036 1354 3066 maritus
1371 3034 1564 3065 accusaverit
1589 3042 1696 3064 mores
1721 3030 1852 3071 uxoris,
1868 3027 1896 3057 ἂ
1911 3036 1964 3071 ⁸vi-

1102 3078 1196 3109 ciffim
1222 3085 1301 3107 uxor
1325 3075 1516 3107 accusaverit
1541 3083 1646 3104 mores
1666 3071 1741 3108 viri,
1765 3069 1870 3113 petitis
1889 3067 1964 3098 bine

1101 3120 1175 3150 inde
1198 3118 1301 3159 poenis
1325 3115 1454 3148 divortii
1479 3114 1622 3146 civilibus
1646 3114 1675 3145 ἃ,
1700 3110 1881 3155 pecuniariis
1898 3109 1965 3154 3⁴&

1102 3159 1345 3200 pronunciatum
1372 3157 1407 3189 fit
1427 3181 1437 3196 ,
1473 3164 1643 3194 utrumque
1675 3154 1815 3184 divortio
1846 3148 1966 3180 dediss'e

1101 3202 1248 3232 causam:
1279 3199 1364 3231 refte
1391 3205 1481 3239 putat
1502 3196 1688 3236 Papinianus
1706 3215 1715 3230 ‚
1739 3192 1824 3232 paria
1851 3191 1966 3222 deliGa

1099 3249 1208 3275 mutua
1237 3240 1427 3282 pensatione
1449 3236 1590 3272 diffolvi:
1613 3242 1717 3275 eoque
1740 3242 1756 3265 a
1773 3238 1884 3266 neutra
1899 3239 1968 3304 pat:
