2036 3495
163 88 247 120 210'
581 80 614 116 G
644 90 664 113 ε
696 89 718 112 a
752 88 772 111 A
806 88 829 111 R
862 89 886 113 n
919 87 932 112 1

167 172 290 213 semper
307 170 475 204 deducitur
496 169 537 200 de
560 177 601 198 eo
621 166 709 206 quod
731 163 776 196 est
793 165 822 196 in
842 165 1044 197 hereditates

166 214 199 245 in
217 224 296 252 qua,
320 221 353 244 ut
370 213 456 246 dixi,
478 211 612 249 pignora
629 217 692 238 non
712 206 800 244 sunt;
824 215 941 238 caetera
956 208 1042 238 bona

168 255 254 286 sunt:
277 255 415 292 ideoque
440 251 510 282 haec
533 258 598 280 non
623 249 826 279 vindicantur
842 257 858 278 a
877 248 1041 279 creditori-

166 297 226 326 bus
252 295 393 325 debitum
420 290 625 330 petentibu53
658 289 709 320 sed
734 296 867 329 propter
892 290 954 320 hoc
976 289 1043 329 ipse

167 333 359 367 convenitur
376 333 522 370 debitor3
546 340 587 362 ex
611 331 658 362 his
675 333 728 361 aeri
745 330 850 361 alieno
869 329 1042 363 satisfaciu-

167 385 229 407 rus.
273 374 379 414 AEque
397 383 447 404 aut
466 373 564 413 magis
589 373 708 403 clarum
737 370 781 402 est
807 372 940 404 alterum
963 372 1042 404 Maa-

167 415 246 447 ciani
263 422 482 455 argumentum
500 415 530 445 in
549 413 598 445 his
617 414 740 445 verbis:
765 412 840 455 Quae
858 415 944 444 etiam
961 422 1042 444 omne

166 458 302 487 creditum
310 456 381 496 solet
394 456 551 497 praecedere
563 465 646 493 ‚cum
665 457 737 485 bona
746 456 883 494 solvendo
898 464 955 486 non
964 453 1040 493 sint.

163 499 342 530 Maecianus
367 507 432 528 non
456 497 554 535 dicit,
577 495 750 536 impensam
777 495 898 527 funeris
923 505 1039 537 praece-

165 541 241 570 dere
267 548 364 569 omne
390 539 519 579 pignus:
545 537 596 569 sed
621 547 719 569 omne
736 537 903 568 creditum.
927 537 981 568 sub
998 547 1040 568 eo

164 589 245 611 vero
273 581 404 611 nornine
431 578 557 619 proprie
574 580 741 609 exauditur
759 577 923 618 personale
940 578 1041 610 credi-

164 629 244 653 tum.
268 622 286 652 l.
311 630 357 652 11.
372 622 392 654 l.
413 631 459 652 12.
478 621 514 655 &2⁹
530 620 548 650 l.
571 629 616 659 13.
632 618 674 651 D.
692 621 724 651 de
742 621 821 650 verb.
834 618 939 660 signif.
965 628 1042 659 prae-

162 661 267 694 fertur
285 663 380 704 igitur
397 662 517 693 funeris
533 660 690 701 impensa,
714 661 885 692 secundum
914 661 1041 692 Maecia-

162 713 259 741 num,
282 704 430 735 omnibus
449 703 578 734 creditis
605 702 732 733 actione
758 701 910 741 personali
930 710 1041 741 peten-

164 744 294 777 diszsed
309 755 375 776 non
393 744 561 786 praefertur
578 743 762 784 pignoribus
778 744 807 775 &
826 743 1042 784 hypothecis,

163 795 234 827 quae
250 785 320 818 sunt
336 787 402 827 jura
418 785 705 817 creditorumznon
724 784 814 817 solita
831 787 895 824 peti
914 785 1042 816 actione

162 828 195 859 in
214 827 401 868 personam3
420 828 471 858 sed
491 827 617 858 actione
635 826 665 857 in
682 836 759 857 rem.
798 827 844 857 Ac
861 826 986 864 nescio,
1002 835 1041 858 an

162 869 230 901 hoc
254 878 385 910 quoque
410 869 488 900 velit
515 868 630 900 Paulus
654 867 701 898 lib.
724 877 750 899 r.
769 867 900 899 Serzrenr.
925 869 969 898 tit.
985 868 1040 899 ult.

163 910 192 952 ᾗ.
214 914 259 942 16.
284 909 458 954 Quidquid,
475 910 642 950 inquiens,
658 909 797 948 infimus
815 916 970 950 erogatur,
994 911 1039 939 in-

163 959 206 982 τεν
223 961 259 982 aes
273 955 400 983 ahenum
414 952 506 992 primo
528 951 584 982 loco
601 952 762 981 deduciiur.
788 959 820 981 at
836 951 920 982 enim
938 950 1041 982 obstat

162 992 319 1033 Ulpianus
334 994 353 1024 l.
378 1003 423 1031 14.
442 992 461 1034 §
493 1002 518 1024 1.
535 993 565 1023 h.
583 997 606 1022 t.
651 991 717 1024 Nisi
735 992 868 1032 speciale
882 993 929 1032 jus
947 991 991 1023 est
1009 992 1038 1023 in

162 1034 299 1067 invectis
315 1035 345 1067 <St
362 1035 470 1066 illatis:
493 1033 523 1065 in
548 1032 662 1072 quibus
686 1042 758 1064 cum
786 1036 822 1064 ad
842 1034 936 1065 funus
955 1034 1040 1064 veni-

162 1084 233 1115 tur,
256 1086 321 1108 non
346 1077 473 1107 videtur
499 1075 688 1117 hypotheca
715 1074 796 1113 effe,
825 1075 976 1115 quamdiu
999 1084 1040 1106 ex

162 1117 212 1151 his
229 1117 306 1150 nihil
325 1118 466 1159 pignori-s
480 1117 551 1157 jure
567 1115 752 1157 praeclusum
775 1115 829 1147 est.
853 1116 934 1147 adeo
952 1116 1040 1147 colo·

163 1169 208 1191 no
226 1160 277 1192 vel
293 1159 451 1200 inquilino
470 1167 620 1195 mortim,
644 1157 664 1189 fi
683 1167 746 1189 non
764 1158 820 1195 sit,
847 1158 929 1188 unde
946 1156 1038 1188 sune-

161 1208 268 1238 retur,
279 1209 320 1233 ex
338 1200 472 1233 invectis
493 1201 522 1231 ἂι
543 1200 638 1231 illatis
654 1208 725 1230 eum
741 1198 898 1237 funerari,
909 1200 937 1229 ἃ
950 1199 1038 1239 quod

161 1241 353 1283 superfluum
380 1240 581 1279 remanserit,
606 1240 670 1271 hoc
693 1250 751 1281 pro
774 1241 885 1271 debito
912 1240 1040 1280 teneri,

163 1292 205 1315 ne
221 1284 383 1316 miremur.
401 1292 472 1315 nam
492 1283 519 1313 ἃ
538 1282 695 1320 alienare,
719 1290 788 1321 quaa
815 1282 893 1313 velit
906 1304 915 1318 ‚
936 1290 975 1312 ex
993 1282 1040 1313 in-

162 1325 265 1357 <luctis
284 1326 314 1357 &
330 1325 424 1357 illatis
441 1323 563 1364 potest,
589 1332 759 1362 antequam
778 1333 794 1353 a
812 1322 945 1354 domino
962 1332 1040 1363 prae-

162 1366 203 1397 dii
229 1367 370 1408 pignoris
398 1366 467 1406 jure
494 1363 643 1405 praeclusa
669 1364 728 1396 fint
761 1365 778 1395 l.
796 1374 824 1400 9.
847 1364 886 1395 Ι).
908 1364 943 1396 ln
961 1365 1039 1406 quib.

161 1408 239 1447 caus
260 1409 342 1449 pign.
360 1414 418 1440 zac.
443 1407 514 1446 quia
540 1414 613 1437 ante
639 1415 702 1437 non
729 1406 937 1447 intelligitur,
963 1405 1043 1446 quid

162 1458 204 1480 ex
228 1449 276 1481 his
295 1448 433 1490 pignoris
458 1448 527 1488 jure
552 1454 707 1478 teneatur.
746 1446 782 1479 ld
809 1456 888 1478 vero
910 1448 1040 1487 quando

162 1490 240 1529 fiat,
261 1491 300 1522 ab
320 1499 385 1521 uno
404 1489 525 1529 pendet
542 1488 703 1519 locatore:
730 1489 783 1527 qui
809 1487 830 1520 fi
853 1489 885 1519 id
912 1498 977 1520 non
995 1488 1040 1519 fe·

162 1533 225 1569 cit,
251 1534 327 1563 vivo
351 1529 570 1566 condunore;
603 1538 644 1560 eo
671 1538 817 1567 mortuo,
848 1539 912 1561 non
941 1530 1040 1561 debet

163 1581 246 1613 aegre
269 1572 381 1612 ferre,
410 1580 450 1602 ex
476 1570 631 1608 inductis,
665 1569 775 1605 illuns.
800 1571 976 1602 invectisve
999 1570 1040 1602 ad

161 1623 233 1645 eum
253 1612 465 1645 funerandum
482 1612 557 1644 sumi
571 1621 740 1651 ,quantum
759 1611 924 1651 sufficit3fi
940 1613 1038 1643 aliun-

162 1655 202 1686 de
215 1654 353 1687 sustineri
371 1654 419 1686 hae
435 1652 584 1692 impensae
602 1660 773 1693 nequeant.
796 1654 934 1694 imputet
951 1653 1036 1685 enim

159 1696 233 1736 fibi3
257 1706 313 1728 cur
337 1706 401 1728 non
423 1694 561 1736 jufferit,
587 1694 736 1733 inducta,
758 1694 866 1733 illata,
890 1696 1035 1734 invecta‚

156 1738 234 1769 vivo
258 1739 377 1770 colono
397 1745 451 1769 aut
467 1735 644 1778 inquilino,
668 1735 889 1777 pignorisjure
906 1737 1037 1777 praeciu-

156 1778 198 1811 di.
224 1780 313 1820 quod
335 1779 355 1811 fi
380 1778 527 1817 feciffet,
551 1785 592 1809 eo
616 1778 747 1818 invito,
769 1777 893 1810 funeris
909 1777 1037 1819 sumpti-

159 1821 217 1854 bus
232 1831 269 1853 ea
286 1820 362 1853 sumi
378 1830 442 1852 non
459 1818 646 1859 potuiss'ent.

201 1862 315 1895 Tertia
332 1872 401 1904 pars
418 1860 565 1894 Rubricae
592 1860 655 1900 est,
679 1860 726 1893 Ut
750 1860 846 1892 funus
867 1860 985 1893 ducere
1001 1859 1037 1892 li·

159 1912 241 1939 ceat.
273 1904 402 1936 Ducere
421 1902 516 1935 funus
533 1902 597 1941 est,
619 1901 716 1935 funus
733 1902 850 1935 efferre
864 1926 873 1941 ,
897 1910 932 1934 ut
948 1901 1038 1942 supra

159 1945 328 1979 ostensum.
351 1945 388 1977 ad
413 1954 479 1978 rem
511 1943 629 1984 spectat
653 1944 719 1975 hoc
748 1943 874 1985 Ulpiani
890 1944 909 1975 l.
924 1948 973 1985 38.
991 1943 1035 1975 D.

159 1989 189 2020 b.
212 1994 233 2020 t.
256 1988 307 2020 Ne
323 1994 439 2027 corpora
467 1992 518 2018 aul
543 1985 601 2026 offa
623 1991 799 2017 mortuorum
821 1987 1035 2024 detinerentur,

160 2035 213 2062 aaz
235 2035 440 2068 vexarentur,
475 2036 547 2059 neve
574 2027 820 2068 prohiberemur,
854 2037 909 2069 quo
939 2028 1038 2057 minus

160 2073 214 2103 via
223 2071 341 2112 publica
358 2071 607 2110 transferrentur,
628 2075 681 2100 aut
701 2078 755 2110 quo
776 2071 872 2100 minus
888 2067 1036 2109 sepeliren-

160 2119 211 2143 tur
228 2135 239 2148 ,
269 2111 403 2149 Praefidis
433 2112 592 2152 provinciae
618 2109 743 2152 officium
771 2108 820 2150 er.
871 2109 959 2152 Quid
984 2109 1038 2140 hic

160 2153 317 2195 fignificet
342 2152 517 2193 Ulpianus,
555 2151 623 2193 quis
648 2152 759 2184 melius
789 2150 856 2192 ipso
881 2151 1036 2192 interpre-

162 2204 248 2227 tetur
266 2194 429 2235 b‘lpiano?
458 2193 483 2225 is
506 2193 526 2225 l.
547 2204 575 2235 3.
597 2193 625 2235 §.
643 2204 671 2231 4.
695 2193 737 2225 D.
763 2194 794 2224 de
809 2194 953 2234 sepulchro
976 2193 1037 2223 vio·

990 75 1255 113 Noonr
1312 75 1528 111 Corin.

1084 165 1109 197 ri
1132 164 1307 199 contineri:
1339 175 1445 206 eoque
1480 162 1640 203 mandari3
1672 172 1714 196 ne
1746 160 1965 208 detineantur,

1084 215 1138 238 aut
1170 217 1352 247 vexentur,
1385 216 1472 252 neve
1500 206 1730 248 prohibeantur
1754 205 1805 237 via
1834 207 1960 246 publica
2001 220 2003 222 ·

1083 248 1230 281 tranferri
1255 260 1311 291 per
1335 250 1493 280 territoria
1521 248 1732 288 oppidorum:
1764 247 1811 286 ἃ,
1835 247 1853 278 ii
1885 257 1958 288 pro-

1085 289 1254 322 hibeantur
1270 289 1433 322 transferri
1449 298 1503 320 aut
1513 288 1634 329 sepeliri
1645 312 1654 327 ,
1667 287 1806 320 Praefidis
1817 288 1959 324 officium

1085 330 1165 370 esse,
1188 342 1227 363 ne
1244 332 1273 365 id
1295 332 1359 364 fiat.
1381 340 1418 362 ac
1441 340 1481 362 ne
1496 330 1565 370 quis
1589 337 1697 370 putet,
1724 331 1754 360 id
1771 331 1959 371 demumjus

1085 372 1171 410 ess'e,
1190 373 1358 414 impetrata
1376 371 1582 405 translatione
1600 371 1639 402 ab
1659 381 1700 401 eo
1717 370 1769 401 cui
1784 372 1814 403 id
1833 371 1960 412 permit⁴

1085 413 1234 453 tendiJ'us
1258 414 1311 445 iit:
1335 423 1432 455 porro
1458 409 1750 453 subjicitUlpianus
1766 434 1775 450 ,
1802 411 1888 444 idem
1912 422 1961 445 es-

1084 454 1133 493 se,
1156 455 1209 486 etsi
1227 456 1310 487 nulla
1330 456 1401 487 talis
1418 455 1576 495 permiffio
1595 452 1820 485 intervenerit:
1840 453 1962 488 Divum

1083 504 1191 527 autem
1209 496 1358 528 Marcum
1374 495 1574 537 rescripfiise,
1598 494 1726 526 Nullam
1745 503 1874 534 poenam
1896 504 1961 528 me·

1083 535 1175 568 ruiss‘e
1186 546 1242 568 cos
1260 537 1313 577 qui
1330 547 1446 578 corpus
1463 538 1494 568 in
1510 536 1624 568 itinere
1642 536 1782 568 defunffi
1797 546 1853 577 per
1871 539 1962 571 vicos

1084 585 1137 609 aut
1161 578 1317 618 oppidum
1342 585 1602 611 transvexerunt:
1632 579 1775 618 quamvis
1800 578 1871 609 talia
1892 576 1962 614 fieri

1084 618 1148 651 fine
1165 618 1311 660 permiffu
1335 628 1446 652 eorum
1470 620 1583 660 quibus
1602 618 1808 660 permittendi
1830 620 1878 660 jus
1895 619 1961 660 est,

1084 670 1149 692 non
1172 661 1322 692 debeant.
1366 660 1446 692 Haec
1466 684 1476 699 ,
1507 660 1530 692 fi
1553 670 1617 692 non
1637 668 1801 701 perpetuae
1825 661 1963 701 sepultu-

1084 711 1126 733 rae
1144 702 1295 733 traditum
1313 710 1431 742 corpus
1447 701 1500 733 fit:
1524 703 1692 742 quomodo
1715 701 1809 734 etiarn
1828 711 1964 742 accepe-

1086 743 1144 775 rim
1166 743 1185 774 l.
1212 752 1254 775 10.
1281 742 1313 773 C.
1339 744 1365 774 b.
1381 748 1402 773 t.
1425 742 1586 774 Caeterum
1609 743 1653 774 ait
1669 743 1851 775 Marcianus
1871 744 1889 774 l.
1908 753 1962 783 39.

1085 785 1115 818 h.
1130 792 1151 816 t.
1177 783 1283 816 Divos
1300 783 1444 822 Fratres,
1468 783 1585 815 Edicto
1607 784 1822 824 admonuisse,
1847 784 1899 816 Ne
1913 785 1962 825 ju-

1084 826 1137 858 stae
1161 826 1327 867 sepulturae
1353 826 1524 863 traditum,
1547 826 1579 857 id
1598 825 1661 864 est,
1685 835 1725 856 ne
1744 833 1825 857 terra
1849 825 1963 858 condi·

1085 876 1153 899 tum
1171 890 1180 905 ‚
1212 876 1330 906 corpus
1355 866 1560 907 inquietetur.
1605 866 1714 898 Videri
1740 876 1846 899 autem
1879 876 1965 899 terra

1083 908 1270 947 conditum,
1294 909 1323 940 ἀ
1346 906 1367 939 fi
1393 907 1424 939 in
1449 908 1554 939 arcula
1577 908 1744 939 conditum
1767 908 1832 939 hoc
1854 908 1966 941 animo

1084 951 1137 989 sit,
1155 959 1188 981 ut
1206 959 1269 981 non
1289 950 1361 981 alibi
1379 948 1598 981 transferatur.
1620 950 1672 980 sed
1690 950 1827 981 arculam
1846 950 1963 990 ipsam,

1082 991 1103 1023 si
1127 1002 1176 1024 res
1205 990 1311 1032 exigat
1329 1013 1338 1030 ,
1374 991 1405 1022 in
1430 991 1538 1022 iocum
1571 991 1832 1022 commodiorem
1864 990 1962 1024 licere

1085 1033 1275 1071 transferre,
1299 1041 1364 1063 non
1392 1031 1453 1063 effe
1473 1033 1704 1072 denegandum.
1751 1031 1851 1074 Quod
1877 1032 1964 1064 Mar-

1083 1074 1190 1106 cianus
1207 1074 1270 1112 ait,
1293 1074 1326 1105 Si
1349 1083 1393 1104 res
1416 1074 1534 1115 exigam
1557 1074 1588 1104 id
1611 1072 1674 1111 est,
1696 1072 1717 1104 fi
1743 1073 1912 1105 necess'aria
1929 1074 1961 1107 δε

1080 1115 1159 1156 justa
1175 1115 1336 1147 adferatur
1353 1114 1458 1145 causa:
1481 1123 1552 1145 narn
1571 1123 1608 1145 ea
1627 1114 1649 1146 fi
1664 1115 1834 1155 allegetur,
1861 1114 1962 1156 impe-

1084 1159 1155 1188 trari
1181 1158 1345 1188 translatio
1370 1154 1514 1197 corporis
1540 1163 1593 1187 aut
1618 1157 1819 1196 reliquiarum
1836 1156 1963 1197 potest,

1082 1199 1111 1230 <St
1131 1199 1247 1237 debet,
1272 1198 1302 1229 in
1321 1196 1412 1229 Urbe
1430 1198 1560 1236 quidem
1577 1206 1594 1228 a
1612 1196 1761 1238 Principe
1778 1198 1796 1228 l.
1817 1207 1863 1237 14.
1883 1199 1914 1229 C.
1930 1199 1962 1230 h,

1082 1248 1104 1271 ι.
1130 1249 1183 1271 aut
1199 1239 1349 1280 Collegio
1366 1238 1584 1278 l'ontificum3
1608 1239 1639 1270 in
1660 1238 1837 1270 Provinciis
1853 1248 1961 1271 autern

1082 1290 1098 1312 a
1116 1281 1255 1312 Rectore
1274 1281 1292 1311 l.
1316 1289 1339 1311 1.
1357 1280 1389 1311 C.
1403 1281 1430 1310 d.
1447 1287 1467 1311 t.
1486 1281 1517 1311 id
1533 1283 1617 1311 enim
1636 1280 1796 1319 obtinuit,
1821 1281 1961 1319 opinor,

1082 1332 1207 1362 arrepta
1223 1321 1391 1353 occasione
1408 1320 1561 1362 Rescripti
1577 1320 1705 1361 Traiani
1724 1323 1805 1362 apud
1821 1321 1961 1355 Plinium

1082 1364 1126 1396 lz'b.
1150 1373 1197 1395 10.
1216 1361 1307 1404 Epist.
1325 1372 1374 1403 70.
1418 1360 1472 1394 Est
1486 1370 1592 1393 autern
1610 1361 1749 1401 ibidem,
1771 1371 1805 1393 ut
1823 1364 1851 1394 δι
1868 1363 1899 1395 in
1928 1366 1959 1396 d.
1995 1384 1999 1394 ν,
2034 1408 2035 1416 ¹

1082 1406 1100 1436 l.
1123 1414 1148 1436 1.
1172 1405 1353 1445 exemplum
1373 1404 1469 1435 causae
1492 1403 1578 1443 justae
1601 1403 1631 1435 ἃ
1653 1403 1851 1442 neceffariae,
1877 1404 1897 1436 fi
1924 1406 1959 1437 vi

1083 1445 1218 1478 fluminis
1241 1447 1381 1485 reliquiae
1411 1445 1656 1486 contingantur,
1680 1453 1734 1476 aut
1756 1453 1890 1486 propter
1913 1447 1961 1478 in·

1081 1488 1191 1528 juriam
1223 1487 1385 1518 vetustatis
1423 1486 1487 1518 five
1518 1494 1650 1527 propter
1681 1494 1804 1517 metum
1840 1488 1959 1524 ruinae,

1081 1538 1116 1560 ut
1135 1529 1180 1561 est
1198 1529 1280 1565 apud
1298 1527 1427 1559 Paulum
1450 1528 1497 1558 lib.
1516 1537 1541 1558 1.
1567 1528 1695 1558 Samene.
1715 1529 1763 1558 tit.
1782 1536 1830 1558 21.
1855 1529 1883 1558 ἃ
1903 1530 1961 1559 ad-

1082 1570 1128 1602 dit
1151 1570 1292 1607 Paulus3
1329 1570 1416 1610 quod
1448 1571 1492 1600 ob
1521 1568 1679 1600 incursum
1711 1568 1875 1606 fluminis,
1907 1569 1961 1602 vel

1081 1620 1200 1644 metum
1227 1612 1345 1649 ruinae,
1376 1619 1492 1651 corpus
1512 1609 1576 1649 jam
1605 1618 1769 1649 perpetuae
1793 1608 1960 1650 sepulturae

1080 1654 1246 1690 traditum,
1270 1651 1463 1684 solemnibus
1481 1651 1613 1683 redditis
1629 1649 1803 1689 sacrificiis,
1829 1661 1884 1690 per
1901 1661 1960 1684 no·

1080 1695 1162 1726 Elem
1182 1696 1212 1726 in
1229 1694 1322 1725 aliurn
1344 1692 1506 1725 transferri
1522 1692 1630 1723 locum
1648 1692 1762 1732 potest.
1787 1692 1874 1732 plura
1893 1702 1960 1727 non

1079 1735 1249 1767 adscribo:
1278 1736 1352 1776 quia
1377 1735 1439 1774 jam
1469 1734 1644 1774 occupavit
1674 1734 1825 1774 pleraque
1848 1733 1959 1766 Kirch-

1080 1787 1213 1809 mannus
1237 1777 1285 1808 lib.
1304 1786 1335 1817 3.
1363 1775 1410 1807 De
1426 1775 1500 1816 fun.
1516 1774 1601 1806 Rom.
1622 1784 1647 1806 c.
1665 1785 1715 1816 25.
1733 1775 1761 1806 ὅ(
1782 1773 1961 1809 Gutherius

1079 1819 1128 1850 Ia'b,
1148 1829 1175 1850 2.
1200 1818 1247 1850 De
1261 1824 1320 1850 vet.
1335 1818 1395 1858 jur.
1414 1817 1549 1857 Pontific.
1572 1826 1596 1848 c.
1612 1825 1643 1853 9.

1120 1859 1193 1892 Fuit
1211 1861 1241 1891 ὅ(
1257 1860 1315 1891 alia
1330 1869 1395 1890 non
1413 1857 1599 1900 infrequens
1615 1858 1751 1889 vexandi
1778 1858 1958 1891 detinendi·

1081 1911 1145 1942 que
1162 1902 1324 1932 cadaveris
1343 1901 1451 1939 causa,
1475 1907 1650 1941 praetextus
1673 1899 1795 1930 debiti:
1818 1900 1958 1932 credito-

1079 1954 1112 1975 re
1130 1950 1262 1984 petente
1280 1941 1471 1974 solutionem
1485 1965 1495 1981 ‚
1517 1941 1569 1973 vel
1593 1939 1705 1981 pignus
1718 1963 1727 1978 ,
1752 1942 1802 1972 vel
1829 1940 1959 1981 fidejus·

1080 1986 1182 2022 sores,
1201 1984 1314 2025 quibus
1331 1985 1371 2015 de
1389 1984 1501 2015 debito
1515 1982 1608 2014 fieret
1622 1983 1813 2013 securusmc
1830 1983 1959 2022 nescio;

1080 2036 1118 2058 an
1139 2023 1276 2056 voluerit
1294 2024 1448 2065 Ulpianus
1467 2034 1506 2056 ne
1524 2024 1575 2056 illa
1602 2025 1732 2054 vexatio
1750 2022 1957 2061 admittatur,

1080 2068 1119 2099 ad
1135 2076 1241 2099 cur-arn
1252 2066 1391 2099 Praesrdis
1408 2067 1577 2106 pertinere.
1601 2063 1754 2096 Meminit
1767 2064 1853 2096 istius
1864 2074 1958 2096 vexa-

1081 2109 1176 2141 tionis
1196 2108 1395 2147 Ambrosius,
1419 2107 1466 2139 De
1486 2106 1591 2145 Tobia,
1615 2116 1640 2137 c.
1664 2115 1708 2137 10.
1734 2107 1771 2137 a'c
1794 2105 1957 2146 prohibita

1080 2150 1325 2190 improbamque
1350 2150 1478 2180 tandem
1495 2158 1511 2179 a
1528 2147 1649 2188 justino
1669 2147 1688 2177 l.
1703 2151 1733 2177 6.
1754 2146 1787 2178 C.
1807 2149 1840 2178 de
1858 2149 1956 2188 sepul-

1080 2193 1144 2223 chro
1161 2191 1284 2222 violato:
1309 2199 1343 2222 ut
1356 2190 1559 2223 observatum
1575 2198 1592 2221 a
1611 2187 1774 2220 Gutherio
1789 2188 1837 2221 lib.
1852 2199 1883 2231 3.
1908 2188 1962 2221 De.

160 2237 219 2268 lato
244 2236 467 2276 ait,.corpora
490 2244 689 2266 mortuorum
716 2245 779 2266 non
807 2242 970 2276 perpetuae
993 2234 1036 2265 se·
1074 2234 1137 2276 jur.
1157 2242 1235 2266 man.
1254 2241 1279 2264 c.
1297 2243 1347 2264 22.

160 2279 296 2320 pulturae
313 2277 426 2311 tradita
443 2275 530 2319 posse
547 2276 728 2316 transferri,
745 2276 860 2308 Edicto
879 2275 921 2308 D.
940 2276 1036 2307 Seve-

799 2361 1147 2395 T1Tutus

1203 2358 1326 2394 VIII.

643 2436 693 2472 De
719 2445 834 2472 mortuo
860 2436 1016 2484 inferendo
1042 2432 1084 2475 &³
1100 2432 1262 2482 sepulchro
1287 2434 1476 2480 aedificando.

178 2527 194 2604 Ι
227 2527 241 2602 Ι
263 2527 328 2567 ujus
343 2525 447 2558 Tituli
463 2524 514 2567 qui
534 2524 578 2557 est
595 2524 702 2563 portio
719 2524 907 2565 superioris,
930 2532 1036 2565 partes

200 2596 203 2598 Α
277 2569 345 2599 dnae
368 2568 453 2598 sunt:
477 2577 538 2599 una
562 2567 607 2598 cst
631 2567 668 2598 de
694 2576 824 2598 mortuo
846 2566 1036 2604 inferendo,

165 2611 265 2642 altera
280 2611 320 2640 de
340 2608 505 2649 sepulchro
523 2608 725 2640 aedificando.
748 2610 786 2639 ad
803 2609 942 2649 priorem
967 2617 1036 2648 per·

165 2652 247 2683 tinet
264 2650 397 2690 sequens
412 2649 614 2682 interdictum
630 2659 671 2681 ex
687 2651 705 2681 l.
721 2659 745 2681 1.
764 2651 791 2681 b.
810 2656 831 2681 t.
857 2649 924 2695 Quo
940 2658 1036 2691 quave

163 2693 209 2725 illi
224 2698 371 2724 mortuum
387 2691 491 2728 inferre
508 2694 602 2723 invito
625 2697 651 2721 te
670 2692 721 2733 jus
736 2690 792 2731 est,
815 2701 869 2733 quo
884 2692 979 2722 minus
993 2690 1037 2722 illi

164 2744 196 2766 eo
212 2743 281 2765 eave
296 2737 441 2764 mortuum
457 2732 582 2772 inferre,
606 2733 643 2768 δέ)
659 2735 699 2764 ibi
707 2733 828 2773 sepelire
850 2733 951 2771 liceat,
976 2734 1037 2762 vim

157 2776 229 2817 fieri
245 2781 318 2806 veto.
365 2772 441 2805 Hoc
464 2774 662 2806 interdictum
688 2773 935 2814 prohibitorium
954 2772 1038 2812 effe,

166 2818 270 2859 palam
291 2814 336 2847 est
353 2816 380 2846 d.
396 2814 413 2845 l.
435 2823 459 2845 ι.
481 2814 509 2854 §.
526 2825 553 2852 4.
570 2824 700 2847 vetante
719 2815 876 2853 Praetore,
902 2816 965 2846 vim
984 2814 1039 2845 fie-

163 2860 190 2892 ri
207 2856 351 2895 volenti,
375 2862 536 2886 mortuum
560 2855 677 2888 inferre
700 2857 730 2888 δε
746 2857 876 2898 sepelire
898 2856 960 2895 ibi,
983 2855 1037 2887 ubi

166 2900 260 2941 e-ijus
284 2899 320 2931 fit
337 2896 456 2929 inferre
480 2896 510 2927 ἃ
537 2896 685 2935 sepelire,
708 2898 812 2929 invito
835 2897 1037 2939 prohibente.

166 2941 240 2974 Nec
256 2949 352 2980 quem
369 2938 496 2975 turbet,
520 2937 606 2977 quod
623 2937 822 2977 sepulchrum
840 2949 905 2971 non
924 2939 969 2971 est
982 2948 1037 2970 no-

167 2982 370 3015 stri-dominii
388 2979 409 3011 l,
427 2989 453 3011 l.
471 2977 513 3010 D.
534 2978 680 3018 Siservit.
698 2981 809 3012 vindic.
828 2982 895 3013 imo
912 2980 956 3012 est
972 2980 1039 3012 nul-

165 3025 225 3056 lius
242 3026 273 3054 in
290 3021 381 3054 bonis
403 3021 423 3053 l.
438 3024 467 3052 6.
492 3019 521 3061 ὃ.
538 3030 576 3065 2..
593 3018 635 3050 D.
658 3021 691 3049 de
707 3029 762 3052 rer.
779 3022 865 3061 divifi
908 3021 1041 3054 Etenim

168 3066 253 3096 bene
275 3065 304 3095 ὅ(
323 3073 398 3095 vere
416 3061 522 3103 potest
548 3061 609 3092 dici
621 3083 630 3098 ,
653 3061 742 3100 quod
758 3070 854 3093 nemo
872 3063 978 3103 potest
995 3063 1040 3094 se·

167 3107 336 3147 pulchrum
360 3104 444 3136 suum
468 3101 628 3134 vindicare
648 3101 716 3141 iure
743 3101 902 3142 dominii3
931 3106 1039 3136 necin

168 3157 211 3179 eo
229 3147 344 3178 babere
364 3147 411 3186 jus
428 3144 606 3182 alienandi,
629 3152 682 3174 aut
699 3142 727 3173 ei
745 3143 930 3188 imponendi
946 3145 1039 3177 servi-

169 3196 291 3221 tutem:
313 3197 386 3221 cum
406 3187 442 3219 sit
459 3186 600 3220 humano
619 3192 815 3219 commercio
838 3192 1038 3225 exemptum.

1079 2522 1132 2555 sed
1157 2532 1221 2555 non
1243 2532 1337 2564 aeque
1357 2521 1462 2562 potest
1489 2522 1571 2560 dici,
1595 2521 1683 2562 quod
1708 2531 1803 2553 nemo
1829 2520 1961 2553 idcirco.¹

1078 2563 1186 2606 potest
1210 2564 1329 2596 habere
1357 2564 1405 2604 jus
1428 2564 1466 2595 ad
1493 2563 1669 2595 illationem
1700 2564 1730 2595 ἂ
1761 2563 1961 2603 sepulturam-

1079 2605 1194 2638 mortui
1211 2607 1242 2638 in
1259 2605 1447 2645 sepulchro,
1465 2604 1630 2645 ipsumque
1647 2605 1686 2636 ad
1703 2604 1837 2636 heredes
1855 2612 1963 2636 trans-⁴

1078 2650 1218 2680 mittere.
1262 2646 1326 2678 Res
1343 2654 1430 2678 certa
1447 2645 1477 2677 in
1494 2646 1514 2677 l.
1533 2657 1562 2685 4.
1580 2646 1612 2677 C.
1631 2647 1664 2677 de
1677 2645 1819 2688 religiosis.
1852 2645 1892 2676 Et
1910 2646 1955 2677 le·

1078 2690 1163 2731 gitur
1185 2688 1214 2720 in
1232 2688 1250 2719 l.
1272 2697 1318 2725 14.
1335 2688 1367 2718 C.
1391 2687 1559 2729 delegatis,
1585 2687 1801 2719 Monumenta
1824 2686 1954 2727 quidem

1080 2730 1175 2772 legari
1199 2739 1264 2761 non
1295 2728 1403 2770 poffe,
1426 2728 1626 2760 manifestum
1656 2729 1744 2761 effe:
1774 2729 1822 2769 jus
1849 2732 1955 2760 autem

1080 2779 1243 2804 mortuum
1268 2769 1426 2802 inferendi
1453 2771 1577 2812 legare,
1601 2769 1761 2802 neminem
1780 2769 1960 2810 prohiberi-1

1081 2813 1239 2844 Praeterea
1261 2812 1305 2843 ait
1323 2810 1479 2853 Ulpianus
1506 2813 1525 2843 l.
1541 2822 1591 2853 33.
1618 2812 1660 2843 D.
1685 2813 1718 2842 de
1744 2810 1897 2852 religiosis,
1923 2808 1962 2842 Sirv

1081 2854 1151 2895 quis
1174 2853 1235 2886 fuit
1257 2852 1369 2892 heres,
1392 2853 1508 2886 deinde
1533 2853 1692 2885 hereditas
1717 2854 1746 2884 ei
1775 2853 1878 2884 ablata
1899 2852 1958 2890 fit,

1081 2896 1180 2937 magis
1199 2894 1280 2934 effe,
1304 2902 1338 2926 ut
1354 2904 1454 2936 penes
1468 2904 1540 2927 eum
1554 2895 1621 2935 jura
1645 2893 1883 2935 sepulchrorum
1908 2902 1961 2924 re-

1079 2944 1240 2970 maneant.
1282 2935 1394 2968 Paulus
1411 2946 1543 2978 quoque
1562 2935 1710 2967 observat
1725 2936 1745 2968 l.
1762 2945 1811 2974 42.
1837 2936 1882 2965 L).
1905 2932 1963 2967 Ad*

1083 2979 1232 3010 Senarusc.
1251 2977 1367 3009 Trebell.
1386 2977 1544 3010 Restituta
1558 2977 1756 3014 hereditate,
1770 2977 1837 3020 jura
1854 2973 1957 3015 sepul·

1081 3020 1231 3052 chrorum
1250 3020 1331 3060 apud
1351 3019 1504 3051 heredem
1521 3028 1694 3051 remanere.
1732 3017 1777 3049 Ut
1792 3017 1885 3056 igitur
1902 3025 1959 3046 ne-

1081 3063 1148 3104 gari
1163 3068 1318 3102 nequeat,
1345 3060 1546 3102 sepulchrum
1572 3069 1636 3092 non
1661 3059 1724 3091 esse
1747 3059 1777 3088 in
1797 3064 1956 3101 commer-

1082 3102 1154 3142 cio,
1178 3113 1285 3144 eoque
1300 3104 1401 3135 modo
1421 3101 1483 3134 esse
1498 3102 1633 3135 nullius:
1666 3099 1869 3132 mhilormnus
1893 3106 1958 3138 po-

1083 3144 1142 3177 test
1158 3144 1226 3186 quis
1249 3145 1367 3176 habere
1387 3145 1435 3185 jus
1451 3143 1608 3175 inferendi
1632 3144 1663 3174 in
1681 3139 1900 3178 sepulchrum3
1923 3139 1955 3170 ὃς

1080 3186 1147 3219 hoc
1161 3187 1265 3220 modo.
1278 3187 1310 3219 id
1326 3186 1412 3229 quafi
1427 3185 1516 3218 suum
1532 3185 1651 3218 dicere.
1691 3179 1787 3213 Enim
1807 3181 1956 3253 verotien-
