2036 3495
166 152 240 188 830
585 134 621 170 G
651 143 673 169 i:
705 139 728 166 n
763 138 784 167 A
814 140 839 166 it
869 138 896 165 n
926 137 942 164 1

173 238 258 264 mam
274 237 282 261 ε
311 232 464 263 contenta
488 222 622 257 naturali
653 220 865 262 simplicitate.
899 217 1017 250 Addidi
1033 237 1044 254 ,

173 271 263 311 quod
280 273 325 304 est
341 273 432 303 bonae
448 264 590 298 fideizfic
605 262 689 296 enirn
709 270 842 293 vocatur
857 261 886 303 §.
902 265 950 295 28.
971 258 1045 298 Inst.

174 315 209 344 de
218 311 350 344 actionib.
369 312 398 341 ἀ
416 309 460 340 est
470 306 569 345 ratio;
586 305 673 347 quod
683 304 722 335 ab
732 312 870 344 utroque
886 303 985 334 latere
1001 300 1046 332 est

173 354 400 393 obligatorias:
427 350 534 390 quales
552 346 734 379 contractus
750 346 833 390 bona
850 343 913 375 fide
934 351 1046 387 regun-

175 401 237 425 tur.
260 395 383 425 Caetera
400 390 597 423 definitionis
615 389 711 420 verba
728 385 1045 424 evincunt,locatio·

173 443 249 466 nem
264 435 295 465 dt
313 432 565 465 conductionem
582 429 753 462 consistere
769 438 810 459 ex
830 427 947 458 tribus:
960 433 1046 457 nem-

172 484 216 516 pe
233 485 273 507 ex
288 475 457 513 consensu,
473 474 643 510 mercede,
667 472 746 503 item
764 468 818 500 usu
835 468 881 500 rei
899 476 953 499 aut
969 475 1047 507 ope-

173 526 219 548 ra:
236 515 375 557 ideoque
391 516 452 547 dici
471 516 510 547 ab
528 513 668 554 Ulpiano
685 514 703 543 ι.
715 523 744 544 2.
763 511 825 543 lm.
845 510 1023 551 proximam
1035 530 1046 546 ,

173 558 238 589 hoc
260 557 323 596 est,
347 557 496 595 similem,
523 555 681 595 emptioni
707 555 739 585 δε
761 551 961 589 venditioni,
983 549 1044 580 his-

174 600 313 639 demque
327 599 403 639 juris
421 597 536 640 regulis
551 595 732 628 consistere.
771 593 796 624 E
816 602 851 624 re
866 593 946 632 erit,
975 590 1046 622 haec

174 644 286 682 paucis
301 640 519 672 demonstrari.

218 682 324 714 Prima
340 681 511 714 similitudo
526 675 669 720 Ulpiano
684 677 741 709 d.l.
753 687 780 709 2.
791 676 860 707 haec
874 674 938 706 est:
959 673 1046 714 quod

171 731 210 755 ut
226 724 350 764 emptio
368 724 397 755 ὅ(
416 722 561 754 venditio
580 722 624 752 ita
640 719 859 755 contrahitur,
881 716 903 748 fi
923 716 962 746 de
978 724 1046 759 pre5

172 766 222 797 tio
239 766 444 797 convenerit:
466 763 507 795 fic
530 762 651 793 locatio
671 761 701 792 ἀ
717 758 888 791 conductio
901 755 1046 788 contrahi

171 806 378 848 intelligitur;
401 806 422 837 fi
440 806 479 836 de
495 803 645 836 mercede
662 800 865 833 convenerit.
882 796 1045 841 perficitur

172 847 270 888 igitur
292 848 379 880 nudo
396 846 566 883 consensu3
590 844 708 885 pariter
730 849 765 873 ut
788 848 911 882 emptio
934 840 1045 870 vendi-

172 892 237 920 tio:
260 898 333 920 cum
355 896 490 928 uterque
514 885 694 918 contractus
715 883 751 915 fit
768 882 915 914 naturalis
930 881 961 912 ἃ
976 889 1046 912 om·

170 930 259 962 nium
276 930 439 971 gentium3
462 937 569 969 eoque
586 935 647 959 nec
671 925 787 963 verba,
812 933 872 955 nec
887 923 980 955 aliam
998 921 1045 952 so-

171 970 370 1004 lemnitatem
394 969 570 1002 desideret:
592 977 629 1000 ut
652 966 742 1000 latius
761 966 911 997 traditum
929 963 1044 1003 superi-

169 1013 319 1045 orelibro
338 1013 386 1043 tit.
409 1022 434 1043 1.
452 1011 597 1044 Tantum
620 1017 706 1041 nunc
720 1008 851 1039 addam:
874 1005 962 1046 quod
981 1012 1043 1034 nec

170 1053 273 1086 refert
298 1054 472 1085 locationis
496 1053 527 1085 &
551 1050 795 1088 conductionis3
818 1055 921 1079 utrum
940 1045 1043 1086 palam

171 1095 209 1127 fit
231 1095 417 1127 consensum
436 1118 446 1134 ‚
477 1104 516 1127 an
541 1091 664 1125 tacite:
695 1099 765 1122 nam
788 1090 841 1121 vel
866 1089 929 1119 hoc
953 1086 1043 1125 fieri,

172 1137 309 1209 {meme
335 1136 476 1169 ostendit
500 1136 653 1177 Ulpianus
675 1132 696 1164 l.
716 1141 764 1173 13.
781 1130 811 1172 §.
834 1139 881 1162 11.
898 1128 934 1163 ἃ
951 1128 971 1159 l.
995 1135 1044 1167 14.

212 1220 359 1253 Alterum
377 1228 442 1260 quo
461 1218 585 1251 locatio
603 1213 776 1248 conduffio
795 1211 951 1253 emptioni
968 1220 1045 1243 ven-

173 1261 288 1293 ditioni
314 1261 513 1298 affimilatur‚
544 1258 591 1291 est
616 1266 750 1289 merces.
774 1263 845 1286 nam
867 1260 902 1284 ut
923 1254 1047 1294 emptio

172 1304 322 1335 venditio
347 1303 410 1335 fine
434 1301 556 1343 pre-tio,
581 1300 623 1332 fic
645 1298 764 1331 locatio
786 1294 956 1327 conductio
983 1294 1046 1325 fine

170 1344 345 1384 mercede,
361 1343 444 1375 nulla
454 1342 516 1374 est:
532 1341 683 1381 resteque
699 1345 794 1379 negat
809 1337 940 1374 Paulus,
957 1334 1046 1368 istam

171 1385 321 1417 contrahi
338 1383 520 1416 donationis
541 1382 632 1414 causa
646 1382 725 1420 ΑΜ.
742 1380 770 1421 §.
792 1388 817 1410 1.
836 1377 879 1409 D.
896 1378 922 1408 h.
941 1382 962 1408 ι.
979 1377 1045 1408 imo

173 1424 330 1467 Ulpianus
347 1426 366 1457 l.
384 1429 434 1466 46.
457 1425 518 1465 (de
542 1433 603 1464 qua
635 1423 725 1462 plura
739 1421 886 1461 superiore
908 1419 979 1449 libro
997 1420 1044 1450 tit.

174 1467 224 1508 1.)
248 1468 384 1509 Siquis,
408 1466 531 1507 inquit,
556 1465 727 1495 conduxerit
746 1471 862 1492 nummo
878 1469 956 1498 uno,
980 1469 1045 1491 con-

173 1508 272 1540 duffio
287 1508 370 1538 nulla
386 1505 444 1546 est:
466 1505 639 1547 praefatus,
655 1504 744 1545 quod
763 1502 801 1538 ὅ)
817 1501 867 1533 hoc
883 1502 1045 1532 donationis

172 1548 266 1590 instar
280 1550 401 1580 inducit.
417 1546 491 1579 Nec
503 1555 609 1578 tamen
621 1546 654 1578 id
665 1545 787 1583 obstat,
803 1552 867 1585 quo
882 1542 984 1574 minus
998 1541 1041 1574 iic

171 1590 261 1622 reste
283 1590 368 1621 idem
389 1588 505 1620 scribat
521 1588 541 1620 l.
559 1598 590 1628 5.
608 1587 635 1619 b.
654 1593 676 1618 t.
702 1586 738 1618 Si
760 1587 812 1617 tibi
836 1585 1041 1616 habitationem

172 1631 320 1670 locavero,
331 1640 399 1662 mox
409 1629 571 1672 pensionem
585 1630 731 1660 remittam
742 1650 752 1666 ,
774 1636 812 1657 ex
827 1626 915 1657 locato
932 1624 1041 1660 &con-

172 1671 257 1705 ducto
273 1674 416 1714 agendum
429 1673 495 1703 erit.
519 1670 677 1712 Loquitur
690 1669 775 1701 enim
791 1667 845 1699 hic
860 1668 900 1699 de
909 1667 1044 1698 locatio-

171 1724 214 1747 ne
237 1713 277 1745 ab
302 1714 395 1746 initio
420 1713 564 1754 perfecta
580 1735 591 1752 ,
613 1721 679 1744 non
696 1710 834 1742 donandi
862 1709 988 1747 animo,
1011 1715 1045 1739 ut

170 1755 283 1796 supra,
298 1755 359 1788 'sed
386 1754 593 1798 negotiandi:
616 1752 672 1785 etii
696 1761 794 1790 mox,
818 1751 850 1781 id
867 1749 932 1788 est,
955 1749 1044 1790 post,

172 1807 217 1831 ex
241 1797 436 1837 intervallo,
451 1795 575 1830 remissa
592 1794 701 1836 penfio
711 1793 757 1826 fit.
780 1791 843 1824 fuit
857 1791 954 1832 igitur
970 1800 1047 1823 con-

169 1840 289 1873 tractus
306 1839 346 1872 ab
362 1838 456 1871 initio
473 1836 653 1880 perfectus:
668 1842 766 1876 atque
776 1843 817 1866 ex
833 1842 874 1878 eo
884 1833 1045 1873 utrimque

168 1889 245 1915 nata
254 1881 411 1922 obligatio
426 1881 457 1912 δι
475 1879 573 1911 aetio:
588 1887 650 1911 nec
660 1878 705 1909 est
722 1886 778 1908 cur
793 1884 829 1907 ea
845 1876 967 1905 idcirco
985 1873 1047 1905 effe

167 1922 310 1963 defluat,
325 1923 415 1963 quod
431 1920 554 1953 remiss'a
571 1919 680 1961 penfio
695 1917 776 1950 fuit:
793 1916 866 1958 quia
881 1924 940 1947 nec
957 1914 978 1946 fi
999 1914 1047 1946 so·

168 1964 238 1996 luta
255 1963 309 2004 fit,
323 1964 386 1996 ess'e
401 1963 524 1996 definit.
540 1961 571 1994 ὅ(
585 1961 663 2003 quid
678 1958 829 1997 interest,
845 1965 951 1989 utrum
969 1955 1050 2001 solu·

169 2011 204 2037 ta
228 2005 286 2044 fit,
309 2014 348 2037 an
372 2004 514 2037 remissa:
538 2011 613 2035 cum
637 2002 668 2034 &
690 2000 828 2034 remisfio
855 2008 914 2040 pro
930 1996 1049 2029 satisfa-

170 2047 299 2086 ctione,
321 2047 373 2078 seu
387 2046 548 2078 solutione
567 2044 662 2077 cedat
676 2043 696 2075 l.
714 2052 766 2085 52.
782 2041 827 2073 D.
843 2039 973 2081 desolat.

210 2087 376 2129 Superiori
384 2087 579 2120 similitudini
593 2086 720 2118 accedit
731 2108 742 2125 ,
757 2083 847 2125 quod
864 2090 899 2114 ut
908 2081 1048 2122 pretium

167 2130 203 2162 in
228 2129 394 2171 emptione
419 2130 610 2161 venditione
635 2127 735 2160 debet
759 2131 883 2157 certum
900 2122 980 2162 effe;
1002 2122 1046 2154 fic

169 2178 307 2213 oportet
323 2171 508 2204 mercedem
523 2170 555 2202 in
571 2169 733 2201 locatione
749 2165 965 2199 conductione
982 2163 1045 2196 effe

169 2220 313 2246 certam:
335 2212 400 2245 five
415 2213 547 2244 nomine
570 2211 645 2250 suo,
667 2209 733 2242 five
753 2218 794 2241 ex
809 2215 897 2239 certa
913 2207 1046 2254 demon-

170 2254 344 2287 stratione:
369 2253 470 2296 qualis
487 2253 532 2285 est
543 2276 552 2291 ,
567 2252 721 2285 fimerces
737 2249 843 2282 alieno
861 2248 994 2280 arbitrio
1010 2247 1046 2280 fit

171 2295 334 2329 commiffa
350 2296 368 2327 l.
388 2305 437 2336 25.
458 2295 502 2326 l).
522 2294 560 2330 ὅ)
574 2294 602 2368 ξ.
624 2303 650 2326 1.
667 2290 739 2332 ΙηΙί.
755 2292 784 2323 h.
801 2296 824 2322 t.
843 2290 917 2323 Hoc
938 2288 1047 2331 ampli·

170 2345 209 2383 us
227 2337 325 2369 debet
340 2346 465 2369 merces
481 2336 581 2368 consil
597 2344 651 2367 ere
668 2335 699 2366 in
718 2332 855 2376 pecunia
872 2339 1046 2365 numerata.

171 2378 313 2419 alioquin
332 2378 378 2411 est
397 2378 581 2411 contractus
597 2376 814 2409 innominatus
823 2375 866 2407 do
877 2381 912 2405 ut
928 2372 1048 2411 facias3

171 2418 290 2451 locatio
314 2419 488 2453 conduCtio
513 2428 579 2451 non
602 2417 673 2451 est:
706 2416 997 2459 quemadmodum,
1027 2414 1048 2446 fi

173 2462 313 2501 pretium
328 2464 372 2494 rei
383 2468 500 2503 emptae
510 2459 696 2493 confistatin
713 2458 849 2501 pecunia
866 2463 1048 2496 numerata,

173 2500 223 2546 es?
245 2504 366 2543 emptio
391 2503 557 2541 venditio,
591 2502 732 2542 alioquin
754 2499 936 2533 contractus
958 2499 1049 2530 inno-

174 2550 312 2575 minatus
329 2545 371 2576 do
394 2552 430 2577 uc
452 2546 519 2577 des.
543 2543 622 2576 Hoc
635 2543 736 2575 modo
753 2541 869 2574 Paulus
886 2541 905 2572 l.
922 2551 953 2582 5.
968 2540 997 2582 ὃ.
1020 2548 1047 2571 1.

175 2582 222 2617 D.
239 2584 274 2614 de
283 2585 442 2627 praescript.
467 2587 546 2618 verb.
572 2584 728 2626 Ulpianus
752 2584 773 2616 l.
793 2593 818 2616 1.
836 2583 864 2625 §.
881 2592 911 2620 9.
928 2581 971 2613 D.
989 2580 1049 2613 De·

170 2622 268 2699 ssfiti.
285 2625 314 2656 &
330 2626 402 2665 post
417 2635 588 2669 utrumque
601 2626 828 2667 justinianus§.
844 2635 873 2657 2.
891 2622 966 2664 lnfi.
982 2625 1010 2654 h.
1025 2627 1048 2655 t.

211 2665 238 2698 st
253 2673 360 2698 tamen
384 2666 544 2708 scrupulus
567 2669 599 2701 in
620 2668 641 2699 l.
668 2676 719 2699 21.
736 2666 770 2698 C.
788 2667 816 2698 b.
833 2673 855 2698 τ.
873 2666 961 2704 qu'us
978 2664 1048 2695 haec

176 2708 280 2740 verba
294 2706 381 2739 sunt:
406 2708 438 2738 Si
452 2710 503 2740 olei
528 2716 606 2742 certa
624 2710 832 2748 ponderatione
842 2706 961 2747 frustm
976 2706 1050 2737 anni

178 2746 298 2790 locasti,
319 2749 353 2780 de
377 2749 526 2781 contrassu
546 2750 691 2792 bonafide
704 2750 799 2782 habito
810 2755 929 2791 propter
949 2748 1050 2788 hocse-

180 2793 243 2824 lum
253 2813 263 2830 ,
275 2790 350 2831 quod
365 2789 438 2821 alter
452 2791 584 2831 majorem
605 2792 709 2824 obtulit
716 2792 967 2833 ponderationem,
977 2798 1051 2820 rece·

182 2835 221 2878 di·
231 2842 289 2863 non
304 2835 418 2872 oportet.
440 2830 503 2862 Sed
522 2832 704 2874 videamus3
719 2842 759 2865 ne
775 2832 806 2865 in
823 2832 926 2864 fundo
952 2830 1051 2872 speci-

181 2876 274 2907 aliter
289 2873 327 2904 sit
343 2879 509 2913 receptum
521 2871 633 2905 favore
649 2876 693 2906 rei
709 2874 892 2913 rusticae3ut
909 2874 935 2905 is
956 2872 1051 2915 poffit

182 2917 282 2950 locari
299 2923 362 2945 non
379 2913 478 2945 modo
493 2914 649 2952 nummis,
664 2915 716 2947 sed
734 2917 829 2948 etiam
848 2923 935 2947 certa
953 2923 1050 2956 quan·

182 2959 277 2991 titate
292 2954 455 2987 fructuum
471 2964 513 2986 ex
527 2963 563 2986 ea
572 2953 817 2997 nasciturorum,
833 2957 923 2989 verbi
940 2955 1051 2998 gratia,

183 3006 276 3032 certo
286 2999 431 3038 pondere
448 2995 524 3027 olei.
546 2994 618 3027 Nec
634 2996 728 3027 audio
743 2998 924 3031 Accurfium
935 3022 945 3037 ,
967 2997 1051 3030 Glos-

178 3044 218 3083 sa
233 3041 270 3072 ad
287 3040 315 3071 d.
341 3039 361 3069 l.
381 3047 430 3070 21.
449 3036 675 3076 aestimantem,
699 3036 730 3068 in
755 3048 791 3069 ea
807 3049 872 3072 non
889 3039 952 3072 effe
967 3039 1051 3071 loca-

173 3083 309 3125 :tionem
328 3079 596 3118 conductionem,
618 3077 671 3110 sed
695 3080 892 3113 contractum
916 3080 1053 3113 innomi-

184 3131 306 3156 natum.
329 3122 467 3162 primum
483 3121 569 3152 enim
587 3128 646 3160 pro
665 3119 826 3151 locatione
841 3121 1054 3154 conductione

186 3164 268 3197 facit
291 3162 430 3194 Rubi-ica
447 3186 458 3202 ,
488 3161 536 3193 De
558 3162 647 3193 locato
671 3160 708 3195 δ”
732 3159 884 3192 conducto:
916 3161 969 3193 sub
992 3172 1053 3204 qua

189 3204 294 3249 posita
308 3203 360 3248 lex
376 3204 431 3235 est.
453 3203 596 3242 accedit,
618 3203 706 3245 quod
729 3201 912 3234 contractus
933 3211 999 3243 quo
1014 3204 1053 3235 de

187 3248 310 3291 agitur,
332 3253 365 3277 in
378 3254 415 3278 ea
430 3245 502 3287 lege
526 3245 648 3278 locatio
666 3251 812 3283 vocatur.
847 3243 936 3279 Alius
960 3243 1055 3279 adde-

1000 126 1268 164 Noon'r
1324 129 1549 170 Coun,

1087 221 1154 260 ret,
1178 218 1266 258 quod
1283 220 1308 251 is
1325 219 1421 255 etiam
1438 221 1556 256 dicitur
1574 223 1668 257 bonae
1685 223 1771 257 fidei.
1816 221 1877 255 Sed
1893 223 1958 258 hoc

1087 266 1191 290 minus
1208 269 1322 309 urgeo:
1344 264 1699 308 quamvis-locationem
1714 264 1956 299 conductionem

1088 299 1184 330 bonae
1208 300 1286 334 finer
1302 302 1386 344 effe,
1409 314 1475 351 non
1491 315 1656 347 ignorem:
1678 316 1751 339 cum
1774 307 1870 338 etiarn
1884 315 1956 339 con-

1089 341 1207 388 tractus
1233 344 1276 374 do
1303 352 1338 375 ut
1353 344 1470 392 facias,
1495 356 1655 390 tamquam
1673 348 1866 391 praeferens,
1880 351 1957 388 *per-

1089 389 1303 430 mutationem
1320 388 1463 420 utilitatis
1475 396 1592 422 mutuae
1603 413 1613 430 ,
1630 400 1700 422 mea
1715 390 1888 431 opinione,
1900 389 1956 420 b0·

1088 431 1138 454 nae
1166 422 1242 455 fidei
1258 425 1305 457 sit.
1348 427 1453 471 Magis
1467 441 1580 465 movet
1597 440 1667 472 me,-
1691 433 1775 473 quod
1793 432 1913 462 locator
1926 432 1958 463 in

1089 465 1118 495 d.
1137 463 1156 494 l.
1176 473 1310 505 negatur
1331 477 1355 514 a·
1371 474 1536 505 conti-aeta
1558 477 1710 506 recedere
1737 473 1778 504 ob
1802 473 1835 504 id
1857 471 1956 504 solum

1088 503 1199 551 ρρῌὲ,
1225 508 1311 551 quod
1327 519 1358 541 ei
1374 512 1413 543 ab
1429 514 1492 546 alio
1511 516 1580 556 plus
1594 514 1737 548 offertur.
1768 515 1801 545 id
1817 522 1893 544 vero
1909 514 1956 545 in-

1090 547 1223 587 digitat,
1245 556 1278 594 in
1294 554 1542 602 contractu-quo
1558 559 1598 590 de
1612 559 1732 599 agitur,
1750 564 1816 587 non
1833 554 1895 586 effe
1911 555 1958 586 lo-

1089 596 1162 619 cum
1180 595 1397 636 poenitentiae:
1419 604 1469 627 cui
1493 599 1537 630 est
1554 600 1586 631 in
1602 598 1767 631 contractu
1782 596 1959 628 innomina-

1090 636 1126 659 to
1145 629 1257 669 locus3
1273 639 1303 662 in
1315 631 1487 677 locatione
1497 641 1709 673 conductione
1724 649 1789 671 non
1801 639 1857 670 est.
1882 637 1958 670 Cer-

1089 678 1122 701 ta
1138 670 1208 701 haec
1224 679 1321 712 atque
1336 677 1524 721 indubitata.-
1546 681 1599 713 sed
1613 692 1704 723 aeque
1721 681 1803 720 hoc,
1821 681 1909 722 quod
1926 680 1958 712 in

1088 712 1111 758 l.
1127 715 1156 745 8.
1174 712 1208 743 C.
1224 712 1252 759 h..
1271 719 1292 744 t.
1311 714 1454 765 simil-iter¹
1467 723 1621 760 prorniffis
1637 733 1697 764 pro
1712 722 1765 755 usu
1780 723 1872 755 fundi
1890 730 1956 753 cei·-

1088 759 1129 799 tis
1152 761 1265 800 annuis
1288 761 1538 802 quantitatibus,
1560 772 1626 796 non
1650 765 1761 797 dicitur
1776 765 1958 798 contractus

1088 802 1325 844 inno-minatus,
1348 799 1400 832 sed
1424 803 1528 843 palam
1551 805 1732 838 nominatur
1749 808 1864 840 locatio
1882 817 1962 840 con·

1087 835 1216 885 ductio,
1238 839 1506 885 manifestumque
1521 846 1587 887 ejus
1600 849 1648 888 jus
1666 848 1861 882 describitur.

1127 877 1300 924 Reliquum
1317 881 1383 930 est,
1405 892 1439 916 ut
1454 887 1495 918 de
1511 887 1669 921 locatione
1687 889 1756 923 usus
1773 891 1823 923 seu
1838 892 1960 924 fructus

1087 927 1134 950 rei
1156 919 1186 950 ἀ
1213 929 1320 967 operae
1338 924 1545 966 disputemus.
1571 930 1676 971 potest
1694 940 1801 965 autem
1816 934 1910 964 locari
1928 934 1959 965 Gt

1087 961 1224 992 conduci
1239 963 1358 1008 tructus
1383 970 1488 1000 omnis
1513 971 1557 1002 rei
1575 975 1768 1014 corporalis:
1790 983 1861 1014 quae
1877 975 1911 1006 sit
1927 977 1960 1006 in

1086 1010 1305 1044 commercio,
1335 1006 1398 1055 fuse
1421 1012 1574 1052 mobilis,
1598 1013 1662 1045 five
1686 1017 1876 1057 immobilis,
1899 1015 1962 1050 five

1085 1041 1150 1087 sese
1165 1052 1309 1078 movens.
1334 1055 1501 1098 etiamnres
1524 1054 1730 1096 incorporalis
1746 1059 1860 1099 recipit
1880 1060 1962 1090 loca·

1088 1091 1211 1116 tionem
1236 1089 1266 1118 <St
1289 1092 1559 1128 conductionem:
1584 1104 1679 1138 puta,
1703 1099 1916 1133 ususfructus:
1937 1099 1958 1134 l.

1091 1133 1136 1172 ιι.
1154 1125 1183 1167 §.
1203 1136 1232 1158 2.
1256 1127 1299 1160 D.
1321 1132 1356 1178 de
1380 1135 1526 1175 usufruft.
1552 1137 1581 1179 §.
1604 1142 1630 1170 ι’.
1652 1139 1721 1180 lnst.
1739 1143 1772 1172 de
1786 1148 1839 1176 alu
1856 1141 1891 1176 &¹
1908 1143 1959 1173 ba-

1088 1167 1138 1197 bic.
1154 1176 1290 1213 nempe,
1301 1179 1375 1212 quia
1390 1177 1427 1207 ad
1444 1177 1582 1210 fructum
1601 1182 1630 1211 ά
1647 1178 1877 1223 compendium
1894 1176 1961 1223 spe-

1090 1207 1163 1264 ctat.
1187 1208 1243 1256 Nil
1258 1221 1378 1254 mutat,
1403 1221 1491 1264 quod
1511 1219 1704 1255 ususfructus
1727 1224 1772 1255 est
1785 1225 1835 1266 jus
1854 1225 1960 1266 perso-

1089 1258 1153 1306 n-ae.
1177 1259 1251 1291 quia
1277 1263 1314 1285 ea
1338 1256 1502 1291 locatione
1528 1261 1626 1302 ipsum
1650 1265 1699 1304 jus
1717 1269 1808 1306 apud.
1823 1266 1962 1298 fructua-

1089 1300 1169 1337 irum
1186 1301 1310 1335 manet3
1328 1302 1495 1340 perceptio
1511 1312 1589 1335 vero
1599 1304 1759 1339 fruc’tuum
1776 1317 1845 1348 quae
1861 1307 1904 1340 est
1916 1307 1963 1340 fa-

1092 1332 1151 1378 ⁸cti,
1169 1341 1292 1367 tantum
1303 1341 1341 1369 ad
1357 1344 1588 1376 conductorem
1605 1349 1745 1386 pertinet
1760 1350 1778 1380 l.
1796 1354 1847 1379 66.
1868 1350 1908 1380 D.
1925 1353 1960 1380 de

1083 1375 1431 1463 art-iggzifflpelquega
1448 1384 1678 1458 lcgcatiRJeti'am
1693 1389 1786 1421 finito
1799 1389 1962 1423 usufructu

1314 1430 1364 1466 :9-
1404 1433 1449 1455 .1-
1485 1431 1531 1456 .t.
1585 1436 1731 1462 ontame
1793 1441 1816 1461 ae
1928 1433 1935 1438 “

1088 1456 1215 1504 constat
1241 1458 1346 1508 subtili
1369 1464 1463 1510 jure,
1487 1465 1540 1498 sed
1565 1431 1960 1511 benignitatrehpfaeilgiig‘}

1088 1506 1188 1544 quain·
1206 1502 1345 1534 indicavJ
1367 1506 1416 1550 tib.
1442 1515 1469 1538 ι.
1495 1508 1548 1538 De
1577 1508 1825 1555 Uffifrublucp.
1852 1514 1886 1545 ln
1902 1514 1959 1546 usu

1090 1548 1156 1570 non
1176 1541 1265 1587 ‘ide-m
1283 1544 1418 1582 placuit:
1441 1547 1603 1581 resistente
1620 1556 1729 1584 natura
1744 1554 1815 1585 usus
1832 1573 1835 1576 >
1858 1554 1961 1586 consi-

1089 1579 1199 1627 stentis
1226 1591 1307 1615 intra
1320 1588 1547 1631 'neceffitatem
1564 1592 1628 1632 eJ‘us
1644 1594 1694 1624 cui
1713 1578 1879 1627 concefsus
1897 1595 1942 1628 est
1952 1604 1963 1627 :-

1090 1630 1179 1666 quus
1205 1625 1378 1665 angustiam
1409 1631 1571 1671 egreditur
1593 1642 1717 1666 merces
1744 1637 1782 1668 ad
1805 1646 1961 1677 compen-

1088 1664 1175 1694 dium
1200 1674 1336 1708 pergens
1360 1669 1380 1700 l.
1409 1680 1456 1702 io.
1481 1671 1511 1713 §.
1540 1682 1567 1705 1.
1585 1674 1626 1706 D.
1653 1675 1803 1710 Commun.
1820 1679 1913 1710 divid.
1928 1679 1960 1711 da

1088 1704 1118 1747 §.
1139 1714 1165 1737 1.
1184 1705 1257 1748 inst.
1275 1710 1369 1751 deusu
1387 1711 1424 1746 ἐξ
1440 1713 1529 1759 habit.
1562 1715 1713 1750 Similiter
1735 1727 1829 1761 negat
1853 1720 1960 1761 Ulpia-

1089 1756 1148 1793 nus
1163 1747 1243 1796 l.44.
1256 1751 1304 1782 D.
1323 1754 1351 1784 h.
1368 1759 1391 1785 ι.
1410 1754 1506 1787 locari
1524 1755 1726 1800 servitutem,
1743 1761 1774 1794 id
1791 1761 1854 1801 est,
1878 1771 1960 1802 prae-

1090 1789 1134 1820 dii
1152 1787 1353 1826 servantem:
1369 1804 1441 1844 nam
1457 1798 1540 1830 hanc
1555 1799 1713 1833 servitutis
1723 1804 1895 1844 appellatio
1906 1803 1960 1835 sae-

1088 1838 1131 1878 pe
1147 1831 1306 1882 designati
1325 1844 1361 1868 ut
1375 1838 1513 1872 indicavi
1529 1841 1578 1874 lib.
1599 1851 1670 1875 v11.
1683 1845 1729 1875 rit.
1749 1854 1775 1876 1.
1796 1845 1865 1878 talis
1881 1853 1963 1878 vero·

1089 1875 1220 1906 iervuus
1237 1875 1283 1907 est
1296 1886 1345 1925 Jus
1368 1879 1432 1911 five
1458 1883 1592 1923 qualitas
1616 1886 1724 1925 praedii
1739 1886 1768 1928 §.
1785 1897 1815 1929 3.
1831 1885 1904 1927 Infi.
1925 1889 1959 1918 de

1090 1913 1173 1944 rebus
1188 1919 1355 1966 corporalib.
1372 1920 1391 1952 l.
1409 1926 1459 1969 86.
1485 1923 1529 1955 D.
1548 1926 1582 1956 de
1598 1927 1676 1957 verb.
1686 1925 1793 1968 signif.
1817 1928 1960 1968 ideoque

1091 1963 1182 1987 extra
1198 1959 1350 1998 ptaedium
1367 1971 1417 1995 cui
1444 1965 1597 2005 inhaeret,
1621 1968 1756 2010 intelligi
1771 1978 1835 2001 non
1852 1969 1959 2010 potest

1089 1997 1110 2028 l.
1130 2006 1180 2029 20.
1197 1998 1232 2051 §.2
1251 2001 1304 2034 ult.
1328 2002 1375 2051 D.
1396 2005 1519 2047 deserv.
1532 2010 1625 2049 praed.
1651 2007 1723 2050 rust.
1739 2010 1759 2042 l.
1779 2015 1808 2042 6.
1824 2010 1854 2052 §.
1872 2020 1901 2042 2.
1918 2010 1958 2046 δ’

1089 2048 1120 2081 3.
1137 2038 1181 2071 D.
1199 2043 1321 2082 oiserv.
1341 2047 1453 2079 vindic.

1105 2122 1111 2128 ·
1129 2081 1183 2114 De
1200 2092 1368 2129 operarum
1385 2087 1549 2122 locatione
1564 2091 1729 2125 obscurior
1745 2093 1790 2125 est
1804 2094 1961 2126 delibera-

1088 2129 1147 2170 tio.
1171 2132 1265 2171 mitto
1280 2133 1388 2168 turpes
1413 2139 1450 2161 ac
1472 2131 1661 2173 flagitiosas,
1685 2135 1807 2176 legibus
1832 2143 1887 2166 aut
1903 2136 1961 2167 bo·

1087 2173 1136 2197 nis
1152 2167 1292 2200 moribus
1309 2173 1503 2206 contrarias:
1527 2174 1616 2206 nullo
1630 2175 1698 2215 J'ure
1713 2176 1752 2207 ad
1769 2177 1886 2209 tuenda
1903 2183 1963 2209 auev

1088 2209 1306 2257 promovenda
1338 2210 1455 2245 scelera
1490 2223 1686 2256 comparato.
1740 2216 1793 2249 De
1832 2219 1959 2251 caeteris

1089 2257 1240 2289 quaeritur
1257 2260 1274 2282 a
1290 2254 1488 2299 turpitudine
1497 2264 1593 2297 atque
1608 2257 1818 2298 improbitate
1834 2260 1954 2292 vacuis,

1089 2299 1162 2323 nam
1181 2292 1232 2324 vel
1247 2302 1287 2324 ex
1303 2303 1339 2326 iis
1355 2296 1476 2335 aliquas
1502 2298 1597 2330 locari
1623 2298 1732 2340 poss'e,
1755 2300 1872 2341 aliquas
1889 2310 1956 2333 non

1088 2332 1194 2374 posse,
1210 2334 1319 2381 auctor
1335 2335 1380 2368 est
1395 2337 1509 2371 Paulus
1523 2339 1542 2370 l.
1556 2350 1587 2380 5.
1605 2340 1634 2382 §.
1651 2350 1680 2373 2.
1700 2341 1741 2372 D.
1752 2343 1785 2377 de
1797 2342 1956 2382 praescript.

1089 2376 1169 2406 verb.
1200 2375 1236 2407 ln
1253 2376 1313 2408 illis
1329 2377 1392 2410 ess'e
1408 2380 1504 2420 dicit,
1529 2380 1560 2412 Si
1577 2382 1636 2413 tibi
1652 2383 1696 2413 do
1712 2384 1896 2422 pecuniam,
1921 2390 1956 2413 ut

1091 2416 1231 2449 tabulam
1253 2426 1357 2463 meam
1382 2421 1510 2462 pingas:
1532 2424 1564 2454 in
1588 2423 1636 2455 his
1660 2424 1791 2464 sequens
1809 2446 1818 2462 ‚
1842 2423 1872 2455 Si
1897 2423 1957 2455 tibi

1091 2458 1134 2490 do
1148 2467 1384 2506 pecuniam‚ut
1401 2461 1523 2494 servum
1537 2472 1625 2495 tuum
1643 2464 1854 2496 manumittas.
1879 2464 1958 2496 Pau-

1091 2500 1139 2533 lus
1156 2500 1365 2548 quaestionem
1381 2502 1453 2548 finit
1469 2505 1626 2544 exemplis
1643 2516 1651 2536 :
1674 2505 1794 2537 utinam
1816 2507 1960 2546 regulam

1090 2542 1257 2583 posuiffet!
1275 2543 1359 2575 ultro
1375 2545 1511 2586 liqueret
1521 2545 1683 2578 sententia.
1701 2556 1786 2578 nunc
1797 2547 1959 2588 conjectu-

1091 2593 1129 2632 ra-
1148 2585 1306 2631 agendum
1333 2584 1389 2617 est.
1413 2586 1464 2630 illa
1481 2586 1545 2618 huc
1560 2588 1644 2618 exit:
1666 2597 1720 2619 aut
1737 2596 1770 2619 tu
1791 2588 1822 2620 in
1838 2598 1871 2620 re
1887 2598 1958 2621 mea

1090 2626 1210 2665 aliquid
1225 2624 1325 2665 facis,
1347 2634 1400 2657 aut
1416 2636 1447 2658 in
1463 2637 1497 2659 re
1514 2636 1649 2667 tua3aut
1664 2629 1694 2660 in
1709 2638 1743 2660 re
1760 2638 1865 2671 neque
1884 2638 1959 2669 tua,

1091 2675 1198 2707 neque
1213 2675 1301 2698 mea:
1325 2676 1362 2714 ea
1378 2667 1478 2715 lege,
1492 2676 1527 2700 ut
1549 2679 1613 2711 ego
1633 2679 1692 2710 pro
1708 2680 1806 2711 opera
1818 2671 1957 2703 tibidem

1093 2715 1214 2754 certam
1236 2717 1415 2755 pecuniam.
1432 2718 1536 2750 primo
1559 2710 1630 2742 casu
1647 2721 1717 2744 mea
1733 2711 1778 2743 est
1793 2710 1962 2744 substantia

1093 2758 1125 2781 in
1142 2758 1203 2790 qua
1220 2756 1272 2795 tua
1290 2757 1420 2790 ponitur
1435 2759 1551 2791 opera:
1570 2752 1630 2783 hac
1646 2753 1717 2795 lege
1735 2761 1769 2784 ut
1785 2762 1844 2793 pro
1861 2763 1963 2794 opera

1095 2798 1149 2822 tua
1166 2799 1302 2837 accipias
1319 2798 1439 2823 certam
1456 2794 1639 2825 mercedem
1657 2795 1963 2835 pecuniariam:ver-

1093 2831 1127 2877 bi
1152 2840 1270 2878 gratia,
1293 2833 1325 2864 in
1349 2835 1501 2875 exemplo
1526 2835 1615 2867 Pauli
1640 2843 1674 2866 tu
1698 2836 1836 2868 tabulam
1858 2845 1962 2869 meam

1093 2882 1215 2914 pingis,
1234 2874 1299 2920 hoc
1315 2873 1429 2914 pacto,
1446 2884 1480 2906 ut
1498 2885 1558 2916 pro
1577 2886 1676 2917 opera
1692 2885 1744 2909 tua
1762 2877 1877 2910 habeas
1894 2887 1964 2909 cer-

1095 2922 1160 2946 tam
1179 2924 1358 2961 pecuniam.
1381 2925 1447 2948 non
1462 2917 1585 2949 dubitat
1602 2917 1735 2958 Paulus,
1750 2918 1812 2951 esse
1827 2920 1962 2951 locatio-

1094 2965 1169 2989 nem
1184 2956 1452 2996 conductionem‚
1477 2960 1550 2999 quia
1566 2969 1663 3000 opera
1678 2968 1732 2991 tua
1752 2960 1857 2992 locata
1880 2959 1910 2991 in
1927 2969 1964 2991 re

1094 3006 1185 3037 mea,
1199 3006 1281 3045 'cum
1296 3007 1374 3044 mea·
1389 3001 1541 3032 mercede
1557 3008 1784 3033 commutatur.
1818 3001 1901 3042 quod
1917 3000 1963 3032 est:

1094 3048 1261 3087 proprium
1280 3039 1449 3072 locationis
1464 3042 1700 3074 conductionis.
1725 3043 1824 3074 altero
1839 3041 1909 3072 casu
1927 3050 1963 3073 tu

1096 3081 1216 3122 aliquid
1230 3089 1262 3112 in
1279 3090 1313 3113 re
1331 3088 1383 3127 tua
1407 3082 1506 3115 facis:
1528 3084 1572 3115 ita
1590 3091 1624 3115 ut
1640 3092 1693 3115 tua
1709 3092 1757 3115 res
1774 3091 1846 3114 cum
1862 3090 1914 3113 tua
1930 3093 1965 3114 0-

1097 3130 1174 3163 pera
1183 3122 1222 3154 ad
1231 3131 1283 3169 me
1291 3130 1409 3162 veniat;
1419 3123 1448 3155 &
1461 3131 1495 3156 tu
1506 3134 1565 3165 pro
1574 3133 1709 3165 utraque
1717 3131 1835 3154 certam
1847 3123 1965 3165 accipi-

1096 3173 1130 3195 as
1146 3173 1332 3205 pecuniam:
1352 3165 1383 3197 in
1395 3166 1460 3197 hoc
1475 3165 1547 3197 casu
1561 3168 1676 3207 (quem
1694 3163 1797 3196 omisit
1811 3165 1963 3198 Paulusd.

1097 3205 1118 3237 Ζ.
1127 3215 1158 3245 5.
1164 3205 1197 3282 ἒ
1210 3206 1260 3252 2.)
1271 3215 1336 3239 non
1355 3214 1506 3247 putarunt
1523 3206 1658 3238 Veteres
1668 3228 1678 3242 ,
1696 3203 1757 3236 esse
1768 3205 1963 3238 locationem

1094 3253 1162 3300 *con
1188 3246 1348 3285 ustionem
1356 3258 1369 3292 3
1376 3248 1430 3283 sed
1439 3249 1634 3290 emptionem
1642 3246 1860 3282 venditionem
1868 3257 1879 3289 3
1890 3249 1967 3325 quiz

1930 3296 1951 3320 ιι
