2036 3495
526 88 616 124 DE

52 179 168 224 Gajus3
184 180 270 222 quasi
281 180 365 212 dicat
374 182 385 219 ,'
399 177 626 211 usumfructum
645 176 792 208 constitui
810 177 926 218 pacilo-

51 226 143 258 nibus
154 226 181 255 ἁ·
193 221 468 263 stipulationibus3
484 221 582 252 modo
597 229 651 251 eas
669 218 849 257 insequatur
869 228 927 253 tra-

50 268 150 299 ditio:
173 264 327 305 Ulpianus
342 264 370 295 d.
392 264 411 293 l.
432 271 478 294 11.
503 261 530 303 §.
556 270 581 295 1.
599 260 682 300 quaii
703 262 797 298 velit,
823 260 922 294 usum-

50 308 188 340 fratrum
205 305 353 338 constitui
373 304 544 336 traditione
568 303 618 334 vel
639 302 809 342 patientia,
834 303 852 334 li
873 303 926 334 siat

52 359 92 381 ex
114 348 191 389 justa
207 347 305 379 causa.
332 346 458 379 interim
480 345 549 376 sunt
565 345 630 376 duo
650 343 830 375 usuifruCtui
847 354 924 376 con-

48 390 210 423 stituendo
238 387 414 420 necessaria.
444 386 580 427 primum
605 385 709 425 pactio
727 394 781 416 aut
799 385 923 426 stipula-

49 433 115 464 tio:
135 431 250 463 deinde
266 429 404 460 traditio.
432 429 529 459 altera
545 426 591 458 est
608 426 697 460 causa
715 437 755 458 ex
772 436 831 467 qua
853 437 919 467 pro-

46 474 191 506 mittatur
216 469 423 503 ususfructus:
447 469 544 500 altera
561 468 606 500 est
624 470 737 500 modus
755 478 809 509 per
825 479 919 509 quem

46 513 214 555 promissus
230 515 416 554 adquiratur.
435 511 523 551 quod
541 509 560 542 fi
578 511 737 548 tradatur,
749 511 831 541 nulla
844 520 918 551 pra:-

45 557 97 587 via
108 555 198 587 causa
212 564 252 585 ex
269 563 329 594 qua
345 552 559 590 fiattraditio;
576 562 641 583 non
660 551 765 583 transit
783 551 918 584 ususfru-

48 598 124 629 ctus.
142 597 220 629 ficut
234 603 404 634 numquam
422 593 504 625 nuda
515 594 643 625 traditio
657 593 808 625 transfert
818 595 918 625 domi-

43 642 148 670 nium:
173 637 224 668 sed
246 638 308 673 ita,
332 635 352 667 fi
378 636 522 667 venditio
539 644 590 666 aut
610 636 710 674 aliqua
730 634 808 675 justa
827 636 915 666 causa

44 678 261 721 praecesserit,
291 686 422 717 propter
446 687 539 717 quam
566 677 692 708 traditio
716 675 915 717 sequeretur:

44 721 173 753 auctore
190 718 348 760 Ulpiano,
371 721 402 750 in
418 718 523 759 Fragm
539 721 585 749 tit.
608 727 654 754 19.
672 718 700 760 §.
720 727 748 757 7.
768 718 797 749 ὅ(
816 718 915 749 Paulo

47 763 123 803 l.31.
147 761 183 792 D.
201 762 231 791 de
248 761 422 801 adquirendo
439 770 536 791 rerum
554 761 686 791 dominio.
705 760 774 790 vice
785 768 916 800 quoque

42 803 147 840 versa,
171 802 190 834 fi
211 802 357 842 pactione
373 809 427 832 aut
445 801 648 842 stipulatione
663 801 869 841 promittatur
886 811 916 832 u-

45 844 234 883 sussruCius:
258 853 321 874 non
347 843 443 874 habet
468 844 493 874 is
512 843 562 874 cui
580 843 796 883 promittitur,
819 842 915 874 actio-

43 895 116 919 nem
142 885 366 917 confessoriam
390 886 420 916 in
443 894 530 923 rem,
554 883 637 924 quasi
655 883 805 925 adquisita
823 883 916 915 servi-

44 937 113 959 tute
149 936 270 959 tantum
295 927 392 958 habet
418 926 577 958 astionem
603 928 633 957 in
658 925 826 967 personam
846 935 917 965 pro-

43 969 196 1002 missoris:
221 978 262 999 co
278 969 365 1009 quod
380 967 513 1000 effectus
530 967 684 1008 pastionis
700 967 728 998 ἃ
744 966 916 1006 stipulatio-

44 1012 92 1042 nis
118 1010 163 1042 est
180 1034 189 1048 ,
221 1019 331 1050 parere
360 1009 609 1050 obligationem:
632 1009 720 1049 cujus
747 1007 916 1039 substantia

43 1062 109 1085 non
127 1051 266 1083 consistit
284 1053 314 1082 in
332 1051 416 1090 hoc,
428 1058 462 1082 ut
478 1051 607 1091 aliquod
625 1059 741 1089 corpus
753 1049 893 1081 nostrum
907 1072 916 1087 ,

43 1102 98 1125 aut
123 1094 259 1134 aliquam
288 1093 469 1124 servitutem
493 1091 630 1123 nostram
653 1092 775 1129 faciat;
803 1090 856 1121 sed
883 1098 917 1120 ut

43 1134 211 1172 personam
228 1135 321 1166 nobis
339 1134 507 1175 adstringat
519 1136 558 1164 ad
576 1133 693 1172 aliquid
711 1131 848 1163 dandum
866 1132 916 1162 vel

40 1176 224 1208 faciendum
244 1176 293 1206 vel
316 1175 521 1215 praestandum
537 1175 561 1205 i.
583 1184 612 1215 3.
630 1173 671 1204 D.
690 1175 722 1203 de
735 1173 915 1213 obligationi-

43 1220 96 1249 bus
121 1217 157 1252 ὅ)
173 1216 348 1248 actionibus.
382 1216 476 1256 igitur
503 1223 536 1246 ut
555 1214 764 1246 constituatur
781 1212 917 1244 ususfru-

41 1259 128 1297 cius,
159 1263 223 1289 tion
243 1257 356 1289 sufficit
374 1257 456 1287 nuda
475 1257 623 1293 traditio,
653 1254 704 1286 sed
723 1253 917 1286 desideratur

42 1301 167 1338 insuper
192 1299 295 1338 pactio
319 1306 372 1329 aut
401 1296 571 1337 stipulatio.
603 1297 667 1328 sola
694 1305 824 1336 quoque
848 1306 912 1327 non

40 1341 156 1373 sufficit
174 1339 332 1378 stipulatio
350 1346 402 1370 aut
419 1339 544 1380 pactio,
569 1337 620 1370 sed
638 1347 791 1379 praeterea
807 1338 915 1378 requi-

40 1385 119 1416 ritur
138 1383 276 1413 traditio.

79 1423 127 1454 Ea
145 1423 268 1463 qualis?
286 1432 355 1454 nam
376 1423 504 1463 proprie
520 1421 653 1452 traditur
671 1431 718 1453 res
735 1420 912 1461 corporalis

40 1465 70 1506 ᾗ.
89 1475 138 1503 40.
158 1463 228 1505 Inst.
253 1466 285 1495 de
309 1474 405 1495 rerum
429 1462 584 1501 divisione:
609 1472 678 1504 quae
705 1462 766 1493 sola
785 1470 913 1493 tenetur

41 1516 78 1537 ac
95 1506 267 1547 poffidetur
285 1506 302 1536 l.
318 1515 348 1545 3.
368 1505 408 1535 D.
427 1508 459 1536 cie
476 1506 657 1546 adquirenda
666 1503 836 1544 poffeffione.
856 1512 912 1534 >res

39 1548 249 1587 incorporalis
274 1547 402 1591 proprie
419 1556 484 1577 riori
505 1547 646 1577 traditur.
665 1547 684 1578 l.
700 1555 749 1586 43.
768 1545 797 1586 ὃ,
821 1550 846 1576 1.
868 1544 910 1576 D.

43 1590 77 1620 cle
99 1590 275 1630 adquirendo
300 1590 397 1619 r'er‘iirn
419 1589 569 1619 dominio:
592 1588 664 1628 quia
689 1588 819 1628 proprie
847 1595 912 1618 non

39 1631 214 1671 poffidetur
233 1640 281 1661 res
297 1639 362 1660 nori
381 1638 518 1669 corpore
530 1652 539 1667 ‚
563 1628 615 1660 sed
633 1629 797 1660 intellectu
814 1626 911 1659 consi·

38 1671 135 1704 stens.
167 1672 262 1712 igitur
288 1680 353 1702 noti
379 1669 424 1701 est
442 1670 663 1710 quaerenda-in
687 1668 913 1702 constituendo

38 1712 201 1754 usufructu
216 1712 364 1744 naturalis
383 1712 520 1743 traditio.
544 1721 625 1750 opus
642 1710 687 1743 est
703 1709 796 1756 ficta:
821 1719 917 1750 quam

37 1755 185 1786 admittat
210 1755 250 1785 rei
277 1753 488 1793 incorporalis
513 1761 634 1785 natura.
669 1752 765 1783 talem
785 1761 910 1784 invenev

37 1804 111 1828 runt
137 1793 300 1834 Veteres,
325 1803 359 1825 ut
381 1793 502 1833 solent,
526 1793 851 1831 adhibitoremedio.
871 1794 917 1826 ‚id

40 1837 217 1869 temedium
235 1835 280 1867 est
297 1836 404 1867 cautio
443 1845 480 1866 ua
496 1836 663 1876 promittat
680 1834 827 1867 dominus
844 1843 917 1876 pro-

40 1879 205 1919 prietatis,
224 1887 280 1915 per
298 1877 327 1909 se
346 1887 409 1908 non
449 1878 511 1915 eri,
527 1885 593 1917 quo
610 1877 711 1908 minus
730 1874 783 1907 suo
800 1878 868 1917 jure
886 1886 916 1907 u-

42 1927 125 1950 tatur
150 1919 350 1950 fructuarius.
390 1919 508 1959 primus
536 1918 624 1951 dedit
653 1918 717 1948 hoc
739 1917 915 1951 remedium

40 1959 163 1992 Labeo.
189 1960 298 1992 auctor
314 1960 485 1998 Javolenus
502 1959 520 1989 l.
533 1969 580 1992 20.
597 1957 638 1991 D.
659 1959 919 1999 deservitziiibus:

40 2000 127 2042 cujus
153 2001 199 2032 lib.
226 2012 256 2041 5.
295 2001 346 2032 Ex
359 1999 553 2042 posterioribus
571 2000 712 2032 Labeonis
731 2001 828 2032 verba
847 2000 914 2031 haec

40 2042 121 2074 sunt.
168 2043 309 2075 Ozioticns
325 2043 376 2074 via
393 2049 444 2073 out
461 2042 577 2083 aliquod
588 2042 640 2083 jus
649 2042 745 2081 fundi
759 2047 912 2079 emeretur,

40 2076 205 2115 cavendziissi'
214 2090 300 2124 putat
317 2083 367 2123 effe
383 2083 477 2115 Labeo
489 2106 498 2122 ,
509 2090 561 2124 per
576 2090 602 2114 te
618 2081 772 2123 nonfieri‚
789 2093 843 2124 quo
859 2084 910 2114 mi-

39 2135 94 2156 mis
109 2135 136 2155 eo
147 2126 215 2167 jure
231 2127 276 2156 uti
292 2123 386 2166 poffit.
414 2127 483 2166 quia
506 2124 588 2156 milla
611 2125 750 2166 ejusmodi
763 2125 842 2165 juris
858 2134 917 2155 var

40 2176 94 2197 ozia
112 2169 228 2198 traditio
245 2166 316 2206 effer.
342 2165 393 2197 Sic
411 2167 529 2198 Labeo.
555 2166 606 2205 ὃς,
630 2168 765 2207 opinor,
787 2165 912 2198 Labeo-

39 2217 112 2238 nem
138 2208 287 2248 sequutus
312 2207 372 2239 hac
396 2209 427 2240 in
457 2216 544 2247 parte
568 2206 631 2242 fuit
654 2207 797 2238 Sabinus.
829 2208 911 2238 adeo

39 2248 237 2289 Pomponius
255 2249 274 2279 l.
294 2259 320 2290 3.
339 2249 368 2290 §.
381 2259 408 2281 2.
422 2248 462 2280 D.
479 2251 512 2280 cle
527 2248 686 2281 astionibus
702 2248 910 2288 empti&ven-

38 2292 110 2326 aliti,
126 2291 178 2330 qui
197 2291 285 2320 locus
304 2290 349 2321 est
367 2300 406 2321 ex
424 2291 489 2330 ejus
507 2292 554 2322 lib.
570 2299 617 2322 1x.
635 2291 854 2330 AclSabinum,
870 2290 912 2322 fic

38 2332 156 2362 ici-ibit.
203 2332 235 2362 Si
258 2332 312 2362 iter
328 2355 337 2370 ,
361 2331 478 2370 uitium,
500 2333 599 2368 viam,
622 2331 841 2373 aquaeduftzcm,
858 2339 913 2372 per

38 2378 122 2403 tunm
134 2374 265 2411 fundum
286 2382 391 2412 emero,
414 2383 512 2404 vacuoe
522 2371 690 2414 paffeffionis
712 2374 827 2404 traditio
845 2374 911 2404 nul-

38 2414 67 2444 Z'a
82 2414 120 2454 est
153 2415 252 2455 itaque
266 2424 368 2445 cavere
381 2416 476 2460 debes,
499 2421 551 2455 per
569 2420 594 2445 te
611 2424 668 2445 non
678 2413 775 2453 fieri,
790 2416 919 2456 quami--

37 2465 93 2486 nus
117 2461 194 2486 utar.
227 2464 377 2487 caeterum
407 2466 541 2487 invento
568 2465 585 2486 a
609 2455 765 2487 Labeone
786 2456 850 2487 hoc
866 2467 914 2489 re-

36 2497 144 2527 medio
158 2521 165 2533 ‚
183 2504 217 2527 ut
234 2496 286 2535 fii,
312 2499 390 2529 itum
410 2497 534 2538 longius
549 2507 565 2527 a
581 2497 759 2536 javoleno,
774 2498 910 2530 invitan-

36 2544 69 2567 te
88 2539 230 2568 utilitate.
249 2539 374 2578 placuit·
385 2548 472 2570 certe
489 2540 517 2570 ei
534 2537 631 2571 Notis
647 2540 686 2569 ad
704 2537 888 2577 Labeonem
900 2563 916 2579 ,A

36 2578 121 2608 nulla
139 2578 200 2609 efl'e
218 2589 298 2619 opus
316 2583 484 2612 cautione:
499 2580 746 2614 fifintervenerit
759 2581 827 2611 ulus
845 2581 919 2612 fru--

38 2617 145 2649 &uarii
162 2621 188 2650 dt
205 2621 357 2659 patientia
374 2622 494 2653 domini
511 2622 725 2662 proprietatis.
751 2623 849 2654 verba
864 2623 910 2663 Ja-

37 2659 166 2698 volem,
182 2669 214 2690 ut
239 2663 322 2698 uixi,
346 2663 376 2693 in
404 2661 500 2695 Notis
524 2663 563 2694 ad
589 2662 776 2695 Labeonem
795 2665 826 2698 iri
843 2665 870 2695 d.
887 2665 908 2698 l.

37 2709 87 2731 20.
107 2700 177 2730 talia
197 2700 272 2731 funt.
299 2701 361 2743 Ego
375 2710 465 2742 puto,
490 2707 574 2743 usum
589 2704 650 2744 ejas
661 2705 742 2746 juris
756 2712 806 2744 pro
823 2707 910 2737 tradi-

38 2743 114 2771 tione
127 2740 294 2781 poffeffionis
313 2745 585 2785 accipiendumeffe.
603 2747 662 2776 ideo
686 2756 720 2777 ue
737 2746 774 2781 {9⁴
790 2748 910 2778 interdi-

38 2781 84 2812 &a
100 2783 192 2812 veluti
205 2782 363 2823 poffcfforia
378 2783 533 2825 constituta
539 2783 623 2825 sunt.
662 2756 812 2828 ἵᾙεπιρε,
837 2789 909 2829 quia

35 2826 143 2854 cautio
160 2832 252 2863 quani
273 2833 330 2862 pro
347 2827 490 2858 remedio
503 2826 671 2861 inuenerat
688 2827 818 2868 Labeo,
842 2839 913 2863 non.

37 2865 100 2895 alio
125 2863 283 2905 speaabac
308 2874 400 2904 quarn
428 2868 469 2898 ad
490 2868 654 2906 praeilandi
674 2871 742 2902 usus
761 2870 907 2905 securita-

37 2913 122 2938 tem:
144 2914 273 2946 poterat
298 2916 334 2937 ca
356 2907 455 2938 videri
478 2908 670 2953 supervacua
695 2922 735 2944 ex
763 2912 917 2952 Javoletii-

36 2947 281 2986 observatione3
304 2947 335 2979 ss:
349 2946 536 2982 fructuarius
550 2959 584 2982 te
598 2949 785 2991 fructuaria,
811 2954 909 2986 domi-

37 2996 81 3019 no
108 2990 278 3029 patiente,
293 2987 471 3022 frueretur:
493 2990 614 3029 idest,
632 2995 796 3027 cautionis
814 2994 909 3027 finem

35 3037 131 3070 atque
149 3030 305 3061 effectum
318 3031 491 3062 obtineret.
511 3031 554 3063 ita
569 3034 698 3065 tandem
714 3035 850 3068 fastum:
874 3044 909 3068 ut

36 3072 145 3116 (quod
161 3072 256 3111 (J'ajus
273 3072 316 3102 ait
331 3072 350 3103 l.
371 3082 399 3112 3.
416 3079 463 3112 pr.
477 3072 518 3104 D.
533 3075 566 3104 de
579 3074 759 3116 usufrubiu)
776 3078 910 3109 traditus

35 3111 227 3153 intelligatur
252 3112 462 3151 ususfructus;
484 3113 504 3145 fi
531 3116 679 3148 dominus
705 3119 911 3158 proprietatis

35 3153 67 3183 in
85 3151 218 3226 funufum
235 3155 364 3187 inducat
379 3154 605 3196 fi⁴uttuarium3
621 3167 760 3201 euinque
773 3161 911 3201 paciatur

35 3202 76 3225 eo
95 3201 140 3226 uti
170 3204 226 3228 rui.
531 3216 534 3219 ·
556 3214 558 3216 -
612 3214 615 3217 ⁴
897 3217 899 3219 ·

680 87 928 125 UsuFR

961 100 984 125 u
1019 101 1037 126 c
1071 102 1094 125 r
1127 102 1150 126 u
1202 91 1292 126 Ltss.
1331 86 1380 126 H.
1777 104 1847 140 373

1012 179 1094 211 Fere
1114 180 1233 212 oblitus
1255 191 1358 220 eram,
1382 181 1469 221 quod
1487 181 1527 213 de
1543 179 1738 214 ususfrucius
1753 183 1848 215 tradi-

971 222 1060 254 tione
1076 222 1160 260 dixi,
1185 222 1335 254 Praetoris
1352 224 1491 255 tuitione
1509 224 1696 263 procedere.
1721 225 1792 256 nam
1811 234 1846 256 u-

969 261 1139 295 susfruCius
1167 264 1240 302 Jure
1265 264 1361 296 Civili
1389 274 1453 297 tion
1479 274 1515 296 ea
1538 263 1764 304 constituitur,
1791 265 1844 298 sed

969 305 1106 336 ceffione
1126 306 1156 336 in
1171 306 1258 345 jure:
1284 316 1320 337 ea
1337 305 1442 337 forma
1460 316 1554 347 quain
1576 308 1669 338 tradit
1689 305 1842 346 Ulpianus

967 348 998 377 in
1015 346 1128 388 bingin.
1151 350 1198 378 tit.
1227 355 1274 383 19.
1291 347 1319 389 ᾗ.
1341 357 1370 384 9.
1390 347 1513 389 &seqq
1538 349 1582 379 bis
1596 348 1702 380 verbis.
1724 348 1842 389 injure

966 387 1042 427 ccffio
1060 398 1168 429 quoque
1185 390 1339 420 conanimis
1356 391 1491 421 alienatio
1506 388 1545 429 est
1560 389 1731 431 &mancipi
1747 400 1843 421 reram

967 429 1003 465 &³
1018 440 1068 460 ricc
1083 431 1225 470 iaanenu,
1239 441 1301 471 qua:
1312 430 1352 471 fit
1363 441 1414 471 per
1431 437 1487 463 tres
1499 435 1655 472 personas,
1672 433 1703 462 in
1714 432 1783 474 jure
1796 442 1843 463 ce-.

963 474 1076 508 cientes,
1102 473 1303 510 vindicantes,
1328 474 1498 504 addicentes.
1526 473 1557 503 in
1572 473 1642 513 jure
1658 476 1731 504 cedit
1749 475 1840 505 domi-

962 523 1038 548 nus:
1060 514 1194 544 viiidiccit
1209 515 1234 543 ei
1252 515 1300 544 cui
1317 515 1443 545 ceditur.-
1464 515 1573 545 addicit
1590 515 1710 546 Praetor.
1734 517 1764 546 in
1771 515 1841 556 jure

963 556 1023 584 ceaz'
1039 564 1082 584 res
1097 558 1184 585 etiam
1199 556 1386 595 incorporales
1393 555 1509 597 pqffunt
1520 579 1528 594 ,
1545 556 1626 586 velut
1642 557 1841 596 ususfructus.

962 596 1013 626 Sic
1030 595 1166 628 formam
1184 597 1333 636 exprimit
1347 596 1510 638 Ulpianus.
1537 598 1659 636 plenius
1676 599 1839 638 aliquanto

959 637 1115 669 Boethius
1126 638 1213 677 lib.s3.
1232 638 1396 676 Comi-nent.
1412 640 1444 670 in
1464 637 1567 680 Topica
1587 638 1740 670 Ciceronis.
1767 651 1837 672 vei·-

959 679 997 709 ba
1011 679 1086 718 ejus.
1127 678 1212 719 Ceffio
1229 680 1283 710 tali
1292 679 1382 719 fiebat
1397 682 1474 711 niodo
1485 704 1493 718 ‚
1512 687 1544 711 ut
1561 682 1682 717 secundo
1701 691 1839 713 commen·

958 722 1030 751 torio
1046 722 1118 752 idem
1136 722 1225 761 Cojns
1241 723 1379 761 exposuit.
1404 724 1435 753 in
1448 723 1514 763 jare
1531 728 1627 752 antem
1645 721 1720 762 cellia
1732 724 1770 762 fit
1786 726 1837 755 boc

959 764 1048 792 morlo.
1082 762 1170 801 Aliud
1189 762 1400 803 Magistratum
1415 764 1517 804 populi
1531 763 1676 801 Romani,
1693 766 1739 795 vei
1757 766 1836 805 apud

961 801 1110 840 Priasiclom
1130 806 1287 843 provinciae
1312 807 1335 834 is
1361 807 1408 836 ciii
1432 815 1476 836 res
1494 806 1523 835 in
1536 805 1606 847 jure
1624 807 1753 846 ceditur,
1777 814 1837 838 reni

960 850 1060 874 tenens
1076 845 1118 874 iia
1133 846 1275 875 vindicat.
1295 846 1388 877 Hanc
1406 856 1454 887 ego
1472 847 1611 878 hominem
1629 857 1665 879 ex
1681 850 1746 889 jure
1762 848 1838 894 Qui·

957 888 1059 916 mium
1075 896 1167 916 mcum.
1182 885 1233 924 effe
1249 887 1305 926 ajo.
1329 889 1430 918 deinde
1445 887 1592 930 postquam
1609 889 1655 920 hic
1669 891 1838 922 vindica-ve-

960 929 1019 964 rit,
1044 927 1154 957 Prcetor
1168 933 1327 968 interrogat
1343 938 1407 959 euni
1422 932 1473 969 qui
1487 932 1579 969 cedit,
1598 941 1637 962 an
1656 938 1755 963 contra
1769 933 1838 964 vin-

959 969 1049 998 dicet:
1065 977 1119 1008 quo
1136 974 1262 1009 negante
1284 976 1336 999 aut
1354 975 1482 1010 tacente,
1507 978 1576 1003 tunc
1594 973 1620 1002 ez·
1636 974 1688 1014 qui
1703 975 1837 1006 vindica·

959 1010 1052 1046 verit,
1075 1019 1137 1053 eain
1153 1018 1211 1039 rem
1229 1011 1357 1049 arlclz‘cz't,
1381 1012 1467 1052 idque
1484 1011 1553 1054 legis
1571 1013 1646 1045 aciio
1664 1017 1837 1048 vocabatur.

960 1049 1058 1091 igitur
1077 1050 1271 1097 ususfruftus
1294 1051 1367 1089 *lure
1393 1052 1488 1084 Civili
1508 1064 1571 1086 non
1590 1056 1674 1095 quasi
1694 1054 1840 1090 traditio-

960 1101 1019 1130 ne,
1044 1090 1095 1122 sed
1115 1094 1144 1122 in
1161 1101 1229 1131 jure
1248 1093 1407 1132 ceffione,
1428 1094 1650 1130 constituitur:
1674 1098 1744 1130 haec
1759 1108 1838 1131 vero

960 1135 1032 1172 quia
1043 1132 1243 1164 neceffariam
1264 1133 1402 1165 habebat
1418 1134 1651 1170 solemnitatem
1663 1137 1838 1173 Praetorem

958 1175 1094 1220 adeundi
1113 1175 1142 1206 in
1157 1175 1247 1214 jure,
1272 1175 1315 1206 ob
1331 1186 1380 1207 res
1396 1178 1647 1219 qualescumque
1666 1183 1838 1222 maxima&

958 1218 1124 1254 minimas,
1148 1223 1210 1247 tani
1236 1225 1275 1246 ex
1292 1220 1443 1255 remotis,
1470 1228 1564 1259 quam
1587 1230 1626 1252 ex
1646 1224 1837 1263 propinquis

958 1257 1058 1296 locis,
1082 1258 1202 1298 magnis
1221 1256 1302 1297 saepe
1324 1259 1489 1299 impensis,
1513 1262 1686 1301 majoribus
1702 1263 1840 1297 difficul-

959 1299 1092 1330 tatibus:
1117 1299 1274 1330 evitandae
1301 1299 1365 1340 ejus
1387 1301 1541 1333 moleiiiae
1566 1304 1684 1343 gratia,
1713 1306 1837 1345 optima

956 1341 1081 1371 ratione
1106 1341 1236 1372 inventa
1259 1340 1303 1372 est
1326 1352 1342 1373 a
1367 1342 1601 1384 Jurjsconlultis
1620 1345 1651 1377 in
1676 1345 1838 1381 usufructu

957 1381 1041 1420 quali
1068 1382 1208 1413 traditio.
1242 1382 1388 1422 interim,
1413 1393 1448 1415 ut
1475 1381 1631 1425 Ulpianus
1649 1388 1691 1419 ait
1709 1389 1728 1419 l.
1744 1382 1773 1421 ΔΙ,
1794 1388 1838 1420 D.

956 1422 1073 1467 Quibus
1089 1425 1177 1466 modis
1195 1424 1382 1462 ususfruc‘tus
1391 1426 1439 1456 vel
1451 1436 1521 1465 zasias
1534 1430 1701 1468 amittitur,
1719 1430 1760 1462 fic
1777 1440 1838 1462 tra-

956 1470 1039 1497 ditus
1059 1474 1251 1506 quamquam
1269 1475 1308 1496 ex
1324 1467 1402 1506 justa
1419 1467 1509 1498 causa
1526 1469 1740 1510 ususfructus,
1762 1472 1838 1512 jure

956 1516 1022 1538 non
1039 1507 1262 1545 constituitur,
1287 1506 1338 1538 sed
1358 1509 1496 1539 tuitione
1516 1509 1677 1542 Praetoris.
1702 1513 1798 1553 idque
1814 1515 1839 1545 i-

957 1549 1029 1580 dem
1057 1548 1124 1579 vult
1153 1547 1307 1587 Ulpianus
1331 1548 1351 1580 l.
1382 1559 1406 1581 1.
1433 1549 1461 1591 §.
1484 1560 1509 1581 2.
1538 1551 1579 1582 D.
1599 1552 1632 1581 de
1643 1553 1838 1590 servitutibus

953 1591 1125 1630 praediorum
1140 1590 1331 1630 rusticorum:
1355 1590 1396 1622 fic
1419 1591 1557 1624 scribens
1568 1606 1581 1627 ,⁷
1603 1591 1838 1637 Traditioplane

957 1631 995 1666 ὅ*
1013 1632 1162 1672 patientia
1176 1632 1371 1672 sarvitutium
1395 1633 1511 1664 inducat
1534 1632 1660 1674 officium
1690 1630 1838 1670 Pr‘aeioris.

957 1672 1070 1704 Sensus
1088 1672 1153 1712 est,
1178 1673 1384 1705 traditionem
1402 1673 1549 1714 efficere,
1575 1683 1608 1707 ut
1624 1676 1748 1710 Praetor
1767 1688 1840 1712 eam

956 1713 1199 1755 polieffionem,
1216 1714 1291 1746 licet
1309 1716 1535 1756 impropriam,
1554 1725 1661 1750 tamen
1680 1719 1765 1760 quafi
1783 1730 1838 1752 ve-

957 1765 1043 1794 ram,
1068 1764 1205 1789 tueatur.
1241 1754 1284 1787 Et
1302 1759 1497 1789 notandum:
1523 1759 1609 1798 quod
1629 1760 1691 1799 ait,
1717 1762 1838 1794 traditio

960 1796 1174 1838 &patientiat
1197 1798 1315 1838 pariter
1333 1806 1366 1830 ut
1381 1801 1411 1830 in
1427 1800 1446 1830 l.
1470 1809 1514 1832 11.
1533 1800 1561 1842 ὃ.
1586 1810 1611 1832 1.
1630 1800 1670 1833 D.
1690 1804 1723 1833 de
1740 1803 1840 1835 Publi-

960 1841 1045 1870 ciana
1066 1840 1178 1878 insrem
1200 1837 1326 1870 aeliane.-
1351 1839 1578 1874 usumfructum
1603 1842 1632 1874 ὅ(
1650 1843 1839 1878 servitutem

961 1880 1153 1911 urbanorum
1171 1880 1361 1921 praediorum
1376 1889 1428 1923 per
1443 1884 1627 1915 traditionem
1643 1884 1779 1926 constitui
1792 1886 1840 1918 vel

954 1930 1008 1962 per
1027 1923 1199 1961 patientiam
1222 1922 1315 1962 plane
1332 1922 1420 1955 fimili
1441 1923 1546 1956 sensu:
1569 1926 1641 1966 quia
1656 1929 1703 1958 vel
1719 1937 1778 1968 pro
1799 1927 1838 1963 δ’

957 1963 1113 2002 accipitur
1131 1963 1302 2002 frequente
1320 1965 1445 1997 illorum
1457 1965 1634 1999 seculorum
1646 1969 1721 2002 usu:
1739 1979 1838 2011 quem

956 2004 1296 2041 annotavitSaliiiaiius
1309 2030 1316 2044 ,
1343 2006 1433 2038 Notis
1450 2009 1488 2037 ad
1508 2007 1623 2049 Vopisci
1640 2009 1785 2050 Probum,
1808 2020 1834 2045 c,

959 2055 1005 2084 14.
1017 2052 1087 2087 pag.
1104 2049 1176 2086 663.
1207 2046 1236 2077 ὅ(
1261 2047 1299 2078 ad
1324 2047 1541 2088 Capitolinum,
1566 2050 1727 2084 Gordiano.
1751 2062 1776 2084 c,
1804 2062 1835 2093 7.

946 2087 978 2126 f.
993 2093 1064 2128 pag.
1086 2092 1135 2122 88.

970 2161 972 2163 ,
997 2128 1093 2160 Plane
1106 2137 1181 2159 cum
1201 2127 1475 2170 ususfruftusJure
1491 2131 1585 2164 Civili
1600 2134 1740 2166 ceffione
1757 2144 1834 2168 con<
1859 2154 1862 2158 ·

955 2167 1119 2208 stituaturg
1144 2170 1237 2210 poliit
1262 2171 1376 2211 aliquis
1396 2174 1519 2212 mirari,
1543 2176 1645 2213 curin
1666 2175 1833 2209 Pandeftis

955 2219 1021 2242 non
1040 2209 1094 2242 fiat
1110 2211 1277 2250 cessionis,
1295 2212 1345 2244 sed
1364 2214 1543 2247 traditionis
1561 2217 1695 2251 mentio.
1722 2228 1833 2251 verum

955 2252 1075 2284 definet
1100 2253 1224 2285 mirari:
1249 2254 1435 2294 intellecto,
1459 2254 1540 2297 Imp.
1564 2257 1771 2297 justinianum
1790 2260 1835 2291 su-

955 2293 1070 2324 stulisse
1097 2293 1293 2326 differentias
1316 2305 1385 2336 quae
1414 2305 1552 2339 utroque
1578 2300 1611 2330 in
1632 2302 1732 2332 niodo
1747 2302 1835 2341 apud

956 2334 1093 2381 Veteres
1120 2335 1237 2368 fuere:
1268 2346 1340 2368 cum
1364 2336 1483 2370 sustulit
1507 2338 1705 2372 differentias
1727 2352 1833 2376 rerum

955 2376 1139 2416 mancipi&
1156 2386 1215 2408 nec
1225 2378 1383 2418 mancipi,
1401 2380 1478 2410 item
1490 2381 1626 2413 dominii
1639 2383 1788 2416 bonitarii
1804 2386 1835 2417 &

959 2417 1163 2460 Quiritai·ii.·L.
1173 2420 1251 2450 unic.
1264 2419 1296 2451 C.
1308 2421 1341 2450 de
1351 2423 1427 2452 nudo
1436 2421 1506 2462 jure
1517 2421 1682 2466 Quiritium
1699 2425 1832 2460 tollendo.

999 2458 1178 2499 Caeterum,
1202 2460 1264 2492 ssve
1287 2461 1413 2502 legam,
1437 2462 1500 2500 sive
1520 2464 1719 2504 pactionibus
1737 2467 1767 2498 &
1785 2464 1834 2500 'sti-

955 2500 1172 2541 pulationibus
1190 2502 1399 2535 constituatur
1422 2503 1633 2546 ususfructum
1656 2509 1701 2538 ait
1719 2507 1833 2542 Paulus

954 2543 972 2572 l.
990 2553 1017 2588 4.
1040 2541 1081 2573 D.
1101 2544 1133 2572 de
1148 2540 1325 2582 alafracta,
1343 2552 1472 2585 extare,
1487 2545 1552 2578 five
1568 2548 1624 2587 (ut
1640 2544 1796 2590 Ulpianus
1813 2553 1834 2585 l.

953 2593 1032 2630 rime.
1051 2583 1081 2624 ὃ.
1101 2594 1129 2624 3.
1146 2583 1188 2615 D.
1212 2584 1340 2628 Quando
1357 2587 1417 2617 dies
1439 2587 1624 2628 ususfrustus
1646 2591 1737 2633 legati
1750 2595 1831 2626 cedar

953 2624 1044 2664 infit)
1062 2624 1226 2664 constare,
1243 2627 1333 2666 quod
1351 2627 1542 2661 ususfruCtus
1561 2630 1667 2672 potest
1683 2635 1736 2666 vel
1753 2644 1830 2676 prae-

954 2665 1044 2705 sens,
1068 2667 1246 2698 velex-die
1263 2668 1338 2700 dari.
1365 2668 1478 2707 Sensus
1498 2671 1588 2704 Pauli
1606 2672 1669 2705 est:
1693 2678 1780 2716 quod
1798 2687 1832 2709 u·

954 2706 1125 2739 susa-ustus
1151 2709 1201 2740 vel
1226 2717 1304 2748 pure
1328 2710 1393 2742 dari
1417 2712 1543 2752 potest,
1567 2724 1674 2755 eoque
1695 2716 1765 2749 casu
1784 2718 1831 2749 est

952 2749 1087 2788 praelens
1105 2748 1317 2790 ususfructus,
1334 2760 1368 2783 ut
1386 2752 1500 2786 dicitur
1519 2755 1654 2795 praesens
1671 2758 1828 2799 obligatio

951 2790 970 2820 l.
987 2799 1017 2835 93
1033 2788 1076 2821 D.
1094 2791 1127 2821 de
1143 2792 1229 2839 rebus.
1240 2793 1373 2832 creditis,
1389 2803 1460 2835 quae
1476 2795 1521 2827 est
1538 2806 1633 2838 pura:
1652 2800 1702 2830 vel
1721 2799 1827 2839 potest

953 2831 1017 2879 dari
1035 2840 1075 2862 ex
1091 2839 1183 2869 certo
1199 2834 1267 2873 {1¹23
1284 2842 1352 2868 tum
1370 2846 1558 2878 vei-cante,
1575 2849 1669 2880 quam
1687 2842 1753 2872 dies
1772 2850 1827 2871 ve-

953 2880 1018 2919 nit,
1041 2882 1106 2904 non
1126 2873 1172 2906 est
1188 2874 1390 2912 ususfructus.
1423 2888 1539 2920 nempe
1564 2881 1756 2912 ususfructus
1779 2880 1827 2914 est

950 2923 999 2954 Jus
1019 2914 1178 2960 personae,
1202 2923 1298 2955 atque
1313 2920 1411 2960 ipsum
1425 2921 1454 2952 in
1470 2923 1591 2953 utendo
1607 2922 1746 2953 fruendo
1760 2945 1769 2961 ,
1793 2923 1826 2956 id

953 2954 1017 2993 est,
1038 2964 1070 3002 in
1087 2956 1227 2996 personae
1240 2958 1344 2999 satio,
1368 2962 1535 2994 confistitl
1562 2967 1612 2994 61.
1630 2962 1657 3003 §.
1680 2971 1705 2994 1.
1724 2962 1766 2994 D.
1791 2965 1826 2996 de

953 2999 1131 3043 adquirendo
1149 3008 1244 3037 rerum
1266 3002 1397 3034 dominio.
1432 3004 1567 3045 proinde
1591 3002 1654 3034 five
1682 3004 1826 3045 legetur,

953 3038 1023 3085 ssve·
1035 3041 1463 3086 promittaturulusfruelus3
1482 3046 1547 3085 ejus
1565 3045 1633 3075 dies
1652 3054 1829 3088 numquam

954 3081 1058 3129 cedit,
1081 3090 1250 3122 antequam
1275 3085 1465 3118 fructuarius
1492 3086 1584 3126 poffit
1608 3087 1652 3117 uti
1674 3087 1783 3120 fruiti.
1804 3090 1826 3123 l.

952 3130 1089 3168 uniapr.
1106 3123 1193 3167 ὃὸ.
1215 3134 1239 3157 1.
1263 3125 1316 3158 sed
1334 3137 1395 3159 nec
1413 3126 1501 3158 causa
1520 3126 1584 3166 est,
1609 3136 1666 3159 cur
1680 3139 1754 3162 ante
1773 3141 1826 3162 ce-

951 3163 1004 3194 dat
1031 3165 1113 3211 dies:
1137 3168 1258 3208 quippe
1282 3178 1354 3200 cum
1380 3167 1571 3204 ususfructus
1592 3178 1665 3201 cuin
1689 3171 1825 3212 persona

949 3203 1114 3279 fi’ufituari'g³
1127 3207 1271 3254 finiatur3
1293 3219 1354 3242 nec
1371 3210 1410 3243 ad
1427 3209 1492 3250 ejus
1515 3210 1667 3244 heredem
1689 3213 1824 3245 transfe-

1132 3258 1147 3280 a
1163 3259 1178 3280 a
1202 3259 1221 3290 3
1777 3264 1822 3286 ra-
