2036 3495
347 114 412 148 An
437 112 485 147 L1
499 120 530 144 Β.
559 109 607 145 V.
644 107 700 142 T1
713 117 745 141 T.
774 105 799 139 Ι.
835 105 884 140 De
902 105 1040 150 Jurliciis
1057 103 1097 144 &2⁹
1115 107 1166 141 ubi
1182 108 1304 153 quisque
1320 118 1414 154 agere
1433 106 1499 147 &a

30 207 150 240 fuerint
174 204 299 245 ,ludices
323 203 407 241 dari,
431 197 560 240 exposui
583 197 629 228 lib.
649 205 674 228 1.
693 194 746 240 Dp
756 193 904 244 jurisdic'r.

31 249 67 284 ἐξ
84 250 181 288 imper.
200 256 259 277 nce
274 253 361 286 agam
379 243 492 274 actum.
520 239 661 271 Tantum
680 243 831 277 attingam
844 259 852 271 ,
874 237 903 267 oc

29 290 155 328 obiter,
180 289 231 328 qui
258 286 386 326 Judices
408 285 502 321 dare,
527 281 659 326 darive,
678 278 804 324 possint.
830 279 903 308 (lare

29 340 135 363 autem
157 329 282 370 poll'unt
299 335 411 358 omnes
435 325 484 365 qui
509 323 629 353 habent
649 319 901 365 jurisdictionem

31 382 124 413 quam
145 379 295 402 vocamus
311 369 443 399 mixtum
459 364 636 409 imperium.
655 370 726 402 quia
746 360 902 406 liocinix-

31 423 98 446 tum
126 411 310 452 imperium,
334 408 397 440 five
421 416 456 437 ea
477 403 731 450 jurisdichostt
748 401 902 449 Ulpianus

31 454 144 487 definit
159 454 177 485 l.
196 463 223 487 ‘³-
243 452 288 483 D.
305 452 337 481 de
346 446 567 491 jurisdictione)
593 453 706 484 partim
730 444 774 474 est
792 453 901 484 cogni-

32 498 79 528 tio
97 519 106 534 ,
130 487 218 526 verlii
242 492 339 533 gratia
357 513 366 529 ,
391 489 478 521 datio
504 486 705 531 poss'eslionis
723 486 901 531 bonorum,

30 538 145 577 partim
163 533 382 572 ctiamjudicis
392 530 485 562 dandi
501 531 638 560 licentia.
655 536 794 567 quisquis
810 535 904 573 igitur

30 580 127 611 habet
147 577 278 609 mixtum
304 573 469 613 imperium
489 571 538 601 cui
559 569 735 610 jurisdictio
754 569 853 606 inest,
878 576 903 598 ls

29 620 128 651 habet
143 617 261 657 judicis
279 615 371 645 dandi
390 613 563 644 licentiam:
591 611 718 650 estque,
738 618 772 640 ut
793 609 902 640 Paulus

31 658 200 700 aitl.12.§.
219 667 244 689 1.
257 658 301 688 D.
320 656 347 686 l).
367 662 387 686 t.
404 655 433 685 ei
453 654 623 693 aliquando
641 662 731 683 more
751 652 902 690 majorum

30 700 175 734 concess'a
193 705 326 740 propter
342 697 404 727 vim
423 696 565 734 imperii,
582 694 659 725 licut
678 690 903 738 Ρνπῗεᾷῐοῌν-

29 744 84 782 bi,
99 743 286 779 caeterisque
305 739 412 769 Romae
423 736 669 778 Magistratibus.
682 736 749 775 plus
767 743 809 765 ait
829 734 903 765 Pou-

31 785 79 818 lus
95 785 122 815 d.
133 783 153 814 l.
172 782 264 812 etiam
274 780 417 819 judicem
437 780 509 810 dare
521 778 635 818 quibus
653 778 717 808 hoc
731 776 835 821 Lege,
852 773 903 805 vel

29 823 287 859 Constitutione,
306 822 355 852 vel
371 820 666 854 SenatusconsultO.
696 818 901 860 conceditur:

31 868 60 898 ἃ
72 866 176 914 Lege,
194 863 271 895 sicut
283 862 483 893 Proconsuli:
503 862 532 891 id
544 860 605 899 est,
623 869 656 890 ut
668 859 755 899 supra
771 858 903 904 expolui

29 908 84 940 sub
110 897 223 938 'litulo
240 928 249 943 ,
280 904 368 948 Quod
391 904 528 945 cujusque
550 900 750 940 univerfitatis
773 909 903 936 nomme,

30 950 120 990 Lege
131 957 193 985 Qua
209 944 453 979 Proconsulatus
466 943 654 975 constitutus
666 942 728 974 est:
746 940 903 986 qualssge

31 989 178 1024 conceffa
194 987 439 1019 proconsulibus
457 986 501 1017 est
525 985 698 1026 plenissima
710 982 904 1025 jurisdict103

31 1031 87 1063 sub
102 1039 204 1070 eaque
227 1029 442 1069 appellatione
460 1035 565 1068 partes
582 1036 693 1058 omnes
709 1034 778 1066 quse
796 1023 905 1054 Romae

31 1074 104 1105 sunt:
120 1072 264 1103 omnium
291 1068 533 1112 Magistratuum
552 1068 570 1098 l.
588 1078 614 1107 7.
632 1068 658 1109 ᾗ.
677 1077 702 1098 2.
721 1068 765 1113 D
782 1067 814 1096 cle
829 1063 901 1104 offic.

31 1113 169 1153 Procons.
187 1112 300 1143 Paulus
317 1113 342 1142 d.
358 1114 378 1143 ι,
405 1120 447 1142 12.
461 1110 490 1152 §.
510 1120 535 1142 1.
552 1111 612 1147 ait,
628 1109 717 1149 quod
734 1118 757 1139 is
774 1115 905 1147 quoque

33 1156 86 1188 cui
103 1154 247 1187 mandata
265 1152 309 1184 est
323 1152 513 1193 jurisdictio,
529 1151 672 1191 Judicem
690 1150 763 1194 dare
782 1146 903 1194 potest:

31 1205 134 1239 puto,
151 1196 189 1227 ab
198 1196 307 1226 eadem
319 1193 426 1232 causa,
438 1194 525 1232 quod
538 1192 656 1232 Judicis
673 1191 764 1221 dandi
777 1191 905 1220 licentia

33 1238 79 1270 est
94 1247 164 1278 pars
180 1237 333 1268 mandatae
346 1234 579 1275 jurisdictionis.
600 1232 712 1263 Paulus
722 1231 905 1276 exemplum

32 1280 128 1321 ponit
144 1280 174 1310 in
192 1277 316 1318 Legato
334 1274 554 1307 Proconsulis:
574 1283 679 1314 eoque
701 1272 840 1304 illustrari
858 1280 904 1301 re-

31 1322 156 1363 gulam,
182 1329 246 1350 non
265 1317 424 1358 restringi,
448 1317 543 1347 docui
565 1315 609 1346 lzb.
628 1326 655 1347 2.
683 1315 850 1354 Dejurisd.
869 1311 905 1346 &2³

31 1365 98 1403 imp.
113 1372 136 1392 ε.
160 1370 205 1392 11.
221 1358 293 1391 Nec
310 1359 373 1397 est,
390 1359 476 1399 quod
490 1367 584 1397 quem
603 1363 746 1389 moretur
761 1355 779 1385 l.
792 1364 836 1394 13.
858 1354 905 1384 D.

33 1406 66 1438 de
76 1401 215 1445 jurisdift
251 1400 331 1432 Nam
350 1398 550 1440 Magistratus
567 1398 631 1429 illic
647 1407 711 1429 non
731 1398 908 1436 opponitur

33 1443 231 1479 mandatario
243 1465 252 1481 ,
268 1440 469 1483 Magistratus
486 1441 558 1472 vice
575 1441 602 1471 &
621 1439 760 1479 partibus
775 1436 908 1482 fungen-

34 1487 59 1518 ti
77 1486 96 1517 l.
110 1489 156 1518 16.
173 1485 218 1515 D.
231 1485 288 1514 eod.
307 1485 351 1515 tit.
365 1482 428 1517 &A
447 1492 476 1523 3.
494 1483 542 1513 D.
560 1483 593 1512 de
607 1480 679 1521 offic.
698 1481 759 1521 ejus
776 1481 837 1526 cui.
857 1478 909 1526 led

35 1528 182 1568 privato:
200 1526 336 1565 quicum
353 1524 430 1555 effet
445 1522 664 1565 Magistratus3
680 1521 762 1567 juffit
776 1522 909 1561 judicari

39 1569 110 1606 die,
140 1576 204 1603 Quo
220 1566 344 1597 futurus
360 1565 438 1596 effet
454 1565 612 1604 prix-atus:
635 1572 670 1594 ut
685 1562 730 1594 est
745 1572 774 1593 in
793 1562 820 1604 §.
839 1570 864 1593 1.
881 1562 908 1592 d.

40 1609 59 1643 l.
76 1618 119 1649 13.
134 1608 239 1645 AEque
257 1607 349 1647 possit
366 1605 564 1647 Magistratus
581 1606 701 1645 opponi
718 1606 842 1644 privato
859 1603 908 1642 Ju-

41 1650 104 1682 dici
123 1658 140 1680 a
164 1649 351 1688 Magistratu
370 1649 463 1679 dato:
488 1648 574 1686 cujus
597 1647 688 1677 notio
705 1644 768 1684 est3
790 1646 908 1685 jurisdi-

43 1691 107 1725 ftio
127 1699 189 1721 non
211 1689 273 1721 est:
293 1697 326 1720 ut
343 1692 373 1720 in
391 1690 409 1719 l.
422 1699 452 1729 5.
471 1688 502 1719 C.
519 1689 546 1719 h.
562 1694 583 1719 c.
603 1697 696 1729 quam
714 1696 753 1718 ex
767 1686 908 1728 profess'o

41 1731 171 1764 traciavi
187 1733 214 1763 d.
233 1731 280 1761 lib.
301 1740 327 1762 2.
342 1741 364 1761 c.
384 1739 429 1761 11.

43 1804 46 1807 .
84 1772 161 1805 Dixi
188 1773 240 1813 qui
257 1772 385 1811 Judiccs
409 1768 482 1802 dai-e
500 1771 632 1811 possint,
656 1778 753 1810 porro
781 1770 910 1809 accipe,

41 1817 96 1855 qui
113 1813 229 1855 possint
245 1814 318 1844 dari.
351 1812 392 1843 Et
408 1813 451 1844 ait
468 1813 579 1844 Paulus
596 1812 614 1843 l.
636 1821 678 1842 12.
695 1810 723 1851 §.
735 1811 826 1857 ²·.D·
842 1811 869 1841 h.
888 1817 909 1857 t.

40 1865 106 1887 non
131 1864 243 1886 omnes
265 1854 391 1893 ,ludices
408 1855 471 1885 dari
488 1854 525 1885 ab
545 1853 591 1886 his
608 1854 659 1894 qui
675 1852 791 1892 Judicis
812 1852 906 1884 dandi

41 1898 87 1934 ius
96 1896 226 1928 habent.
241 1896 368 1936 quidam
378 1897 480 1933 enim,
497 1896 614 1935 inquit,
632 1893 719 1935 Lege
734 1894 907 1934 impediun-

38 1933 108 1976 tur,
127 1947 166 1969 ne
183 1937 308 1976 Judices
323 1937 399 1968 fint:
415 1937 539 1976 quidam
556 1944 680 1968 natura:
699 1936 825 1976 quidam
841 1944 908 1967 mo-

38 1980 135 2012 ribus.
168 1978 307 2016 Natura,
324 1986 357 2009 ut
376 1978 504 2017 surdus,
521 1985 626 2009 mutus
642 1978 672 2009 &
687 1985 844 2018 perpetuo
862 1976 910 2008 fu-

39 2020 159 2059 riosus,
183 2020 213 2051 ὅ(
231 2019 387 2059 impubes.
412 2027 473 2060 qua
491 2019 604 2051 causa?
628 2020 690 2057 ait,
708 2019 778 2059 quia
792 2018 910 2056 judicio

41 2070 161 2094 carent.
186 2061 265 2092 lllud
281 2061 416 2099 mirei-<23
440 2061 527 2101 quod
546 2061 608 2099 ait,
626 2066 760 2100 perpetuo
769 2060 911 2099 furiosus.

41 2103 105 2134 Sed
115 2111 298 2143 opportune
313 2102 500 2141 Papinianus
515 2102 594 2143 l.39.
615 2103 660 2133 D..
680 2102 708 2134 b.
727 2108 748 2133 t.
769 2101 810 2134 fic
827 2100 912 2133 infit:

45 2144 120 2175 Cum
128 2143 260 2184 furiofics
271 2144 364 2185 judex
380 2144 545 2182 addicitur,
569 2153 625 2175 izorz
646 2145 705 2174 ideo
720 2144 816 2174 minus
835 2144 912 2185 judi-

46 2186 125 2216 cium
142 2187 216 2223 erit,
231 2186 305 2225 quod
315 2185 393 2216 hodie
410 2195 466 2216 non
479 2184 567 2225 potest
578 2185 727 2226 judicare:
742 2190 775 2216 ut
782 2186 913 2224 scilicet,

36 2227 102 2267 suae
121 2227 224 2257 mentis
247 2225 381 2267 effestus,
405 2227 478 2267 quod
498 2228 644 2263 sententiat
666 2228 793 2266 dlx-erit,
816 2232 915 2258 ratum

40 2267 91 2307 fit.
115 2276 205 2308 neque
219 2276 293 2298 emm
308 2269 339 2298 in
355 2269 508 2300 addicendo
513 2269 662 2308 presentia
679 2268 725 2299 vel
739 2268 857 2303 scientia
868 2269 904 2308 ju

41 2310 113 2340 dicis
129 2308 282 2349 neceffaria
298 2307 345 2349 eft.
378 2308 475 2349 Igitur
491 2309 575 2341 rcCte
591 2310 681 2341 datus
698 2308 743 2340 est
760 2308 914 2340 furiosus:

41 2349 95 2382 sed
113 2349 134 2382 fi
151 2358 325 2390 perpetuus
349 2349 384 2382 fit
401 2349 510 2389 furor,
534 2358 588 2382 aut
605 2350 806 2390 perseveret:
831 2360 910 2382 mor-

40 2391 99 2424 bus
111 2390 249 2423 sonticus
264 2391 423 2431 iudicandi
440 2392 656 2423 necestitatem
668 2390 811 2423 remittit.
835 2401 913 2432 ergo

40 2432 155 2465 mutari
170 2433 277 2464 debet.
295 2433 335 2464 fic
352 2442 440 2464 certe
458 2433 570 2464 Paulus
588 2432 617 2464 in
636 2443 676 2464 eo
695 2435 746 2474 qui
767 2433 805 2463 ab
822 2434 913 2465 initio

41 2474 128 2506 reste
151 2475 240 2505 datus
260 2497 269 2512 ,
300 2475 408 2514 postea
433 2474 540 2506 furere
563 2475 699 2515 coeperit
715 2498 725 2513 ‚
750 2474 913 2515 respondit

43 2514 64 2546 l.
80 2519 129 2553 46.
149 2516 193 2546 D.
212 2515 239 2546 b.
258 2521 279 2546 t.
312 2515 397 2557 Lege
420 2517 556 2556 (opinor
571 2540 580 2555 ‚
604 2517 683 2555 Julia
704 2514 914 2555 iudiciorum)

43 2554 232 2595 impeditur,
255 2556 358 2596 inquit
375 2558 487 2589 Paulus
504 2559 529 2589 cl.
548 2559 566 2588 l.
592 2567 635 2589 12.
652 2558 681 2598 ἓ.
700 2568 727 2589 2.
748 2558 800 2597 qui
818 2556 912 2588 Sena-

44 2603 81 2627 tu
97 2604 202 2627 motus
221 2596 275 2628 est.
313 2598 361 2629 An
380 2598 409 2629 &
428 2600 556 2630 minor?
585 2599 634 2630 Ue
652 2600 715 2630 hoc
732 2598 847 2630 dicium
868 2598 912 2629 su-

43 2646 100 2677 pra
115 2635 168 2668 sub
180 2635 314 2677 Titulo,
332 2639 382 2670 De
392 2642 507 2680 receptis
519 2640 554 2674 &2⁹
571 2642 621 2682 qui
637 2643 736 2671 arbitr.
758 2647 842 2680 recep.
863 2639 914 2671 De

43 2678 195 2722 imperito
218 2679 294 2718 juris·
315 2679 464 2720 &legum
486 2682 562 2712 nihil
584 2682 734 2720 Veteres,
759 2690 912 2721 quantum

44 2719 130 2757 scio,
144 2718 196 2750 sed
214 2719 258 2750 est
274 2720 391 2760 aliquid
410 2722 569 2753 inNovelb.
591 2728 640 2757 82.
657 2730 703 2763 pr.
723 2732 913 2762 quamquam

43 2769 118 2793 cum
136 2760 189 2791 ille
204 2759 393 2798 prohibetur
409 2761 509 2800 judex
525 2763 601 2794 esse:
618 2774 681 2796 non
695 2764 805 2804 utique
824 2765 914 2804 plena

43 2810 142 2841 atque
160 2801 270 2832 exacta
292 2800 323 2833 in
346 2801 455 2847 judice
475 2804 664 2836 desideratur
684 2806 760 2845 juris
783 2806 916 2846 peritia;

42 2844 97 2876 sed
114 2841 228 2873 sufficit
243 2849 315 2882 apta
329 2852 462 2883 negotio
480 2853 545 2884 quo
562 2848 601 2877 de
611 2847 741 2887 agiturl.
759 2856 802 2887 17·
813 2847 844 2878 C.
856 2848 882 2878 h.
892 2853 914 2878 ε.

44 2883 213 2918 Postremo
230 2884 273 2914 ait
291 2883 403 2915 Paulus
419 2886 446 2916 d.
465 2885 582 2927 l.12.§.
602 2897 629 2918 2.
649 2888 791 2919 moribus
808 2887 914 2928 prohi-

44 2924 250 2964 beriJudices
267 2924 328 2956 ess'e
338 2924 525 2958 foeminas&
537 2927 733 2960 servosznon
746 2930 832 2970 quod
849 2939 914 2961 non

44 2965 327 3005 habentjudicium
340 2989 348 3003 ‚
366 2965 417 2998 sed
435 2969 507 3006 quia
528 2976 690 3008 receptum
709 2970 770 3001 est:
789 2979 821 3001 ut
839 2970 914 3001 civi-

43 3009 127 3042 libus
141 3006 255 3039 officiis
267 3017 330 3039 non
343 3006 524 3048 fungantur.
549 3009 707 3042 Caeterum
718 3013 770 3051 qui
790 3012 917 3051 poss‘unt

39 3049 168 3093 Judices
179 3048 260 3087 ess'e,
284 3049 313 3080 in
333 3049 381 3081 his
397 3050 474 3081 nihil
490 3049 638 3088 interest,
656 3061 761 3083 utrum
778 3053 808 3084 in
825 3061 917 3093 pote-

43 3093 142 3129 state,
161 3099 199 3121 an
217 3089 258 3121 sui
271 3090 366 3130 juris,
391 3090 449 3122 {int
464 3093 490 3122 d.
511 3093 529 3122 l.
552 3100 596 3123 12.
617 3091 644 3133 §.
663 3102 692 3134 3.
709 3095 790 3125 adeo
807 3092 837 3126 in
858 3095 916 3133 pri-

43 3131 126 3165 vatis
148 3130 286 3172 negotiis
314 3132 344 3164 &
370 3139 459 3173 pater
483 3132 602 3170 filium,
626 3133 655 3165 ἀ
674 3133 756 3165 filius
775 3143 915 3174 patrem,

44 3174 187 3216 judicem
203 3173 320 3204 habere
336 3174 441 3214 potest
457 3174 475 3204 l.
496 3184 542 3214 77.
560 3176 606 3205 D.
623 3177 657 3206 de
668 3177 799 3216 judiciis.
825 3178 912 3217 quip-

43 3226 86 3259 pe
103 3214 240 3257 judicare
251 3214 296 3247 est
310 3224 423 3248 munus
438 3216 602 3257 publicum
617 3217 636 3249 l.
654 3222 701 3257 78.
712 3218 740 3250 d.
751 3223 772 3251 t.
795 3216 828 3251 in
843 3226 909 3260 quo

1753 118 1819 151 ¹19

948 194 1166 228 filiusfamilias
1187 205 1246 235 pro
1264 196 1490 237 patrefamilias
1508 197 1652 229 liabetur.
1671 197 1700 228 ἃ
1718 196 1738 228 fi
1755 206 1822 228 non

949 238 1071 277 placeat
1083 238 1260 268 adversario
1273 238 1396 278 Judex,
1413 239 1516 278 potest
1528 240 1566 270 ab
1585 249 1643 276 eo,
1661 247 1823 279 tamquam

948 278 1122 318 suspcssus,
1141 279 1284 311 recusari.
1308 280 1408 311 Porro
1425 280 1657 313 observandum
1675 280 1736 312 effe
1754 289 1823 311 mo-

946 328 1002 351 net
1020 319 1213 351 Callistratus
1230 322 1342 361 l.47.l7.
1355 327 1374 352 t.
1387 331 1427 353 ne
1444 323 1467 354 is
1481 323 1573 354 detur
1586 323 1707 363 Judex,
1726 331 1823 363 quem

945 362 1041 392 altera
1061 370 1129 400 pars
1149 362 1336 394 nominatim
1354 371 1458 402 petat:
1484 363 1579 403 idque
1598 362 1696 404 iniqui
1715 373 1824 395 exem-

946 403 988 442 pli
1007 401 1087 439 effe,
1108 401 1226 434 Divum
1246 402 1441 436 Hadrianum
1460 405 1667 444 rescripsisl'e3
1686 405 1738 437 nisi
1758 405 1823 436 hoc

946 444 1123 488 specialiter
1141 453 1156 473 a
1173 443 1321 484 Principe
1338 446 1376 476 ad
1395 448 1617 478 verecundiam
1637 447 1824 487 petirijucli-

945 484 1198 529 cis-respiciente
1216 485 1430 523 permittetur.
1474 487 1550 519 Non
1568 490 1734 526 adderem,
1760 488 1824 520 ess'e

946 526 1093 558 rationis:
1112 536 1150 557 ne
1167 527 1235 565 quis
1252 530 1282 558 in
1302 527 1349 558 sua
1367 528 1456 560 causa
1475 538 1527 560 aut
1549 531 1691 569 judicet,
1708 538 1762 560 aut
1776 531 1824 570 jiis

946 569 1059 600 dicat:
1083 568 1134 599 nili
1159 568 1224 598 hoc
1244 571 1381 609 generali
1408 571 1478 611 lege
1505 571 1671 601 vetuill'ent
1695 571 1824 611 imppp.

948 610 1084 648 Valens,
1107 608 1299 649 Gratianus,
1333 611 1360 642 ὅ(
1386 610 1627 643 Valentinianus
1650 613 1669 643 l.
1686 614 1766 644 unic.
1786 613 1821 644 C.

947 651 996 682 Na
1012 653 1078 691 quis
1094 651 1191 690 insita
1209 653 1391 693 cccztsssjzrdic.
1415 653 1460 683 vel
1474 654 1526 694 jus
1542 655 1597 684 dic.

985 692 1046 723 Sed
1071 700 1221 732 apparet,
1249 692 1310 723 huc
1336 695 1420 725 enim
1442 695 1523 726 redit
1539 694 1675 734 summa,
1701 694 1822 733 solum,

946 732 976 765 in
988 733 1154 773 propofito
1172 734 1305 775 intelligi
1317 735 1463 774 ⁸iudicem
1479 746 1551 767 eum
1569 737 1620 776 qui
1639 735 1674 768 sit
1694 737 1823 777 publice

947 774 1150 806 constitutus.
1182 784 1287 815 neque
1317 778 1347 809 id
1372 776 1503 809 sufficit:
1530 779 1663 817 amplius
1691 786 1825 819 oportet

945 824 1188 861 competentem
1214 816 1285 848 effe.
1310 828 1380 849 narn
1405 819 1459 850 etii
1483 819 1654 860 fitjudex,
1679 820 1762 851 idem
1784 820 1827 850 le-

946 858 1055 898 gibus,
1080 867 1144 887 non
1169 858 1291 901 idcirco
1315 859 1359 890 est
1381 861 1467 891 omni
1493 861 1524 892 in
1553 862 1648 900 loco,
1678 863 1765 892 omni
1792 862 1825 892 in

946 898 1176 943 causa,'atque
1200 907 1282 930 inter
1306 909 1418 932 omnes
1437 924 1446 940 ,
1475 902 1582 937 ludex.
1607 902 1681 944 quin
1710 901 1824 943 praesu-

946 950 1036 972 mens
1060 949 1090 970 1n
1117 940 1179 970 alio
1203 940 1296 979 loco,
1321 950 1374 972 aut
1397 941 1428 973 in
1451 944 1510 975 alia
1534 944 1641 982 causa,
1665 953 1719 975 aut
1741 943 1825 975 inter

946 981 1024 1014 alios
1043 1004 1052 1019 ,
1084 991 1177 1021 quam
1200 981 1329 1021 publice
1353 983 1472 1023 positus
1498 984 1533 1016 fit
1552 985 1656 1025 ,ludex
1673 1010 1682 1025 ,
1704 985 1827 1026 iurisdi-

946 1022 1084 1055 ctionem
1108 1031 1280 1062 exercere,
1300 1025 1362 1064 jani
1389 1035 1451 1056 non
1480 1026 1583 1064 judex
1601 1051 1609 1063 ,
1643 1027 1695 1058 sed
1718 1026 1822 1068 priva—

947 1074 1015 1102 tus,
1041 1065 1177 1095 habetur
1200 1063 1218 1094 l.
1244 1074 1273 1105 3.
1301 1066 1349 1096 D.
1373 1069 1406 1097 de
1428 1066 1491 1108 offic
1520 1068 1638 1106 Proefid.
1655 1069 1673 1099 l.
1699 1079 1721 1100 1.
1739 1069 1771 1099 C.
1792 1070 1826 1099 de

941 1107 1050 1148 jurisd.
1081 1107 1163 1137 adeo
1186 1114 1292 1145 neque
1316 1106 1382 1147 ipse
1406 1109 1602 1149 cognoscere
1621 1133 1630 1148 ,
1662 1111 1692 1141 ἃ
1718 1111 1830 1142 decer-

948 1157 1044 1185 nere,
1066 1156 1171 1184 neque
1184 1147 1330 1186 judicem
1353 1150 1445 1189 dare,
1464 1152 1569 1190 potest
1587 1152 1605 1183 l.
1627 1161 1650 1183 1.
1669 1152 1701 1182 C.
1722 1154 1755 1182 de
1776 1152 1830 1183 Pe-

948 1191 1016 1220 dem.
1029 1189 1152 1230 judicil).
1170 1188 1188 1219 l.
1197 1190 1276 1221 unic.
1296 1190 1328 1220 C.
1347 1191 1472 1234 eripro
1488 1194 1541 1230 lua
1553 1194 1662 1234 jurisd.
1677 1194 1742 1234 jud.
1760 1195 1827 1225 dor.

949 1229 1046 1271 Igitur
1067 1230 1211 1270 judicem
1231 1254 1240 1269 ,
1266 1241 1360 1272 quem
1388 1232 1558 1272 quaerimus
1584 1233 1613 1264 in
1640 1235 1829 1274 propolim,

949 1280 1192 1311 competentem
1210 1271 1272 1303 effe
1283 1282 1434 1312 oportet:
1453 1273 1559 1306 fivefit
1572 1275 1713 1315 specialis
1730 1285 1829 1316 quem

948 1312 1068 1345 indicat
1085 1313 1222 1344 Robrica
1240 1314 1272 1345 C.
1301 1315 1335 1345 Si
1348 1326 1366 1346 ιι
1382 1325 1438 1346 non
1456 1323 1626 1356 competente
1638 1317 1735 1357 judice
1751 1318 1830 1357 jucli-

949 1360 1045 1386 catum
1061 1354 1111 1395 effe
1128 1356 1261 1392 dicacur3
1284 1355 1347 1387 five
1368 1357 1468 1397 praesit
1487 1357 1718 1398 jurisdictioni,
1743 1358 1828 1390 utin

949 1396 969 1428 l.
984 1403 1051 1437 pen.
1073 1396 1110 1427 D.
1132 1396 1168 1431 ὅ)
1185 1396 1203 1427 l.
1225 1406 1251 1428 1.
1270 1397 1301 1428 C.
1323 1399 1356 1429 de
1367 1399 1477 1440 juriscl.
1501 1399 1556 1430 Est
1578 1410 1676 1440 porro
1696 1410 1829 1440 compe·

953 1446 1021 1470 tens
1037 1437 1158 1477 Judex,
1176 1440 1264 1479 quus
1279 1438 1344 1478 ibi,
1361 1440 1413 1471 ubi
1428 1440 1563 1481 quisque
1580 1451 1672 1482 agere
1686 1442 1736 1473 vel
1751 1451 1831 1473 con-

952 1478 1052 1511 veniri
1069 1479 1204 1517 debeat,
1223 1479 1314 1512 notio
1334 1489 1387 1511 aut
1402 1481 1577 1522 jurisdifitio
1596 1482 1656 1514 est:
1674 1484 1757 1514 adeo
1775 1482 1831 1524 qui

952 1520 1094 1562 personis
1110 1520 1194 1552 inter
1209 1531 1285 1562 quas
1301 1522 1338 1554 lis
1355 1522 1400 1554 est
1416 1533 1456 1555 eo
1473 1522 1503 1555 in
1521 1525 1596 1555 loco
1608 1548 1616 1558 .
1633 1532 1729 1565 atque
1745 1535 1780 1555 ea
1797 1524 1831 1556 in

952 1562 1058 1600 causa,
1084 1563 1252 1603 competit.
1277 1564 1441 1602 postremo
1458 1574 1523 1604 quo
1542 1564 1629 1596 sensu
1647 1567 1783 1597 dicimus
1801 1577 1832 1596 a·

952 1604 1027 1635 licui
1043 1612 1230 1644 competere
1254 1605 1413 1638 affionem
1431 1615 1501 1646 quae
1520 1607 1584 1647 ejus
1599 1606 1644 1638 est
1663 1607 1692 1648 §.
1715 1617 1738 1638 1.
1756 1605 1831 1647 Just.

951 1647 984 1677 cle
998 1652 1104 1686 perpet.
1129 1645 1165 1680 ὅ)
1183 1652 1298 1687 tempor.
1323 1647 1425 1678 action.
1443 1648 1462 1678 l.
1486 1658 1528 1688 17·
1547 1647 1577 1689 ὃ.
1593 1648 1646 1679 ult.
1666 1650 1709 1679 D.
1734 1651 1766 1679 (le
1784 1651 1831 1680 in-

952 1686 1025 1728 offic:
1044 1686 1153 1727 testam.
1178 1697 1219 1718 eo
1242 1687 1327 1719 sensu
1345 1688 1498 1728 dicimus,
1522 1689 1565 1721 illi
1579 1691 1725 1729 ,iudicem
1744 1700 1834 1721 com-

953 1737 1083 1770 petere,
1100 1728 1178 1760 item
1191 1729 1297 1761 forum
1309 1739 1507 1770 competere.
1526 1731 1601 1762 nihil
1619 1732 1740 1763 verius:
1757 1742 1831 1764 nam

953 1771 1008 1811 qui
1025 1769 1098 1801 alibi
1118 1771 1234 1802 dicitur
1251 1780 1441 1811 competens
1454 1773 1557 1812 judex
1569 1797 1577 1811 ,
1602 1774 1674 1804 alibi
1694 1773 1762 1805 suus
1777 1774 1832 1812 ⁴lu-

954 1815 1016 1842 dex
1037 1812 1215 1852 appellatur
1232 1813 1250 1843 l.
1267 1822 1316 1851 49.
1339 1814 1386 1844 D.
1405 1814 1433 1844 h.
1453 1821 1474 1845 z.
1492 1815 1510 1845 l.
1530 1819 1559 1845 6.
1581 1815 1614 1846 C.
1637 1816 1671 1844 de
1683 1815 1832 1856 jurisdift.

952 1854 972 1884 l.
995 1853 1049 1883 ult.
1075 1853 1108 1884 C.
1145 1853 1178 1884 Si
1200 1864 1217 1884 [ι
1234 1864 1292 1885 non
1308 1856 1529 1897 corripetjudic.
1555 1855 1707 1887 Similiter
1722 1855 1832 1888 forum

950 1896 1036 1936 (quo
1053 1894 1183 1926 nomine
1200 1895 1306 1927 locum
1324 1898 1572 1928 exercendarum
1584 1897 1685 1929 litium
1698 1898 1837 1939 designa-

952 1938 995 1975 ri,
1013 1936 1122 1967 autior
1139 1937 1183 1968 est
1200 1936 1334 1968 Isidorus
1350 1938 1396 1968 lib.
1413 1943 1458 1972 18.
1480 1939 1595 1980 Origin.
1614 1949 1636 1969 c.
1651 1949 1696 1980 15.
1724 1939 1833 1971 Festus

953 1987 1084 2018 quoque
1100 1979 1131 2008 in
1146 1980 1224 2010 verb.
1250 1978 1372 2018 Forum,
1397 1982 1424 2010 ὅ(
1446 1979 1547 2011 Varro
1566 1981 1615 2011 lib.
1633 1990 1663 2020 4.
1685 1981 1734 2011 De
1754 1982 1829 2022 ling.

959 2020 1060 2051 Latin.
1074 2026 1104 2060 p.
1122 2019 1193 2060 24.)
1219 2021 1308 2059 quod
1331 2019 1447 2052 dicitur
1464 2031 1653 2060 competens
1672 2023 1703 2053 in
1721 2021 1834 2054 Rubri-

956 2071 991 2092 ca
1009 2061 1040 2091 C.
1069 2063 1101 2091 tle
1113 2061 1313 2102 jurisdictione
1334 2063 1461 2094 omnium
1473 2064 1608 2104 judicum
1625 2063 1738 2102 &foro
1757 2074 1832 2095 com-

952 2108 1081 2144 petente,
1098 2103 1172 2134 alibi
1194 2102 1237 2133 rei
1253 2102 1359 2134 forum
1379 2104 1561 2145 indigitatur
1577 2105 1595 2136 l.
1615 2115 1641 2137 2.
1660 2105 1697 2139 ὅ)
1717 2105 1736 2136 l.
1750 2116 1779 2145 5.
1797 2106 1832 2137 C.

956 2143 1142 2185 dejurisclz'csz.
1158 2143 1219 2175 Sed
1238 2153 1303 2175 rem
1316 2146 1447 2185 propius
1464 2145 1708 2178 confideremus.
1727 2145 1759 2178 id
1776 2156 1834 2187 po-

958 2186 1048 2217 stulat
1065 2184 1222 2225 posterior
1242 2185 1386 2217 Rubi-icae
1404 2196 1491 2226 pars,
1509 2197 1579 2227 quae
1597 2187 1660 2226 est,
1680 2187 1741 2218 Ubi
1756 2190 1836 2229 quis-

957 2237 1011 2269 que
1027 2236 1109 2268 agere
1123 2226 1170 2256 vel
1187 2228 1335 2258 conveniri
1352 2230 1458 2259 debeat.
1491 2228 1581 2260 Solet
1600 2228 1694 2269 igitur
1706 2229 1833 2269 jurisdi-

960 2267 1023 2300 c'tio
1040 2268 1227 2309 plerumque
1238 2267 1318 2300 finiri
1338 2270 1413 2301 loco
1431 2271 1512 2301 intra
1531 2280 1625 2311 quem
1639 2271 1688 2311 jus
1700 2270 1833 2310 dicitur,

962 2319 1028 2341 tum
1045 2308 1142 2340 causis
1160 2309 1200 2340 de
1216 2310 1328 2350 quibus
1341 2311 1388 2350 J'us
1407 2312 1541 2349 dicitur,
1561 2312 1589 2343 δι
1607 2311 1746 2351 personis
1766 2313 1834 2353 qui-

957 2352 1014 2382 bus
1034 2351 1081 2391 jus
1097 2350 1221 2382 dicitur.
1245 2361 1282 2382 ac
1300 2352 1320 2383 fi
1337 2354 1367 2383 in
1386 2353 1478 2391 loco,
1497 2352 1516 2384 fi
1533 2352 1563 2384 in
1584 2353 1700 2392 caufis,
1724 2353 1744 2385 fi
1766 2363 1836 2393 per-

958 2393 1038 2424 sonis
1063 2391 1116 2423 {ibi
1141 2391 1303 2431 subjefitis,
1324 2393 1372 2432 jus
1391 2393 1468 2424 dicit
1495 2394 1720 2436 Magistratus,
1743 2404 1834 2427 com·

957 2432 1133 2475 petensest.
1151 2433 1192 2465 fin
1209 2435 1300 2465 aliter
1310 2434 1363 2473 sit3
1376 2435 1598 2475 incompetens
1611 2437 1753 2467 habetur.
1772 2438 1835 2477 pri-

957 2483 1043 2506 mum
1074 2475 1167 2513 dixi,
1203 2476 1457 2516 jurisdictionem
1485 2486 1575 2507 certo
1600 2478 1717 2509 includi
1742 2478 1831 2510 loco.

957 2517 1150 2556 Exemplum
1176 2517 1207 2548 in
1231 2517 1383 2556 sequente
1400 2517 1545 2550 Praetoris
1565 2518 1676 2551 Edicto
1692 2522 1775 2559 apud
1794 2520 1833 2552 A.

957 2557 1098 2589 Gellium
1111 2582 1119 2595 ‚
1136 2559 1183 2589 lib.
1198 2568 1231 2590 x.
1251 2558 1340 2589 Nost.
1360 2559 1452 2590 Arcic.
1469 2571 1494 2591 c.
1507 2570 1560 2591 xv.
1580 2561 1758 2592 Sacerdotem
1776 2561 1834 2592 Vc-

949 2598 1053 2640 stalem
1073 2598 1108 2633 ὃ)
1125 2599 1284 2630 Fluminem
1304 2600 1426 2631 Dialem
1441 2602 1471 2632 in
1487 2603 1564 2632 omni
1578 2612 1639 2633 mea
1651 2602 1834 2643 jurisclifflo-

957 2651 991 2671 ne
1003 2642 1106 2682 jurare
1122 2651 1178 2671 non
1196 2651 1304 2683 cogam.
1329 2641 1437 2674 Simile
1451 2642 1481 2674 in
1501 2642 1657 2675 Praefesto
1679 2643 1757 2675 Urbi
1777 2654 1833 2675 ex-

958 2682 1049 2713 hibet
1067 2683 1218 2719 Ulpianus
1237 2683 1255 2712 l.
1272 2683 1325 2713 ult.
1347 2684 1393 2714 D.
1411 2685 1445 2715 de
1460 2683 1532 2725 offic.
1551 2685 1683 2725 Praefeft.
1707 2687 1770 2717 urb.
1792 2686 1833 2715 A·

958 2724 1022 2754 liud
1040 2724 1152 2755 Paulus
1172 2725 1202 2753 in
1224 2723 1356 2755 Praefide
1372 2726 1545 2764 provinciae
1562 2727 1581 2759 l,
1598 2737 1624 2767 3.
1646 2728 1691 2758 D.
1708 2729 1740 2758 de
1755 2726 1830 2766 offic.

959 2765 1069 2802 Prafid
1097 2764 1181 2795 aliud
1200 2765 1229 2795 in
1247 2765 1428 2806 municipali
1445 2767 1660 2809 Magistratul.
1672 2769 1725 2799 ult.
1741 2769 1786 2798 D.
1798 2769 1832 2797 de

953 2805 1101 2848 jurisdist.
1126 2806 1163 2836 ad
1181 2815 1276 2846 quem
1293 2807 1448 2848 respicere
1465 2809 1548 2840 hanc
1563 2810 1665 2850 lesgem
1678 2833 1686 2846 ‚
1711 2809 1831 2839 indicio

959 2846 1004 2878 est
1020 2856 1093 2878 cum
1111 2846 1276 2887 Inscriptio
1288 2858 1358 2889 quae
1373 2850 1417 2881 est
1435 2860 1474 2882 ex
1492 2851 1545 2883 lib.
1563 2845 1653 2882 11Ad
1672 2850 1832 2881 Edictum:

959 2896 1026 2918 tum
1046 2889 1167 2919 mentio
1190 2889 1358 2923 territorii:
1382 2899 1415 2922 ut
1433 2893 1620 2932 intelligitur
1646 2901 1685 2922 cx
1712 2891 1730 2920 l.
1758 2899 1828 2929 239.

958 2928 988 2970 §.
1009 2934 1036 2963 8.
1055 2930 1102 2961 D.
1119 2931 1150 2961 de
1165 2933 1241 2962 verb.
1251 2931 1357 2973 fignif.
1376 2934 1404 2964 ἃ
1418 2934 1502 2965 clare
1521 2937 1550 2964 in
1569 2933 1585 2962 l.
1605 2943 1654 2972 53.
1672 2932 1703 2961 C.
1722 2932 1755 2961 de
1766 2934 1830 2961 De-

960 2972 1098 3002 curionz'l).
1124 2972 1172 3003 lib.
1194 2981 1240 3005 10.
1258 2975 1302 3003 tit.
1320 2983 1371 3014 31.
1406 2975 1613 3006 chumvz'rum
1639 2974 1754 3011 impune
1773 2982 1831 3002 non

961 3011 1044 3043 liceat
1065 3013 1196 3044 extollere
1214 3013 1516 3055 potestatemfalcium
1533 3021 1615 3044 extra
1635 3020 1723 3043 metas
1745 3016 1830 3044 terri-

960 3055 1156 3094 toriiproprz'ae
1171 3055 1311 3088 civitatis.
1335 3058 1378 3088 At
1394 3064 1589 3088 pontonium
1608 3055 1682 3085 loco
1699 3055 1833 3087 includi-

961 3102 1010 3126 tur
1023 3095 1217 3135 jurisdiffio;
1241 3098 1294 3129 sed
1312 3099 1408 3129 etiam
1425 3097 1530 3128 caulis.
1557 3096 1608 3127 Sic
1624 3095 1694 3136 post
1711 3095 1832 3137 Legem

959 3136 1115 3169 Valeriam
1141 3137 1317 3177 Consules,
1343 3147 1520 3177 eorumque
1539 3137 1690 3177 exemplo
1711 3138 1831 3169 Prceto-

955 3187 1005 3209 res
1018 3201 1026 3216 ‚
1051 3177 1198 3212 Urbanus
1218 3181 1247 3211 ὅ(
1265 3180 1469 3219 Peregrinus,
1493 3179 1541 3219 jus
1565 3180 1716 3210 dixerunt
1731 3180 1770 3211 (le
1789 3181 1831 3210 ci-

953 3219 1066 3253 vilibus
1083 3222 1197 3255 rebus:
1213 3231 1286 3254 cum
1304 3220 1491 3261 capitalibus
1507 3219 1832 3264 praeess'entQuaesto-

1781 3271 1832 3293 res
