2036 3495
399 124 460 162 Αι)
485 124 574 160 L113.
602 123 629 159 I.
662 122 764 159 T1r.
794 122 891 163 VIII.
923 128 972 164 De
996 128 1141 176 divisione
1157 141 1260 167 rerum
1279 129 1321 171 ὃ*
1337 132 1496 182 qualitate.

61 198 136 229 inve
150 197 235 237 aliis,
259 207 352 239 quam
374 200 497 233 civibus
515 199 687 238 Romanis,
713 199 857 241 aliudjus
876 202 928 236 fit:

61 248 133 270 cum
158 240 329 279 praesertim
354 242 384 273 in
401 242 551 274 doctrinis
566 240 867 282 jurisconsultorum
887 254 929 276 ta-

61 281 103 313 lia
121 290 304 321 argumenta
329 284 517 324 plerumque
533 282 606 314 falsa
621 282 695 314 sint:
720 282 817 317 solitis
835 285 928 325 juris-

61 322 211 354 consultis
230 323 292 355 suas
312 324 512 356 definitiones
536 324 615 366 saepe
634 325 786 365 exemplo
801 327 928 360 illustra-

60 374 114 403 re3
139 374 198 395 nec
215 366 289 397 idco
305 375 356 396 eas
372 366 565 406 restringere.

99 407 142 437 At
157 407 408 446 (rever-tarenim
422 408 451 438 in
462 408 562 447 viam)
577 408 846 448 quemadmodum
864 418 929 450 pne-

61 455 101 478 na
124 448 266 486 capitalis
293 447 338 479 est
362 448 460 488 posita
484 459 590 481 muros
616 449 927 483 transcendentibus:

63 490 151 528 quod
168 489 231 520 dixi
252 488 347 520 visum
364 489 426 520 ess'e
443 490 574 521 hostile:
598 491 640 521 ita
658 490 678 522 ii
695 492 727 523 in
751 501 859 524 muros
876 493 928 523 ad-

62 531 207 562 mittatur
229 531 330 568 allud,
355 532 442 570 quod
466 540 528 562 non
554 531 589 562 iit
608 532 737 571 hostile,
761 533 815 565 etii
833 534 930 565 muris

62 571 185 602 adferat
209 572 357 603 damnum
378 579 431 603 aut
454 574 697 604 incommodum
717 576 735 605 l.
762 584 787 606 ς’.4
808 574 850 605 D.
882 576 932 606 Ne

61 613 131 653 quid
147 614 178 643 in
201 613 256 643 loco
266 618 369 652 μενος
393 613 424 645 id
444 614 573 653 quidem
591 624 654 646 non
673 616 716 646 est
731 615 929 655 permissum:

61 654 114 685 sed
130 663 192 686 non
210 654 331 685 idcirco
346 656 525 686 vindicatur
539 657 666 695 capitali
684 666 789 697 poena.
807 665 929 689 tantum

61 696 163 736 agitur
180 703 245 726 tum
264 695 453 734 interdicto,
478 705 512 728 ut
528 696 648 728 fastum
665 697 844 729 restituatur
862 699 881 730 l.
898 709 927 730 2.

61 736 88 777 ᾗ.
111 745 154 773 19.
174 736 213 767 D.
236 736 287 767 Ne
302 738 374 778 quid
390 739 421 768 in
437 738 493 769 loco
508 739 639 780 publico:
664 749 723 770 nee
742 741 842 772 minus
860 741 930 780 lege

59 778 137 817 Julia
154 778 193 808 de
210 778 359 817 peculatu
379 779 409 810 in
426 781 636 821 quadruplum
653 781 710 812 l.6.
729 781 819 822 §.ult
838 782 928 821 spen.

58 818 102 851 D.
121 818 171 849 Ad
186 819 238 860 leg.
256 819 324 859 Jul.
337 821 370 850 de
379 821 535 860 peculatu,
551 830 603 853 aut
618 823 656 853 ad
673 824 930 861 deportationem

61 860 79 891 l.
96 870 123 901 3.
136 859 177 891 D.
189 862 246 891 eod.
258 862 305 892 iit.
331 863 437 902 Atque
455 862 518 894 huc
535 862 623 894 forte
641 864 766 904 respicit
782 864 857 895 illud
879 862 930 895 Ul-

59 903 143 942 piani
161 901 180 932 l.
200 911 246 933 ιι.
265 904 321 933 eod.
339 904 385 934 tit.
411 903 474 946 Qui
485 905 679 944 perforaverit
693 915 788 936 iizuros
804 906 850 935 vel
866 906 931 935 inde

60 943 171 984 aliquid
180 942 346 984 abstulerit,
360 950 510 985 peculatus
520 945 630 976 αὲἶίοηε
646 952 764 978 terretur.
791 945 857 977 Nisi
869 955 930 977 ma-

59 985 98 1016 lis
125 986 186 1015 lioc
211 987 359 1026 accipere
384 988 423 1017 de
449 988 544 1018 muris
570 988 699 1027 alicujus
725 988 816 1018 sacrae
844 988 929 1018 aedis.

61 1024 228 1071 Quidquid
245 1027 307 1059 est:
325 1028 545 1069 conjungenda
561 1031 588 1060 cl.
607 1029 626 1059 l.
650 1039 696 1060 11.
716 1029 759 1060 est
777 1039 849 1060 cum
867 1031 894 1060 [ἰ.
911 1029 930 1060 ζ.

59 1078 88 1104 9.
108 1068 135 1110 §.
152 1077 181 1107 3.
199 1069 327 1108 quando
345 1077 477 1109 utraque
494 1069 593 1102 estex
609 1071 724 1102 eodem
745 1069 870 1111 Ulpiani
883 1071 930 1100 lib.

60 1113 111 1143 68.
146 1110 194 1140 Ad
219 1109 382 1141 Edictum:
404 1110 480 1142 licut
500 1120 630 1151 quoque
646 1112 665 1143 l.
686 1121 711 1144 1.
731 1112 772 1142 D.
798 1112 848 1143 Ne
863 1112 934 1152 quid

61 1153 92 1182 in
109 1151 165 1181 loco
178 1154 275 1188 sacro:
291 1152 320 1182 ἃ
340 1161 451 1183 omnes
470 1152 629 1192 pertinent
644 1153 682 1184 ad
697 1154 932 1194 interpretatio-

61 1201 134 1223 nem
153 1191 255 1223 Ediffi
275 1193 316 1223 ibi
336 1193 497 1233 propositi.

105 1233 265 1264 Postrema
283 1244 384 1264 rerum
399 1235 515 1274 ipecies
524 1236 606 1275 apud
618 1233 843 1266 Mai-cianumi.
865 1243 890 1264 2.
901 1233 928 1264 h.

61 1280 83 1306 t.
102 1275 225 1306 constat
247 1275 339 1306 rebus
361 1274 562 1316 singulorum.
586 1277 634 1306 bae
651 1286 728 1307 vero
744 1278 813 1308 lunt
829 1284 931 1315 priva·

61 1324 121 1355 tat,
145 1316 177 1347 id
194 1315 257 1354 est,
280 1317 309 1346 in
328 1317 545 1355 parsimonie,
567 1316 618 1348 seu
643 1317 806 1355 dominio,
831 1318 931 1363 priya-

62 1364 109 1389 to.
139 1357 249 1396 estque
272 1358 447 1390 dominium
472 1359 579 1398 (quod
603 1359 715 1389 addam
734 1360 858 1398 obiter)
882 1367 932 1398 Jus

42 1407 120 1439 ‘pro
141 1399 292 1429 arbitratu
311 1400 350 1430 de
375 1409 407 1430 re
433 1399 621 1439 disponendi
640 1423 649 1438 ,
675 1409 886 1440 praeterquam
910 1399 929 1430 fi

61 1440 137 1480 quid
154 1440 181 1470 vi
201 1448 252 1469 ant
267 1440 337 1479 jure
352 1440 570 1480 prohibeatur.
602 1451 662 1472 nec
680 1442 760 1473 male
778 1441 930 1473 Constan-

62 1481 165 1519 tinus,
184 1480 261 1519 suoe,
278 1483 398 1521 inquit,
418 1482 550 1522 quisque
568 1484 613 1514 rei
633 1484 818 1514 moderator
834 1491 930 1523 atque

63 1523 197 1561 arbiter,
221 1532 287 1553 non
313 1525 419 1554 omnia
443 1524 571 1565 negotia
587 1548 596 1560 ,
622 1524 673 1555 sed
699 1526 867 1565 pleraque,
891 1533 931 1555 ex

63 1563 196 1603 proprio
211 1564 317 1594 animo
334 1562 412 1595 facit
425 1564 444 1595 l.
462 1575 509 1596 21.
529 1566 560 1596 C.
577 1565 729 1597 llffrindati.
772 1565 931 1598 Nimirum

64 1604 165 1635 utitur
187 1604 239 1635 vel
262 1604 401 1636 abutitur
429 1606 488 1636 suis
512 1607 643 1646 quisque
667 1609 729 1646 ita,
752 1617 792 1639 ne
814 1608 853 1639 ab
868 1608 931 1639 alio

65 1644 209 1684 impediri
233 1645 356 1684 privato
376 1646 444 1685 jure
459 1647 561 1686 possit.
589 1657 701 1680 contra
718 1649 824 1689 potest
843 1658 860 1680 a
877 1648 932 1680 suo

67 1694 175 1717 arcere
198 1686 291 1717 alium
309 1696 399 1726 aeque
417 1688 570 1726 privatum
587 1688 616 1730 §.
638 1699 682 1722 ιε.
702 1688 810 1730 Infit).
828 1696 849 1721 t.
872 1699 931 1721 cae-

66 1733 168 1758 terum
187 1726 281 1758 habet
296 1728 529 1769 respublicaJ‘us
540 1732 681 1763 eminens
693 1731 722 1762 in
740 1731 887 1771 personas
901 1733 931 1763 &

67 1768 201 1799 in'bona
211 1767 400 1809 singulorum
419 1778 476 1808 pro
493 1772 609 1802 tuenda
620 1773 760 1804 omnium
777 1773 931 1805 utilitate:

69 1817 142 1849 quia
160 1809 189 1840 in
208 1810 336 1841 civilem
351 1809 537 1842 societatem
555 1815 729 1853 coeuntes,
754 1817 932 1847 communis

68 1850 225 1881 libertatis
241 1852 366 1887 tucndae
381 1860 496 1892 gratia,
520 1854 700 1887 consentire
714 1857 933 1897 intelliguntur

67 1892 100 1924 in
112 1893 216 1923 omnia
234 1891 296 1923 fine
311 1893 421 1932 quibus
440 1893 509 1925 finis
520 1903 613 1935 quem
630 1897 684 1928 fibi
701 1898 933 1939 proposuerunt

68 1941 200 1970 omnes,
219 1933 356 1965 obtineri
374 1944 390 1965 a
406 1934 537 1966 civitate
554 1938 674 1977 nequit.
696 1938 774 1970 Hoc
788 1940 856 1980 J'ure
874 1940 934 1971 adi-

65 1975 163 2006 mitur
179 1974 318 2014 pupillo,
338 1976 493 2015 prodigo,
508 1976 649 2017 furioso,
664 1980 813 2022 aliisque,
832 1981 935 2013 bono-

63 2022 133 2047 rum
151 2014 276 2047 suorum
290 2016 534 2057 administratio,
558 2020 742 2061 adipsci-um
759 2024 935 2063 perniciem

67 2055 212 2088 evasura:
229 2056 448 2097 cumipsorum
467 2059 607 2100 interfit,
619 2072 659 2093 ne
675 2064 706 2095 id
723 2062 793 2095 fiat:
810 2074 869 2096 nec
880 2065 934 2096 rni-

65 2107 124 2130 nus
141 2098 290 2138 expediat
313 2099 515 2139 reipublicae;
538 2110 576 2132 ne
596 2113 629 2134 re
650 2103 699 2135 sua
717 2103 786 2145 quis
804 2106 886 2138 male
904 2115 935 2137 u·

67 2138 190 2180 tatur§.
213 2140 267 2170 ult.
287 2137 359 2180 Inst..
378 2142 411 2171 cle
426 2141 469 2172 his
484 2142 535 2183 qui
544 2145 597 2183 sui
611 2145 657 2175 vel
672 2146 756 2177 alien.
777 2148 935 2189 junflmt.

65 2180 228 2212 Privatum
252 2181 424 2213 dominium
452 2183 541 2221 <nam
559 2185 589 2216 in
614 2195 653 2218 co
678 2187 867 2229 fingulorum
886 2199 935 2220 res

66 2220 156 2261 funt)
179 2221 254 2252 olim
269 2221 330 2253 fuit
349 2224 399 2254 vel
417 2223 624 2266 Quiritarium
652 2230 701 2259 vel
722 2231 935 2263 bonitarium:

67 2270 103 2293 ut
118 2271 158 2293 ex
175 2261 301 2303 Ulpiani
318 2262 496 2304 Frclgmentis
514 2268 559 2297 tir.
579 2277 603 2300 1.
622 2270 656 2309 δ’·
673 2274 718 2301 tz't.
734 2280 778 2308 19.
790 2273 936 2314 intelligi·

68 2311 134 2334 tur:
150 2302 200 2335 sed
217 2313 253 2336 ea
271 2303 449 2337 differentia
466 2316 481 2337 a
496 2307 670 2346 Justiniano
685 2312 803 2345 sublata
817 2313 836 2343 l.
856 2316 936 2344 unic.

68 2344 102 2376 C.
121 2346 154 2376 de
170 2346 241 2376 mid,
254 2347 308 2387 jur
337 2345 451 2390 Qgcirz't.
467 2349 604 2389 tollendo,
630 2353 726 2385 bodie
742 2354 785 2385 est
804 2355 936 2386 domini-

67 2394 118 2417 um
142 2386 279 2426 fimplex.
316 2388 366 2419 sed
385 2390 472 2429 quod
490 2392 593 2431 potest
619 2393 729 2426 haberi
749 2396 800 2426 vel
820 2397 934 2437 plene3

66 2435 139 2458 cum
163 2429 245 2459 nulla
267 2428 353 2461 abest
377 2439 463 2469 pai-s:
488 2433 538 2463 vel
558 2437 661 2465 minus
681 2437 795 2475 plene;
818 2447 929 2469 cuma-

65 2467 150 2510 liqua
172 2468 277 2510 abest,
301 2479 335 2501 ut
353 2471 544 2505 ulusfruftus
560 2484 612 2507 aut
632 2477 680 2516 jus
703 2478 809 2510 ssmile.
834 2478 936 2520 poste-

67 2512 151 2554 riore
169 2512 266 2543 modo
287 2512 401 2544 dicitur
419 2514 593 2547 dominium
613 2517 674 2549 effe
691 2520 828 2560 duplex:
853 2521 937 2553 aliud

68 2549 240 2591 fflreftum,
263 2553 346 2585 aliud
364 2555 451 2586 utile.
475 2558 650 2590 dominium
667 2561 818 2593 directum
836 2563 937 2594 vindi-

69 2598 159 2622 catur
174 2593 292 2624 diretta
309 2596 338 2625 in
357 2605 420 2626 rem
439 2597 580 2630 actione:
605 2602 682 2632 utile
705 2603 882 2635 vindicatur
907 2613 936 2634 a·

70 2631 176 2663 {tione
191 2633 220 2664 in
232 2643 297 2664 rem
314 2636 395 2667 utili.
412 2638 441 2668 in
459 2638 521 2669 hoc
535 2641 677 2681 agnoscit
692 2644 761 2683 quis
777 2645 870 2676 alium
880 2645 936 2675 do-

70 2673 209 2710 minum,
225 2676 255 2705 in
272 2675 327 2706 illo
344 2686 418 2708 non.
441 2683 621 2721 exemplum
641 2685 805 2726 utriusque
823 2687 853 2717 in
872 2695 936 2716 em·

69 2713 235 2760 phyteusi,
260 2715 289 2745 &
309 2716 481 2757 superficie.
503 2730 564 2753 nec
587 2723 720 2756 resistam
747 2728 867 2758 volenti
892 2727 938 2759 liis

71 2754 253 2800 nominibus
264 2757 498 2803 docendicausa
514 2763 567 2793 uti.
583 2774 646 2796 non
663 2770 747 2798 enim
765 2769 871 2807 potest
887 2778 940 2800 nc-

69 2805 153 2835 gari,
173 2805 246 2836 quin
263 2806 311 2828 res
328 2800 435 2838 injure
451 2800 504 2833 lit:
521 2804 576 2836 etsi
592 2809 719 2838 nomina
731 2810 841 2840 directi
861 2809 890 2841 &
908 2819 939 2840 u-

71 2837 135 2868 tilis
151 2837 282 2882 dominii
300 2848 451 2880 nusquam
462 2851 570 2875 extent
584 2850 665 2886 apud
683 2849 827 2881 Veteres.
851 2852 939 2882 dixe-

69 2886 146 2909 runt
161 2879 208 2924 illi·
230 2879 378 2912 directam
399 2882 429 2912 in
454 2892 520 2914 rem
537 2885 712 2928 aaronem,
737 2890 767 2922 ὅς
783 2891 891 2923 utilem
908 2892 938 2923 iu

70 2929 138 2951 rem
151 2919 319 2951 actionem.
349 2922 426 2953 utile
444 2923 473 2955 δέ
490 2925 641 2960 directum
659 2931 834 2964 dominium
851 2934 937 2963 dixe-

70 2968 144 2992 runt
163 2969 344 3007 numquam.
370 2963 445 3002 quin
465 2967 551 3004 quod
570 2969 667 3010 vulgo
686 2981 819 3004 vocatur
838 2974 938 3005 dorni-

69 3002 158 3033 nium
175 3002 349 3042 dire6tum,
366 3005 409 3036 illi
425 3004 607 3046 simpliciter
624 3013 822 3050 appellarunt
839 3015 939 3046 domi·

69 3042 221 3089 nium-3&
240 3045 327 3084 quod
343 3045 564 3088 dicituriitile,
582 3050 623 3081 illi
640 3053 687 3091 jus
707 3054 736 3084 in
755 3064 807 3092 re,
824 3057 875 3087 vel
890 3056 946 3095 jus.

71 3084 214 3116 dominio
234 3087 417 3125 proximum
429 3111 437 3126 ,
454 3088 485 3120 id
502 3089 564 3128 est,
581 3091 725 3124 dominio
743 3094 858 3134 simile,
882 3106 938 3127 no-

71 3126 229 3157 minarunt
247 3126 265 3157 l.
289 3136 335 3163 19.
359 3127 400 3160 D.
423 3130 457 3159 de
477 3131 578 3162 damno
596 3134 712 3171 infesto.
757 3136 804 3168 Sit
823 3137 939 3178 igitur,

72 3167 253 3199 volentibus
279 3169 367 3208 loqui
387 3179 457 3201 cum
482 3171 672 3214 Veteribus,
696 3176 746 3208 vel
764 3178 940 3210 dominium

73 3207 123 3238 vel
138 3207 185 3247 jus
204 3210 233 3239 in
251 3219 295 3241 re.
319 3210 513 3252 Interpretes
533 3214 580 3245 his
600 3224 662 3247 non
681 3219 845 3259 contenti,
863 3229 939 3260 prae-

72 3256 160 3281 terea
184 3247 304 3284 faciunt
324 3252 373 3292 jus
390 3254 429 3288 ad
444 3263 530 3296 reni,
554 3256 709 3293 diversum
726 3268 742 3291 a
752 3260 823 3302 jure
837 3261 868 3297 in
885 3271 938 3298 re:

1809 149 1852 184 31

973 205 1132 245 arbitrati,
1154 207 1201 246 Jus
1226 207 1265 238 ad
1283 216 1350 239 rem
1365 206 1427 240 effe
1444 208 1687 250 obligationem.
1710 220 1784 244 meo
1803 212 1849 252 ju-

973 248 1075 288 dicio,
1097 249 1256 288 imperite.
1282 258 1353 281 nam
1371 250 1526 291 obligatio
1544 251 1707 284 contracta
1724 263 1765 284 ex
1780 263 1847 286 ern-

973 296 1050 329 pto‚
1076 290 1164 320 vei-bi
1188 291 1304 330 gratia,
1328 292 1412 323 inter
1435 302 1614 334 emptorem
1641 293 1672 325 ἃ
1697 296 1847 327 vendito«

972 340 1058 369 rem,
1081 340 1146 362 non
1174 332 1218 362 eit
1239 332 1286 372 jus
1310 333 1348 364 ad
1373 342 1439 364 rem
1467 336 1646 375 venditam,
1671 336 1721 368 sed
1738 347 1786 376 jus
1809 338 1848 368 ad

972 372 1137 412 personam
1162 374 1348 405 venditoris.
1374 375 1404 406 CV.
1425 375 1530 407 habeo
1549 386 1771 418 argumentum
1789 379 1852 410 cia·

972 423 1041 445 rum
1059 423 1095 444 ac
1112 422 1254 446 certum:
1277 416 1365 455 quod
1385 425 1450 448 non
1475 427 1523 449 res
1546 419 1586 450 de
1603 428 1664 459 qua
1683 420 1848 452 contracta

972 456 1017 486 est
1033 456 1133 496 empti
1153 455 1327 497 obligatio,
1344 467 1380 488 ea
1393 466 1535 491 tenetur:
1553 459 1603 491 sed
1622 460 1756 501 persona
1773 471 1848 494 ven-

973 497 1102 535 ditoris,
1121 506 1153 528 re
1170 497 1276 529 libera.
1297 499 1340 529 ita
1358 499 1463 539 potest
1479 501 1531 532 illa
1549 502 1627 532 tradi
1646 503 1742 534 tertio
1760 512 1845 534 nova

973 547 1014 569 ex
1032 538 1128 570 caula.
1154 548 1214 570 nec
1233 547 1338 571 tamen
1355 541 1476 580 poterit
1493 542 1546 573 hic
1562 552 1577 573 a
1595 544 1701 583 priore
1719 553 1845 586 empto-

974 585 1064 611 re'eo
1083 581 1213 612 nomine
1228 584 1413 613 conveniri:
1430 592 1551 615 tantum
1568 592 1639 615 nata
1657 586 1699 616 illi
1720 596 1761 617 ex
1778 596 1844 618 em-

974 629 1033 661 pto
1056 621 1181 653 actione
1204 621 1350 655 adversus
1374 623 1539 664 personam
1565 626 1742 658 venditoris
1767 627 1796 667 §.
1817 637 1844 659 1.

975 660 1046 702 lust.
1057 664 1090 694 de
1105 662 1209 694 αὲῗὶοη.
1225 663 1244 694 l.
1256 674 1284 704 3.
1305 664 1345 696 D.
1365 667 1398 696 cie
1413 665 1496 707 oblig.
1508 665 1609 701 &affl
1633 668 1718 699 nulla
1734 671 1847 700 adver-

973 702 1020 734 sus
1041 706 1084 735 rei
1104 703 1308 745 possessorem
1332 706 1456 738 actione
1473 709 1504 740 in
1527 717 1605 740 rem.
1630 716 1662 740 at
1679 709 1743 740 hoc
1761 710 1845 742 ultro

973 754 1121 786 apparet3
1144 755 1205 776 nec
1220 748 1303 778 addo
1320 748 1421 788 plura.

1018 786 1127 818 Potius
1154 787 1352 829 investigabo
1369 812 1379 828 ,
1403 789 1517 830 quibus
1540 791 1644 823 modis
1670 791 1849 824 dominium

974 828 1165 868 adquiratur.
1212 828 1263 860 Fit
1289 829 1353 861 hoc
1377 831 1568 871 dupliciter,
1593 834 1643 864 vel
1658 833 1726 874 jure
1745 835 1849 875 genti-

974 878 1045 906 um,
1064 869 1115 900 vei
1131 869 1199 908 jure
1217 871 1313 901 civili.
1337 871 1554 913 Primumjure
1570 876 1732 915 gentium;
1751 883 1852 906 utoc-

974 910 1167 950 cupatione,
1192 911 1386 952 acceffione,
1413 913 1670 955 specificatione,
1693 917 1851 949 commixa

976 951 1083 988 tione,
1108 950 1315 990 confufione,
1340 954 1368 984 ἃ
1390 956 1570 988 traditione.
1602 956 1645 989 Hi
1661 963 1849 991 enumeran-

976 1000 1026 1023 tur
1044 992 1148 1032 paffim
1161 1003 1171 1037 :-
1193 1002 1252 1024 nec
1271 994 1493 1035 reprehendo3
1511 1007 1702 1040 quamquam
1720 1001 1849 1039 malim,

976 1042 1088 1064 omnes
1106 1034 1249 1073 redigere
1267 1036 1304 1066 ad
1322 1045 1437 1076 unum,
1462 1039 1491 1069 id
1510 1039 1574 1078 est,
1599 1045 1636 1072 ad
1659 1042 1851 1082 occupatio-

977 1085 1067 1113 nem,
1092 1075 1121 1106 &
1146 1084 1281 1107 caeteros
1308 1077 1424 1109 habere
1448 1087 1506 1119 pro
1533 1081 1597 1120 ejus
1614 1084 1788 1124 exemplis:
1814 1089 1849 1115 ut

976 1115 1030 1147 suo
1047 1116 1122 1147 loco
1140 1117 1418 1150 demonstrabitur.
1436 1120 1529 1152 Modi
1543 1123 1729 1162 adquirendi
1747 1125 1850 1157 domi-

976 1158 1017 1188 nii
1031 1158 1100 1197 jure
1118 1159 1203 1188 civili
1223 1157 1365 1191 similiter
1381 1160 1451 1192 sunt
1468 1163 1630 1202 duplices:
1654 1166 1704 1197 alii
1724 1167 1851 1197 univer-

975 1198 1067 1237 sales,
1091 1199 1139 1230 alii
1167 1200 1391 1239 particulares:
1415 1203 1605 1236 universales
1629 1205 1697 1238 sunt
1714 1230 1725 1246 ,
1748 1208 1849 1239 aditio·

976 1240 1180 1278 hereditatis,
1204 1243 1324 1282 agnitio
1350 1242 1544 1283 poffeflionis
1562 1247 1741 1286 bonorum,
1764 1259 1851 1280 ari-o-

973 1282 1060 1322 gatio
1076 1305 1085 1320 ,
1119 1282 1148 1312 ἃ
1174 1283 1311 1314 addictio
1336 1284 1495 1317 bonorum
1521 1287 1703 1320 libertatum
1727 1291 1852 1322 conser-

974 1324 1145 1355 vandarum
1164 1324 1274 1363 gratia.
1301 1325 1509 1359 Particulares
1525 1329 1613 1360 modi
1632 1329 1719 1368 sunt,
1742 1331 1850 1363 usuca-

972 1365 1047 1405 pio,
1072 1365 1228 1404 donati0‚
1252 1375 1317 1398 non
1343 1369 1463 1404 omnis.
1488 1369 1540 1401 sed
1565 1373 1677 1402 mortis
1693 1372 1801 1412 eausa,
1827 1374 1852 1405 j..

974 1415 1039 1438 tem
1057 1407 1194 1446 legatum
1206 1406 1521 1442 &fideicommiss'um
1539 1412 1729 1452 particulare
1746 1413 1775 1456 §.
1794 1415 1850 1447 ult.

973 1446 1046 1488 Inst.
1073 1448 1130 1479 Per
1144 1458 1215 1489 quas
1225 1452 1336 1489 person.
1354 1452 1430 1492 cuiq.
1445 1454 1512 1493 cuiq.

1017 1489 1136 1521 Praeter
1154 1499 1255 1522 rerum
1269 1490 1455 1523 divisionem
1468 1502 1536 1533 quae
1552 1493 1597 1525 est
1614 1494 1773 1528 Marciani
1788 1497 1808 1529 l.
1821 1508 1849 1530 2.

974 1531 1002 1562 h.
1021 1535 1042 1561 t.
1061 1531 1105 1562 est
1123 1532 1154 1562 in
1173 1531 1193 1562 l.
1209 1541 1235 1563 1.
1252 1531 1282 1574 §.
1298 1541 1322 1564 1.
1340 1543 1379 1564 ex
1397 1531 1479 1573 Gajo
1496 1533 1644 1576 sequens:
1662 1539 1749 1577 quod
1766 1549 1852 1579 quae-

975 1573 1047 1604 darii
1067 1582 1117 1603 res
1136 1573 1204 1604 sunt
1229 1575 1429 1614 corporales,
1454 1581 1598 1615 quaedam
1622 1578 1850 1619 incorporales.

975 1614 1159 1654 corporales
1170 1616 1251 1656 tangi
1263 1615 1400 1655 possunt.
1413 1618 1630 1658 incorporales
1641 1629 1704 1651 non
1716 1620 1852 1660 possunt.v

974 1656 1160 1695 corporales
1180 1655 1249 1687 sunt
1267 1658 1317 1688 vel
1336 1657 1537 1698 immobiles,
1555 1660 1605 1691 vel
1620 1661 1757 1693 mobiles
1770 1686 1780 1701 ,
1796 1664 1851 1696 vel

974 1697 1036 1729 sese
1054 1705 1235 1728 moventes
1260 1697 1442 1731 immobiles
1459 1699 1527 1731 sunt
1546 1710 1595 1732 res
1612 1700 1687 1740 soli,
1713 1704 1763 1735 vel
1782 1703 1850 1736 solo

975 1738 1193 1771 cohaerentes:
1211 1739 1284 1771 ideo
1300 1740 1441 1772 licdidtae
1453 1765 1462 1780 ,
1480 1742 1551 1782 quia
1569 1742 1622 1774 nisi
1640 1742 1769 1783 solutae,
1785 1755 1854 1779 non

974 1780 1101 1822 possunt
1126 1780 1166 1811 de
1183 1780 1258 1811 loco
1278 1781 1308 1812 in
1328 1782 1434 1814 locum
1459 1784 1600 1816 moveri:
1624 1793 1695 1816 cum
1714 1788 1852 1819 mobiles

975 1823 1015 1854 de
1032 1822 1108 1853 loco
1126 1822 1157 1853 in
1176 1821 1283 1854 locum
1302 1824 1432 1865 integrae
1452 1825 1573 1856 moveri
1591 1827 1716 1865 poffint.
1756 1829 1853 1869 igitui-

975 1864 1071 1895 etiam
1096 1862 1126 1894 se
1148 1872 1318 1895 moventes
1343 1864 1391 1897 his
1414 1875 1479 1898 non
1505 1867 1586 1898 male
1603 1877 1853 1903 annumerantur

978 1905 997 1936 l.
1012 1914 1062 1946 93.
1084 1903 1126 1935 D.
1145 1906 1178 1935 de
1195 1904 1384 1947 verhfigm'f.
1404 1903 1480 1948 'quia
1498 1908 1527 1938 se
1544 1908 1616 1947 ipsae
1635 1910 1675 1942 de
1694 1911 1770 1943 loco
1783 1921 1853 1944 mo·

979 1953 1056 1977 vent
1073 1947 1102 1977 in
1120 1946 1239 1978 locum.
1270 1950 1358 1988 quod
1381 1947 1402 1979 fi
1426 1959 1474 1980 res
1497 1957 1605 1981 natura
1629 1952 1786 1993 mobiles,
1808 1955 1853 1985 ita

977 1988 1090 2029 iunCta'e
1116 1986 1176 2019 fint
1198 1989 1436 2028 immobilibus,
1460 1998 1493 2021 ut
1511 1991 1687 2024 habeantur
1702 1994 1766 2034 ejus
1782 2004 1853 2035 par-

980 2038 1044 2065 tes;
1069 2029 1120 2060 vel
1146 2029 1177 2060 in
1205 2030 1251 2062 his
1270 2029 1328 2061 fiiit
1346 2032 1492 2070 perpetui
1510 2032 1579 2065 usus
1596 2034 1703 2066 causa:
1730 2035 1759 2067 ἃ
1778 2035 1852 2076 ipsae

978 2070 1195 2102 immobilibus
1219 2080 1466 2104 annumerantur
1481 2073 1501 2104 l.
1519 2084 1588 2114 24²·
1607 2074 1649 2106 D.
1669 2077 1697 2107 d.
1720 2082 1741 2107 t.
1765 2076 1784 2109 l.
1806 2087 1854 2119 13.

979 2111 1009 2154 §.
1027 2112 1082 2144 ult.
1101 2112 1137 2147 ὅ)
1148 2112 1230 2153 legib.
1238 2114 1312 2154 seqq.
1333 2112 1375 2144 D.
1395 2115 1428 2145 de
1443 2113 1501 2146 [ish.
1518 2121 1602 2156 empt.
1619 2115 1683 2148 Res
1700 2126 1853 2159 corpora-

981 2156 1025 2186 les
1044 2153 1144 2186 rursus
1162 2154 1230 2184 sunt
1259 2154 1310 2185 vel
1334 2163 1472 2195 corpora
1489 2156 1520 2187 in
1537 2156 1663 2197 specie,
1687 2160 1739 2191 vel
1756 2169 1855 2201 quan-

980 2196 1097 2227 titates.
1123 2204 1262 2234 corpora
1289 2204 1445 2228 vocantur
1462 2206 1530 2238 quae
1549 2199 1581 2230 in
1598 2204 1798 2232 commercio
1813 2212 1856 2233 ae-

979 2236 1142 2268 stimantur
1169 2235 1224 2267 suo
1246 2246 1404 2277 corpore3
1425 2248 1532 2279 eoque
1556 2240 1686 2274 demum
1711 2241 1855 2275 functio-

979 2287 1051 2309 nem
1069 2277 1237 2318 recipiunt.
1262 2287 1358 2318 quare
1374 2289 1435 2311 nec
1451 2281 1585 2313 alterum
1596 2291 1656 2322 pro
1676 2284 1778 2315 altero
1796 2284 1856 2317 sol-

978 2320 1010 2350 vi
1032 2318 1136 2359 potest
1153 2319 1254 2350 invito
1272 2321 1442 2355 creditori:
1459 2332 1499 2353 ne
1516 2323 1628 2354 melius
1645 2324 1775 2365 quidem
1792 2335 1854 2367 pro

979 2360 1163 2399 deteriore3
1186 2359 1337 2401 fiquidcrn
1354 2363 1384 2394 in
1405 2372 1440 2395 ea
1459 2364 1546 2394 cadit
1563 2363 1693 2396 affectus
1713 2367 1853 2406 plerum-

979 2410 1041 2442 que
1065 2401 1227 2434 melioris:
1252 2403 1424 2443 aliquando
1448 2405 1628 2438 deterioris,
1660 2409 1857 2447 quantitates

979 2442 1179 2484 appellantur
1196 2452 1266 2482 quae
1282 2446 1445 2485 pondere,
1464 2455 1617 2486 numerO,
1643 2457 1696 2480 aut
1713 2451 1857 2484 mensura

979 2484 1187 2516 continentur
1204 2485 1224 2516 l.
1245 2495 1296 2526 30.
1316 2485 1356 2517 D.
1376 2487 1527 2528 delegatis
1545 2488 1592 2519 lib.
1615 2498 1648 2520 1:
1670 2491 1702 2522 id
1718 2491 1782 2531 est,
1799 2493 1855 2526 ha-

980 2526 1059 2557 bent
1076 2525 1205 2565 quidem
1222 2534 1357 2566 corpus:
1373 2527 1424 2559 sed
1441 2530 1471 2560 in
1491 2532 1690 2562 commercio
1705 2542 1772 2564 non
1788 2542 1854 2568 tam

980 2577 1042 2605 eo,
1066 2576 1160 2606 quam
1177 2570 1371 2608 quantitate,
1389 2569 1497 2608 idest,
1518 2574 1681 2612 pondere,
1697 2584 1855 2616 nurnero,

980 2616 1033 2639 aut
1052 2608 1212 2646 mensura,
1237 2608 1439 2642 aestimantur.
1470 2612 1532 2643 illae
1549 2622 1678 2655 quoque
1697 2620 1770 2656 quia
1788 2627 1856 2652 non

981 2649 1102 2681 habent
1120 2649 1225 2689 usum,
1242 2649 1295 2681 nifi
1315 2650 1577 2693 consumptione,
1593 2654 1793 2690 functionem
1810 2661 1855 2692 su-v

982 2700 1031 2722 am
1050 2692 1156 2729 potius
1173 2693 1201 2722 in
1225 2701 1359 2732 genere,
1384 2702 1476 2733 quam
1499 2695 1529 2726 in
1548 2695 1673 2737 specie,
1699 2708 1756 2739 pei·
1773 2700 1855 2733 solu·

983 2733 1105 2763 tionem
1123 2732 1303 2772 accipiunt:
1327 2743 1424 2774 quum
1442 2736 1613 2776 praesertim
1634 2739 1664 2771 in
1683 2740 1730 2772 his
1749 2743 1852 2774 nullus

982 2772 1018 2804 {it
1036 2772 1186 2810 affectus,
1211 2774 1241 2804 ὃς
1257 2783 1410 2814 praeterea
1427 2778 1502 2809 nihil
1525 2780 1646 2812 interfit
1663 2783 1851 2821 creditoris,

981 2823 1087 2845 utrum
1113 2814 1195 2845 hanc
1216 2824 1254 2846 an
1279 2816 1383 2856 illam,
1406 2820 1561 2859 accipiat:
1585 2823 1684 2854 modo
1707 2826 1853 2855 eamdem

981 2855 1098 2886 habeat
1121 2857 1348 2897 quantitatem,
1373 2859 1402 2891 ἀ
1429 2869 1521 2902 aeque
1544 2863 1659 2894 bonam
1684 2864 1701 2893 l.
1724 2874 1749 2894 2.
1774 2864 1801 2903 S}-
1825 2874 1851 2897 1.

981 2896 1024 2927 D.
1045 2897 1078 2926 de
1096 2897 1151 2927 reb.
1167 2898 1265 2930 credit.
1310 2899 1373 2932 Res
1389 2901 1609 2944 incorporales
1627 2903 1765 2944 Ulpiano
1782 2907 1801 2935 ι.
1822 2915 1851 2945 7.

983 2936 1024 2967 D.
1044 2938 1076 2967 de
1089 2943 1194 2978 except.
1215 2940 1356 2982 reijudic.
1379 2945 1666 2984 appellantur-jura.
1705 2944 1804 2984 Gajiis
1821 2950 1851 2980 d.

981 2978 1000 3008 l.
1022 2987 1047 3008 1.
1067 2978 1095 3020 ᾗ.
1121 2989 1144 3010 1.
1163 2980 1190 3010 h.
1211 2986 1232 3012 t.
1256 2982 1317 3020 ait,
1341 2993 1377 3015 ea
1404 2987 1488 3027 tangi
1516 2996 1578 3017 non
1597 2985 1701 3025 posse,
1727 2986 1755 3016 ἃ
1771 2996 1852 3020 con-

981 3018 1084 3051 sistere
1101 3021 1130 3051 in
1146 3021 1230 3061 J‘ure:
1246 3023 1276 3055 id
1295 3023 1358 3064 est,
1374 3026 1404 3057 in
1422 3027 1595 3058 intellectu.
1619 3026 1648 3056 ἀ
1665 3035 1722 3065 pro
1742 3038 1852 3062 exem·

982 3060 1042 3099 plis
1059 3061 1381 3106 adfertheretlitates,
1398 3068 1628 3108 obligationes,
1645 3067 1673 3097 ἃ
1685 3065 1853 3103 servitutes

983 3110 1055 3132 cum
1072 3104 1259 3142 praediorum
1283 3109 1474 3140 urbanorum
1500 3109 1528 3138 dt
1551 3106 1757 3148 rusticorum,
1782 3119 1850 3144 tum

983 3142 1202 3185 personarum;
1226 3156 1260 3178 ut
1275 3148 1320 3180 est
1338 3149 1546 3186 ususfructus,
1573 3148 1658 3186 usus,
1683 3150 1712 3182 ὅ(
1731 3152 1853 3186 liabita-

983 3184 1038 3216 tio.
1062 3184 1202 3227 Exposui
1222 3187 1293 3229 Gaji
1311 3190 1511 3221 divifioncm:
1535 3199 1629 3229 quam
1649 3189 1805 3232 Ulpianus
1821 3197 1851 3228 ci.

980 3225 1000 3256 l.
1020 3235 1047 3266 7.
1071 3227 1212 3260 breviter
1228 3231 1398 3270 exprimit:
1422 3231 1548 3269 dicens,
1567 3233 1652 3271 quod
1670 3243 1783 3266 omnes
1801 3246 1852 3269 res

980 3275 1033 3301 aut
1051 3266 1122 3304 sunt
1139 3279 1295 3312 corpora,
1318 3279 1372 3305 aut
1389 3272 1581 3312 quantitates
1589 3296 1600 3315 ,
1623 3282 1676 3309 aut
1689 3276 1768 3317 jura.

1786 3316 1853 3352 Tr-
