2036 3495
464 113 536 149 Di:
578 113 779 147 PAcris
821 121 885 147 ΕΤ
930 111 1489 150 ΤΚΑΝεΑςτιοΝιΒυς.

86 205 224 237 ditionem
247 202 331 245 ineffe
349 200 552 244 stipulationi,
575 206 660 247 atque
676 198 706 239 fi
728 200 781 247 boc¹
803 200 958 241 expreffum

76 246 193 287 suiffl’t.
237 245 366 286 Species
391 244 490 277 Pauli.
533 241 662 287 Dedisti.
681 241 806 287 Mtewo
830 252 956 274 iiiiituos

83 297 225 320 centum.
249 297 305 319 eos
322 296 393 318 cum
411 285 508 317 usuris
523 284 581 316 tibi
598 284 662 314 dari
679 282 841 323 stipulatus
858 294 908 316 es:
927 284 957 315 &

84 330 240 361 convenit
259 329 289 360 in
307 327 487 359 continenti
499 349 508 365 ,
527 324 579 357 Ne
595 324 660 356 sors
677 332 839 372 petatur,⁸
851 327 955 356 donec

84 370 183 402 usurae
201 370 371 402 solvantur.
399 368 507 400 solutis
526 366 580 398 suo
597 374 743 405 tempore
761 365 875 405 usuris,
900 368 955 398 du-

83 412 221 443 bitatum
239 411 301 442 est:
324 420 408 448 non,
432 419 469 441 an
488 409 551 440 sors
566 415 667 445 repeti
684 407 797 447 poffit;
812 408 955 448 (certum

85 453 131 484 est
154 454 258 491 enim,
281 461 345 483 non
370 451 458 492 poffe
481 459 554 481 cum
577 447 694 480 effeetu
712 449 797 488 peti,
822 458 957 490 propter

83 494 211 535 paetum
229 493 447 532 conventum)
463 491 513 523 sed
533 499 637 522 utrum
657 490 762 528 attor,
776 490 796 521 ss
814 501 882 522 eam
901 500 955 532 pe-

83 542 148 574 tat,
174 545 229 576 per
242 534 468 574 exceptionem
480 557 489 572 ,
505 542 542 564 an
560 531 626 572 ipso
641 531 709 571 jure
726 541 927 564 removeatur
938 533 955 565 2

81 586 120 608 ea
136 576 267 616 quaestio
283 576 314 606 in
331 585 372 606 eo
390 574 547 605 versatur:
570 581 675 605 utrum
690 573 815 619 paetum
833 572 954 613 stipula-

80 619 162 649 tioni
180 617 273 649 infit?
296 616 315 647 fi
332 616 414 647 enim
433 625 603 656 negamus,
626 613 722 645 inesse
739 613 953 655 stipulationi:

80 660 167 690 actor
191 659 386 698 exceptione
407 657 589 697 repelletur.
619 655 661 687 fin
681 655 836 695 dicimus,
860 657 887 687 ei
908 657 953 688 in-

80 700 160 732 effe:
186 700 288 730 verius
305 698 367 736 est,
384 708 456 730 eum
475 698 542 739 ipso
556 698 625 738 jure
641 698 809 728 removeri.
836 699 912 737 quid
930 698 953 728 i-

77 742 162 782 gitur
178 740 248 771 est?
272 741 314 770 ait
336 740 466 777 Paulus,
482 740 703 771 conditionem
723 740 855 778 perinde
871 739 952 770 ines-

78 783 110 814 se
123 782 334 821 stipulationi,
349 789 445 822 atque
460 781 482 812 fi
497 781 560 812 hoc
578 780 755 821 expressum
773 780 867 827 ess‘et.⁴
885 780 952 819 ipso

77 825 172 865 igitur
189 824 257 863 jure
276 833 362 855 reum
388 823 538 863 adjuvari.
585 821 634 852 Ex
658 823 791 860 eodem,
815 830 951 862 opinor,

80 866 175 898 fonte
191 864 343 905 profluxit
361 865 424 896 hoc
443 863 568 904 Ulpiani
587 864 605 894 l.
624 872 673 902 41.
689 863 717 904 §.
738 872 763 894 1.
780 863 822 894 D.
841 865 873 893 de
888 872 951 893 ver-

80 909 179 939 horum
195 907 424 947 obligationibus.
450 906 593 949 Quotiens
607 905 639 936 in
654 905 874 945 obligationibus
891 905 950 934 dies

80 958 138 980 non
151 949 288 989 ponitur,
308 950 436 987 presenti
451 953 495 978 aze
505 948 631 987 pecunia
647 947 779 976 debetur.-
802 944 856 982 nifi
866 943 894 982 fi
911 946 948 990 lo-

79 1000 129 1021 cus
148 988 416 1031 adjectusspatium
436 989 568 1028 temporis
584 989 721 1026 inducat,
736 997 791 1028 quo
808 986 853 1032 illo
868 985 949 1033 poffit

75 1032 233 1072 perveniri.
257 1040 359 1061 verum
375 1032 433 1061 dies
447 1029 576 1072 cicljekius
590 1028 696 1070 efficit,
709 1038 744 1059 ne
755 1030 890 1068 presenti
905 1029 950 1059 die

78 1074 204 1114 pecunia
220 1073 363 1103 debeatur.
690 1111 696 1117 ι
804 1111 810 1116 .
839 1111 845 1116 .

121 1114 282 1145 Caeterum
300 1113 387 1154 quod
404 1123 444 1145 ex
461 1112 559 1144 Paulo
575 1111 604 1143 ἅ
621 1110 761 1157 Ulpiano
780 1111 865 1149 dixi,
884 1120 949 1157 non

79 1154 202 1195 semper
226 1155 383 1193 obtinuit,
407 1164 467 1185 nec
492 1153 639 1185 omnibus
659 1153 748 1183 ledit.
782 1161 852 1183 narn
870 1152 909 1183 ab
927 1161 948 1182 ι-

80 1199 183 1235 nitio,
206 1204 302 1236 atque
319 1205 351 1227 ut
370 1205 430 1236 ego
448 1195 587 1235 conjicio
605 1204 645 1225 ex
661 1195 689 1224 d.
707 1194 726 1224 Ζ.
744 1203 794 1224 xi.
814 1193 841 1234 §i
863 1202 888 1225 1.
907 1191 949 1240 D.

79 1239 113 1269 de
127 1240 208 1269 rebus
223 1239 354 1274 creditis,
371 1245 443 1267 ante
460 1236 630 1267 Proculum
648 1235 778 1275 vigebat
794 1242 951 1265 contraria

76 1279 156 1319 Juris
175 1279 292 1319 regula.
325 1287 459 1317 eamque
477 1277 625 1308 Sabinum
646 1274 823 1321 retinuisse,
847 1275 876 1306 ἃ
893 1275 949 1306 fibi

75 1321 220 1362 placere,
239 1319 357 1351 Casfius
372 1319 498 1357 retulit,
515 1318 597 1358 apud
608 1317 812 1363 Papinianum
828 1316 847 1347 l.
864 1327 893 1355 4.
906 1317 946 1363 D.

77 1362 315 1400 deservientibus.
335 1359 467 1391 fuerunt
485 1369 616 1399 quoque
632 1358 817 1398 Papiniani,
837 1358 946 1404 Pauli,

77 1403 107 1434 ἃ
131 1401 256 1442 Ulpiani
281 1410 427 1441 tempore
451 1402 502 1442 qui
528 1410 587 1440 pro
612 1409 648 1431 ea
671 1399 788 1430 starent
805 1399 945 1431 fortiter.

76 1443 243 1475 observavi
259 1444 290 1474 id
306 1453 346 1474 ex
361 1443 380 1474 Ζ.
396 1453 447 1481 4ο.
465 1441 506 1473 D.
523 1444 555 1472 de
568 1442 651 1472 rebus
661 1441 786 1472 creditis.
809 1440 949 1473 refertur

74 1485 119 1517 ibi
139 1485 264 1516 historia
281 1485 475 1525 cognitionis
491 1484 610 1515 AErnilii
630 1482 810 1523 Papiniani,
834 1482 949 1515 Praefe-

77 1526 118 1558 {ti
136 1526 304 1558 Praetorio:
322 1527 353 1557 in
372 1534 431 1565 qua
447 1526 684 1566 ambigebam-3
701 1532 806 1555 utrum
823 1524 949 1565 paetum

74 1568 106 1599 in
126 1568 304 1599 continenti
322 1567 477 1604 adjectum
495 1566 711 1606 stipulationi,
727 1575 783 1597 reo
800 1567 838 1597 ad
855 1575 948 1598 exce-

73 1611 220 1650 ptionem
246 1608 408 1649 prodess'et
430 1618 469 1640 ex
487 1608 550 1639 hoc
569 1607 702 1646 Edist03
725 1616 762 1638 an
782 1608 880 1648 magis
898 1607 946 1638 sti-

73 1650 230 1691 pulationi
247 1649 378 1687 inesset,
401 1650 431 1681 &
447 1649 513 1690 ipso
527 1649 595 1689 jure
612 1649 806 1680 servaretur:
828 1649 946 1688 placuit

73 1699 182 1724 autem
208 1691 383 1732 Papiniano
408 1691 448 1721 de
474 1690 602 1722 Consilii
622 1689 796 1734 sententia,
821 1690 946 1730 paetum

73 1733 107 1764 in
125 1733 307 1764 continenti
324 1732 479 1772 adjectum
496 1731 709 1772 stipulationi,
734 1731 763 1762 ei
780 1730 895 1770 inesse,
915 1732 945 1764 &

72 1773 300 1814 supervacuam
316 1783 372 1804 reo
390 1772 452 1804 esse
470 1774 710 1813 exceptionem.
742 1773 785 1803 ita
807 1771 945 1812 faCkum3

74 1823 110 1846 ut
128 1816 165 1846 ad
185 1823 306 1845 certum
324 1815 533 1845 adduceretur
545 1814 743 1845 consuetudo
761 1814 801 1844 de
819 1823 879 1854 qua
898 1824 945 1846 us-

73 1865 137 1895 que
155 1856 258 1887 adhuc
274 1855 378 1887 fuerat
395 1856 477 1887 inter
488 1855 694 1887 Proculianos
713 1855 742 1886 ἂ
757 1855 944 1888 Sabinianos

72 1899 238 1929 variatum.
283 1896 363 1928 Rem
383 1906 488 1928 veram
508 1906 617 1934 narro,
641 1904 672 1927 at
689 1897 797 1937 paucis
815 1906 921 1928 notam
934 1920 943 1936 ,

73 1946 162 1970 certe
180 1939 312 1977 anulio,
330 1946 482 1979 quantum
502 1939 676 1977 recordor,
694 1938 848 1970 traditam.
873 1938 942 1970 fue-

70 1981 112 2012 rit
128 1981 222 2021 igitur
239 1981 337 2018 tanti,
352 1989 420 2010 eam
441 1979 667 2011 demonstrare.
692 1978 757 2019 ipse
772 1979 832 2017 sic,
848 1989 881 2010 ut
898 1981 943 2011 di-

70 2022 122 2060 Χῖ,
147 2021 260 2053 Paulus
276 2023 303 2052 d.
322 2021 341 2051 t.
360 2030 411 2060 40.
436 2021 518 2052 clara
536 2021 565 2052 ἃ
585 2020 705 2059 nobili,
727 2030 763 2051 ac
778 2021 839 2059 jam
857 2031 873 2052 a
891 2032 942 2053 me

70 2062 212 2102 exposita
230 2064 317 2103 lib.3.
335 2062 382 2093 De
396 2062 509 2101 foenore
526 2061 562 2096 δέ
578 2064 705 2103 usurisc.
717 2071 747 2100 4.
770 2062 869 2094 solum
887 2064 940 2103 igi-

71 2111 120 2135 tur
131 2105 253 2135 notabo
262 2105 348 2144 quod
360 2104 448 2143 hujus
459 2104 523 2135 loci
539 2103 583 2134 est
595 2127 603 2142 ,
616 2113 655 2134 ex
672 2113 708 2134 ea
718 2104 856 2143 liquere,
869 2104 942 2137 fuis·

70 2144 101 2176 se
112 2146 142 2176 in
154 2145 454 2178 AuditorioAErnilii
466 2145 649 2185 Papiniani,
663 2144 806 2176 Praefecti
819 2146 940 2177 Praeto-

66 2187 136 2225 rio,
160 2186 345 2226 quaefitum3
368 2195 471 2218 utrum
495 2186 620 2227 pastum
645 2187 675 2217 in
692 2187 871 2218 continenti
890 2188 941 2219 ad-

67 2227 183 2268 jectum
202 2227 412 2268 stipulationi,
438 2229 467 2259 ci
489 2227 558 2259 infit
575 2238 614 2259 ex
632 2236 720 2267 parte
737 2229 801 2266 rei,
825 2229 856 2259 id
875 2230 938 2268 est,

69 2278 125 2301 reo
142 2268 206 2300 sine
223 2270 417 2309 exceptione
434 2270 530 2309 profit
545 2270 612 2309 ipso
628 2270 712 2309 jure:
728 2279 765 2300 ac
780 2269 870 2301 fuisse
886 2272 939 2314 qui

68 2318 220 2350 negaret,
246 2309 295 2341 sed
313 2310 466 2342 diversam
486 2311 670 2342 sententiam
687 2310 856 2343 obtinuisse
876 2312 939 2343 [Je-

68 2360 160 2382 creto
177 2351 349 2391 Papiniani.
374 2351 426 2383 Sic
442 2352 563 2383 Paulus.
582 2352 647 2383 hoc
662 2362 740 2383 vero
760 2353 836 2390 quid
852 2354 938 2392 vult3

68 2392 121 2424 nisi
133 2416 141 2431 ‚
159 2393 246 2432 quod
263 2401 335 2424 ante
352 2394 435 2431 dixi,
453 2393 578 2434 paetum
590 2394 675 2433 quod
686 2393 724 2424 ad
737 2394 938 2426 minuendam

70 2433 306 2474 stipulationem
323 2435 482 2475 pertinet,
506 2435 535 2465 ei
553 2434 648 2466 ineffe
665 2444 704 2465 ex
722 2444 811 2475 parte
828 2436 890 2474 rei,
908 2438 938 2468 in

71 2475 200 2515 ejusque
221 2476 376 2507 honorem
394 2483 447 2507 aut
464 2476 597 2507 omnino
618 2476 748 2513 tollere,
771 2484 823 2507 aut
841 2485 938 2508 trans-

70 2513 202 2554 figurare
217 2518 414 2556 aliquatenus
434 2516 688 2557 stipulationem,
712 2518 938 2558 actionemque

72 2557 157 2597 ejus..
177 2567 310 2598 nempe,
335 2567 367 2589 ut
384 2568 456 2590 cum
478 2559 681 2599 stipulatione
697 2560 831 2599 primum
851 2569 937 2592 com-

72 2596 256 2633 prehensum
279 2599 355 2630 esset
379 2601 417 2631 de
433 2600 517 2632 sorte
536 2599 684 2632 solvenda
702 2600 809 2641 primis
826 2600 937 2632 Kalen-

72 2637 138 2672 diS,
160 2638 264 2677 deque
289 2639 470 2676 praestandis
495 2641 592 2672 usuris
616 2651 675 2682 pro
699 2642 782 2673 sorte
802 2643 860 2674 illis
877 2642 935 2673 Ka-

71 2677 171 2708 lendis
189 2687 249 2708 non
266 2679 382 2719 soluta3
405 2691 441 2713 ac
457 2683 570 2714 deinde
588 2683 682 2722 patio
700 2684 731 2714 in
756 2684 936 2715 continenti

70 2718 192 2757 adjecto
209 2718 416 2760 stipulationi,
432 2723 595 2754 constituti
613 2723 711 2755 essent
728 2725 794 2756 dies
812 2725 861 2756 alii
880 2725 936 2755 sol-

69 2759 181 2789 vendae
199 2759 289 2798 sorti3
305 2771 340 2791 ea
355 2765 488 2795 mutatio
506 2764 567 2803 ipsa
585 2766 744 2796 contineri
761 2766 937 2805 stipulatio-

69 2809 110 2830 ne
127 2800 339 2833 existimetur:
363 2805 593 2846 perinde-quasi
610 2806 648 2836 ab
668 2808 760 2846 initio
779 2808 807 2838 ei
824 2807 937 2838 inserta

68 2840 154 2872 ess'et.
188 2841 327 2874 ostendit
350 2843 442 2882 igitur
460 2845 572 2876 Paulus
592 2855 733 2879 veterem
750 2848 829 2886 Juris
847 2858 936 2888 regu-

66 2883 147 2914 lam:
171 2883 308 2913 ostendit
333 2886 426 2915 etiam
451 2884 710 2919 consuetudinem
732 2890 759 2919 ei
781 2891 934 2920 contrari-

67 2933 137 2962 am3
161 2933 258 2963 atque
282 2925 380 2962 bane,
404 2935 475 2957 cum
494 2928 533 2957 dc
550 2937 585 2957 ea
605 2928 820 2968 dubitaretur,
846 2930 933 2969 Papi-

66 2966 149 2996 niani
177 2965 321 2996 Deci·ct0
346 2966 376 2996 in
400 2967 518 3005 judicio
543 2967 759 3002 confirmatam
784 2972 934 3010 tandem,

64 3015 294 3046 receptamque
311 3006 372 3037 css'e
389 3007 419 3038 in
442 3008 652 3048 stipulatione.

103 3046 174 3078 Nec
189 3056 292 3079 tamen
310 3049 373 3079 hoc
389 3057 475 3080 caret
489 3049 692 3087 difficultate,
708 3059 790 3090 pene
806 3053 935 3083 inextri-

67 3089 158 3120 cabili
173 3100 180 3120 :
197 3090 323 3128 quando
343 3090 371 3120 in
388 3090 415 3130 ὃ.
433 3100 462 3131 3.
486 3090 554 3129 [nli.
571 3093 603 3121 cle
621 3092 770 3122 verborum
788 3094 934 3131 obligatio-

62 3131 146 3160 nibus
164 3130 204 3160 1ic
221 3129 328 3162 scribit
348 3130 422 3171 Imp.
443 3132 639 3171 justinianus.
667 3132 700 3162 Si
715 3135 756 3163 ita
767 3132 932 3174 stipuler-is,

63 3170 188 3202 Decem
206 3180 317 3202 aureos
335 3182 454 3204 annuos
466 3197 474 3210 ,
492 3175 596 3212 quoad
613 3174 734 3212 vivam,
752 3175 825 3206 dare
843 3174 933 3214 spon-

66 3212 147 3284 dei?
171 3211 389 3286 &Ipuresaeia
407 3215 539 3255 obligatio
564 3215 758 3256 intelligitur,
783 3215 819 3251 ἐξ
832 3224 932 3259 perpe.

131 3264 183 3284 om.
227 3277 234 3285 .

1806 127 1878 160 425

1001 204 1122 231 tuatur:
1147 200 1217 241 quia
1235 201 1273 231 eid
1296 206 1406 242 tempus
1431 211 1487 233 non
1498 200 1589 243 potest
1607 203 1716 235 deberi:
1730 204 1785 244 secl
1797 204 1876 235 heres·

997 243 1118 281 petendo
1131 241 1212 282 precii
1227 244 1388 282 exceptione
1404 246 1624 280 submovebitur.
1651 245 1793 285 Species.
1817 244 1876 277 Ti-

1001 283 1062 314 tius
1077 293 1093 313 a
1111 282 1302 323 Sempronio
1313 283 1474 325 stipulatur
1485 287 1597 318 decem
1614 296 1727 318 aureos
1739 297 1873 320 annuos,

999 323 1205 364 Sempronius
1230 334 1356 364 paratus
1381 327 1450 365 est,
1484 337 1539 359 eos
1564 329 1773 368 prornittere3
1797 330 1872 360 dum

999 364 1360 406 Titiusinstipulatione
1376 368 1522 408 adjiciat,
1540 371 1647 409 quoad
1659 372 1774 401 vivam.
1793 380 1872 401 con-

999 405 1092 438 sentit
1117 408 1148 438 in
1174 409 1397 441 conditionem
1414 408 1533 442 Titius.
1565 411 1600 442 fit
1623 411 1801 451 stipulatio:
1825 412 1872 443 in-

999 447 1087 479 sertis
1106 449 1225 487 verbis,
1249 449 1368 492 Quoad
1385 452 1499 483 vivam.
1524 461 1561 482 an
1581 453 1660 484 inest
1676 453 1871 493 stipulationi

999 489 1125 529 paetum
1151 491 1178 521 ei
1203 500 1243 521 ex
1268 493 1447 523 continenti
1471 493 1626 532 adjectum
1645 495 1662 526 ἱ)
1688 504 1752 526 non
1779 495 1870 527 inest.

999 539 1064 570 quo
1087 534 1302 571 argumento?
1327 534 1398 573 quia
1421 542 1576 574 perpetua
1601 534 1644 566 est
1664 535 1733 566 liaec
1750 535 1872 576 stipula-

999 581 1067 612 tio;
1090 582 1279 613 quamquam
1302 574 1533 614 paciscentibus
1550 577 1693 615 placeat,
1711 577 1772 608 esse
1789 586 1869 608 tem-

998 615 1151 652 poralem.
1182 614 1319 654 superest
1345 624 1433 647 certe
1458 617 1542 648 aetio
1568 627 1607 648 ex
1632 618 1779 658 stipulatu
1798 618 1870 659 post

997 654 1078 686 Titii
1095 665 1249 687 mortem:
1267 658 1436 697 potestque
1452 657 1544 689 heres
1559 657 1640 689 Titii
1656 669 1748 700 agere
1764 670 1802 690 ex
1820 660 1870 691 sti-

997 697 1105 736 pulatu
1129 697 1196 736 ipso
1221 699 1306 737 jure:
1331 698 1381 730 sed
1406 699 1544 730 instituta
1567 700 1607 731 ab
1625 700 1743 731 herede
1765 701 1869 740 aetio,

996 748 1036 769 ex
1056 739 1119 769 hoc
1135 738 1250 770 Editio
1266 740 1345 779 pacti
1364 741 1558 781 exceptione
1574 740 1760 773 infirmatur.
1806 744 1869 774 Aci-

995 779 1058 810 huc
1076 780 1170 820 igitur
1189 780 1273 811 valet
1289 781 1369 820 Juris
1392 783 1518 822 regula,
1543 783 1627 814 nulla
1643 782 1775 814 infraCta
1790 793 1868 815 con-

995 820 1169 852 suetudine.
1201 821 1263 852 Sed
1281 823 1356 862 quid
1374 823 1444 855 est?
1468 824 1596 856 mininie
1614 825 1728 863 miror,
1744 835 1761 855 a
1779 824 1869 865 Justi-

994 864 1089 892 niano
1107 862 1137 893 in
1158 862 1409 895 institutionibus
1433 865 1559 907 allegari
1579 867 1718 907 regulam
1739 868 1788 897 cui
1805 867 1868 907 jam

994 903 1070 934 olim
1095 904 1262 943 derogavit
1285 904 1502 945 consuetud03
1527 907 1582 939 etsi
1601 908 1683 939 nulla
1700 907 1868 940 consuetu-

993 944 1073 975 dinis
1090 943 1173 975 fafta
1188 946 1373 977 mentione:
1391 947 1470 986 l'aepe
1487 949 1550 979 boc
1566 948 1612 980 fit.
1637 950 1733 990 magis
1749 951 1867 989 miror,

992 984 1198 1026 Papinianum
1217 985 1236 1016 Ζ.
1255 996 1284 1023 4.
1305 986 1345 1017 D.
1370 989 1404 1017 cie
1419 991 1624 1028 servitutibus,
1649 991 1678 1022 &
1699 990 1827 1023 Paulum
1844 992 1866 1023 l.

993 1036 1042 1065 44.
1060 1026 1088 1067 ὃ.
1112 1035 1137 1057 1.
1156 1026 1192 1060 δέ)
1209 1037 1244 1072 2..
1257 1026 1298 1057 D.
1315 1028 1348 1058 cle
1362 1029 1581 1069 obligationibus
1599 1032 1635 1066 &³
1651 1031 1809 1064 ustionibus
1826 1033 1867 1065 de

993 1068 1107 1106 quibus
1131 1068 1192 1108 jam
1215 1069 1297 1105 dixi,
1321 1070 1359 1100 ad
1380 1072 1529 1103 eumdem
1548 1072 1705 1113 disputare
1722 1075 1867 1106 modum.

995 1108 1068 1140 Nec
1085 1116 1188 1140 tamen
1206 1118 1375 1149 er1·avero;
1391 1112 1410 1142 fi
1426 1112 1455 1143 in
1470 1113 1516 1144 liis
1533 1122 1664 1154 quoque
1679 1116 1802 1154 malim,
1819 1126 1869 1147 re-

995 1151 1099 1190 gulam
1125 1159 1197 1181 cum
1222 1149 1453 1184 consuetudine
1468 1155 1636 1196 conjungi,
1662 1165 1754 1196 quam
1771 1159 1812 1188 ab
1831 1167 1868 1188 ea

993 1192 1138 1231 separari.
1157 1193 1215 1222 hac
1232 1193 1315 1223 enim
1333 1196 1382 1224 via
1399 1195 1428 1225 in
1445 1195 1505 1226 illis
1523 1195 1677 1228 Veterum
1695 1197 1866 1238 Fragmen-

994 1234 1032 1265 tis
1050 1241 1119 1273 quae
1139 1243 1202 1265 non
1223 1233 1375 1267 babemus
1393 1236 1532 1276 integra,
1549 1235 1584 1267 fit
1601 1237 1790 1271 difficultas:
1814 1240 1867 1271 illa

993 1277 1140 1312 evitatur.
1183 1275 1218 1306 ld
1244 1276 1349 1307 multis
1374 1277 1587 1309 demonstravi
1605 1279 1652 1310 lib.
1676 1289 1700 1310 1.
1718 1280 1864 1312 Probabil.

991 1326 1015 1347 c.
1033 1327 1061 1348 2.
1080 1315 1116 1350 ἐξ)
1132 1326 1161 1357 3.
1193 1315 1245 1347 sed
1271 1317 1341 1357 quia
1359 1318 1403 1349 est
1422 1319 1530 1350 eximii
1549 1319 1636 1352 usus:
1659 1320 1679 1352 fi
1696 1331 1803 1353 veram
1821 1321 1867 1353 se-

991 1367 1124 1398 quamur
1146 1360 1319 1390 rationem:
1343 1369 1408 1390 non
1434 1361 1607 1401 gravabor,
1633 1362 1738 1394 adhuc
1757 1373 1866 1396 exem-

992 1400 1081 1438 plum
1105 1408 1200 1430 unum
1219 1401 1306 1439 quod
1331 1400 1367 1432 fit
1388 1402 1523 1441 plurium
1542 1402 1652 1441 instar,
1674 1404 1864 1437 adscribere.

992 1440 1102 1472 Exstat
1125 1442 1155 1472 in
1182 1441 1201 1472 l.
1231 1451 1277 1473 12.
1297 1441 1338 1472 D.
1366 1443 1398 1473 de
1414 1444 1632 1484 obligationibus
1649 1444 1686 1480 59⁹
1704 1445 1867 1478 ustionibus

992 1482 1062 1514 liaec
1078 1483 1186 1524 regula
1200 1492 1239 1514 ex
1258 1483 1428 1523 Pomponii
1447 1486 1493 1515 lib.
1511 1495 1559 1522 29-
1577 1487 1787 1520 AdSobinum.
1812 1488 1865 1520 Ex

992 1522 1108 1564 depofiti
1134 1523 1170 1558 &²
1196 1526 1383 1564 commodati,
1407 1525 1443 1560 ἐξ
1459 1528 1608 1566 mundati,
1634 1527 1670 1561 ὅ)
1689 1529 1801 1567 tutelae,
1826 1529 1865 1564 ὃ)

991 1567 1170 1607 negotiorum
1183 1564 1346 1606 gestorum,
1362 1568 1394 1597 ob
1410 1567 1504 1599 dolum
1520 1568 1628 1600 malum
1640 1569 1772 1608 defunsti
1786 1571 1865 1602 heres

989 1607 1150 1647 insolidum
1167 1614 1288 1640 tenetur.
1312 1608 1422 1649 Viguit
1433 1619 1468 1640 ea
1479 1611 1586 1650 regula
1601 1610 1772 1651 Pomponii
1784 1619 1865 1644 tem-

989 1657 1068 1690 pore
1092 1651 1124 1681 in
1148 1649 1297 1680 omnibus
1315 1649 1363 1680 liis
1381 1650 1576 1684 actionibus:
1602 1651 1654 1683 sed
1676 1661 1796 1684 mutata
1818 1653 1866 1686 est

989 1690 1105 1722 deinde
1129 1691 1211 1721 circa
1236 1692 1350 1723 tutoris
1375 1692 1547 1731 heredem,
1571 1693 1706 1734 opinor,
1730 1694 1865 1734 Severi,

989 1732 1018 1763 &
1042 1732 1197 1763 Antonini
1225 1731 1467 1765 Constitutione
1485 1744 1555 1775 quae
1577 1734 1622 1766 est
1642 1735 1672 1767 in
1691 1735 1710 1766 Ζ.
1730 1745 1756 1767 1.
1775 1736 1808 1768 C.
1828 1737 1863 1768 de

988 1774 1136 1804 heredibus
1151 1778 1279 1805 tutorum
1295 1774 1331 1808 δ’
1347 1783 1531 1808 curatorum.-
1547 1777 1633 1816 cujus
1648 1777 1744 1808 verba
1759 1776 1800 1809 fic
1816 1788 1866 1810 re-

989 1814 1146 1846 stituenda
1163 1814 1231 1846 sunt
1249 1825 1289 1847 ex
1307 1815 1422 1854 Basilio.
1440 1817 1488 1850 lib.
1500 1822 1549 1859 38.
1566 1820 1612 1849 tit.
1624 1828 1651 1859 7.
1668 1824 1733 1849 tom.
1745 1829 1774 1860 5.
1792 1826 1861 1862 pag.

992 1864 1057 1894 104.
1083 1856 1210 1887 Heredes
1229 1862 1357 1888 tutorum
1373 1860 1404 1888 ob
1424 1859 1627 1901 negligentiam
1643 1870 1705 1901 quae
1721 1860 1785 1892 lcitae
1801 1862 1862 1892 cul-

983 1906 1029 1938 pae
1046 1900 1204 1938 comparari
1217 1897 1315 1938 poffit,
1339 1901 1523 1932 condemnari
1541 1911 1597 1932 non
1615 1907 1741 1942 oportet:
1757 1901 1787 1940 si
1802 1907 1861 1934 non

987 1946 1088 1970 contra
1105 1946 1227 1970 tutorem
1243 1940 1278 1970 lis
1294 1941 1426 1973 inchoata
1443 1940 1499 1981 esi,
1523 1952 1613 1984 neque
1635 1952 1671 1974 ex
1690 1945 1793 1976 danino
1805 1951 1861 1984 pu-

982 1980 1048 2020 pilli
1065 1981 1177 2012 lucrum
1192 1987 1338 2022 captatum
1361 1989 1413 2014 aut
1424 1985 1523 2023 gratia
1535 1983 1695 2024 praestitum
1704 1984 1755 2023 fit.
1801 1986 1860 2017 Pa-

986 2022 1097 2053 tiamur
1112 2022 1226 2063 igitur,
1244 2032 1414 2064 utrumque
1431 2025 1580 2066 conjungi
1599 2027 1723 2065 locum;
1746 2027 1776 2058 &
1794 2035 1860 2059 tam

985 2064 1161 2095 notabilem
1187 2065 1307 2104 liquere
1332 2065 1411 2104 Juris
1437 2066 1686 2100 inclinationem.
1731 2067 1778 2098 Sit
1795 2069 1858 2107 ita,

984 2105 1090 2144 quoad
1110 2105 1341 2145 Pomponium:
1359 2108 1384 2137 is
1400 2108 1483 2138 enim
1503 2109 1555 2148 qui
1573 2109 1679 2149 potuit
1696 2108 1784 2141 nosse
1802 2111 1857 2141 Se-

984 2147 1050 2177 veri
1076 2146 1107 2177 &
1134 2146 1284 2177 Antonini
1311 2147 1583 2181 Constitutionem
1605 2158 1655 2181 tot
1680 2151 1767 2182 annis
1786 2151 1857 2190 post

982 2187 1048 2227 ejus
1065 2188 1190 2218 obitum
1211 2187 1424 2221 nascituram?
1449 2189 1501 2222 sed
1518 2191 1594 2231 quid
1606 2191 1763 2224 faciemus
1780 2193 1858 2224 Pau-

981 2229 1040 2260 lo?
1064 2229 1116 2267 qui
1135 2228 1188 2259 sub
1204 2229 1261 2261 illis
1278 2229 1405 2270 floruit3
1431 2231 1459 2262 ἂ
1477 2232 1531 2263 lib.
1555 2237 1600 2266 18.
1633 2234 1680 2265 Ad
1697 2233 1857 2267 Plautium

982 2280 1022 2301 ex
1039 2279 1104 2309 quo
1122 2269 1166 2301 est
1182 2270 1200 2301 l.
1212 2280 1261 2309 49.
1280 2270 1321 2302 D.
1341 2273 1374 2302 de
1389 2272 1608 2313 obligationibus
1624 2274 1660 2309 &⁹
1674 2274 1854 2315 ustionibus,

981 2310 1045 2343 fine
1065 2311 1124 2342 ulla
1141 2311 1205 2351 ejus
1222 2311 1470 2346 Constitutionis
1487 2317 1672 2352 mentione,
1689 2325 1785 2356 atque
1802 2327 1857 2348 eo-

982 2354 1055 2384 dem
1081 2353 1174 2392 plane
1200 2355 1298 2385 modo
1321 2364 1386 2395 quo
1414 2355 1632 2397 Pomponius,
1657 2355 1780 2389 scribit:
1804 2358 1857 2390 Ex

982 2392 1176 2424 contractibus
1192 2396 1339 2426 venientes
1356 2396 1479 2427 abbiones
1495 2399 1527 2428 in
1542 2398 1653 2428 heredes
1669 2399 1798 2438 dantur,
1821 2401 1856 2431 li-

982 2442 1023 2465 cet
1039 2434 1173 2466 delicium
1190 2446 1299 2477 quoque
1316 2440 1460 2478 versetur:
1478 2439 1571 2469 veluti
1586 2449 1652 2470 cum.
1668 2445 1747 2471 tutor
1761 2443 1791 2472 in
1809 2447 1856 2473 tu-

980 2477 1036 2506 tela
1049 2478 1174 2518 gerenda
1189 2478 1249 2508 dolo
1256 2479 1363 2517 fecerit
1372 2502 1382 2517 ,
1399 2485 1451 2510 aiil
1468 2481 1492 2509 is
1508 2482 1585 2520 opud
1599 2490 1682 2522 quem
1697 2481 1854 2522 depofitum

979 2515 1028 2558 qli.
1065 2517 1152 2550 ldem
1170 2518 1285 2550 censeo
1303 2521 1390 2559 quod
1408 2521 1448 2551 de
1468 2521 1650 2562 Pomponio
1666 2523 1742 2555 dixi.
1766 2524 1856 2556 fabu-

980 2559 1027 2589 lae.
1059 2559 1113 2590 nisi
1134 2559 1198 2599 ipse
1222 2561 1303 2591 lianc
1328 2562 1468 2601 regulam
1497 2562 1607 2595 Paulus
1630 2573 1701 2596 cum
1723 2564 1855 2606 sequuta

982 2600 1220 2632 Constitutione
1247 2602 1423 2641 conjungit.
1448 2603 1529 2634 ubi?
1551 2606 1580 2636 in
1597 2605 1616 2636 Ζ.
1636 2606 1689 2638 ult.
1709 2606 1748 2637 D.
1770 2608 1854 2647 defi-

979 2641 1164 2683 a'ejufforibus
1187 2642 1223 2676 δέ)
1247 2645 1474 2675 ruminatoribus
1496 2645 1532 2680 &³
1548 2647 1695 2678 heredibus
1712 2653 1851 2682 tutorum.

980 2684 1077 2714 verba
1101 2682 1198 2716 Pauli.
1239 2684 1352 2715 Paulus
1371 2686 1512 2726 respondit
1529 2688 1584 2718 tole
1595 2689 1742 2730 judicium
1759 2693 1790 2721 in
1805 2691 1852 2721 be-

979 2726 1071 2755 reclem
1088 2726 1191 2755 tutoris
1208 2725 1361 2764 transferri
1377 2733 1518 2767 oportere,
1535 2731 1618 2770 quale
1633 2731 1788 2770 defunbius
1800 2733 1850 2767 lu-

971 2767 1074 2805 scepit.
1121 2765 1186 2796 Hoc
1208 2775 1235 2796 eo
1248 2768 1393 2806 pertinet,
1416 2775 1450 2800 ut
1467 2779 1525 2801 non
1540 2776 1692 2808 excusetur
1708 2774 1802 2809 heres,
1821 2771 1850 2810 fi

979 2807 1075 2843 dicat,
1099 2807 1125 2843 se
1150 2804 1342 2846 instrumenta
1366 2811 1502 2842 tutelaria
1527 2822 1584 2843 non
1603 2814 1757 2854 inveniffe:
1779 2824 1848 2844 nam

979 2857 1044 2878 cuin
1068 2857 1104 2878 ex
1128 2849 1257 2879 omnibus
1280 2851 1351 2882 bona
1359 2850 1420 2891 fide
1428 2852 1550 2893 judiciis
1560 2861 1678 2895 propter
1692 2855 1785 2885 dolum
1803 2856 1850 2884 tle-

971 2888 1077 2928 func'ii
1097 2888 1174 2919 heres
1196 2894 1344 2930 teneatur,
1368 2893 1440 2923 idem
1453 2901 1524 2934 puto
1546 2897 1752 2935 observandum
1776 2894 1846 2969 [ἓξ

977 2931 1008 2959 in
1026 2929 1120 2960 tutelae
1137 2930 1253 2962 uitione.
1278 2932 1333 2964 Sed
1347 2932 1606 2973 Constitutionibus
1620 2938 1791 2975 subventum
1806 2936 1833 2976 el

976 2972 1145 3011 ignorantiae
1154 2972 1296 3005 heredum.
1318 2975 1368 3005 hoc
1379 2982 1474 3007 tanzen
1490 2984 1561 3008 tunc
1570 2978 1772 3015 observandum
1788 2978 1846 3019 est,

977 3022 1042 3042 cum
1055 3010 1117 3052 posi
1131 3020 1244 3044 mortem
1262 3018 1366 3047 tutoris
1385 3017 1463 3048 heres
1481 3020 1684 3054 conveniatur,
1702 3027 1757 3048 non
1767 3017 1795 3055 fi
1810 3021 1846 3051 li-

978 3059 1004 3083 te
1030 3052 1183 3094 contestata
1206 3061 1283 3087 tutor
1306 3058 1466 3098 decefferit:
1488 3069 1555 3090 num
1573 3060 1632 3088 litis
1647 3056 1846 3098 contestatione

979 3093 1016 3128 δ’
1026 3096 1148 3134 poenales
1163 3095 1286 3128 ueiiones
1298 3101 1540 3131 transmittuntur
1553 3101 1588 3130 ab
1603 3106 1726 3140 utraque
1739 3107 1825 3141 parte
1835 3127 1844 3142 ,

978 3134 1015 3170 ἐξ
1032 3137 1191 3176 temporales
1207 3146 1424 3179 perpetuantur.

1013 3175 1098 3208 Dedi
1115 3182 1321 3212 memorabile
1336 3181 1518 3220 exemplum
1535 3181 1621 3221 quod
1638 3181 1796 3216 imitemur
1812 3187 1843 3218 in

973 3219 1003 3252 d.
1021 3218 1088 3261 §.3
1097 3218 1233 3293 &nitide
1250 3223 1328 3255 verb.
1345 3222 1460 3262 obligat.
1475 3223 1542 3254 item
1559 3224 1584 3255 ci.
1605 3223 1622 3255 l.
1635 3233 1664 3263 4.
1682 3223 1724 3257 D,
1742 3227 1775 3256 cle
1788 3228 1845 3261 lern-

1158 3272 1167 3292 i
1193 3271 1205 3293 i
1764 3274 1841 3300 vicii·
