2036 3495
626 78 909 125 Juttus

79 164 192 208 stadem
201 170 346 209 apponat:
371 166 485 204 &ideo
502 174 580 200 nomo
596 168 767 206 mirabitur,
784 166 814 205 fi
832 177 881 198 nos
896 178 965 210 quo·-

84 217 138 250 que
153 217 263 240 novum
287 207 434 246 consilium
461 206 497 243 ὅ)
523 209 676 240 remedium
691 209 898 250 suggeramus.
935 210 965 242 l-

82 250 167 290 gitur
175 247 202 287 fi
213 248 322 290 perstat
340 252 370 282 in
386 251 481 282 eadem
490 248 699 292 postulatione,
716 250 965 291 comrnoclzffimum

86 288 144 331 est,
166 291 232 333 eligi
251 290 441 332 horzefliffimae
452 292 579 329 foeminae
595 292 708 323 domum
719 315 728 330 ,
753 293 786 324 iu
802 303 889 333 quam
904 293 965 324 Do-

85 335 170 364 mitia
184 335 300 365 veniat:
319 333 354 368 ὅ)
373 334 411 366 z'ln'
426 339 483 363 tres
500 331 676 374 obstetrices,
693 334 818 374 probata:
836 333 872 369 ὃ
890 335 965 366 artis

88 373 124 408 &f
135 374 208 415 fillei
218 397 227 414 ,
242 385 303 416 quoe
319 385 336 406 a
357 380 383 405 te
403 373 547 415 astumptce
555 375 675 414 fuerint
686 399 696 413 ,
712 384 774 406 eam
793 376 964 416 inspiciant:

88 416 124 451 ὅ)
134 415 284 457 siquidem
299 416 346 447 vel
362 416 532 454 omnes‚vel
545 418 607 447 dure
621 418 862 448 renunciaverint
873 425 963 459 prceg-

86 465 185 489 uatem
207 459 301 489 uideri
319 480 328 495 ,
358 464 429 489 tunc
446 458 677 496 persuadendum
699 457 814 489 mulieri
837 461 908 497 erit,
931 465 965 491 ut

84 500 203 540 perinde
228 497 368 540 custodem
390 500 528 532 admittat
541 522 550 537 ‚
574 505 660 540 atque
675 498 705 538 fi
721 500 780 540 ipsa
797 500 847 531 hoc
861 500 963 539 deficie-

88 540 189 580 raffet:
212 543 286 582 quod
302 538 330 577 fi
355 541 442 570 enixa
465 550 521 571 nori
535 541 648 580 fuerit,
663 541 741 581 sciat
759 543 901 580 maritus,
926 544 964 574 ad

87 583 232 614 invidiam
254 579 546 623 existimationemque
569 588 651 617 luam
670 584 834 622 pertinere3
856 589 963 615 utnon

87 624 226 654 immerito
242 622 323 663 possit
340 624 435 653 vicie-ri
451 623 574 663 captaffe
592 625 641 655 hoc
659 625 696 655 ad
719 625 848 666 aliquam
863 626 963 657 mulie·

86 667 127 696 ris
150 665 306 705 injurium:
322 662 351 702 fi
372 671 468 695 autem
492 665 539 696 vel
563 674 678 705 ornnes,
701 667 747 697 vel
762 667 880 707 plures,
905 677 963 699 uon

86 705 136 746 effe
149 707 323 746 gravidam,
347 706 605 747 renunciaverint,
626 708 709 739 nulla
733 710 819 745 causa
844 707 964 749 custodi-

87 748 153 778 endi
169 747 234 777 erit.
257 746 320 778 Sed
337 746 366 778 ἃ
386 747 449 778 lioc
466 746 683 789 Rescriptum,
699 758 773 781 cum
790 749 830 780 ad
845 749 963 782 Praeto·

90 796 155 820 rem
176 786 341 819 Urbanum
359 787 416 827 fit,
439 798 503 821 non
521 790 629 829 aliam,
649 790 962 831 ouam‘l'raetoriam,

87 831 120 862 id
139 829 184 861 cst
200 830 348 869 civilem,
364 832 600 863 coercitionem
620 841 690 872 qua:
707 832 832 864 mulctae
850 832 962 864 dictio-

88 881 129 903 ne
146 871 175 902 &
192 872 336 912 pignoris
360 873 510 912 captione
532 873 659 912 finitur,
684 874 833 905 continet
849 875 877 906 d.
895 874 916 905 l.
937 884 963 906 1.

87 912 116 955 §.
135 922 165 954 3.
196 911 270 954 Ego
289 922 349 945 nec
366 914 443 945 illud
461 915 676 946 omittendum
697 915 834 954 censeo,
857 917 962 956 quod,

85 956 106 987 li
124 956 206 987 inter
230 962 378 996 parentes
403 957 594 988 conveniret
610 957 650 988 de
669 957 848 996 abjiciendo
866 966 964 996 expo-

86 997 237 1031 nendove
263 1005 354 1037 partu
371 1020 379 1035 ‚
417 998 487 1036 quia
513 997 644 1029 silebant
666 998 963 1037 Senatusconsulta‚

87 1047 152 1070 non
178 1038 328 1069 videntur
351 1047 498 1079 parentes
524 1041 562 1071 ad
587 1049 659 1072 cum
684 1040 863 1071 tollendum
881 1041 963 1071 alen-

87 1082 206 1111 dumve
217 1079 429 1118 superioribus
437 1080 801 1121 Senatusconsultisjure
817 1081 890 1121 cogi
907 1090 962 1121 po-

89 1120 190 1153 tuiffe.
239 1120 359 1153 Verum
377 1120 490 1152 Edicto
505 1130 662 1162 perpetuo
679 1123 766 1162 quod
785 1121 901 1153 faetum
917 1121 962 1153 est

88 1162 243 1196 Hadriani
264 1162 362 1204 jussu,
386 1165 547 1204 propolita
571 1163 616 1195 est
638 1163 860 1205 praejudicialis
876 1163 960 1195 aetio

967 75 1374 123 Piu1.trs,&c.

1011 168 1049 200 de
1066 167 1271 210 agnoscendo
1287 176 1396 210 partu:
1420 175 1455 202 ut
1469 170 1658 212 justinianus
1677 170 1778 203 refert
1794 172 1822 214 ς.
1842 182 1888 214 13·

1009 208 1082 250 lust.
1098 211 1131 241 cie
1145 210 1316 243 ustionibus.
1346 210 1506 245 Proeterea
1525 213 1708 247 concess'um
1727 214 1812 252 filio,
1837 213 1892 246 sed

1008 252 1116 292 majori
1130 253 1244 291 trimo,
1262 252 1291 284 Gt
1305 254 1388 286 adeo
1402 254 1464 293 jam
1484 255 1564 287 inste
1583 254 1735 296 depulso,
1754 256 1804 287 vel
1821 265 1890 287 cer-

1009 301 1040 325 te
1061 293 1112 324 alii
1133 294 1199 333 ejus
1219 295 1370 333 nomine,
1395 303 1430 327 ut
1448 297 1636 338 intelligitur
1654 307 1693 329 ex
1710 297 1728 329 l.
1748 306 1776 333 9.
1795 297 1829 328 C.
1853 299 1888 327 cte

1002 335 1104 375 patria
1114 334 1270 376 potestate,
1296 344 1408 376 petere
1426 347 1442 368 a
1457 340 1587 378 tudine,
1611 340 1642 370 id
1659 338 1723 377 est,
1742 337 1887 370 Consuli-

1010 377 1066 408 bus
1078 399 1087 415 ,
1111 376 1172 416 (fic
1189 378 1274 410 enim
1289 378 1426 418 Jneicem
1442 380 1636 421 interpretor
1651 380 1680 411 in
1699 381 1718 411 l.
1735 391 1764 421 5.
1785 379 1828 411 D.
1852 382 1886 410 cle

1007 417 1192 458 agnoscendis
1208 418 1244 453 ἐξ
1259 420 1371 451 alendis
1387 421 1495 459 liberis,
1511 422 1583 462 quia
1599 421 1765 463 desumpta
1782 421 1828 453 est
1838 431 1887 453 ex

1010 458 1138 499 Ulpiani
1155 461 1203 491 iil).
1223 470 1252 492 2.
1278 461 1326 492 De
1340 460 1430 502 officio
1447 463 1596 504 Consulis)
1620 463 1826 502 concessum,
1840 463 1889 495 in-

1008 510 1121 542 quam,
1144 502 1188 533 cst
1206 501 1294 541 filio,
1317 503 1425 543 majori
1451 506 1565 543 trimo,
1589 506 1640 536 vel
1667 506 1717 536 alii
1737 505 1802 545 ejus
1826 514 1888 536 no·

1006 544 1111 582 mine,
1135 552 1151 574 a
1173 542 1307 583 judice,
1331 543 1395 575 five
1421 553 1438 576 a
1464 544 1671 584 Consulibus,
1694 555 1827 587 petere,
1850 553 1886 578 ut

1005 583 1152 616 alimenta
1182 585 1209 615 ei
1235 594 1274 616 ex
1299 586 1392 618 bonis
1416 587 1511 627 patris
1535 588 1748 619 decernantur
1768 589 1796 619 ci.
1814 588 1833 618 l.
1850 597 1884 627 5.

1005 635 1043 656 ac
1065 625 1085 657 si
1113 633 1200 666 pater
1217 636 1288 658 eum
1305 628 1389 659 alere
1413 628 1589 667 detrectet,
1613 629 1762 661 alimenta
1780 629 1808 660 ci
1825 637 1885 669 pro

1007 667 1106 698 modo
1118 667 1306 700 facultatum
1325 668 1579 702 constituentur:
1597 670 1657 702 &fi
1676 680 1712 701 ea
1729 680 1794 702 non
1807 679 1886 711 prae-

999 707 1067 745 stet
1085 717 1192 749 pater,
1209 710 1394 751 pignoribus
1413 713 1514 752 captis
1535 712 1565 743 ὅ(
1580 711 1733 744 distractis
1749 719 1886 753 cogetur

1007 749 1169 781 sententia:
1187 750 1368 783 satisfacere
1385 753 1413 783 d.
1431 752 1450 784 l.
1468 753 1497 795 §.
1520 761 1567 786 10.
1605 753 1711 794 Atque
1729 762 1765 784 ea
1782 762 1885 785 reme-

1007 792 1058 822 dia
1085 794 1125 822 dc
1150 792 1265 832 quibus
1291 794 1375 831 dixi,
1400 794 1553 835 pleraque
1577 802 1764 827 enumerant
1779 794 1884 835 Impp.

1008 832 1231 864 Diocletianus
1250 833 1279 864 ὅ(
1299 833 1512 868 Maximianus
1528 836 1548 868 l.
1566 846 1596 874 9.
1617 837 1650 868 C.
1676 838 1709 867 de
1720 838 1822 878 patria
1835 843 1885 875 po-

1007 871 1124 914 testate;
1149 873 1178 905 &
1201 883 1242 905 ex
1270 875 1317 905 his
1346 875 1488 909 inferunt
1504 900 1515 917 ‚
1539 879 1615 911 nulli
1639 878 1775 910 liberum
1801 877 1885 921 effe,

1005 924 1109 955 negare
1120 913 1228 954 filium.
1268 914 1373 947 Verba
1390 917 1623 959 Imperatorum
1640 919 1790 961 apposui:
1814 918 1885 951 su'nt

1006 965 1113 987 autem
1126 956 1204 987 haec.
1229 956 1295 987 Nec
1303 957 1402 996 filium
1419 969 1524 1000 negare
1533 963 1668 1003 cuiquam
1677 960 1728 1002 effe
1744 961 1887 999 liberum,

1007 997 1268 1037 Senatusconsulta
1290 1002 1323 1029 ae
1340 1005 1429 1038 partu
1453 1003 1647 1042 agnationem,
1670 1013 1704 1034 ac
1719 1003 1888 1034 denunciati

1001 1047 1106 1079 poena,
1121 1036 1181 1079 (fic
1197 1040 1281 1070 enirn
1296 1039 1468 1079 legendum
1486 1042 1548 1074 ess'e
1560 1067 1569 1082 ‚
1589 1046 1689 1076 modo
1708 1045 1840 1084 monui)
1863 1044 1889 1074 z·-

1005 1086 1059 1111 tem
1081 1081 1283 1122 prejudicium
1306 1080 1410 1112 Edicto
1427 1089 1562 1124 perpetuo
1573 1085 1768 1126 propositum,
1792 1085 1829 1121 ὅ)
1844 1094 1888 1116 re-

1004 1123 1127 1153 medium
1143 1123 1348 1152 alimentorum
1364 1124 1468 1164 majori
1486 1127 1569 1156 trimo
1581 1129 1691 1166 petenti
1698 1150 1708 1165 ,
1731 1129 1845 1160 nomine
1861 1135 1891 1158 ε-

996 1163 1051 1204 jus
1067 1161 1275 1204 monstratum,
1294 1164 1363 1204 jure
1378 1165 1530 1207 uicinifesto
1546 1169 1705 1201 declarant.

810 1255 1024 1305 CAPiJT
1080 1269 1150 1305 Ν.

91 1346 161 1387 Ea,
190 1342 381 1390 &fimiIice‚
410 1344 542 1380 remedia
554 1342 652 1390 fiig'ffi?
678 1345 806 1387 civilia;
833 1341 874 1383 ἐξ
899 1345 941 1379 ad
959 1346 1178 1389 virziliaciruluriz
1196 1347 1310 1382 crimen
1332 1347 1458 1384 minime
1477 1350 1613 1395 pertinui
1639 1362 1664 1385 e.
1718 1349 1812 1397 Jpfit.
1838 1364 1893 1388 uec

139 1395 225 1436 alia,
247 1392 305 1439 snb
323 1393 468 1439 Paganis
483 1393 722 1440 Imperatoribus
740 1395 828 1441 vigui
853 1393 878 1429 ὲ.
929 1394 1081 1441 Expliciti
1101 1393 1275 1442 praesertim
1301 1396 1404 1444 Impp.
1424 1399 1635 1435 Diocletianus
1651 1396 1892 1439 &telamoniu-

138 1455 195 1478 nus
208 1443 230 1478 l.
252 1444 305 1478 16.
324 1442 356 1477 C.
381 1442 414 1477 cle
433 1443 556 1488 nuptiis.

89 1538 184 1612 Sed
208 1538 450 1580 qualiacumque
475 1547 513 1570 ea
527 1537 647 1570 fuerint
664 1539 800 1580 judicia,
825 1549 890 1574 non
909 1542 965 1573 cri-

158 1580 302 1618 minalia,
326 1578 376 1611 sed
394 1579 520 1619 civilia,
543 1579 644 1612 fuere.
671 1582 700 1612 in
721 1582 835 1621 quibus
853 1593 916 1615 non
935 1583 966 1614 id

91 1620 266 1653 Veteribus
284 1622 450 1662 negotium
468 1620 548 1660 fuit3
572 1630 607 1653 ut
623 1622 768 1662 exposito
786 1633 897 1664 partu,
921 1625 966 1655 vi-

87 1671 147 1703 gor
175 1663 311 1704 publicae
336 1661 508 1702 disciplinae
526 1663 760 1703 vindicaretur;
783 1664 835 1697 sed
853 1675 887 1697 ut
904 1666 966 1706 pri-

92 1709 173 1735 vatae
196 1713 302 1745 partus
324 1704 451 1735 utilitati
468 1704 651 1736 necesfitate
668 1706 867 1739 educationis
886 1716 965 1739 con-

91 1742 256 1777 suleretur.
301 1744 367 1784 Ita,
389 1744 411 1777 fi
434 1745 640 1777 nihilominus
663 1747 826 1780 videretur
841 1748 962 1789 parenti

93 1795 259 1826 exponere
279 1787 333 1818 vel
353 1796 468 1818 necare
489 1787 646 1819 infantem
669 1788 965 1829 sanguinolentum3

92 1827 197 1860 adhuc
213 1828 297 1860 nulla
310 1836 442 1869 apparet
458 1837 542 1860 nova
558 1837 652 1868 poena
669 1839 729 1869 qua
740 1837 803 1863 tam
821 1832 965 1863 notabile

93 1867 189 1901 seculi
206 1871 319 1901 vitium
344 1871 583 1902 emendaretur:
606 1880 643 1901 ea
660 1880 728 1912 qua:
744 1881 760 1902 a
778 1873 917 1905 Romulo
934 1873 965 1905 Gt

91 1911 124 1943 in
142 1910 324 1943 Duodecim
340 1909 475 1944 Tabulis
490 1912 566 1944 olim
582 1911 688 1944 fuerat
704 1914 892 1955 constituta,
908 1923 966 1956 per

95 1953 338 1985 desuetudinem
353 1953 532 1985 obliterata.

134 1994 197 2026 Sed
216 1994 266 2030 id.
291 2002 325 2026 ut
341 1994 462 2025 ostendi
480 1996 572 2036 capite
591 2004 645 2034 11,
668 1995 724 2027 sub
736 1995 894 2038 Septimio
910 1995 980 2030 Se?

92 2044 191 2073 vero,
209 2035 338 2067 testatur
354 2035 574 2068 Tertullianus
590 2037 637 2068 lib.
655 2037 707 2068 Aa
722 2040 871 2078 nationes,
887 2040 965 2072 item

93 2077 276 2119 Apologetico
290 2078 429 2116 adversus
443 2083 543 2118 gentes
556 2088 582 2110 c.
603 2088 653 2110 1x.
688 2086 754 2112 tum
781 2089 856 2112 ante
877 2081 966 2113 illum

93 2118 149 2150 sub
169 2119 332 2151 Antonino
349 2118 407 2150 Pio
423 2119 563 2152 ostendit
578 2119 714 2159 Justinus
739 2120 884 2163 Manyr,
908 2123 967 2155 Pro

94 2158 267 2200 Christianis
291 2159 420 2202 apologia
432 2161 565 2200 fheunda
587 2163 626 2192 ad
651 2161 834 2195 Antoninum
858 2164 946 2196 Pium
957 2187 967 2202 ‚

89 2209 158 2243 pag.
171 2210 220 2241 70.
237 2201 273 2235 ὅ)
284 2210 332 2242 71.
358 2203 490 2233 editionis
505 2202 674 2241 Parisienfis
687 2206 762 2236 anni
780 2208 867 2245 1636.
890 2207 968 2247 apud

95 2243 264 2275 Morellum.
309 2241 382 2274 Nec
401 2244 505 2275 minus
524 2245 676 2285 Apuleius
692 2245 740 2277 lib.
757 2256 788 2278 x.
806 2247 967 2279 Metamor-

93 2284 173 2326 pbos.
191 2284 274 2324 apud
291 2292 385 2324 quem
403 2284 494 2316 Pater
502 2292 620 2326 peregre
630 2286 829 2327 proficzjcens,
846 2291 966 2320 manda-

96 2328 140 2357 vit
155 2327 311 2365 uxorisuae
327 2327 415 2356 matri
429 2326 555 2368 ejusdem
564 2327 705 2369 juvenis,
721 2331 796 2369 quod
814 2331 889 2361 enirn
898 2330 966 2369 sar-

96 2368 162 2399 cina
181 2367 388 2407 praegnationis
409 2373 557 2399 oneratam
579 2378 641 2400 eam
663 2369 842 2412 relinquebat
855 2394 865 2410 ‚
890 2377 923 2403 ut
938 2370 968 2410 st

89 2409 181 2449 sexus
196 2408 341 2450 sequioris.
360 2408 486 2448 edidiffet
503 2410 631 2448 saetum,
652 2412 787 2451 pretinm
829 2413 884 2444 uod
910 2414 967 2444 eili-

97 2454 159 2481 tum
175 2449 257 2491 effa,
280 2455 441 2482 necaretur.
479 2450 595 2482 Rursus
611 2451 774 2485 Minucius
822 2455 907 2494 elix,
929 2454 970 2485 O-

98 2490 194 2523 &avio
209 2501 233 2523 c.
250 2500 327 2523 xxx.
367 2490 426 2524 Vos
441 2493 517 2524 enim
532 2494 615 2524 video
626 2501 788 2534 procreatos
797 2495 876 2535 filios
891 2506 970 2526 nunc

92 2532 168 2573 seris
184 2532 219 2567 ἃ
235 2534 340 2564 avibus
355 2540 512 2574 exponere,
528 2543 607 2566 rzunc
623 2533 858 2578 adstrangulatos
873 2539 971 2577 misero

99 2575 197 2604 mortis
211 2583 312 2614 genere
324 2574 434 2606 elidere.
465 2573 509 2606 Et
525 2585 604 2608 mox
619 2586 642 2607 e.
660 2587 758 2609 xxxi.
784 2578 868 2610 Dum
885 2580 972 2609 etiam

101 2615 174 2645 domi
196 2621 280 2646 natos
303 2615 402 2646 atienae
426 2617 623 2657 mis‘ericordioe
630 2619 803 2660 frequenter
820 2621 971 2661 exponitis.

99 2655 197 2686 Forte
211 2655 337 2696 longius
354 2665 510 2698 excurro,
527 2659 798 2693 demonstraturus
816 2661 974 2693 Veterum

101 2694 306 2734 testimoniis,
321 2696 393 2736 post
406 2698 687 2732 senatusconsulta
702 2703 742 2734 de
758 2703 873 2743 quibus
888 2703 976 2742 dixi,

101 2737 205 2768 adhuc
220 2737 407 2777 impunitam
424 2747 520 2780 atque
536 2743 618 2772 adeo
634 2742 754 2775 licitam
770 2743 860 2775 fuisse
876 2743 977 2775 infun-

102 2786 168 2809 tum
193 2777 223 2809 &
251 2787 365 2809 necem
388 2780 417 2810 &
438 2780 684 2820 expositionem.
731 2785 851 2817 Addam
870 2794 975 2817 tamen

102 2819 277 2850 scaevoiam
292 2818 310 2849 l.
328 2828 376 2855 29.
394 2819 438 2851 D..
450 2822 483 2851 de
496 2824 673 2863 manumiffis
688 2824 862 2866 testamento.
878 2826 976 2858 verba

102 2860 255 2892 Scaevolae
266 2883 276 2898 ,
298 2859 426 2891 Uxorem
440 2867 639 2904 praegriarztem
654 2869 877 2906 repudiaverat,
895 2867 931 2902 ἐξ
948 2877 977 2898 a·

104 2902 174 2935 liam
191 2902 334 2934 duxerat.-
350 2902 434 2942 prior
450 2904 538 2935 enixa
549 2903 646 2943 filium
662 2909 811 2948 exposuit.-
827 2908 977 2949 bit-subla-

103 2950 152 2975 tus
168 2944 204 2975 ab
218 2943 275 2974 alio
289 2943 428 2974 educatus
442 2941 500 2984 est,
516 2947 631 2976 nomine
643 2950 738 2987 patris
751 2952 909 2982 vocitatus.
932 2959 979 2981 us·

102 2994 156 3028 que
171 2985 208 3015 ad
221 2986 290 3015 vitae
304 2988 533 3024 tempuspatris,
549 2992 607 3017 tam
624 2990 658 3018 ab
674 2998 721 3026 eo,
738 3000 825 3031 qzium
835 3002 852 3022 a
868 2998 979 3031 matre,

105 3037 145 3058 an.
154 3027 292 3057 vivorum
308 3034 424 3067 numero
440 3025 503 3067 effet
513 3050 523 3065 ,
540 3029 747 3068 ignorabatur:
759 3038 868 3064 mortuo
874 3039 959 3074 patre
969 3056 979 3072 ,

107 3067 328 3108 testamentoque
343 3067 423 3108 ejus,
464 3077 500 3098 uo
509 3067 594 3107 filius
608 3080 699 3111 neque
713 3073 920 3112 exheredatus,
934 3084 982 3106 ne-

105 3118 159 3151 que
175 3110 253 3140 heres
267 3107 418 3148 institutus
447 3114 489 3147 ιι,
504 3110 621 3142 recitato
632 3135 641 3149 ‚
652 3112 737 3151 filius
755 3112 792 3148 ὅ)
805 3124 824 3145 a
839 3120 930 3146 matre
944 3115 981 3150 ὅ)

106 3151 143 3182 ab
159 3151 229 3182 avia
240 3157 366 3191 paterna
381 3152 502 3191 agnitus
512 3174 522 3189 ,
545 3152 728 3185 hereditatem
746 3157 840 3195 patris
855 3153 980 3188 ab'inte-

99 3189 201 3233 stato,
213 3190 295 3233 quafi
309 3189 455 3234 legitimus
464 3191 592 3234 poffidet.
609 3193 717 3229 Titius
732 3205 804 3230 cum
819 3199 979 3241 repudias·

1009 1539 1054 1571 set
1071 1549 1205 1574 uxorem
1223 1548 1439 1583 praegnantem
1452 1565 1461 1581 ,
1477 1551 1555 1576 mox
1570 1545 1662 1577 aliam
1679 1546 1782 1577 duxit.
1802 1547 1894 1586 prior

1009 1582 1109 1613 filium
1135 1584 1280 1623 peperit,
1305 1584 1334 1615 ἅ
1355 1584 1476 1615 editum
1495 1585 1664 1627 exposuit,
1686 1595 1722 1618 ut
1741 1587 1893 1626 videtur,

1010 1624 1088 1655 odio
1107 1625 1222 1655 mariti.
1255 1626 1279 1656 is
1297 1626 1425 1657 maritus
1442 1628 1588 1659 moritur.
1621 1635 1723 1660 mater
1746 1628 1893 1670 agnoseit:

1009 1664 1110 1697 filium
1129 1673 1225 1705 quem
1242 1666 1399 1707 exposuit.
1424 1668 1518 1700 etiam
1535 1669 1679 1709 agnoscit
1694 1679 1768 1701 eum
1785 1677 1896 1710 pater·

1008 1716 1048 1738 na
1065 1707 1145 1738 avia.
1170 1706 1270 1746 filius,
1296 1709 1370 1748 quia
1387 1710 1486 1749 patris
1503 1710 1696 1743 testamento
1719 1720 1827 1753 neque
1842 1712 1892 1744 in-

1008 1748 1135 1780 stitutus
1156 1749 1333 1789 reperitur,
1356 1759 1463 1792 neque
1487 1752 1722 1792 exheredatus,
1745 1754 1775 1785 ei
1796 1752 1894 1785 heres

1008 1788 1044 1821 fit
1061 1799 1100 1820 ex
1117 1789 1187 1830 lege
1209 1790 1248 1821 ab
1265 1791 1428 1824 intestato.
1472 1792 1569 1825 Nulla
1590 1795 1732 1826 criminis
1753 1795 1893 1828 materni

1008 1830 1149 1869 mentio,
1165 1831 1249 1863 nulla
1264 1832 1493 1874 accusationis,
1508 1836 1593 1868 nulla
1608 1845 1724 1877 poenae.
1747 1846 1806 1869 cur
1818 1838 1895 1870 ita?-

1008 1873 1178 1911 nimirum,
1202 1873 1276 1914 quia
1301 1875 1406 1907 adhuc
1429 1876 1516 1908 licita
1541 1885 1639 1919 atque
1656 1878 1815 1919 impunita
1837 1887 1895 1920 pa·

1009 1914 1091 1946 renti
1106 1923 1147 1945 eo
1160 1921 1310 1956 tempore
1325 1924 1392 1948 erat
1407 1917 1576 1958 expositio.
1592 1919 1747 1951 Scaevolae
1759 1920 1894 1962 jungam

1008 1955 1239 1996 Imperatores,
1256 1956 1498 1992 Diocletianum
1515 1959 1790 1994 &Maximianum
1807 1962 1827 1993 t.
1842 1966 1893 1994 16.

1010 1997 1044 2028 C.
1061 1998 1095 2028 de
1111 1997 1255 2039 Nuptiis:
1280 2000 1353 2039 qui,
1380 2000 1516 2041 Patrem,
1540 2002 1707 2042 inquiunt,
1729 2003 1782 2044 qui
1789 2002 1894 2043 filiam

1008 2038 1155 2079 exposuit,
1170 2040 1245 2070 banc
1255 2050 1334 2072 nunc
1343 2041 1472 2073 adultam
1476 2044 1639 2083 sumptibus
1650 2043 1789 2079 &labore
1806 2043 1895 2087 [tuo]

1005 2079 1137 2121 faftam‚
1160 2083 1342 2113 matrimonio
1366 2084 1507 2126 conjungi
1524 2084 1590 2124 filio
1616 2091 1666 2117 tuo
1681 2085 1893 2126 desiderantis,

1006 2122 1109 2162 favere
1124 2129 1190 2153 voto
1207 2125 1362 2155 convenit:
1383 2125 1435 2166 qui
1443 2124 1472 2163 fi
1497 2127 1661 2166 renitatur,
1685 2128 1893 2159 alimentorum

1001 2164 1143 2205 solutioni
1168 2163 1215 2204 [in
1231 2164 1281 2194 boc
1290 2165 1468 2204 solummodo
1483 2167 1567 2210 cusu]
1587 2174 1689 2208 parere
1706 2170 1796 2202 debet.
1830 2168 1891 2201 Pa-

1012 2213 1061 2236 ter
1078 2204 1173 2236 filiam
1193 2204 1274 2236 suam
1291 2206 1450 2248 exposuit.
1477 2218 1546 2241 eam
1565 2209 1685 2242 Rhodo
1702 2212 1832 2253 quidam
1850 2211 1892 2244 ad

1012 2254 1108 2286 quem
1132 2244 1318 2287 rescriptum
1344 2247 1389 2280 est
1406 2271 1416 2288 ‚
1445 2258 1519 2282 cum
1541 2250 1740 2293 suscepiffet,
1765 2251 1893 2294 suisque

1011 2287 1204 2327 sumptibus,
1228 2297 1265 2319 ac
1281 2289 1411 2329 labore,
1432 2291 1472 2323 ad
1488 2299 1616 2325 aetatem
1632 2294 1772 2325 adultam
1789 2294 1820 2325 &
1837 2303 1894 2326 nu-

1010 2329 1106 2360 bilem
1122 2328 1297 2370 eduxiffec‚
1313 2330 1381 2363 filio
1398 2332 1454 2364 suo
1469 2343 1604 2367 uxorem
1623 2334 1778 2367 destinat:
1793 2334 1847 2368 sed
1862 2345 1896 2368 e·

1007 2371 1055 2410 jus
1067 2378 1147 2401 voto
1163 2371 1335 2404 intercedit
1348 2373 1483 2405 alumnae
1496 2383 1605 2415 pater,
1622 2374 1707 2408 suam
1716 2376 1894 2418 agnoscens

1011 2411 1119 2444 filiam.
1163 2412 1210 2443 An
1225 2412 1313 2453 iure,
1337 2415 1521 2455 quaeritur?
1544 2416 1736 2449 Rescribunt
1754 2417 1896 2459 Impera-

1013 2461 1099 2484 tores
1109 2476 1118 2492 ,
1133 2452 1360 2486 Diocletianus
1370 2456 1400 2487 ἂ
1412 2455 1628 2490 Maximianus
1638 2481 1648 2498 ‚
1662 2467 1817 2500 oportere
1826 2460 1895 2503 qui-

1013 2495 1086 2526 deiii
1102 2502 1226 2535 patrem
1237 2519 1247 2534 ,
1270 2505 1368 2536 quum
1385 2496 1483 2529 filiam
1501 2498 1585 2531 sunm
1601 2500 1765 2541 agnoscit,
1781 2501 1896 2535 favere

1013 2544 1096 2567 voto
1115 2537 1296 2570 educatoris
1312 2539 1366 2579 qui
1383 2539 1423 2571 ab
1441 2539 1497 2571 illo
1515 2540 1669 2581 abjectam
1688 2542 1748 2574 suis
1766 2542 1896 2585 sumpti-

1014 2578 1092 2614 bus.
1116 2578 1236 2618 suoque
1251 2579 1381 2618 labore,
1406 2579 1559 2614 servavit:
1583 2582 1634 2616 sed
1652 2584 1819 2618 nolentem
1839 2586 1899 2618 ho-

1015 2619 1127 2664 nestati
1136 2621 1271 2657 cedere,
1285 2621 1374 2662 quod
1391 2621 1562 2655 humilitati
1579 2627 1805 2665 paupertative
1819 2628 1897 2659 edu·

1017 2668 1155 2699 catoris,
1178 2662 1232 2700 qui
1251 2661 1306 2693 suo
1325 2663 1454 2704 labore,
1478 2672 1513 2696 ut
1530 2666 1676 2707 videtur,
1698 2669 1797 2700 vitam
1815 2670 1899 2702 tole-

1019 2704 1125 2740 rabat,
1149 2703 1201 2733 vel
1227 2711 1307 2743 opes
1322 2704 1373 2736 vel
1388 2707 1514 2746 generis
1538 2706 1703 2742 fortunam
1726 2710 1897 2751 praeferat,

1020 2745 1141 2790 legibus
1157 2753 1221 2775 non
1239 2747 1330 2787 cogi:
1355 2747 1420 2779 imo
1437 2746 1556 2780 habere
1572 2750 1621 2790 J'us
1638 2749 1721 2784 suam
1737 2751 1898 2792 recipien-

1019 2786 1051 2817 di
1066 2784 1180 2824 filiam,
1203 2787 1303 2818 modo
1321 2786 1342 2819 fi
1359 2788 1582 2822 alimentorum
1600 2791 1750 2824 solutioni
1767 2799 1897 2833 pareat3

1019 2827 1071 2866 (id
1089 2825 1153 2865 est,
1176 2825 1217 2866 si,
1238 2829 1326 2869 quod
1349 2828 1494 2871 Cujacius
1510 2832 1585 2865 alibi
1609 2834 1758 2866 observat
1780 2834 1828 2864 lib.
1844 2842 1897 2874 25.

1021 2868 1144 2909 Observ.
1160 2878 1185 2900 c.
1207 2877 1253 2910 15.
1270 2870 1432 2904 educatori
1449 2873 1600 2906 alimenta
1616 2874 1778 2913 restituat)
1799 2881 1900 2914 atque

1020 2910 1059 2941 ad
1071 2919 1182 2942 eorum
1194 2910 1383 2945 solutionem
1395 2914 1426 2946 in
1438 2914 1503 2947 hoc
1518 2915 1718 2948 solummodo
1728 2915 1799 2946 casu
1810 2938 1819 2953 ,
1830 2924 1897 2956 quo

1021 2950 1118 2983 filiam
1134 2953 1270 2992 repetit,
1288 2954 1452 2988 educatori
1472 2958 1583 2989 teneri.
1607 2956 1707 2998 Quod
1723 2956 1743 2987 fi
1760 2955 1825 2996 est;
1840 2965 1896 2998 ap-

1022 3001 1130 3033 paret,
1154 3002 1275 3034 patrem
1295 2998 1348 3036 qui
1365 2996 1461 3030 filiam
1479 3008 1517 3029 ex
1542 2997 1625 3029 osuit
1645 2998 1674 3027 ἀ
1690 2997 1832 3030 adultam
1849 3006 1902 3031 τεῦ

1023 3036 1123 3075 petit,
1146 3035 1296 3068 restitutis
1314 3038 1481 3070 educatori
1499 3049 1514 3070 a
1530 3038 1675 3076 imentis,
1691 3038 1796 3070 adhuc
1811 3038 1900 3073 sace-

1024 3085 1058 3107 re
1075 3084 1139 3108 rem
1150 3077 1321 3120 unicuique
1339 3080 1405 3111 'ure
1417 3080 1546 3120 publico
1556 3079 1687 3110 licitam.
1710 3081 1759 3111 Ac
1768 3080 1899 3122 nescio,

1023 3126 1060 3149 an
1076 3117 1172 3149 faciat
1191 3119 1266 3151 huic
1288 3121 1328 3152 de
1356 3122 1468 3153 nitioni
1487 3120 1618 3161 sequens
1635 3119 1827 3162 Quintiliani
1849 3123 1901 3162 lo,-

1023 3168 1078 3192 cus
1094 3160 1147 3201 qui
1167 3159 1212 3192 est
1229 3161 1278 3193 lib.
1298 3171 1327 3203 7.
1344 3161 1420 3203 Inst.
1437 3167 1509 3193 orat.
1527 3171 1552 3192 c.
1571 3171 1597 3193 ι.
1631 3162 1898 3207 Quaedamschola-

1014 3199 1099 3245 flicis
1112 3207 1265 3274 poxniumm
1279 3205 1318 3234 ad
1331 3203 1560 3248 conjungendam
1571 3202 1642 3236 acte
1656 3205 1698 3237 rei
1703 3205 1827 3250 seriem.-
1835 3210 1877 3281 gt
1883 3227 1898 3246 ,

1139 3252 1154 3274 x
1189 3253 1208 3276 n
1224 3253 1242 3275 n
1266 3253 1286 3285 3
1863 3255 1898 3280 a·
