2036 3495
510 100 599 134 DE

50 208 54 212 ·
89 192 302 226 Conssittiitur
317 191 411 233 igitur
426 187 617 221 ususfructus
634 189 752 229 legato.
783 198 821 221 an
839 189 868 221 &
884 188 918 221 fi-

44 233 295 268 deicommissb‘?
318 242 381 264 non
402 239 498 273 puto:
521 229 713 271 utiqueipl'o
730 231 812 270 lure.
845 233 918 271 quia

43 275 319 310 fideicommissum
338 283 400 305 non
418 281 458 304 ex
474 274 579 313 rigore
596 270 677 311 Juris
695 270 805 304 Civilis
824 271 918 312 profi-

43 319 190 350 ciscitur:
217 319 269 348 sed
282 319 372 347 datur
389 323 428 346 ex
447 314 612 345 voluntate
630 313 857 354 relinquentis:
882 321 916 344 ut

42 358 199 400 Ulpianus
222 359 263 389 ait
287 358 332 388 iit.
359 366 408 396 25.
435 357 465 386 in
486 354 601 395 Fragm.
628 354 656 395 §.
678 354 799 401 13Jure
821 355 916 400 igitur

41 400 137 433 Civili
154 410 210 441 per
232 396 506 430 fideicommissum
530 405 594 427 non
613 394 817 427 constituitur
834 397 916 427 ulus-

41 441 180 474 fru‘stus:
196 441 283 482 Lege
299 438 482 471 Duodecim
493 436 689 468 Tabularum
706 438 735 468 in
748 438 915 469 testamen-

40 484 82 516 tis
98 491 219 514 tantum
236 481 432 522 approbante
457 479 552 510 verba
573 478 689 510 diretta
708 480 738 510 ἃ
757 480 915 520 imperati-

39 534 98 562 va,
122 533 185 556 non
212 524 306 554 etiam
335 520 475 562 precaria
491 543 500 559 ‚
525 520 628 559 qualia
656 520 724 552 sunt
750 520 914 553 fideicom-

38 566 137 604 miffi,
161 566 190 596 ὅ(
206 573 311 596 tamen
331 563 373 594 nil
389 568 494 599 vetat,
511 561 678 601 postquam
697 569 827 603 recepta
845 562 912 594 sunt

35 605 293 643 fideicommiffa,
304 602 531 635 usumfruetum
547 613 587 634 ex
597 602 839 635 fideicommiffo
853 604 911 635 ser-

35 649 184 688 varijure
202 647 364 678 Praetorio.
388 645 469 675 adeo
481 644 500 675 si
518 645 587 685 quis
607 653 735 685 rogatus
753 646 787 676 fit
800 645 849 677 alii
867 655 911 676 re-

35 689 165 722 stituere
183 690 319 729 legatum
338 686 392 718 sibi
412 685 636 717 ul'umsruCtum
650 697 660 726 ;
674 687 820 718 adversus
837 696 910 718 eum

36 738 156 763 tantum
173 736 339 769 competet
355 727 645 760 fideicommiss'ario
664 729 910 760 extraordinaria

35 771 215 814 persecutio
239 771 278 802 ad
305 770 368 801 hoc
383 792 392 807 ,
425 777 459 800 ut
483 769 511 800 ei
538 769 638 800 tradat
661 769 910 802 usumfruttum:

35 814 240 853 manebitque
253 812 317 843 hoc
333 810 404 842 casu
422 811 550 851 quidem
568 811 650 851 apud
668 812 849 851 legatarium
863 812 911 852 jus

35 854 227 887 ususfructus
238 877 246 892 ,
258 853 322 884 hoc
338 851 402 891 est,
418 852 595 884 dominium
612 851 823 892 ul'usfruttus3
840 862 910 891 pos-

36 896 124 928 sesfio
145 903 248 927 autem
268 895 333 935 ejus
349 895 387 926 ad
402 892 723 926 fideicommissariam
741 894 813 933 Jure
830 894 908 925 Prae-

36 939 123 969 torio
150 936 359 968 transferetur
375 936 392 966 l.
409 945 437 976 3.
458 935 499 966 D.
529 936 561 966 Si
585 935 909 976 tiliisfruciuspetetur,

38 980 58 1012 1.
77 989 125 1014 29.
146 978 186 1009 D.
205 980 237 1009 de
253 978 307 1017 ufic
322 977 359 1011 {5⁹
375 976 532 1016 usufruffu
549 977 652 1018 legato.

77 1020 157 1052 Haec
180 1021 219 1051 de
242 1028 360 1060 genere
377 1019 513 1059 legandi.
548 1018 634 1057 quod
653 1018 693 1050 ad
717 1017 813 1049 verba
839 1019 909 1049 atti-

37 1071 112 1094 net:
130 1070 240 1102 parum
259 1060 376 1097 refert,
393 1059 507 1100 quibus
524 1068 628 1090 utatur
646 1059 793 1091 testator:
810 1061 909 1090 modo

38 1102 98 1136 fiut
116 1103 153 1134 ad
170 1102 408 1142 exprimendam
428 1101 493 1141 ejus
509 1101 707 1132 voluntatem
721 1101 846 1132 idonea.
870 1100 911 1132 fic

37 1144 122 1176 nulla
143 1144 187 1175 est
210 1143 388 1181 dubitatio,
413 1142 432 1173 li
450 1143 553 1181 dicat,
579 1141 607 1172 se
632 1142 736 1182 legare
757 1140 910 1173 usumfru-

38 1186 133 1218 ctum.
159 1184 211 1217 sed
229 1185 323 1225 quid,
340 1183 360 1215 ii
378 1193 440 1215 non
458 1184 582 1223 integro
598 1190 705 1214 utatur
720 1183 838 1221 verbo,
857 1181 909 1213 sed

37 1226 155 1268 parte?
179 1233 232 1264 ut,
257 1224 277 1257 fi
303 1226 388 1266 leget
405 1224 561 1263 fructum,
585 1231 638 1254 aut
653 1223 792 1255 fructum
809 1224 908 1255 dedu—

37 1269 89 1300 eto
107 1266 178 1306 usu3
194 1275 247 1298 aut
265 1265 349 1298 usum
368 1265 430 1296 fine
445 1264 569 1303 frustu3
584 1272 638 1295 aut
652 1265 758 1304 legato
772 1265 908 1305 primum

34 1309 139 1341 fructu
150 1332 159 1347 ,
175 1308 289 1339 deinde
300 1308 386 1338 ulum
401 1306 518 1337 adimat
529 1305 546 1338 ’ἐ
570 1306 678 1337 [Υεάὶεη
689 1306 757 1337 baec
769 1306 909 1346 pluribus

35 1349 190 1390 Ulpianus
208 1349 226 1380 l.
248 1358 293 1388 14.
312 1348 341 1389 §.
365 1357 388 1379 1.
407 1346 449 1378 D.
469 1349 567 1383 deulu
584 1347 620 1381 ἐξ
640 1347 830 1380 habitatione:
856 1347 908 1379 sed

34 1391 214 1428 obscurius,
231 1399 324 1430 quam
341 1397 374 1420 ut
390 1389 566 1420 diffirnulari
583 1389 709 1419 debeat.
734 1389 828 1429 igitur
845 1389 908 1429 ipsa

34 1442 194 1474 apponam
212 1432 277 1472 ejus
289 1432 396 1462 verba.
421 1440 457 1461 ea
476 1430 571 1461 verba
584 1430 661 1461 sunt.
690 1429 906 1470 UluJsrntias,

33 1473 202 1513 ansruftas
218 1474 328 1511 legemr
339 1496 346 1510 ,
369 1472 442 1502 nihil
459 1469 595 1509 interest.-
609 1472 809 1510 namfrutiui
823 1471 860 1507 ὃ)
875 1482 906 1503 u-

28 1522 84 1556 jus
98 1513 188 1554 inest:
210 1512 275 1551 ulai
284 1512 407 1553 statius
424 1510 506 1554 deest.
537 1512 573 1547 &²
582 1512 706 1551 frusius
719 1514 834 1554 quidem
842 1512 908 1551 sine

31 1566 86 1588 utu
101 1556 151 1597 effe
167 1565 222 1587 non
234 1553 342 1596 potest:
357 1556 426 1594 asiis
436 1553 500 1592 fine
512 1553 619 1593 frasta
632 1552 731 1595 potest.
748 1556 869 1596 denique
877 1554 907 1592 fi

32 1599 85 1630 tilii
99 1596 230 1634 fruitus,
255 1595 372 1628 detineo
391 1597 462 1635 usa,
478 1596 590 1636 legatus
599 1593 660 1633 [α.-
686 1596 791 1627 inutile
806 1596 858 1636 effe
870 1596 905 1627 le·

29 1645 151 1681 gaium,
169 1639 342 1679 Pomponius
357 1637 405 1667 lib.
421 1648 451 1676 5.
469 1639 505 1667 acl
521 1637 784 1677 Sabinuntscribit.
810 1637 866 1677 δέ),
877 1636 906 1676 si

23 1682 122 1722 force,
137 1679 297 1719 usufrutiu
313 1680 422 1719 legato,
437 1677 554 1716 frusius
569 1679 735 1718 adimatur,
755 1684 846 1710 totum
860 1681 905 1710 vi-

32 1723 92 1753 deri
102 1723 266 1762 ademptum
281 1720 387 1755 scribit.
408 1719 464 1750 Sed
472 1742 481 1758 ,
483 1717 510 1757 fi
518 1718 635 1758 fruetus
646 1719 709 1757 fine
726 1720 905 1756 usa:vz·deri

32 1761 240 1802 constitutum,
256 1763 308 1803 qui
324 1760 359 1796 &³
370 1761 405 1791 ab
422 1762 503 1792 initio
519 1759 655 1800 constitui
664 1760 764 1802 potest.
790 1762 847 1793 Sed
854 1761 904 1801 fi,

27 1803 132 1845 frusta
141 1804 230 1845 legato
240 1826 249 1841 ,
259 1802 326 1843 usas
337 1803 486 1833 adimatur
495 1812 505 1833 .·
514 1801 613 1842 Aristo
613 1801 715 1842 scribit
723 1825 733 1842 ,
743 1802 853 1835 nullam
863 1813 904 1834 es-

22 1847 58 1886 se
73 1847 284 1886 ademptionem.
310 1843 383 1888 Quae
394 1843 539 1881 sententia
553 1844 617 1874 beni
637 1844 703 1875 nior
718 1841 767 1884 est.
789 1844 905 1877 Sensus

32 1885 160 1926 Ulpiani
179 1885 243 1925 est,
259 1885 460 1925 Legatarium
476 1885 590 1925 partim
623 1884 764 1924 rustum3
788 1887 906 1926 partim

28 1927 117 1960 usum
135 1927 273 1959 habere:
299 1936 363 1958 non
386 1927 503 1965 modo,
527 1935 601 1958 cum
617 1926 828 1967 ususfrustu33
851 1926 906 1959 sed

29 1971 148 2007 etiam,
171 1978 241 2000 cum
265 1968 386 1999 fruetus
410 1968 511 2000 datur.
534 1968 670 2008 proinde
695 1976 800 2000 utrum
819 1967 905 1999 usus-

26 2009 167 2048 fructus,
190 2019 228 2042 an
244 2008 363 2041 fruCtus
381 2008 523 2049 legetur,
542 2009 618 2040 nihil
636 2009 804 2049 interesse,
829 2010 902 2050 quia

28 2060 143 2083 utnon
162 2050 216 2082 fiat
234 2049 303 2082 usus
320 2052 462 2088 mentio,
487 2050 539 2081 ubi
557 2049 678 2082 fructus
695 2051 835 2092 legatur:
860 2060 902 2082 ta-

27 2101 101 2125 men
117 2092 231 2124 fructui
251 2091 330 2123 inest
346 2091 430 2122 usus:
448 2100 511 2122 non
530 2092 660 2132 quidem
672 2101 712 2123 ex
724 2092 812 2123 verbi
830 2101 902 2132 pro-

29 2135 183 2176 prietate:
209 2134 299 2174 (nam
319 2143 354 2165 ea
371 2132 439 2164 usus
456 2142 472 2164 a
489 2132 591 2164 fructu
611 2133 831 2174 distinguitur)
848 2132 903 2166 sed

28 2184 68 2207 ex
83 2174 235 2207 sententia
253 2174 430 2206 testatoris:
456 2175 507 2215 qui
522 2175 628 2215 legans
637 2174 728 2206 fundi
741 2174 879 2207 frustum
891 2197 902 2214 ⁹

26 2225 92 2248 non
113 2217 297 2256 intelligitur
313 2225 354 2247 eo
371 2216 471 2247 verbo
491 2216 595 2256 legare
613 2215 751 2248 frustum
769 2217 902 2249 liberum

28 2263 125 2297 atque
141 2256 316 2289 infinitum:
332 2258 404 2297 (qui
415 2280 424 2295 ,
443 2265 476 2288 ut
488 2258 562 2289 alibi
573 2257 636 2289 dixi
647 2281 656 2297 ,
673 2259 904 2298 proprietatem

26 2299 181 2336 absolvit3
202 2299 380 2338 rectiusque
398 2297 535 2336 fundus,
559 2307 654 2339 quam
672 2298 763 2331 fundi
782 2299 903 2332 fructus

25 2340 162 2380 dicitur)
181 2340 231 2371 sed
249 2340 373 2371 videtur
389 2349 428 2370 eo
446 2340 545 2371 verbo
557 2363 565 2377 ,
583 2339 666 2380 quasi
677 2340 826 2372 breviore
842 2342 903 2373 ser-

24 2390 140 2420 mone,
165 2380 392 2413 usumfructum
410 2380 589 2422 designasse.
627 2389 723 2422 atque
743 2382 805 2413 huc
823 2391 902 2422 quo-

25 2431 87 2463 que
104 2424 241 2454 intendit
261 2421 462 2455 Florentinus
479 2424 496 2453 ι.
509 2432 558 2461 42.
577 2422 617 2454 D.
634 2424 667 2454 de
683 2423 842 2463 usufrut‘ta
860 2424 904 2455 se·

25 2465 195 2504 quentibus
211 2464 328 2496 verbis.
359 2464 393 2495 Si
411 2464 462 2495 alii
473 2473 561 2504 usus,
583 2465 765 2504 aliifrucfftus
778 2465 902 2507 ejusdem

23 2506 65 2536 rei
87 2506 215 2546 legetur,
238 2507 268 2536 id
288 2507 424 2546 percipiet
446 2505 634 2544 fruffuarias
653 2529 661 2544 ,
686 2508 761 2547 quod
785 2509 901 2541 usuario

16 2547 176 2585 supererit‚·
194 2556 245 2576 nec
261 2549 357 2578 minus
374 2546 441 2588 [δ’]
458 2548 513 2587 ipse
520 2547 647 2587 fruendi
663 2548 750 2588 causa
768 2547 804 2582 ὅ)
819 2549 902 2588 nsum

26 2586 146 2618 habebit.
177 2587 272 2628 Igitur
291 2588 419 2619 testator
436 2597 508 2620 cum
521 2588 706 2629 iimpliciter
720 2590 899 2629 dirtit,sru-

27 2626 105 2657 &um
117 2628 202 2665 fandi
219 2630 251 2658 do
267 2629 345 2668 leg03
371 2629 425 2661 etli
444 2630 547 2669 palam
564 2640 629 2662 non
649 2631 773 2662 dederit
790 2630 898 2671 usum;

27 2674 131 2698 tamen
158 2669 228 2707 quia
250 2679 323 2701 eum
341 2671 442 2710 palam
460 2680 524 2702 non
545 2671 702 2712 inhibuit,
730 2674 827 2703 tacite
843 2674 897 2704 de-

28 2707 104 2740 disse
122 2708 256 2740 videtur.
280 2711 376 2751 idque
395 2711 507 2744 Paulus
523 2711 692 2744 confirmat
708 2713 755 2744 lib.
777 2724 806 2755 3.
824 2714 896 2745 Sen-

28 2755 98 2780 tent.
116 2750 162 2780 iit.
180 2753 208 2780 6.
223 2749 242 2790 §
269 2760 317 2790 25.
341 2751 448 2794 Quid,
465 2752 486 2784 ss
502 2754 633 2785 testator
651 2755 677 2786 ei
692 2755 742 2786 cui
760 2754 898 2788 fructum

26 2789 216 2827 constituit,
242 2791 327 2823 usum
352 2793 474 2833 neget?
498 2802 532 2824 ut
556 2794 577 2826 fi
600 2792 688 2836 leget
711 2795 803 2828 fundi
830 2792 899 2828 fru-

26 2832 131 2870 ctum,
154 2831 292 2863 deducto
310 2832 387 2864 usu?
411 2833 571 2866 valebitne
588 2835 710 2868 frustus
732 2837 796 2869 fine
817 2837 896 2870 usu?

23 2880 157 2912 movet,
181 2872 269 2912 quod
292 2872 313 2904 sl
340 2873 410 2905 usus
435 2873 497 2906 fine
521 2874 627 2908 fruitu
647 2878 789 2919 legetur:
813 2879 899 2910 valet

24 2915 164 2955 legatum
188 2914 262 2945 nudi
288 2912 368 2946 usus.
399 2915 493 2955 igitur
508 2915 529 2947 fi
546 2917 639 2948 detur
657 2919 759 2951 nudus
776 2920 897 2952 fruetus

22 2955 87 2989 fine
105 2955 178 2994 usu,
202 2964 259 2985 cur
283 2965 347 2986 non
367 2955 486 2986 valebit
506 2957 644 2997 legatum
668 2961 740 2991 nudi
757 2960 896 2999 fructus,

25 2998 176 3030 evidente
196 2995 354 3028 testatoris
371 2997 561 3029 voluntate?
577 2999 639 3030 Sed
655 3008 694 3030 ne
711 3001 774 3032 huc
791 3001 896 3033 flecta-

23 3047 102 3070 muS.
127 3047 197 3069 nam
211 3037 361 3076 testator,
377 3037 397 3069 fi
415 3037 550 3070 frustum
570 3041 653 3081 legat
671 3041 733 3072 fine
749 3041 802 3073 usu
818 3066 827 3081 ‚
841 3053 895 3075 ne-

26 3088 89 3117 que
106 3079 150 3110 est
167 3079 231 3110 hoc
251 3080 376 3117 animo,
401 3087 435 3110 ut
454 3080 606 3121 legatario
624 3083 676 3113 det
700 3083 896 3124 dominium,

26 3119 80 3152 fibi
102 3120 326 3152 contradicere
343 3121 479 3152 videtur.
506 3120 624 3154 fruetus
643 3124 728 3155 enim
755 3123 897 3159 infinitus

28 3161 59 3192 ἂ
73 3159 151 3191 liber
168 3170 261 3200 quem
279 3161 309 3193 se
332 3162 406 3193 dare
426 3161 614 3203 profitetur,
639 3163 683 3195 est
700 3166 896 3207 dominium,

25 3201 58 3233 id
71 3199 145 3274 Ἱςοίῖὶη,
166 3202 214 3274 ips
235 3212 295 3244 pro
312 3203 464 3237 arbitratu
483 3203 692 3246 disponendi,
716 3208 804 3248 quod
830 3218 895 3244 non

661 95 1133 137 Usurnucru
1191 98 1371 135 ΜΕΝ.

1765 114 1833 150 371

961 190 1031 222 vult
1048 188 1180 220 testator
1197 190 1280 221 dare.
1305 189 1400 229 igitur
1416 188 1437 220 ii
1452 189 1506 221 dat
1523 188 1680 230 fructum,
1695 189 1835 224 deducto

960 230 1033 262 usu:
1057 231 1134 262 nihil
1154 232 1228 262 dare
1254 231 1449 271 intelligitur.
1480 231 1571 263 aliter
1596 241 1634 263 ac
1651 231 1672 264 fi
1695 233 1782 274 leget
1805 243 1837 264 u-

962 272 1026 303 sum
1052 272 1115 303 line
1138 271 1251 304 fructu.
1284 280 1350 304 tum
1376 273 1461 304 enim
1478 273 1564 305 valet
1582 273 1739 314 legatum:
1763 275 1836 315 quia

960 312 1066 353 potest
1086 313 1202 344 habere
1220 316 1353 345 exitum.
1368 315 1500 386 ‘poterit
1515 315 1600 346 enim
1617 316 1784 356 legatarius
1802 326 1835 348 u·

960 355 982 385 ti
1006 357 1044 386 ad
1070 356 1306 392 neceffitatem;
1332 363 1386 387 eti
1413 364 1477 387 non
1504 356 1599 396 possit
1614 355 1675 388 frui
1691 359 1730 388 ad
1745 367 1834 390 com-

959 397 1123 435 pendium.
1147 397 1176 427 &
1203 397 1266 427 hoc
1291 395 1444 437 Ulpianus
1461 399 1529 428 vult
1546 398 1577 429 in
1601 400 1628 429 d.
1645 398 1664 429 l.
1686 407 1731 438 14.
1755 399 1784 440 §.
1804 409 1832 432 Ι.

958 436 1001 468 iic
1014 437 1161 469 scribens.
1187 437 1359 477 Etsrutizcs
1374 439 1487 479 quidem
1498 437 1563 476 fine
1577 443 1631 472 ula
1648 439 1699 480 effe
1715 450 1771 471 non
1783 447 1832 482 po-

957 477 1030 518 test:
1050 482 1116 516 ulus
1127 477 1191 517 fine
1201 478 1311 518 fructu
1323 478 1423 520 potest.
1449 481 1570 521 denique
1579 479 1609 518 fi
1625 482 1678 513 tibi
1686 481 1832 522 fractius,

956 519 1074 551 ᾱεάιιὲῗο
1092 522 1164 559 asu,
1188 521 1300 562 legatus
1316 520 1372 561 est,
1388 522 1493 552 inutile
1509 520 1559 561 effe
1576 523 1721 564 legatum,
1747 524 1832 555 Pom-

951 562 1058 601 ponias
1074 562 1121 593 lib.
1137 572 1167 602 5.
1184 565 1221 593 ad
1237 563 1497 603 Sabinzmzjcrihz'c.
1532 562 1641 605 Quid,
1665 563 1685 595 fi
1701 564 1833 597 testator

956 604 1041 643 prius
1058 603 1144 644 leget
1161 603 1407 641 usumfruCium,
1431 613 1508 635 mox
1527 606 1644 636 adimat
1666 605 1832 639 fruetum‘?

954 644 1050 684 poffit
1065 645 1210 676 dubitari.
1243 646 1369 677 interim
1388 645 1508 677 fructus
1523 646 1739 686 appellatione
1756 657 1833 680 con-

955 687 1074 716 tinetur
1103 685 1172 718 usus
1195 685 1322 718 fruendi
1346 687 1445 718 causa.
1474 688 1572 728 magis
1595 689 1691 728 igitur
1709 688 1773 727 est3
1797 697 1833 721 ut

954 727 1061 767 legato
1082 727 1263 766 usufructu,
1287 728 1315 760 ὅ(
1332 738 1410 760 mox
1425 729 1577 769 adempto
1593 728 1697 760 fructu
1710 752 1720 768 ,
1744 739 1832 762 totus

954 770 1121 807 ademptus
1147 769 1293 800 videatur
1318 769 1530 802 ususfructus:
1555 780 1592 802 ac
1615 780 1655 802 ne
1678 771 1746 803 usus
1765 772 1833 810 qui-

954 810 1027 840 dem
1045 810 1146 841 nudus
1162 810 1326 843 debeatur.
1343 811 1483 850 scilicet,
1500 812 1571 852 quia
1587 813 1694 853 legato
1710 812 1831 844 usufru-

955 850 1024 888 Ctu,
1041 851 1238 891 eratlcgatus
1255 851 1342 889 usus,
1359 862 1422 884 non
1434 853 1486 884 ille
1496 854 1549 894 qui
1566 852 1736 894 separatam
1752 854 1833 886 facit

953 890 1159 923 servitutem:
1186 902 1296 923 verum
1314 894 1366 924 hic
1387 896 1437 934 qui
1459 902 1582 927 tantum
1598 894 1725 927 fruendi
1741 895 1832 927 causa

954 932 1108 971 habetur;
1125 942 1230 973 eoque
1248 943 1312 964 non
1325 934 1460 975 superest
1477 935 1600 968 sublato
1616 936 1732 969 fructu.
1756 936 1831 969 Huc

955 981 1032 1004 eunt
1057 973 1219 1014 sequentia
1243 973 1372 1015 Ulpiani
1392 977 1488 1007 verba
1505 978 1532 1008 d.
1555 978 1584 1019 §.
1607 986 1631 1010 1.
1648 978 1669 1010 l.
1689 988 1736 1019 14.
1769 978 1830 1017 Et,

948 1013 977 1053 fi
985 1015 1085 1053 forte,
1108 1014 1267 1055 usufrunu
1283 1018 1393 1057 legato,
1409 1017 1533 1056 frustm
1549 1020 1716 1060 adimatur,
1739 1025 1832 1051 totum

953 1057 1049 1087 videri
1063 1057 1225 1096 ademptum
1232 1058 1348 1097 scribit.
1383 1058 1489 1099 Pergit
1508 1058 1673 1101 Ulpianus.
1711 1061 1788 1100 Sed,
1802 1060 1832 1100 fi

945 1097 1070 1137 frahius
1079 1096 1144 1135 siae
1159 1099 1232 1138 usu:
1254 1100 1350 1129 videri
1367 1098 1572 1140 constitutum,
1595 1105 1645 1143 qui
1663 1102 1701 1137 &³
1717 1104 1752 1134 ab
1773 1104 1831 1134 ini-

953 1140 991 1169 tio
1010 1137 1257 1180 constituipotefl.
1287 1140 1339 1170 Sic
1356 1140 1540 1173 Florentiae.
1579 1152 1611 1174 at
1628 1144 1754 1185 vulgata
1770 1145 1834 1176 Ac-

953 1179 1041 1211 cui-fii
1066 1181 1166 1212 editio
1190 1180 1306 1219 habet,
1332 1181 1387 1212 Sed
1401 1180 1430 1219 fi
1455 1184 1488 1213 cle
1499 1183 1610 1220 frusta
1620 1183 1685 1221 fine
1700 1186 1755 1223 usu
1769 1186 1832 1216 adi-

952 1222 1051 1252 mendo
1065 1220 1168 1259 senfin,
1193 1232 1283 1263 quare
1305 1232 1362 1253 non
1379 1224 1508 1254 dicamus
1523 1226 1606 1261 ulam
1620 1227 1715 1256 videri
1731 1224 1832 1267 confli-

952 1268 1047 1294 tatum
1064 1264 1115 1304 qui
1130 1262 1166 1297 ὅ)
1183 1265 1218 1294 ab
1234 1265 1317 1295 initio
1336 1261 1471 1304 constitui
1483 1263 1584 1306 potest.
1622 1265 1674 1297 Sic
1692 1268 1831 1308 vulgata.

951 1313 968 1335 a
986 1314 1047 1344 qua
1063 1305 1143 1336 stant
1152 1303 1280 1344 Graeci,
1297 1305 1413 1344 Bafilic.
1429 1307 1478 1337 lib.
1501 1310 1547 1338 16.
1564 1308 1609 1339 tit.
1630 1317 1656 1339 1.
1672 1315 1744 1349 pag.
1757 1318 1829 1349 293.

952 1351 1018 1377 tom.
1036 1356 1063 1377 2.
1080 1346 1109 1377 δε
1123 1345 1326 1378 Haloander:
1351 1355 1581 1388 praeterquam,
1598 1351 1686 1388 quod
1702 1349 1743 1381 fic
1758 1349 1832 1381 scri-

952 1388 1016 1426 bit,
1042 1387 1097 1418 Sed
1106 1386 1135 1425 fi
1149 1389 1181 1418 de
1197 1387 1369 1427 frziftufine
1380 1389 1432 1430 ufic
1445 1389 1550 1428 lenfit:
1564 1390 1647 1429 usam
1657 1392 1751 1422 videri
1766 1401 1832 1422 con-

944 1426 1101 1470 stitutum,
1125 1430 1195 1470 quia
1219 1429 1256 1464 ὅ)
1277 1431 1360 1461 initio
1376 1424 1510 1471 constitui
1524 1430 1622 1472 potest.
1659 1433 1830 1473 quomodo

950 1471 980 1502 ἂ
997 1470 1192 1503 Vintimilius
1205 1472 1282 1503 edit.
1307 1472 1354 1502 hae
1374 1481 1452 1503 vero
1470 1472 1623 1506 lectiones
1635 1481 1670 1505 ut
1684 1474 1755 1506 sunt
1765 1474 1831 1515 ple-

949 1514 1056 1544 niores
1067 1535 1077 1551 ,
1093 1512 1136 1543 ita
1147 1521 1256 1553 aptum
1272 1514 1413 1554 produnt
1430 1512 1568 1545 sensum:
1586 1515 1640 1555 qui
1656 1516 1687 1546 in
1699 1515 1833 1547 Floren-

951 1555 1015 1585 tina
1031 1563 1096 1585 non
1113 1552 1167 1585 est.
1196 1553 1251 1586 nisi
1274 1563 1310 1586 ea
1332 1553 1372 1586 sse
1390 1553 1578 1586 restituatur.
1603 1554 1831 1596 Jedfisruftus

942 1594 1006 1634 fine
1027 1594 1146 1626 USUm
1160 1596 1255 1626 videri
1279 1593 1467 1637 constitutum
1483 1596 1535 1637 qui
1554 1596 1622 1629 ἕως
1646 1604 1682 1628 ut
1702 1596 1759 1636 fit,
1781 1598 1829 1634 led

946 1636 970 1675 li
982 1636 1101 1676 fruitus
1111 1635 1176 1675 fine
1191 1637 1265 1676 usu,
1276 1638 1360 1678 usum
1376 1638 1470 1669 videri
1488 1635 1679 1679 constitutum
1696 1640 1748 1680 qui
1764 1638 1826 1671 ἃς.

949 1678 1026 1711 Hoc
1046 1679 1185 1719 primus,
1209 1686 1365 1720 quantum
1389 1680 1564 1718 recordor,
1589 1679 1760 1721 suspicatus
1783 1679 1830 1713 est

949 1720 1006 1752 Vir
1023 1720 1151 1752 illustris
1169 1719 1320 1753 Elbertus
1335 1720 1516 1760 Leoninus,
1531 1721 1580 1752 lib.
1595 1725 1626 1753 6.
1641 1721 1830 1754 Emendatio-

947 1771 1036 1800 num,
1053 1771 1077 1793 c.
1101 1770 1146 1794 10.
1167 1761 1421 1803 ingeniofiffime.
1445 1762 1594 1803 idemque
1610 1763 1721 1795 incidit
1737 1764 1828 1796 dein-

948 1804 990 1834 de
1007 1802 1124 1834 Marco
1150 1803 1282 1835 Aurelio
1308 1802 1476 1843 Ga1vano,
1498 1802 1546 1836 De
1560 1803 1719 1845 usufruftu
1733 1815 1759 1837 c.
1778 1813 1829 1837 21.

949 1843 1063 1875 Sensus
1088 1844 1152 1882 est,
1175 1844 1207 1876 Si
1230 1844 1336 1886 legato
1354 1846 1491 1886 primum
1507 1845 1688 1886 usufruCtu,
1711 1847 1829 1879 deinde

949 1885 1103 1917 adimatur
1127 1884 1268 1925 frustus,
1291 1887 1477 1928 ademptum
1501 1888 1601 1919 videri
1619 1895 1725 1920 totum
1742 1889 1829 1920 usus-

948 1926 1069 1959 fruftus
1085 1927 1242 1968 legatum:
1267 1927 1412 1968 prorsuS‚
1432 1937 1467 1960 ut
1483 1938 1523 1960 ne
1538 1928 1609 1961 usus
1626 1930 1756 1970 quidem
1773 1931 1828 1962 de-

948 1969 1080 2000 beatur:
1103 1967 1157 2000 nili
1181 1977 1349 2009 appareat,
1373 1969 1463 2002 fuisse
1490 1969 1649 2002 testatoris
1666 1979 1826 2010 mentem;

946 2017 981 2041 ut
998 2009 1135 2041 fructum
1152 2011 1281 2051 quidem
1299 2012 1472 2051 adimeret3
1491 2010 1543 2043 sed
1560 2011 1646 2044 usum
1663 2013 1783 2045 nudum
1794 2014 1830 2045 &-

946 2061 962 2082 a
976 2051 1080 2082 sivetu
1096 2051 1271 2092 separatum
1290 2053 1427 2094 legaret:
1445 2062 1511 2084 tum
1527 2054 1610 2085 enim
1629 2063 1688 2095 pro
1705 2053 1826 2087 usufru-

948 2093 999 2124 ctu
1016 2092 1200 2124 substituisse
1218 2094 1324 2125 usum:
1341 2103 1435 2134 quem
1453 2094 1548 2125 etiam
1565 2095 1605 2125 ab
1622 2095 1714 2127 initio
1731 2095 1751 2127 fi
1771 2107 1827 2128 vo-

947 2133 1049 2166 luisset
1067 2134 1281 2174 constituere,
1298 2134 1451 2176 potuiss'et
1468 2135 1673 2168 constituere.
1708 2137 1824 2170 Versus

947 2176 1075 2207 ultimus
1091 2177 1118 2206 d.
1130 2175 1158 2216 §.
1174 2185 1200 2207 1.
1218 2176 1237 2207 l.
1251 2185 1296 2215 14.
1318 2177 1387 2208 talis
1404 2176 1459 2209 est.
1484 2177 1540 2208 Sed
1550 2176 1695 2218 sifruftu
1710 2178 1823 2221 legato,

946 2217 1016 2253 usus
1029 2218 1195 2248 adimatur:
1214 2215 1444 2258 Aristoscrz'bit,
1467 2219 1580 2250 nullam
1597 2219 1649 2260 effe
1665 2221 1823 2262 ademptio-

945 2268 1027 2290 nem:
1045 2268 1107 2299 quae
1110 2259 1256 2296 sententia
1265 2260 1414 2301 benignior
1423 2257 1472 2299 est.
1489 2259 1602 2293 Sensus
1613 2261 1674 2299 est,
1688 2262 1718 2293 Si
1732 2261 1824 2294 testa-

946 2309 998 2331 tor
1006 2299 1144 2331 fructum
1154 2300 1240 2341 leget
1250 2323 1258 2337 ‚
1270 2309 1347 2332 mox
1360 2300 1447 2333 usum
1457 2302 1594 2334 adimat:
1611 2302 1699 2343 posse
1710 2305 1820 2336 metui.

946 2349 982 2373 ut
991 2341 1094 2372 valeat
1104 2341 1241 2382 legatum
1258 2341 1390 2374 fructus.
1410 2352 1481 2374 narn
1494 2343 1553 2375 &fi
1570 2342 1707 2376 srussum
1718 2344 1823 2386 leget,

946 2382 1085 2415 deducto
1102 2384 1156 2414 ulu
1168 2394 1176 2415 ι
1190 2383 1302 2415 inutile
1320 2383 1383 2415 effe
1398 2384 1555 2426 legatum,
1572 2383 1661 2423 supra
1673 2384 1824 2426 scriptum

945 2423 1000 2455 est.
1012 2423 1032 2455 fi
1042 2433 1146 2455 tamen
1158 2423 1289 2456 testator
1298 2434 1362 2456 non
1375 2434 1479 2457 totum
1489 2426 1822 2469 tollitusumfrut'tum

944 2464 997 2497 sed
1015 2464 1101 2497 usum
1117 2475 1156 2497 ex
1168 2465 1349 2498 usufructu:
1367 2466 1455 2507 posse
1465 2467 1604 2508 benigne
1615 2468 1696 2508 dici,
1714 2471 1823 2516 potius

944 2505 1026 2545 effe,
1049 2515 1084 2538 ut
1099 2507 1229 2538 vitietur
1246 2508 1411 2548 ademptio
1426 2507 1514 2547 usus,
1532 2518 1624 2549 quam
1641 2517 1676 2542 ut
1692 2511 1823 2545 vitietur

943 2548 1083 2589 legatum
1102 2547 1314 2582 ususfructus:
1337 2550 1457 2589 quippe
1474 2550 1539 2581 hoc
1556 2550 1649 2582 initio
1665 2552 1822 2586 constitis-

942 2589 992 2621 se:
1011 2589 1071 2621 &fi
1083 2589 1214 2622 testator
1229 2599 1269 2622 ex
1286 2590 1446 2631 postfacto
1462 2590 1587 2623 abstulit
1603 2593 1668 2634 ejus
1680 2602 1821 2636 partem,

943 2639 1038 2672 quain
1056 2640 1120 2663 non
1138 2631 1246 2672 potest
1267 2631 1412 2665 auferre:
1435 2632 1490 2664 libi
1506 2635 1730 2668 contradicere
1753 2646 1821 2669 nott

941 2674 972 2704 in
993 2673 1127 2714 legando
1145 2673 1269 2710 fructu,
1283 2672 1334 2706 sed
1347 2674 1383 2705 ‘in
1403 2674 1548 2707 tollendo
1566 2675 1619 2707 usu
1637 2686 1678 2708 ex
1696 2677 1819 2710 usufru-

940 2714 1005 2746 eiu.
1020 2715 1131 2746 melius
1148 2714 1243 2754 igitur
1255 2714 1284 2746 ἃ
1295 2714 1463 2757 benignius
1478 2716 1541 2748 dici
1552 2740 1561 2756 ‚
1573 2716 1691 2750 salvum
1703 2718 1765 2751 effe
1776 2722 1819 2752 le-

943 2763 1051 2797 gatum
1068 2754 1343 2795 ususf1·uttus,sed
1359 2757 1428 2797 usus
1444 2758 1684 2800 ademptionem
1703 2761 1817 2792 vitiari.

944 2797 1034 2828 aliter
1050 2805 1087 2827 ac
1103 2796 1124 2828 fi
1142 2797 1233 2828 initio·
1249 2797 1369 2839 legatus
1385 2799 1420 2831 fit
1434 2799 1554 2833 fructus
1566 2823 1575 2840 ,
1594 2801 1733 2833 deducio
1751 2801 1816 2833 usu.

944 2846 1011 2870 tum
1027 2838 1111 2870 enim
1135 2847 1152 2869 a
1170 2837 1321 2871 testatore
1342 2840 1437 2882 legari
1455 2840 1594 2874 fructum
1612 2841 1674 2874 fine
1692 2842 1743 2873 usu
1761 2843 1814 2881 qui

942 2888 1008 2911 non
1026 2878 1133 2920 potest
1149 2878 1229 2911 effe:
1249 2881 1389 2923 ideoque
1408 2883 1507 2914 videri
1527 2893 1598 2915 eum
1618 2883 1671 2915 fibi
1687 2891 1814 2914 contra-

942 2921 1050 2952 dicere
1064 2921 1096 2952 in
1112 2922 1141 2953 le
1165 2922 1248 2953 ando
1264 2921 1388 2962 frustu3
1404 2924 1433 2956 ἀ
1451 2932 1556 2957 totum
1575 2925 1603 2956 le
1627 2932 1710 2955 atum
1727 2923 1813 2963 face-

941 2971 975 2993 re
989 2962 1112 2994 inutile.
1134 2930 1304 3004 {xpofitus
1315 2964 1360 2997 est
1376 2966 1404 3008 §.
1422 2975 1446 2998 1.
1463 2968 1492 2998 d.
1507 2966 1527 2997 l.
1547 2934 1644 3005 145).
1664 2966 1697 2995 de
1712 2965 1814 3006 usu&

941 3003 1122 3036 habitatione.
1153 3002 1293 3045 sequitur
1307 3006 1335 3048 §.
1354 3017 1382 3039 2.
1399 3009 1523 3049 ejusdem
1538 3007 1599 3037 loci.
1624 3006 1721 3037 verba
1742 3007 1813 3040 haec

941 3043 1019 3077 sunt.
1054 3044 1118 3087 Usu
1135 3045 1159 3076 le
1180 3052 1244 3085 ato,
1261 3046 1290 3086 fi
1305 3049 1393 3080 eidem
1400 3048 1525 3089 frustm
1540 3048 1668 3088 legetur,
1693 3047 1812 3091 Pompo-

939 3087 1007 3118 nius
1021 3088 1063 3118 ait
1074 3110 1084 3125 ,
1100 3096 1150 3118 con
1169 3089 1242 3119 uadi
1256 3098 1320 3120 eum
1337 3100 1402 3121 cum
1418 3091 1483 3130 usu.
1507 3089 1580 3119 idem
1595 3089 1655 3126 ait,
1669 3087 1706 3123 ὅ)
1713 3089 1743 3129 fi
1757 3092 1811 3124 tibi

940 3130 1024 3168 usas,
1038 3128 1111 3160 mihi
1131 3129 1251 3166 frustm
1266 3131 1395 3172 legetur,
1419 3138 1585 3162 concurrere
1605 3139 1656 3161 nos
1680 3131 1712 3162 in
1734 3134 1809 3173 usa,

937 3169 1080 3211 mesalum
1090 3170 1226 3210 frustum
1241 3172 1415 3203 habituram.
1444 3169 1558 3202 Sensus
1574 3171 1687 3212 prioris
1703 3174 1809 3207 versus

938 3210 1002 3253 est,
1024 3210 1055 3244 Si
1071 3212 1122 3284 εἍί
1138 3213 1276 3251 primum
1294 3213 1379 3252 usus,
1396 3212 1511 3246 deinde
1528 3211 1649 3246 fruitus
1665 3213 1809 3288 leggturz

1134 3261 1150 3284 a
1165 3262 1181 3284 a
1204 3263 1221 3284 2
1714 3286 1719 3289 -
1740 3266 1807 3287 om-
