2036 3495
156 115 219 151 26.
574 108 607 145 G
641 118 662 142 Ε
695 118 718 143 a
750 117 773 150 a
805 117 835 141 n¹
861 116 886 141 n
918 114 933 140 1

162 203 193 234 di
205 201 371 234 contrasta
386 198 511 231 fiducia.
529 197 595 237 ipse
610 206 690 228 vero
700 202 791 236 pater
800 195 900 226 filium
916 194 972 226 fibi
989 204 1037 227 re-

161 244 377 284 mancipatum
387 263 398 280 ,
415 238 680 275 manumittebat,
690 244 724 268 ut
735 236 974 269 manumiffione
984 235 1039 267 fie-

160 295 212 316 ret
228 286 291 324 ejus
303 290 475 324 patronus,
486 280 588 319 &jura
600 286 785 319 patronatus
802 278 944 309 haberet.
969 277 1041 310 Hac

160 325 267 358 forma
278 325 375 356 fiebat
391 322 606 361 emancipatio
623 328 734 351 vetere
749 320 828 360 jure.
852 319 911 351 alia
929 329 993 351 non
1011 329 1043 350 e-

163 375 230 398 rat:
254 373 360 403 eoque
382 362 425 395 fic
447 360 631 403 rescripsere
647 361 872 393 Diocletianus
889 361 919 392 ἃ
936 361 1041 392 Maxi-

164 408 288 439 mianus
305 406 326 436 l.
345 416 374 446 3.
394 404 428 435 C.
447 405 480 435 (Ie
497 404 637 444 emancip.
656 403 736 434 liber.
782 402 855 434 Non
878 404 956 434 nudo
977 411 1041 433 con-

155 448 246 488 Jenfii
258 447 358 488 patria
375 446 456 477 liberi
472 443 625 486 potestate,
633 446 688 485 sed
702 443 918 484 nausearum,
932 443 979 475 vel
997 454 1042 474 ca-

158 490 199 530 fi‘
213 490 393 519 liberantur.-
415 496 466 518 πει·
482 487 571 522 caula
594 487 698 527 quibas
713 491 808 517 motas
817 491 904 526 pater
918 486 1043 516 emanci-

156 534 247 571 pavit
257 530 373 569 filiam,
389 529 443 570 sed
468 528 551 560 astus
572 528 732 563 solemnitas
747 529 898 568 quaeritur.
943 526 1041 558 Hunc

162 572 304 612 rigorem
319 570 481 604 imminuit
501 568 705 601 Anastafiusl.
718 580 749 609 5.
769 569 800 599 C.
824 570 857 598 cle
870 569 1040 608 emancipat.

160 613 243 645 liber.
272 613 461 653 permittens
480 635 490 649 ,
520 611 638 642 liberos
662 620 679 641 a
702 610 903 650 parentibus,
928 611 983 650 qui
1007 610 1040 640 id

160 654 342 695 specialiter
366 664 422 695 per
446 651 646 693 Rescriptum
670 651 932 691 impetraverint,
956 651 1040 690 apud

160 696 385 738 Magistratum
412 702 675 734 competentem,
698 693 762 725 fine
786 692 1039 724 solemnitatibus

162 739 205 769 de
227 738 342 778 quibus
366 738 454 776 dixi,
476 736 669 776 emancipari
695 735 780 766 nuda
805 734 972 766 voluntate
989 743 1041 774 pa-

164 780 241 818 tris,
257 780 478 811 consentiente
495 785 600 808 tamen
619 776 707 815 filio,
724 775 779 808 nifi
796 775 830 807 fit
847 774 970 814 infans,
986 775 1042 816 qui

164 823 262 853 etiam
275 820 339 853 fine
356 821 421 861 eJ'us
437 817 590 851 consensu
612 818 678 849 hoc
693 818 794 850 modo
812 817 1042 858 emancipatur.

162 863 310 904 Longius
324 862 383 893 ivit
399 861 588 901 Justinianus
605 860 624 891 l.
636 860 692 891 ult.
704 859 737 890 C.
754 860 812 890 eod.
831 860 877 889 tit.
895 859 1044 890 nimirum

162 905 290 942 voluit,
307 904 386 944 patri
402 905 450 943 jus
468 901 550 940 esse,
568 901 665 933 etiam
681 910 747 932 non
768 901 941 940 impetrato
959 899 1044 931 Prin-

165 947 247 986 cipis
268 945 438 986 Rescripto
456 967 465 983 ‚
489 943 608 976 liberos
632 943 703 974 suos
727 941 964 973 consentientes
993 941 1044 972 vel

163 997 231 1019 non
242 987 501 1019 contradicentes
511 1008 521 1024 ,
537 984 768 1024 apudjiidicem
779 991 1021 1022 competentem
1034 1005 1043 1021 ,

164 1028 296 1069 explosa
313 1028 403 1060 omni
420 1035 531 1059 vetere
547 1025 696 1064 fictione,
721 1024 785 1057 sola
799 1025 975 1056 voluntatis
991 1026 1045 1055 de-

165 1071 342 1102 claratione
365 1079 383 1101 a
409 1068 460 1100 sua
483 1076 578 1100 manu
603 1068 790 1099 demittere:
815 1075 920 1106 eoque
938 1065 1044 1104 saeto,

162 1112 250 1153 patri
275 1112 384 1143 omnia
405 1109 542 1151 praestari
562 1110 631 1149 J'ura
654 1117 725 1149 quae
746 1116 884 1148 patrono
902 1108 933 1138 in
952 1107 1045 1139 bonis

164 1154 274 1186 liberti
300 1154 501 1191 tribuuntur;
523 1160 584 1183 nec
610 1151 714 1182 minus
739 1159 830 1187 eum,
854 1149 875 1180 fi
898 1148 1045 1190 impubes

164 1193 251 1227 :filius
267 1194 324 1232 fit,
348 1194 522 1236 legitimam
540 1193 607 1232 eius
624 1191 757 1223 tutelam
777 1189 925 1222 nancisci.

207 1236 352 1277 Exposui
367 1244 432 1267 tres
449 1234 717 1274 emancipationis
735 1231 875 1270 formas,
899 1238 1045 1263 veterem

166 1279 342 1320 legitimam
355 1300 364 1316 ,
385 1274 616 1308 Anastafianam
627 1298 636 1314 ‚
660 1274 689 1306 ὅῑ
704 1273 944 1314 Justiniancam,
960 1274 1045 1304 ordi·

165 1327 209 1352 ne
226 1320 355 1351 traditas
372 1318 401 1360 §.
412 1322 441 1350 6.
453 1315 526 1358 Iasi.
546 1316 637 1359 Qcib.
655 1317 727 1347 mod.
738 1316 790 1357 jas
804 1320 883 1356 patr.
896 1322 956 1356 pot.
968 1314 1046 1354 βψω.

166 1361 411 1401 qualiscumque
437 1368 544 1390 autern
569 1359 624 1396 lit,
650 1365 771 1389 tantum
797 1357 879 1387 inter
899 1356 1047 1387 volentes

166 1402 307 1434 obtinet.
331 1402 375 1433 ita
398 1410 503 1441 neque
530 1400 621 1432 liberi
645 1399 735 1430 inviti
759 1397 1046 1436 manumittuntur-3

164 1453 275 1484 neque
292 1450 440 1483 parentes
458 1449 620 1481 coguntur
636 1450 692 1472 eos
710 1440 954 1471 manumittere:
978 1447 1046 1469 cer-

167 1485 284 1525 tajuris
303 1484 409 1524 regula
425 1491 495 1522 quae
514 1491 554 1513 ex
569 1481 728 1513 Marciani
744 1480 792 1512 lib.
809 1491 839 1521 5.
855 1480 1046 1521 Regularum

167 1534 257 1557 excat
273 1526 291 1555 l.
310 1534 359 1564 31.
379 1525 408 1555 h.
429 1529 450 1554 t.
476 1524 506 1554 &
531 1523 586 1562 (ut
611 1522 799 1563 intelligitur
819 1531 859 1553 ex
877 1521 897 1553 l.
915 1531 944 1559 4.
964 1522 996 1552 C.
1013 1523 1047 1552 de

166 1567 340 1606 emancipat.
357 1564 492 1604 liberor.)
516 1573 557 1595 ne
576 1562 760 1604 infringitur
777 1564 906 1603 quidem
924 1562 1045 1594 Rescri-

166 1616 227 1645 pto
246 1606 420 1646 Principis:
437 1615 503 1637 non
517 1605 600 1637 soliti
617 1603 773 1636 beneficia
791 1605 931 1635 tribuere
943 1605 974 1635 in
992 1613 1045 1635 cu-

165 1650 312 1690 jusquam
335 1647 491 1688 injuriam.
537 1646 607 1678 Sic:
631 1645 652 1677 fi
674 1646 759 1678 nulla
787 1645 948 1677 adferatur
969 1644 1048 1685 justa

166 1690 275 1722 causa:
299 1699 370 1721 nam
397 1687 418 1720 si
443 1689 512 1719 haec
530 1688 588 1727 fit;
612 1695 725 1719 contra
740 1687 804 1723 est;
828 1687 857 1718 &
878 1686 924 1718 est
941 1696 1047 1718 exem-

167 1732 258 1773 plum
277 1731 297 1762 l.
313 1741 363 1772 32.
381 1729 419 1765 ἐξ
435 1740 486 1771 33.
504 1729 531 1761 h.
550 1735 572 1760 t.
587 1728 694 1769 junCta
711 1728 730 1759 l.
748 1738 776 1769 3.
789 1728 817 1770 §.
835 1732 866 1759 6.
885 1728 926 1759 D.
945 1730 978 1759 de
994 1729 1047 1759 mi-

168 1775 260 1805 norib.
290 1773 368 1804 item
379 1772 401 1802 Ι.
417 1780 468 1807 92.
486 1771 528 1802 D.
544 1772 576 1801 de
593 1771 699 1802 condit.
718 1769 754 1805 ἐπ’)
767 1768 914 1810 demonstr.
935 1777 1049 1811 praetes

167 1825 222 1847 rea
236 1815 256 1846 l.
274 1814 330 1845 ult.
341 1813 383 1845 D.
393 1811 449 1851 fia
459 1820 580 1854 parente
595 1813 660 1853 quis
676 1810 840 1852 manumiff.
859 1811 896 1846 δ’
911 1811 931 1843 l.
953 1820 999 1843 12.
1012 1811 1046 1843 C.

168 1858 203 1889 de
217 1856 349 1896 Episcop.
366 1855 438 1886 aud.

206 1897 329 1931 Praeter
353 1897 546 1937 adoptiones
563 1894 593 1927 &
610 1894 902 1935 emancipationes,
925 1895 968 1926 ait
986 1893 1048 1926 Ru-

804 1978 1151 2013 Txrutus

989 106 1255 144 NoonT
1313 107 1530 144 Coun.

1081 199 1189 237 brica,
1205 198 1266 230 effe
1275 199 1354 230 alios
1371 198 1487 230 modos
1504 196 1619 236 quibus
1637 198 1736 237 patria
1746 200 1885 240 potestas
1901 199 1960 235 soi-

1083 240 1179 272 vitur.
1212 240 1437 273 Diocletianus
1455 240 1485 271 δι
1503 238 1718 272 Maximianus
1733 249 1821 273 certe
1836 243 1856 274 l.
1872 253 1902 284 3.
1921 245 1957 275 C.

1084 283 1118 313 de
1134 283 1271 323 emancip.
1288 282 1368 314 liber.
1392 282 1524 320 dicunt,
1539 280 1571 312 id
1589 279 1656 312 fieri
1673 281 1742 312 aCtu
1760 281 1890 315 solemni
1906 285 1959 318 vel

1084 322 1166 355 casu.
1196 324 1266 356 talis
1282 333 1359 355 vero
1377 323 1464 355 casus
1483 322 1547 361 est,
1570 331 1657 354 mors
1676 323 1824 356 naturalis
1844 333 1905 364 qua
1919 327 1960 357 de

1084 364 1272 404 Justinianus
1283 373 1331 406 pr.
1343 362 1415 405 lust.
1428 364 1517 408 Qicib.
1528 365 1600 395 mod.
1612 364 1664 405 jus
1674 370 1754 404 patr.
1769 363 1870 406 potest.
1879 366 1957 405 fiilv.

1086 407 1117 437 ὅ(
1141 404 1294 446 Ulpianus
1316 408 1362 437 tit.
1393 415 1438 438 io.
1463 405 1491 446 §.
1520 415 1548 437 2.
1572 414 1633 436 nec
1657 407 1759 437 minus
1778 407 1961 439 maxima&

1085 447 1189 478 media
1204 447 1318 487 capitis
1335 448 1514 479 deminutio
1532 456 1604 486 quae
1623 456 1708 478 mors
1727 447 1831 479 civilis
1849 448 1959 489 appel-

1085 488 1167 519 latur
1183 489 1211 520 d.
1229 490 1276 520 tit.
1298 497 1344 521 10.
1384 512 1389 518 .
1406 498 1436 529 3.
1460 487 1514 520 nifi
1531 488 1551 519 fi
1566 490 1749 519 alterutram
1775 488 1888 529 capitis
1904 493 1960 521 de-

1085 529 1297 561 minutionem
1313 538 1350 569 pa
1378 530 1433 568 us,
1458 539 1498 561 ex
1522 530 1720 570 indulgentia
1737 530 1894 570 Principis
1911 540 1961 562 re-

1083 570 1208 602 stitutus
1230 569 1266 601 fit
1289 579 1346 610 per
1362 571 1484 602 omnia:
1510 579 1577 602 tum
1596 572 1680 603 enim
1699 570 1863 612 pristinum
1879 573 1960 603 reci-

1082 612 1131 652 pit
1145 610 1261 657 ,statum
1276 611 1305 652 §.
1326 620 1351 642 1.
1367 612 1403 646 &⁹
1417 622 1446 653 3.
1466 610 1538 652 Inst.
1553 613 1582 644 d.
1601 613 1648 644 tit.
1680 613 1707 644 A
1723 613 1840 653 capitis
1858 613 1959 645 demi-

1084 660 1218 685 nutione
1234 651 1400 692 separanda
1418 652 1463 684 est
1475 654 1643 694 captivitas
1653 653 1809 686 hostium:
1825 664 1861 686 ea
1873 655 1958 687 enim

1082 696 1217 736 patriam
1232 692 1422 733 potestatem
1439 703 1504 726 non
1522 703 1585 727 tam
1598 695 1703 734 tollit,
1719 705 1812 735 quam
1832 695 1956 735 suspen-

1084 737 1146 768 dit:
1171 734 1392 780 intercedente
1409 735 1540 768 fiCtione
1554 737 1628 777 J'uris
1646 737 1851 778 postliminii,
1868 738 1898 769 dt
1916 738 1964 770 le-

1084 778 1131 819 gis
1152 776 1313 809 Corneliae
1330 775 1358 817 §.
1374 787 1404 816 5.
1424 778 1453 807 d.
1472 778 1519 808 tit.

1128 817 1235 858 Magis
1254 816 1336 848 casui
1361 824 1566 858 comparetur
1589 819 1745 860 dignitas3
1771 828 1966 862 quamquam

1085 869 1152 892 non
1171 859 1296 897 omnis,
1313 858 1368 890 etsi
1386 860 1542 896 maxima,
1560 862 1648 891 verbi
1665 864 1764 902 gratia
1778 885 1788 900 ,
1812 862 1967 893 Consula-

1087 909 1158 940 tus;
1181 900 1235 941 (ut
1254 900 1327 931 alibi
1347 900 1456 931 monui
1474 910 1514 931 ex
1533 899 1710 943 Dionysio,
1728 904 1758 935 &
1775 911 1907 944 apparet
1923 911 1965 935 ex

1086 943 1115 985 §.
1140 952 1170 981 4.
1198 939 1272 982 [nst.
1295 943 1323 972 cl.
1349 943 1396 972 cit.
1423 940 1459 975 &³
1483 941 1502 972 l.
1526 950 1549 972 1.
1572 941 1601 983 §.
1619 943 1671 973 ult.
1699 943 1740 976 D.
1757 945 1790 975 de
1806 945 1960 976 Senatusc.

1087 983 1270 1022 Jla‘acedon.)
1288 982 1340 1014 sed
1357 983 1494 1023 dignitas
1512 981 1660 1014 Flaminis
1676 983 1795 1024 Dialis,
1812 987 1842 1017 ὅ(
1861 986 1962 1022 virzi-

1087 1026 1136 1057 nis
1162 1024 1307 1058 Vestalis.
1331 1033 1402 1055 nam
1421 1032 1554 1064 utraque
1570 1025 1654 1056 tollit
1669 1028 1801 1065 patriam
1824 1018 1965 1067 poteria«

1090 1075 1173 1103 tem,
1194 1066 1224 1098 δι
1242 1066 1371 1107 quidem
1389 1064 1454 1097 fine
1472 1066 1586 1105 capitis
1604 1067 1845 1100 deminutione:
1869 1076 1905 1099 ut
1923 1077 1966 1100 ex

1090 1109 1127 1140 A.
1152 1107 1262 1139 Gellio
1279 1107 1327 1139 lib.
1349 1115 1374 1138 1.
1391 1106 1481 1138 Νωέῗ.
1499 1107 1594 1138 Actic.
1613 1117 1638 1139 c.
1659 1117 1712 1147 12,
1731 1109 1761 1140 &
1777 1107 1917 1149 Ulpiano
1934 1110 1964 1141 d.

1089 1152 1137 1182 tit.
1159 1159 1205 1181 10.
1223 1149 1252 1190 §.
1269 1149 1323 1180 ult.
1349 1148 1501 1188 praeclare
1517 1148 1700 1180 observavit
1716 1151 1748 1180 in
1767 1150 1856 1182 Notis
1875 1150 1969 1191 Cuia-

1087 1191 1173 1230 cius;
1196 1190 1283 1223 fimul
1301 1191 1528 1230 explicandum
1543 1191 1619 1222 inde
1634 1190 1715 1230 effe,
1740 1192 1828 1232 quod
1846 1192 1875 1223 in
1894 1192 1914 1223 l.
1932 1202 1963 1231 ¹3.

1087 1233 1116 1274 §.
1133 1233 1188 1263 ult.
1209 1231 1251 1263 D.
1268 1233 1300 1261 de
1317 1232 1469 1262 Senatusc.
1494 1232 1616 1263 Maced.
1634 1232 1654 1263 l.
1673 1242 1701 1264 2.
1718 1232 1747 1273 §.
1771 1241 1796 1264 1.
1817 1233 1858 1264 D.
1874 1226 1964 1279 Quali.

1089 1283 1154 1305 cam
1169 1283 1197 1305 eo
1214 1274 1265 1314 qui
1279 1274 1310 1303 in
1321 1274 1405 1303 alien.
1423 1270 1524 1313 potest.
1543 1272 1579 1307 ἐξ)
1595 1273 1614 1304 l.
1633 1283 1659 1304 1.
1677 1274 1706 1315 ᾗ.
1724 1284 1755 1312 4.
1775 1273 1816 1305 D.
1842 1275 1967 1317 Quand.

1089 1316 1123 1346 de
1139 1321 1197 1355 pec.
1213 1313 1270 1346 11:52².
1285 1323 1354 1345 ann.
1373 1314 1489 1345 dicitur
1498 1315 1568 1354 quis
1585 1324 1647 1346 non
1659 1317 1758 1346 modo
1772 1324 1897 1355 morte,
1913 1315 1968 1348 sed

1089 1357 1185 1388 etiam
1197 1356 1270 1387 alias
1282 1379 1292 1394 ,
1309 1354 1434 1395 suijuris
1444 1353 1511 1386 fieri
1529 1355 1591 1386 fine
1609 1356 1721 1396 capitis
1733 1357 1968 1389 deminutione.

1089 1397 1239 1437 Interim,
1258 1395 1376 1428 sublata
1393 1395 1517 1427 Gentili
1537 1396 1757 1437 superstitione
1770 1421 1779 1436 ,
1799 1398 1876 1430 nulli
1893 1398 1966 1429 sunt

1088 1438 1246 1471 Flamines
1264 1437 1392 1476 Diales,
1416 1438 1510 1469 nullae
1523 1437 1672 1479 Virgines
1690 1438 1852 1470 Vestales:
1873 1439 1964 1471 ideo-

1088 1489 1150 1521 que
1161 1480 1286 1512 nullain
1301 1478 1572 1519 jurejustinianeo
1588 1481 1711 1511 mentio
1729 1481 1880 1513 tollendae
1898 1481 1965 1512 hoc

1086 1522 1187 1554 inodo
1214 1521 1322 1562 patria:
1339 1520 1513 1560 potestatis.
1536 1520 1635 1553 fimile
1655 1529 1760 1553 tamen
1785 1522 1913 1554 obtinet
1931 1522 1965 1554 in

1088 1564 1241 1605 dignitate
1257 1562 1461 1594 Patriciatus:
1484 1571 1546 1602 qua
1562 1563 1640 1602 imp.
1664 1562 1854 1602 justinianus
1873 1564 1965 1594 volu-

1088 1606 1132 1643 it,
1155 1604 1287 1645 patriam
1314 1602 1505 1642 potestatem
1524 1603 1601 1634 solvi
1619 1604 1707 1635 illico
1724 1605 1763 1634 ab
1785 1603 1960 1645 imperiali-

1087 1646 1147 1677 bus
1164 1645 1320 1677 codicillis
1344 1644 1489 1685 praestitis
1508 1644 1537 1685 §.
1564 1655 1593 1683 4.
1620 1644 1692 1685 Inst.
1718 1644 1809 1689 Quib.
1828 1646 1901 1676 mod.
1912 1646 1966 1687 jus

1088 1693 1163 1728 patr.
1184 1693 1244 1727 pot.
1256 1687 1333 1727 salv.
1355 1688 1384 1717 bc
1401 1687 1421 1717 l.
1437 1695 1466 1727 ⁴3.
1489 1686 1522 1717 C.
1541 1687 1574 1717 de
1594 1685 1762 1723 Consulibus
1778 1686 1826 1717 lib.
1850 1696 1898 1718 12.
1915 1688 1964 1718 rit.

1090 1739 1120 1770 3.
1138 1729 1288 1768 idemque
1305 1728 1336 1758 in
1355 1727 1482 1759 Novella
1493 1732 1542 1762 81.
1554 1738 1577 1759 c.
1597 1737 1622 1759 1.
1640 1727 1749 1759 statuit
1766 1729 1797 1759 in
1813 1728 1900 1759 omni
1919 1728 1967 1759 di-

1090 1770 1211 1812 gnitate
1228 1779 1297 1809 quae
1313 1767 1412 1799 filium
1429 1769 1540 1800 liberat
1556 1778 1574 1800 a
1597 1769 1701 1809 curia3
1725 1769 1756 1801 &
1775 1768 1926 1800 definitur
1940 1769 1962 1800 l..-
2020 1798 2023 1800 .

1091 1811 1145 1843 ult.
1164 1811 1198 1842 C.
1216 1813 1249 1841 cle
1267 1811 1457 1842 Decea-ionia.
1475 1811 1523 1841 lib.
1548 1820 1593 1843 10.
1611 1813 1658 1842 tir.
1677 1820 1728 1851 31.
1747 1810 1780 1842 In
1793 1811 1898 1851 capite
1914 1819 1967 1841 au-

1092 1860 1156 1885 tem
1172 1863 1199 1894 3.
1220 1853 1249 1883 d.
1270 1852 1439 1888 Novellae‚
1464 1853 1533 1883 vult
1549 1854 1645 1884 etiam
1666 1851 1847 1894 Episcopus
1863 1851 1967 1884 statim
1993 1861 1995 1864 ⁴

1090 1895 1130 1926 ab
1148 1894 1351 1926 ordinatione
1370 1893 1411 1924 l'ui
1427 1893 1501 1933 juris
1518 1893 1598 1925 fieri.

1212 1977 1331 2013 VIII.

775 2054 826 2090 De
852 2052 996 2100 divisione
1020 2066 1123 2090 rerum
1150 2051 1191 2093 ἐξ
1214 2054 1371 2100 qualitate.

253 2145 390 2178 actenus
407 2144 567 2177 enarravit
593 2143 773 2184 Imperator
792 2143 893 2175 varias
909 2141 1054 2184 persona-

264 2197 336 2219 rum
357 2186 531 2231 'divisiones
548 2209 558 2224 ,
582 2186 612 2217 δι
636 2185 823 2227 fingularum
847 2185 924 2225 jura.
950 2185 1054 2225 proxi·

170 2239 260 2264 mum
277 2228 341 2267 est,
358 2236 394 2259 ut
409 2227 553 2268 subjiciat
574 2237 680 2259 rerum
698 2225 886 2258 divilionem
904 2225 934 2257 δε
953 2226 1050 2266 quali-

169 2280 284 2305 tatem.
308 2270 361 2302 sed
372 2278 477 2301 rerum
489 2268 607 2300 summa
623 2268 734 2300 divifio
754 2267 923 2299 Marciano
940 2267 959 2298 l.
978 2277 1006 2298 2.
1020 2267 1049 2299 h.

172 2320 196 2346 t.
222 2313 327 2353 (unde
354 2309 546 2351 descriptum
563 2319 581 2341 a
597 2309 772 2349 Justiniano
796 2309 841 2340 est
858 2309 1050 2349 principium

170 2355 247 2396 Iasi.
265 2355 293 2386 d.
313 2352 357 2394 t.)
379 2352 609 2393 quadripartita
626 2352 725 2383 venit.
764 2349 924 2396 Quaedam,
947 2350 1050 2391 inquit

170 2396 377 2433 Marcianus,
401 2394 534 2425 naturali
553 2394 622 2434 jure
644 2397 806 2425 communia
816 2392 892 2433 sum
906 2393 1050 2431 omnium,

171 2439 303 2480 qziaedam
316 2433 518 2474 universitatis
527 2458 538 2474 ,
553 2436 683 2476 quaedam
697 2434 827 2473 nullius,
839 2434 977 2475 pleraque
987 2431 1051 2472 fin·

170 2480 318 2521 guloram.
359 2477 462 2509 Prima
478 2476 599 2518 species
623 2475 669 2508 est
684 2486 789 2508 rerum
811 2485 881 2517 quae
902 2474 1051 2515 suntjure

170 2520 306 2553 naturali
324 2528 511 2551 communes
529 2518 683 2550 omniurn.
707 2527 824 2558 easque
839 2519 870 2549 in
887 2517 917 2558 §.
938 2526 964 2548 1.
985 2517 1014 2547 d.
1031 2516 1051 2548 l.

170 2571 202 2595 2.
222 2560 333 2592 definit
348 2561 388 2592 ab
405 2560 576 2601 exemplis:
599 2568 634 2592 ut
651 2560 731 2601 saepe
750 2558 907 2597 Veteres,
930 2557 1051 2590 Isidoro

171 2601 254 2634 teste
273 2602 320 2633 lib.
338 2612 366 2633 2.
396 2602 513 2643 Origin.
529 2611 553 2633 ε.
573 2612 625 2639 29.
646 2602 723 2642 very.
751 2600 903 2632 Undecim.
926 2607 958 2640 p.
979 2604 1049 2634 882.

170 2643 219 2675 Ea
231 2652 327 2684 porro
342 2644 489 2684 exempla
505 2643 592 2682 sunt,
608 2646 680 2682 aer,
695 2651 776 2684 aqua
792 2641 973 2683 profluens,
990 2650 1051 2672 ma·

171 2695 229 2723 :re,
252 2684 378 2721 littora,
399 2684 546 2723 fiumina,
568 2693 693 2725 portus.
739 2684 791 2716 Sic
812 2683 890 2716 mihi
905 2683 1050 2714 videtur:

172 2725 265 2760 fimul
279 2726 308 2756 d.
326 2724 345 2755 l.
364 2734 391 2755 2.
410 2725 471 2756 esse
487 2727 743 2767 conjungendam
759 2734 833 2757 cum
849 2725 867 2755 l.
882 2734 910 2764 4.
926 2724 954 2755 h.
970 2729 990 2754 t.
1008 2723 1052 2754 est

174 2768 263 2800 enim
285 2773 419 2805 utraque
446 2776 486 2798 ex
510 2769 627 2800 eodem
645 2767 801 2799 Marciani
817 2766 865 2798 lib.
882 2775 912 2807 3.
930 2763 1051 2806 Institu-

1097 2142 1288 2176 Prudentius
1302 2141 1448 2181 fontem,
1471 2150 1577 2182 mare,
1601 2141 1756 2182 imbrem,
1772 2151 1899 2183 auram,
1919 2144 1970 2175 ae-

1097 2193 1183 2222 rem,
1209 2185 1238 2216 &
1255 2193 1380 2216 amnem
1392 2207 1400 2221 ,
1424 2184 1563 2224 appellat
1581 2193 1647 2215 rem
1668 2185 1830 2225 publicam
1846 2185 1876 2216 &
1893 2194 1969 2216 cun·

1098 2226 1154 2257 Cris
1172 2234 1364 2266 promptam.
1388 2225 1419 2257 id
1437 2234 1516 2257 vero
1533 2226 1610 2266 quid
1627 2226 1712 2257 aliud
1728 2226 1792 2265 est,
1811 2235 1906 2275 quani
1923 2235 1970 2258 es-

1093 2267 1124 2298 se
1140 2276 1328 2299 communes
1346 2267 1489 2299 omniurn
1510 2267 1674 2299 hominum
1686 2267 1703 2299 ’ἒ
1728 2267 1804 2300 Non
1823 2277 1876 2300 me
1891 2277 1970 2299 con·

1093 2308 1217 2348 fundit,
1241 2309 1330 2348 quod
1353 2309 1437 2340 idem
1465 2308 1647 2340 Marcianus
1673 2310 1702 2341 d.
1719 2309 1738 2341 l.
1756 2319 1783 2341 2.
1804 2309 1833 2350 §.
1856 2318 1882 2340 1.
1897 2309 1926 2340 b.
1944 2315 1968 2340 t.

1093 2350 1222 2382 flumina
1238 2359 1302 2381 non
1318 2358 1415 2380 vocat
1431 2350 1631 2388 communia,
1648 2349 1700 2381 sed
1714 2351 1860 2390 publica:
1875 2348 1967 2388 &Ju-

1093 2391 1241 2423 stinianus
1259 2393 1289 2422 d.
1305 2397 1351 2431 pr.
1370 2389 1441 2431 Inst.
1461 2391 1488 2422 b.
1507 2398 1528 2422 ι.
1556 2391 1682 2429 publica
1704 2400 1722 2422 a
1741 2390 1970 2423 communibus
2019 2410 2021 2412 -

1093 2432 1259 2465 manifeste
1270 2432 1421 2463 distinxit.
1438 2442 1509 2464 nam
1521 2433 1572 2464 vel
1582 2442 1623 2463 ex
1632 2432 1808 2464 Prudentio
1824 2431 1949 2463 constat
1959 2454 1970 2471 ,

1093 2484 1134 2507 ne
1150 2475 1227 2506 alios
1245 2482 1359 2505 vocem
1378 2474 1418 2504 ad
1436 2481 1559 2513 partes,
1576 2482 1657 2512 quos
1674 2473 1777 2504 habeo
1794 2473 1970 2513 plurimos,

1094 2515 1222 2556 publica
1238 2515 1267 2546 ἃ
1286 2517 1466 2546 communia
1483 2515 1566 2545 idern
1584 2514 1694 2545 sonare
1712 2515 1795 2554 apud
1814 2514 1969 2546 Veteres:

1093 2558 1189 2598 idque
1206 2565 1266 2588 nec
1281 2565 1399 2597 negant
1416 2554 1643 2595 jurisconsulti.
1680 2554 1731 2587 Ex
1751 2556 1798 2586 his
1814 2554 1970 2596 Ulpianus

1093 2599 1112 2630 l.
1130 2609 1179 2638 24.
1198 2597 1239 2629 D.
1253 2598 1287 2628 de
1301 2598 1403 2628 damno
1420 2596 1525 2634 inficio
1544 2597 1603 2635 ait,
1620 2595 1786 2628 fluminum
1801 2596 1889 2628 usum
1908 2596 1971 2628 esse

1094 2648 1319 2677 communem,
1343 2638 1421 2670 ficut
1445 2639 1610 2676 littorum,
1634 2639 1664 2669 <Sc
1688 2639 1807 2670 viarum
1831 2638 1972 2679 publica-

1095 2691 1174 2713 rum.
1201 2680 1224 2712 E
1236 2679 1360 2711 diverso
1377 2678 1566 2718 justinianus
1582 2679 1611 2720 §.
1624 2690 1654 2718 5.
1673 2678 1743 2719 Inft.
1761 2680 1790 2711 h.
1804 2685 1825 2710 t.
1842 2681 1904 2718 ait,
1921 2680 1972 2711 lit-

1097 2731 1202 2754 torum
1226 2721 1313 2753 usum
1338 2720 1401 2752 ess‘e
1426 2721 1589 2760 publicum
1612 2721 1732 2761 &juris
1748 2722 1912 2762 gentium,
1937 2719 1971 2752 fi.

1096 2773 1150 2796 cut
1168 2763 1260 2800 ipsius
1277 2763 1379 2794 maris.
1405 2761 1528 2793 Eodem
1547 2762 1647 2794 modo
1665 2761 1818 2802 Ulpianus
1837 2762 1857 2793 l.
1875 2771 1919 2803 13-
1939 2761 1970 2803 §.

173 2811 305 2847 tionum,
323 2807 353 2838 δι
370 2806 500 2840 cohaefit
516 2809 605 2840 olim.
650 2809 787 2841 Accedit
803 2809 892 2849 quod
908 2806 1053 2838 Michael
1089 2805 1148 2846 fin.
1169 2804 1209 2836 D.
1229 2806 1262 2835 de
1278 2805 1367 2845 injur.
1392 2803 1422 2835 ἃ
1447 2803 1552 2835 Aristo
1576 2804 1596 2834 l.
1614 2811 1681 2844 pen.
1704 2807 1732 2835 l).
1759 2809 1781 2835 t.
1807 2803 1970 2844 publicam

174 2850 365 2887 Attaliates,
390 2846 524 2879 Graecus
548 2849 811 2889 jurisconsultus,
836 2850 884 2881 tit.
904 2859 933 2880 2.
959 2849 1053 2889 Prag-

175 2892 364 2929 mafflormn,
379 2898 493 2921 omnes
509 2898 560 2920 eas
575 2900 624 2922 res
639 2891 781 2923 {imiliter
795 2898 894 2922 vocat
909 2899 1053 2921 commu-

174 2938 372 2972 nes,‘atque
389 2931 506 2962 eodem
522 2931 598 2969 jure.
643 2931 716 2964 Nec
735 2934 839 2965 minus
862 2931 1053 2964 Prudentius

175 2977 225 3008 lib.
247 2984 277 3006 2.
293 2973 443 3011 Adversus
460 2972 663 3012 Symmachum
681 2974 787 3005 verbis
804 2973 1017 3013 sequentibus.

219 3015 318 3049 Nunc
335 3015 441 3056 adflent
457 3014 564 3044 homini
578 3015 647 3044 data
666 3023 786 3046 munera
799 3015 906 3056 legibus
921 3015 1037 3053 iisdem,

219 3057 315 3101 Quez's
331 3054 455 3096 conceffa
454 3055 560 3093 semel,
571 3055 643 3094 fons
653 3054 794 3095 liquitur,
811 3058 904 3086 amnis
912 3057 1051 3095 inundat,

217 3098 386 3133 thlvolum
400 3097 511 3128 ratibus
528 3105 606 3127 mare
617 3094 764 3134 finditur,
787 3095 886 3135 influit
903 3097 1012 3137 imber,

218 3143 308 3174 Aura
324 3141 403 3171 volat
420 3139 532 3177 tenuis,
555 3144 708 3178 vegetatur
723 3137 831 3167 mobilis
848 3138 915 3175 ak'r,

219 3183 263 3214 Er
279 3191 320 3212 res
335 3187 449 3212 natzlrae
461 3178 501 3219 fit
515 3179 651 3220 publica,
670 3183 857 3218 promptaque
872 3178 1003 3217 caustis,

217 3223 431 3265 Dmnservant
444 3221 580 3257 elementa
586 3220 678 3264 suum
686 3219 871 3261 famulantia
886 3219 1010 3260 cursum.

1094 2853 1214 2878 vocant
1230 2847 1323 2877 maris
1338 2844 1476 2877 causam:
1497 2853 1688 2885 quamquam
1704 2854 1790 2877 mare
1813 2845 1844 2876 &
1862 2845 1969 2876 littora

1095 2888 1164 2920 sunt
1178 2888 1370 2919 communia.
1408 2885 1469 2918 Sed
1485 2885 1549 2918 five
1566 2887 1766 2925 communia,
1790 2885 1852 2918 five
1869 2886 1970 2927 publi-

1094 2939 1149 2969 ca,
1170 2938 1208 2960 ea
1230 2928 1390 2966 dicamus,
1413 2928 1490 2960 nihil
1518 2928 1671 2960 addentes
1695 2936 1866 2968 praeterea,
1889 2925 1968 2958 nihil

1094 2972 1246 3003 dicimus:
1266 2973 1339 3011 quia
1355 2979 1420 3001 non
1437 2970 1482 3001 est
1492 2969 1584 3009 plena
1595 2969 1719 3001 locutio
1731 2993 1740 3007 ,
1756 2970 1783 3000 δε
1794 2967 1830 2999 fit
1840 2968 1967 2999 demum

1094 3013 1232 3054 integra:
1248 3011 1270 3043 fi
1287 3012 1447 3048 dicamus,
1467 3019 1603 3051 quorum
1622 3011 1652 3042 &
1668 3019 1733 3051 quo
1747 3012 1815 3050 jure
1832 3015 1967 3048 quaeque

1094 3053 1276 3085 communia
1298 3061 1352 3084 aut
1370 3053 1498 3093 publica
1521 3051 1584 3083 esse
1600 3052 1743 3083 velimus.
1789 3049 1922 3080 Veteres
1938 3057 1968 3078 e-

1093 3097 1160 3128 nim
1188 3096 1348 3135 duplicem
1371 3093 1482 3126 fecere
1503 3094 1685 3125 civitatem:
1709 3099 1799 3122 unam
1816 3089 1967 3128 majorem

1094 3137 1195 3169 totius
1211 3136 1340 3174 mundi,
1364 3136 1396 3168 id
1414 3135 1476 3173 est,
1493 3134 1557 3166 Dei
1577 3135 1606 3165 &
1619 3133 1760 3177 omnium
1780 3130 1966 3176 hominum:

1094 3179 1226 3210 alteram
1248 3178 1422 3216 minorem,
1446 3176 1640 3212 Romanam,
1666 3173 1752 3203 verbi
1775 3179 1892 3212 gratia.
1915 3179 1969 3202 aut

1094 3218 1341 3259 Atheniensem,
1362 3226 1416 3252 aut
1432 3216 1574 3252 similem.
1590 3215 1663 3248 inde
1678 3221 1809 3255 quoque
1826 3213 1969 3284 duplicfis
