2036 3495
539 61 626 96 Dr.
689 59 1165 99 Usurnucrtr
1225 58 1380 100 Lini.

1798 79 1865 116 329

64 159 68 163 ’
109 161 215 185 antum
229 151 268 185 ad
285 151 384 192 ipsum
402 151 537 190 attinet,
560 160 626 192 quo
643 150 746 182 minus
767 149 847 183 salva
865 150 933 183 sub·
977 150 1071 183 bonae
1088 150 1161 183 fidei
1182 152 1344 193 poffeffor.
1367 162 1437 186 nam
1455 155 1519 196 ejiis
1539 153 1658 189 fruetus
1675 155 1853 199 sunt,quo-

91 195 174 227 antia
191 194 237 227 fit.
261 194 384 234 optime
402 201 507 224 autem
524 192 687 224 Salvianus
699 215 708 230 ,
728 191 775 222 De
788 194 932 234 guberna·
976 202 1041 233 quo
1066 195 1165 225 modo
1181 205 1197 225 a
1215 195 1281 226 solo
1308 194 1458 236 separati:
1482 197 1535 228 etfi
1561 207 1624 230 non
1643 199 1682 230 ab
1697 208 1738 230 co
1753 200 1772 231 l.
1799 204 1849 242 25¹.

67 239 142 269 tione
167 236 244 275 Dei,
268 236 315 266 lib.
343 245 372 274 4.
394 241 464 276 pag.
487 237 536 274 67.
564 233 600 265 In
616 234 674 274 ipso
692 234 816 265 humano
830 243 933 275 genere
975 234 1003 275 §.
1027 244 1049 265 ι.
1072 235 1112 266 D.
1130 237 1163 265 de
1182 238 1294 275 usuris,
1317 239 1344 268 cl.
1362 238 1380 268 ὶ.
1405 246 1449 277 ¹53·
1469 238 1509 269 D.
1529 239 1646 284 Quibus
1663 242 1751 272 modis
1769 245 1852 282 usus-

68 279 168 313 nullus
182 277 223 317 fit
238 278 333 317 ferme
354 276 501 307 bominum
523 281 583 306 tam
605 275 683 305 hebes
697 275 749 315 qui
762 276 800 306 ad
815 276 864 306 hoc
881 275 931 306 ali·
965 275 1087 312 fructus
1109 277 1267 308 amittitur.
1299 277 1350 310 sed
1376 279 1521 311 interest:
1547 283 1635 321 quod
1659 281 1849 315 fructuarius

67 321 139 362 quid
152 325 222 362 aga„
238 325 323 360 atque
340 317 491 357 perficiat,
513 322 546 347 ut
562 315 693 357 perfetta
708 325 764 347 non
781 322 872 348 curet.
907 317 930 348 Ι-
974 326 1147 357 numquam
1172 318 1215 350 est
1239 320 1387 351 dominus
1415 322 1561 361 corporis
1579 332 1619 354 ex
1637 331 1702 362 quo
1720 324 1848 358 nascun-

64 364 149 404 gitur
171 367 302 402 oportet
325 359 527 390 fructum-ium
550 365 679 388 ornnem
703 366 810 389 curam
835 367 930 398 quam

64 406 97 435 in
115 413 147 435 re
164 402 212 434 sua
228 401 432 432 custodienda
451 399 631 438 tuendaque
647 398 776 430 adhibet
794 400 928 440 diligens

65 443 306 486 paterfamilias,
330 443 361 472 in
385 451 418 472 re
443 439 611 471 srussuaria
627 440 796 471 adhibere:
821 451 861 472 ne
877 450 931 481 pe-

63 493 151 524 reat,
175 494 256 516 neve
278 483 416 515 deterior
432 480 483 512 fiat
503 481 566 520 ejus
585 481 677 520 culpa
695 490 749 512 aut
769 483 930 523 negligen-

64 529 107 559 tia
122 529 140 557 l.
158 531 208 567 65.
228 524 268 556 D.
291 526 348 555 eod.
366 524 410 554 cu.
440 522 458 552 l.
483 531 505 553 ι.
524 522 553 563 §.
572 523 625 553 ult.
645 522 681 556 {9⁹
701 523 719 554 l.
741 533 768 554 2.
789 523 829 555 D.
853 523 931 561 Ulu-

57 568 246 610 frustuarius
264 565 497 607 quemadmodum
519 570 631 595 caveat.
663 563 727 595 hoc
756 574 833 596 vcro
858 574 929 597 cum

65 611 158 648 dico,
183 609 277 639 etiam
294 607 389 643 volo,
413 615 483 637 eum
502 605 587 636 ferre
605 604 780 646 impensas,
804 607 842 637 ad
864 607 929 647 ejtrs

63 651 194 682 tutelam
214 647 406 679 necessarias.
431 656 490 677 nec
508 646 562 677 has
581 655 724 686 tantum,
747 647 798 679 sed
815 656 930 679 caetera

61 700 191 732 quoque
207 699 303 720 onera
319 689 338 720 l.
356 699 384 729 7.
403 688 431 730 ὃ.
448 699 474 720 2.
492 688 510 719 l.
530 698 577 728 45.
597 688 637 719 D.
652 690 684 719 de
702 688 866 729 usufrubtu.
886 689 931 720 est

62 733 146 764 enim
170 731 312 769 rationi,
342 730 394 763 sed
420 731 449 761 dt
475 730 583 761 utendi
608 731 769 762 vocabulo
788 753 798 770 ‚
821 729 930 761 conse-

63 783 182 815 quens3
205 773 332 812 quando
352 772 395 802 uti
413 781 446 802 re
463 771 524 809 est,
549 780 617 803 eam
636 781 807 810 exercere,
831 781 927 812 quan-

61 823 129 847 tum
147 813 251 852 potest
269 813 348 844 salva
365 813 428 853 ejus
452 812 635 845 substantia:
652 814 747 845 etiam
765 814 795 845 id
811 822 927 844 conve-

60 858 108 889 nit
122 855 231 888 officio
251 855 327 886 boni
347 853 598 895 patrisfamilias:
617 854 744 894 ass'ueti,
761 864 824 886 rem
844 854 926 886 suam

60 898 141 930 tueri
166 906 203 928 ac
226 896 434 934 conservare3
457 905 594 936 eumque
618 897 649 927 in
672 895 767 927 finem
788 905 851 927 non
870 897 925 928 mi·

60 949 118 972 nus
135 937 308 979 impensas,
332 938 362 969 ἃ
380 938 423 969 rei
446 946 542 968 onera
559 936 726 976 sustinere,
750 947 843 977 quam
861 939 925 978 ejus

60 980 232 1012 commoda
249 980 353 1020 sequi:
372 980 415 1010 uti
434 978 491 1010 suis
510 979 539 1010 in
558 979 637 1011 locis
654 978 830 1010 ostendam.

102 1021 200 1060 Dlxi,
224 1021 298 1062 quid
317 1020 352 1052 fit
371 1022 416 1051 uti
433 1020 461 1051 ἃ
478 1019 550 1051 frui.
582 1019 687 1058 fimul,
709 1021 875 1060 quomodo
894 1028 927 1051 u*-

59 1071 144 1095 tatur
154 1062 276 1094 fruatur
288 1061 493 1094 fructuarius:
508 1061 610 1093 adhuc
624 1062 794 1094 dicendum
804 1084 813 1100 ,
833 1070 928 1101 quan-

61 1106 105 1136 do
122 1105 266 1135 videatur
285 1104 329 1134 uti
346 1106 374 1135 ἃ
393 1102 464 1134 frui.
498 1103 527 1134 id
545 1112 624 1134 vero
641 1112 681 1134 eo
697 1104 793 1144 magis
810 1103 926 1134 facien-

58 1146 160 1178 dum:
183 1146 271 1186 quod
291 1154 364 1176 cum
388 1143 578 1176 ususfructus
602 1144 637 1175 fit
658 1144 791 1176 facultas
818 1144 926 1175 utendi

54 1187 205 1225 fruendi3
227 1194 374 1226 apparet,
397 1186 536 1224 fructus,
558 1184 579 1216 fi
602 1192 706 1217 utatur
722 1185 842 1217 fruatur
860 1185 924 1216 fru-

59 1229 211 1266 ctuarius,
236 1228 301 1267 ejus
326 1227 392 1258 fieri
418 1228 584 1257 voluntate
606 1226 747 1265 domini,
773 1226 831 1257 hac
854 1227 925 1267 lege

57 1279 115 1301 eos
133 1269 356 1300 concedentis:
381 1267 401 1299 fi
418 1277 481 1298 non
502 1275 608 1298 utatur
625 1266 767 1307 fruatur,
790 1277 854 1299 non
871 1268 923 1299 fie-

56 1311 81 1343 ri
105 1311 189 1351 ejus:
213 1310 284 1349 quia
314 1318 423 1340 verum
447 1308 509 1347 est,
532 1317 596 1339 non
621 1308 683 1339 ess'e
700 1310 791 1340 datos
809 1310 924 1346 quibus

56 1361 123 1383 non
146 1351 190 1382 est
215 1351 283 1382 usus
311 1350 340 1381 &
363 1349 487 1381 fruitus.
522 1349 573 1380 sed
590 1349 694 1389 placet
711 1351 799 1388 quod
818 1349 920 1390 Ulpia*

52 1402 113 1425 nus
139 1394 202 1431 ait,
228 1392 273 1423 uti
301 1391 331 1422 ἃ
355 1390 415 1422 frui
442 1389 610 1422 consistere
627 1400 667 1422 ex
684 1390 767 1423 facto
786 1402 851 1432 ejus
869 1393 922 1432 qui

56 1434 157 1466 utitur
173 1435 201 1465 &
217 1433 359 1464 fruituri.
371 1433 448 1464 unic.
461 1432 501 1464 D.
521 1431 648 1476 Quando
664 1434 722 1464 dies
737 1433 924 1473 ususfrubtus

52 1476 143 1517 legati
157 1476 255 1506 cedat:
279 1475 390 1515 procul
412 1475 506 1515 igitur
528 1475 625 1505 uubio
643 1474 742 1506 utitur
760 1475 788 1506 ὅ(
808 1474 923 1506 fruitur

51 1516 260 1554 fruetuarius,
284 1524 357 1547 cum
372 1514 490 1547 fruetus
506 1515 661 1556 percipit,
686 1516 750 1547 hoc
772 1516 834 1554 est,
866 1526 922 1548 eos

49 1558 84 1590 in
103 1557 189 1589 usum
205 1558 291 1589 suum
309 1557 429 1598 separat
450 1566 467 1588 a
490 1566 629 1597 corpore
646 1566 685 1588 ex
704 1567 769 1598 quo
784 1557 853 1589 sunt
869 1567 922 1589 na-

56 1601 98 1630 ti:
122 1607 155 1630 ut
174 1598 273 1639 spica,
298 1606 350 1629 aut
372 1597 463 1629 foeno
482 1598 582 1635 caeso,
605 1607 659 1629 aut
678 1608 738 1630 uva
755 1599 922 1640 adempta,

51 1647 106 1672 aut
127 1640 198 1672 olea
219 1639 364 1671 excuffa:
391 1640 534 1679 quamvis
559 1639 754 1672 frumentum
779 1643 922 1673 nondum

53 1683 162 1713 tritum
180 1701 190 1720 ,
219 1682 326 1712 oleum
351 1681 493 1712 nondum
510 1679 625 1713 faftum
638 1704 647 1719 ,
670 1683 829 1713 vindemia
846 1691 926 1714 non-

50 1723 125 1754 dum
148 1722 256 1753 coaCta
275 1721 309 1752 sit
324 1721 343 1753 l.
368 1730 414 1762 13.
434 1721 474 1752 D.
497 1721 611 1764 Quibus
632 1724 720 1753 modis
735 1723 923 1763 ususfruitus

50 1765 97 1794 vel
121 1764 188 1802 ulus
205 1764 358 1794 amittitur.
384 1763 469 1801 quod
496 1763 517 1794 fi
540 1773 603 1794 non
623 1762 680 1794 sint
701 1765 865 1804 percepti,
890 1766 922 1797 id

51 1803 115 1843 est,
131 1813 147 1835 a
162 1812 300 1843 corpore
313 1803 440 1843 separati
452 1803 589 1835 fructus:
606 1803 658 1835 etfi
673 1806 837 1845 potuerint
853 1815 920 1844 per-

52 1846 137 1885 cipi3
160 1854 224 1877 non
248 1844 328 1876 fiunt
350 1844 535 1883 fructuarii}
555 1844 605 1876 sed
622 1854 749 1877 manent
775 1847 920 1879 domini:

52 1888 125 1928 quia
142 1895 251 1918 verum
269 1884 330 1923 est,
348 1895 475 1917 manere
494 1893 596 1923 partes
613 1888 775 1926 corporis,
798 1898 839 1920 ex
856 1897 921 1926 quo

50 1929 116 1960 nati
140 1927 225 1959 sunt:
252 1936 359 1966 eoque
383 1937 447 1958 non
467 1927 528 1959 effe
553 1928 639 1959 usum
663 1928 692 1960 ὅ(
708 1928 837 1960 fruitum
858 1929 921 1960 fru-

53 1969 216 2000 ernanum.
266 1967 338 1999 Plus
356 1967 565 2000 desideratur:
591 1977 625 2000 ut
644 1978 659 2000 a
675 1968 849 2002 fructuario
865 1970 923 2002 sint

50 2010 208 2051 percepti.
235 2018 307 2041 nam
318 2008 339 2040 fi
353 2018 409 2050 per
426 2009 455 2040 se
466 2010 634 2049 decidant,
652 2019 703 2042 aut
719 2012 758 2042 ab
773 2012 835 2042 alio
853 2021 921 2048 pcr-

49 2051 225 2092 cipiantur,
242 2060 258 2081 a
277 2050 366 2089 fure,
384 2051 472 2082 vei-bi
491 2053 609 2091 gratia3
626 2053 686 2091 jam
704 2061 768 2084 non
785 2052 920 2084 frutina-

49 2094 88 2125 rii
103 2092 200 2131 fiunt,
222 2091 275 2123 sed
296 2098 425 2123 manent
447 2092 570 2124 domini
587 2093 675 2133 cujus
691 2102 763 2124 ante
778 2094 919 2126 fuerunt.

48 2142 86 2165 ut
100 2134 184 2165 enirn
199 2132 429 2174 fintpercepti3
447 2133 562 2165 suntab
572 2135 635 2166 alio
646 2136 807 2176 percepti,
826 2144 919 2176 quam

49 2185 68 2206 a
80 2175 263 2207 fruCtuario.
293 2183 357 2206 non
372 2175 467 2216 igitur
483 2174 550 2206 sunt
565 2176 631 2216 ejus
649 2185 664 2206 a
679 2185 745 2215 quo
762 2186 828 2208 non
850 2176 920 2209 sunt

50 2217 213 2257 percepti:
239 2216 310 2256 quia
326 2225 390 2247 non
405 2216 450 2248 est
467 2216 512 2248 his
537 2215 605 2248 usus
628 2217 657 2249 ὅ(
674 2217 797 2250 fruitus.
842 2218 921 2250 Inde

52 2258 136 2298 apud
151 2256 324 2297 Ulpianum
342 2257 361 2287 l.
378 2267 422 2289 12.
443 2257 470 2299 ᾗ.
489 2257 541 2288 ult.
561 2257 603 2289 D.
621 2260 654 2289 de
670 2259 844 2298 usufructu,
861 2260 920 2300 Ju-

48 2298 147 2330 liunus
160 2299 208 2330 lib.
227 2308 277 2339 35.
304 2297 488 2338 Digestorum
502 2298 626 2332 tractat.-
649 2300 682 2331 Si
701 2301 760 2339 fur
784 2303 920 2341 decerpse-

51 2341 110 2375 rit,
121 2340 167 2371 vel
174 2340 325 2380 desecuerit
333 2339 454 2378 fruetus
468 2345 592 2371 maturos
603 2343 773 2381 pendentes,
784 2343 831 2372 cui
839 2352 890 2373 con
905 2359 916 2367 -

48 2380 171 2413 diffione
192 2386 342 2412 teneatur.-
363 2382 474 2412 domino
479 2382 592 2420 fundi,
614 2392 652 2413 an
661 2382 858 2421 frustuario?
883 2383 920 2418 {3⁹

42 2428 150 2463 putat,
173 2424 308 2463 quonium
318 2422 441 2462 fruitus
456 2432 511 2453 non
523 2421 605 2462 fiunt
612 2423 796 2463 fructuarii,
818 2423 873 2462 nisi
887 2426 921 2456 ub

51 2473 80 2494 eo
91 2464 312 2504 percipiant-ur,
335 2464 399 2494 licet
416 2465 451 2495 ab
468 2464 521 2495 alio
537 2470 614 2496 terra
623 2469 814 2506 separentur,
830 2468 921 2507 magis

45 2506 232 2546 proprietario
243 2505 444 2536 conflictionem
459 2512 626 2545 competere,
643 2506 808 2545 frutiuario
823 2515 921 2539 autem

47 2547 129 2586 furti
143 2545 299 2581 aaronem:
322 2548 456 2586 quonium
477 2547 614 2587 interfuit
630 2548 711 2589 ejus,
727 2548 850 2588 fructus
865 2558 923 2580 non

51 2586 102 2625 effe
116 2588 233 2618 (ablatos.
261 2587 416 2618 Marcellus
434 2593 529 2620 autem
545 2595 676 2620 movetur
689 2591 820 2631 eo,qu0d
832 2589 858 2627 fi
870 2597 921 2629 po-

44 2626 109 2669 stea
120 2628 241 2665 fructus
255 2637 298 2659 eos
321 2628 443 2659 nuntius
453 2629 550 2669 fuerit
564 2629 754 2669 frutiuarius
765 2654 774 2669 ,
790 2630 922 2671 fortaffis

47 2668 129 2709 fiant
144 2669 215 2709 ejus.
238 2678 307 2702 nam
314 2668 344 2706 fi
355 2668 454 2708 fiunt,
472 2680 529 2712 qua
544 2673 653 2702 ratione
668 2672 718 2702 hoc
732 2674 848 2710 evenit,
865 2671 921 2709 nzfi

53 2719 104 2747 ea,
128 2716 161 2739 ut
178 2710 292 2740 interim
308 2710 413 2748 flerent
428 2713 631 2751 proprietarii;
652 2723 719 2744 mox
737 2712 919 2752 apprehensi,

45 2748 213 2791 fruftuarii
226 2749 400 2789 efficientur:
410 2752 534 2793 exemplo
550 2754 592 2783 rei
600 2753 659 2792 sub
675 2755 921 2795 conditione'lega-

53 2799 105 2829 ιω,
115 2800 177 2831 quae
191 2792 306 2822 interim
321 2792 429 2822 heredis
444 2790 482 2831 esi
492 2816 501 2831 ,
523 2792 659 2833 existente
673 2802 769 2826 autern
785 2797 921 2827 conditio-

51 2842 87 2864 ne
98 2855 107 2870 ,
131 2832 168 2862 ad
184 2831 355 2872 legatarium
370 2833 483 2869 transit.
506 2854 509 2856 ,
529 2834 638 2866 Verum
654 2833 693 2876 est
708 2837 799 2874 enim,
825 2837 922 2867 concii-

54 2873 175 2905 &ionem
184 2879 333 2912 competere
344 2875 542 2913 proprietario.
568 2886 631 2906 cum
646 2883 741 2908 autem
756 2879 788 2907 in
798 2879 921 2917 penden-

52 2917 76 2946 τὶ
90 2912 128 2954 est
144 2914 319 2947 dominium,
349 2915 400 2953 (ut
419 2916 474 2955 ipse
489 2915 633 2955 Julianus
649 2919 691 2948 ait
707 2919 739 2948 in
753 2919 827 2955 foetu
839 2942 846 2954 ,
870 2918 922 2959 qui

44 2956 262 2996 summittitur,
286 2953 322 2988 ὅ)
348 2956 378 2984 in
395 2964 423 2985 eo
435 2979 443 2991 ‚
466 2958 540 2996 quod
549 2958 658 2995 servus
667 2958 854 2997 frustuurz'us
871 2967 922 2999 per

54 2997 237 3028 traditionem
260 2997 367 3036 accepit
383 3017 392 3032 ,
417 2998 542 3027 nondum
562 2998 675 3038 quidem
695 3001 787 3039 pretio
803 3000 922 3039 soluto,

47 3037 99 3078 sed
115 3044 210 3068 tamen
233 3038 267 3068 ab
290 3046 318 3067 eo
327 3037 504 3077 satirftabto)
527 3039 676 3069 (licendum
692 3037 748 3079 est,
770 3039 921 3071 condictio-

58 3087 121 3109 nem
130 3079 270 3118 pendere,
293 3079 439 3119 vitigisque
455 3079 485 3109 in
500 3080 635 3118 pendenti
650 3079 700 3120 effe
717 3081 884 3112 dominium.

92 3119 253 3159 Superiori
278 3119 455 3151 definitioni
480 3119 501 3151 fi
516 3120 620 3158 adest,
646 3129 679 3151 ut
695 3130 845 3162 oportet,
867 3131 919 3154 au-

55 3158 324 3233 ctoIritas31minus
344 3161 420 3201 juris
443 3160 574 3193 habebit
595 3161 798 3202 fructuarius,
822 3172 916 3204 quam

123 3209 176 3232 om.
219 3225 227 3233 .

973 366 1023 389 tur
1041 358 1179 397 fructus,
1197 368 1319 392 tantum
1339 361 1435 392 habet
1450 363 1497 401 jus
1515 365 1624 395 utendi
1643 364 1768 397 fruendi
1785 376 1845 399 eo:

975 401 1068 430 bonae
1084 408 1187 431 autern
1207 400 1278 432 fidei
1297 402 1467 442 possfflbr,
1491 403 1547 435 ets1
1565 414 1625 436 nec
1643 406 1706 445 ipse
1722 406 1757 438 fit
1775 417 1845 440 cor-

975 442 1061 481 poris
1081 442 1248 481 dominus,
1266 444 1391 474 interim
1410 453 1467 483 pro
1484 447 1617 477 domino
1636 447 1787 487 habetur,
1811 460 1845 481 u-

975 483 1005 512 bi
1032 491 1096 514 non
1120 492 1251 524 apparet
1273 485 1361 515 alius.
1394 485 1435 515 ita
1455 495 1519 517 non
1536 487 1641 526 potest
1657 488 1844 524 fructuarius

975 524 1074 555 videri
1099 524 1246 557 dominus
1265 524 1425 557 fructuum
1449 527 1679 561 cohaerentium
1698 533 1843 571 proprie-

975 565 1050 603 tati;
1075 566 1147 606 quin
1173 575 1235 597 non
1260 569 1357 608 magis
1381 567 1425 599 cst
1450 569 1603 608 partium,
1627 580 1718 611 quam
1746 574 1845 605 totius

974 606 1019 637 rei
1037 606 1201 639 dominus:
1224 617 1285 639 nec
1302 609 1514 648 separatorum
1532 608 1568 641 fit
1585 611 1658 643 alias
1676 615 1844 653 domium,

974 656 1068 685 quam
1084 647 1102 678 ii
1121 658 1178 679 eos
1196 649 1260 689 ipse
1273 649 1462 690 separaverit
1485 651 1514 682 in
1532 651 1619 683 usum
1642 652 1746 693 suum,
1770 657 1843 696 quia

974 687 1015 719 fic
1041 690 1170 720 demum
1195 693 1240 721 uti
1267 692 1296 722 ἂ
1313 692 1374 723 frui
1391 692 1587 733 intelligitur.
1617 701 1729 726 'contra
1749 698 1844 728 bonae

973 728 1047 760 fidei
1074 730 1244 771 possessor,
1269 741 1302 763 ut
1327 732 1417 773 ipsius
1435 735 1599 774 corporis,
1622 735 1664 767 fic
1680 737 1845 769 cohaeren-

973 771 1050 801 tium
1070 771 1229 804 fructuum
1250 773 1332 814 quasi
1350 775 1504 814 partium,
1522 777 1669 809 dominus
1686 778 1840 819 liabetur3

972 811 1002 842 ἃ
1018 810 1038 842 ii
1055 810 1253 852 separentur,
1276 816 1424 847 dominus
1453 825 1579 857 nianet3
1603 817 1665 850 five
1690 819 1729 850 ab
1754 819 1842 860 ipso,

969 851 1033 883 five
1050 853 1089 882 ab
1104 853 1166 884 alio
1184 853 1381 894 separentur:
1405 859 1477 895 quia
1500 867 1609 891 neutra
1627 862 1840 902 perceptione

969 892 1025 932 fit,
1041 902 1096 924 cur
1113 893 1253 927 desinant
1268 897 1328 928 effe
1345 899 1409 938 ejus
1424 900 1512 940 cujus
1531 909 1604 932 ante
1620 902 1731 940 fuere3
1749 911 1785 934 ut
1802 913 1842 935 ex.

970 935 1036 980 d.·l.
1057 944 1106 974 25.
1124 935 1152 975 ᾗ.
1175 944 1198 981 ¹:
1219 937 1255 971 δέ’
1273 937 1292 968 l.
1309 940 1358 975 48.
1377 939 1416 969 D.
1435 942 1468 970 de
1484 943 1661 984 adquirendo
1678 953 1775 976 rerum
1791 947 1838 977 do·

969 977 1057 1006 minio
1074 977 1190 1017 collegi
1207 977 1403 1011 Probabilium
1418 981 1464 1012 lib.
1484 992 1510 1013 2.
1528 994 1550 1014 c.
1568 992 1597 1024 7.

1012 1016 1172 1048 Caeterum
1200 1027 1234 1049 ut
1250 1019 1368 1059 refert,
1393 1029 1495 1053 utrum
1519 1024 1638 1058 fruel-us
1656 1026 1713 1059 fint
1732 1036 1844 1068 perce·

971 1058 1016 1098 pti
1035 1057 1259 1103 asruftuario,
1282 1070 1320 1092 an
1338 1063 1376 1092 ab
1394 1064 1472 1095 alio:
1496 1065 1538 1096 ita
1557 1067 1632 1098 nihil
1652 1069 1803 1109 interest,
1824 1079 1841 1100 a

971 1108 1036 1139 quo
1053 1099 1105 1144 {ati
1124 1099 1182 1131 sint
1197 1102 1224 1132 d.
1237 1102 1256 1132 l.
1270 1111 1319 1143 25.
1335 1103 1362 1144 §.
1386 1113 1409 1135 r.
1430 1106 1511 1137 adeo
1527 1106 1547 1138 fi
1567 1109 1722 1149 relinquat
1738 1111 1840 1142 dorni·

970 1149 1026 1171 nus
1045 1140 1288 1182 usumfrustum,
1314 1144 1468 1178 frutribus
1484 1150 1630 1188 maturis,
1658 1152 1761 1191 potest
1779 1151 1843 1184 fru-

970 1181 1102 1213 ctuarius
1119 1192 1177 1214 eos
1193 1193 1274 1224 quos
1291 1186 1427 1217 cedente
1444 1188 1537 1228 legati
1556 1191 1625 1225 die,
1646 1192 1750 1222 adbuc
1767 1202 1847 1232 pen-

969 1224 1082 1254 dentes
1099 1232 1152 1254 aut
1176 1225 1290 1257 stantes
1315 1228 1554 1267 deprehendat,
1577 1230 1678 1264 ferre:
1701 1233 1761 1271 (iic
1783 1233 1839 1265 Ul·

969 1265 1078 1304 pianus
1095 1265 1113 1295 l.
1134 1274 1182 1306 27.
1204 1265 1245 1297 D.
1272 1269 1307 1298 de
1331 1269 1487 1308 usufruciu
1511 1271 1589 1302 dicit
1614 1266 1673 1311 pro
1692 1273 1838 1314 auferre,-

969 1307 1020 1337 vel
1044 1307 1227 1347 percipere:
1255 1317 1288 1340 ut
1305 1311 1335 1340 in
1353 1310 1371 1340 Ι.
1394 1319 1438 1342 12.
1458 1311 1494 1346 ὅ)
1518 1312 1537 1343 l.
1555 1322 1604 1351 42.
1623 1313 1651 1354 §.
1673 1323 1697 1345 r.
1721 1314 1761 1346 D.
1777 1317 1837 1347 eod.

967 1348 1035 1387 tit.)
1051 1357 1091 1393 eo
1107 1350 1195 1387 quod
1212 1350 1280 1381 sunt
1298 1360 1367 1390 pars
1386 1353 1430 1383 rei
1448 1354 1536 1392 cujus
1552 1353 1638 1385 usum
1651 1355 1680 1387 ὅ(
1699 1355 1838 1388 fructum

966 1396 1110 1429 accepit:
1130 1397 1163 1420 ut
1183 1399 1216 1421 ut
1234 1392 1262 1422 ei
1281 1393 1396 1424 nullam
1413 1394 1593 1427 adhibuerit
1612 1398 1766 1429 culturam
1785 1407 1841 1430 aut:

967 1438 1087 1476 curam..
1115 1429 1192 1462 Hoc
1209 1432 1239 1464 in
1258 1432 1424 1466 fructibus.
1442 1443 1473 1466 at
1486 1445 1587 1476 pone:
1606 1438 1753 1471 dominus
1768 1438 1843 1471 fun·

967 1471 997 1502 di
1013 1471 1062 1502 alii
1077 1480 1139 1511 jam
1159 1473 1274 1513 locati,
1298 1476 1414 1507 deinde
1430 1477 1480 1508 alii
1504 1479 1670 1510 constituit
1685 1480 1842 1512 usumfru-

967 1512 1062 1544 ctum.
1092 1522 1130 1544 an
1156 1515 1360 1554 pertinebunt
1384 1518 1422 1548 ad
1440 1517 1647 1551 fructuarium
1671 1524 1839 1553 mercedes

966 1554 1061 1585 locati
1088 1553 1213 1587 fundi?
1244 1556 1314 1595 sac,
1339 1558 1507 1599 placuisse,
1532 1561 1560 1591 ei
1587 1561 1740 1601 praestari:
1764 1571 1840 1603 aut,

966 1604 1031 1626 non
1058 1595 1257 1636 displicuisse,
1287 1606 1317 1629 at
1341 1608 1413 1631 cum
1436 1601 1559 1632 colono
1583 1611 1648 1634 non
1675 1605 1842 1637 contraxit:

965 1637 1166 1668 fruftuarius.
1201 1648 1266 1670 non
1291 1641 1384 1681 igitur
1406 1649 1478 1682 aget
1503 1642 1630 1674 actione
1650 1643 1745 1676 locati
1763 1654 1839 1680 cum

966 1679 1098 1710 colono.
1122 1678 1185 1710 Sed
1202 1680 1310 1720 (quod
1327 1680 1439 1714 Paulus
1456 1683 1603 1715 observat
1618 1685 1696 1723 l.59.
1712 1686 1738 1728 §.
1753 1696 1779 1718 1.
1791 1687 1838 1720 D.

965 1721 1024 1750 eod.
1043 1720 1112 1760 tit.)
1137 1722 1281 1761 expellet
1305 1723 1477 1755 colonum:
1500 1726 1651 1765 exemplo
1676 1729 1834 1767 emptoris

965 1762 1015 1792 cui
1035 1763 1182 1793 venditus
1203 1762 1238 1794 fit
1255 1762 1371 1795 fundus
1384 1788 1392 1802 ,
1410 1766 1459 1796 alii
1477 1775 1492 1796 a
1512 1768 1682 1799 venditore
1697 1777 1771 1801 ante
1790 1770 1838 1802 lo-

966 1810 1054 1832 catus
1070 1802 1090 1831 l.
1108 1811 1136 1837 9.
1154 1803 1187 1833 C.
1206 1805 1239 1833 cie
1257 1804 1344 1836 locato
1362 1806 1398 1839 ἐπ”
1419 1806 1563 1839 condutio.
1598 1808 1640 1839 ita
1663 1811 1750 1849 quod
1769 1821 1836 1844 nou

964 1842 1000 1873 fit
1016 1842 1158 1882 directo,
1182 1842 1237 1875 fiet
1255 1853 1311 1885 per
1326 1845 1585 1888 consequentiam
1602 1851 1695 1889 :quia
1710 1852 1839 1885 adactus

965 1893 1005 1915 eo
1023 1892 1110 1915 metu
1128 1885 1283 1925 colonus,
1309 1888 1394 1919 ultro
1416 1889 1533 1921 offeret
1556 1890 1730 1923 fructum-io
1753 1902 1837 1925 mer·

964 1926 1058 1956 cedes
1074 1934 1150 1965 quas
1167 1927 1195 1957 ei
1213 1927 1332 1959 invitus
1347 1928 1471 1961 solvere
1491 1941 1554 1963 non
1571 1933 1747 1966 tenebatur.
1779 1935 1834 1968 nisi

965 1967 1041 2007 quid
1057 1966 1234 2007 specialiter
1252 1968 1348 2001 fuerit
1365 1979 1548 2012 exceptum.
1591 1973 1690 2006 Simili
1708 1977 1834 2009 ratione

964 2009 1090 2048 placet,
1113 2007 1134 2039 fi
1158 2009 1323 2042 decess‘erit
1347 2011 1556 2053 fructuarius,
1580 2016 1710 2048 rnaturis
1727 2016 1836 2049 fructi-

964 2050 1040 2088 bus,
1064 2050 1204 2082 nondum
1224 2060 1327 2083 tamen
1346 2056 1526 2094 perceptis,
1550 2065 1607 2087 eos
1629 2066 1693 2089 non
1716 2059 1756 2090 ad
1780 2058 1836 2090 he-

962 2091 1071 2122 redem
1090 2091 1174 2131 ejus,
1198 2091 1250 2123 sed
1268 2094 1305 2124 ad
1330 2095 1494 2127 dominum
1513 2097 1715 2138 proprietatis
1739 2101 1834 2140 perti-

961 2141 1037 2163 nere
1059 2132 1089 2174 ᾗ.
1116 2136 1166 2172 36.
1194 2131 1267 2173 Inst.
1293 2134 1325 2164 de
1350 2144 1445 2167 rerum
1459 2137 1615 2178 divzfione,
1639 2141 1666 2171 d.
1683 2140 1702 2172 l.
1722 2150 1768 2183 13.
1785 2142 1832 2174 D.

964 2173 1082 2217 Quibus
1100 2175 1188 2205 modis
1204 2175 1389 2215 ususfruffitus
1407 2180 1565 2211 amittitur.
1597 2190 1734 2222 nempe,
1758 2184 1834 2223 quiz

964 2225 1020 2247 eos
1043 2224 1107 2246 non
1129 2217 1273 2256 percepit
1294 2217 1501 2259 fructuarius,
1526 2230 1585 2252 nec
1608 2221 1700 2254 heres
1726 2224 1834 2263 poteil:

964 2257 1153 2298 percipere,
1177 2258 1318 2290 extinsto
1336 2258 1509 2292 usufructu.
1531 2263 1639 2294 hocin
1659 2265 1785 2304 primis;
1809 2265 1833 2299 ii

965 2307 1030 2330 non
1047 2297 1083 2329 fit
1099 2297 1221 2329 locatus
1239 2309 1254 2330 a
1271 2299 1443 2332 fructuario
1460 2302 1589 2336 fundus.
1614 2305 1679 2336 imo
1701 2307 1794 2337 etiam
1813 2306 1837 2339 li

961 2340 1006 2372 fit.
1030 2337 1135 2379 finge,
1152 2341 1239 2380 quod
1256 2341 1300 2372 est
1317 2343 1498 2382 exemplum
1518 2345 1596 2383 l.58.
1609 2345 1652 2376 D.
1668 2349 1700 2376 tle
1716 2349 1837 2387 uiufru·

962 2381 1029 2418 δὶα,
1052 2380 1172 2412 Titiam
1191 2382 1241 2412 cui
1256 2383 1392 2415 debetur
1416 2384 1607 2417 ususfructus
1623 2386 1734 2427 fundi,
1759 2399 1837 2422 eum

963 2422 1078 2455 locasse
1101 2431 1188 2453 certa
1212 2425 1371 2455 mercede.
1406 2424 1508 2466 finge,
1532 2427 1698 2466 pensiones
1715 2431 1838 2462 debere

966 2463 1075 2495 inferri
1091 2462 1241 2496 Kalendis
1260 2465 1384 2497 Martiis
1405 2466 1580 2506 (Veterum
1604 2478 1693 2501 more
1716 2479 1834 2504 notato

962 2507 1025 2547 iam
1049 2515 1066 2536 a
1091 2503 1248 2546 Dionyfio
1272 2505 1486 2538 Gothosredo
1510 2511 1546 2540 ad
1567 2512 1594 2541 d.
1613 2511 1631 2541 l.
1651 2511 1680 2543 ἂ
1698 2518 1798 2552 nuper
1814 2523 1836 2545 a.

965 2546 1191 2585 P.Bu1·rnan0,
1215 2545 1256 2579 V.
1277 2547 1384 2579 Caua
1401 2548 1569 2581 Petronium
1586 2561 1609 2582 c.
1625 2557 1674 2592 38.
1689 2560 1720 2594 p.
1741 2556 1837 2596 165.)

966 2590 995 2620 ἀ
1013 2588 1196 2620 defunctam
1214 2587 1276 2619 esse
1293 2588 1494 2622 fructuariam
1513 2593 1618 2624 mense
1635 2593 1833 2634 Decembri,

962 2631 1024 2670 jam
1042 2629 1192 2661 omnibus
1208 2628 1360 2662 frutribus
1372 2630 1461 2663 fundi
1479 2641 1535 2672 per
1551 2634 1687 2668 colonos
1704 2636 1834 2669 sublatis

964 2670 1070 2703 mense
1095 2670 1239 2701 octobri.
1271 2672 1347 2716 quiq
1371 2673 1533 2714 dicemus,
1550 2684 1703 2716 oportere
1721 2678 1837 2711 heredi

963 2712 1140 2744 fructuariae
1161 2712 1313 2751 integram
1331 2713 1407 2744 lolvi
1429 2715 1628 2754 penfionem,
1653 2728 1690 2750 an
1712 2720 1835 2752 debere

964 2763 1033 2785 eam
1053 2753 1154 2784 dividi
1171 2755 1254 2784 inter
1275 2753 1703 2798 heredem&rempublicam
1723 2763 1772 2792 cui
1790 2762 1835 2792 len

964 2803 1034 2836 gata
1052 2793 1096 2825 est
1112 2795 1316 2834 proprietas?
1332 2794 1391 2827 Sed
1413 2796 1567 2830 Scaevolae
1583 2800 1681 2832 visum
1699 2803 1726 2832 d.
1741 2803 1760 2832 ί.
1778 2806 1834 2841 58.

965 2835 1193 2875 rempublicam
1211 2836 1338 2875 quidem
1354 2846 1426 2870 curn
1443 2840 1564 2872 colono
1580 2843 1696 2874 nullam
1713 2843 1839 2873 liabere-

965 2877 1144 2909 athonem:
1183 2876 1333 2909 herede-m
1358 2889 1435 2910 vero
1467 2880 1645 2913 fruCtuariae
1674 2886 1830 2923 integram

964 2917 1148 2959 pensionem
1165 2917 1212 2949 sua
1227 2919 1277 2950 die
1288 2929 1523 2960 percepturum.
1550 2924 1726 2955 recremon
1743 2927 1830 2956 enim

965 2960 1167 2999 quaerendum
1185 2958 1263 2998 fuit,
1288 2963 1416 3001 quando
1434 2966 1556 2995 venerit
1582 2964 1737 3004 promiss'ae
1761 2964 1832 2995 dies

964 3000 1142 3040 peniionis:
1166 3000 1216 3032 sed
1234 3002 1360 3041 quando
1379 3003 1499 3035 fruetus
1517 3016 1531 3036 a
1548 3005 1668 3036 colono
1690 3004 1829 3036 fruftua-

965 3044 1018 3072 riae
1043 3041 1099 3073 lint
1124 3044 1279 3083 percepti.
1315 3045 1390 3084 quid
1416 3048 1501 3076 enim
1530 3046 1632 3076 verius
1651 3045 1713 3084 est,
1736 3055 1834 3084 quana

964 3083 1128 3123 pensiones
1148 3093 1164 3114 a
1181 3086 1301 3116 colono
1317 3088 1459 3123 promitti
1480 3095 1537 3126 pro
1551 3085 1726 3126 fructibus,
1742 3086 1760 3118 fi
1777 3090 1833 3128 qui

963 3124 1002 3155 ab
1017 3134 1057 3156 eo
1104 3125 1320 3163 ercipiantur?
1345 3126 1411 3158 sunt
1434 3135 1537 3157 aurem
1554 3135 1666 3158 omnes
1685 3131 1830 3168 percepti

960 3165 1064 3198 mense
1109 3166 1312 3239 CtobriTquo
1325 3175 1470 3206 tempore
1482 3166 1500 3199 fi
1511 3178 1527 3199 a
1545 3166 1713 3200 fructuaria
1729 3168 1827 3203 effetis

1258 3216 1270 3238 t
1757 3221 1826 3243 ncr-
