2036 3495
186 136 235 178 96
604 137 960 189 Genanul

192 222 250 254 tim
270 224 428 256 naturalia.
472 222 535 254 Sed
552 223 592 255 de
608 223 655 255 his
674 223 762 264 plura
780 225 808 255 d.
826 224 874 255 lib.
893 233 920 256 2.
942 224 1062 262 Observ.

189 273 214 295 c.
232 274 281 295 21.

233 305 331 343 Dixi,
349 305 424 345 quid
435 304 469 336 sit
483 306 596 345 capitis
616 306 813 343 deminutio,
833 306 1063 348 &quotuplex

190 344 334 384 Sequens
357 346 527 386 disputatio
552 348 675 386 tradet,
699 349 769 388 quis
792 348 826 379 sit
850 349 1001 389 cujusque
1019 350 1064 381 ef-

187 385 303 418 fectus.
336 387 380 418 est
397 396 502 419 autem
524 389 637 419 varius.
671 399 741 421 nam
761 390 895 422 maxima
914 393 941 422 ἁ
960 393 1064 422 media

187 435 414 466 comparantur
432 430 526 461 morti
543 430 561 460 l.
579 433 630 471 63.
648 431 675 472 §⁴
699 440 744 463 10.
765 431 804 462 D.
823 432 975 473 Profiicio.
993 433 1021 474 §.
1036 442 1061 464 i.

186 467 260 508 last.
281 468 373 514 inib.
390 471 462 502 mod.
474 471 526 512 jus
540 477 617 511 patr.
630 473 779 513 pot.solv.
803 473 897 514 igitur
913 474 1064 506 utramvis

185 510 255 549 quis
282 512 436 551 patiatur;
460 513 657 554 extinguitur
681 515 747 554 ejus
769 514 817 554 jus
833 537 842 553 ‚
865 525 938 548 cum
966 516 1062 556 publi

185 559 277 589 cum,
303 560 370 584 tum
390 554 566 593 privatum,
587 564 646 586 nec
665 558 766 587 minus
785 558 945 595 naturale,
969 566 1063 596 quam

184 592 299 624 civile:
323 593 401 626 ficut
424 594 532 633 fieret,
557 595 577 627 si
604 605 748 628 mortuus
768 597 855 628 ess‘et.
880 599 932 630 sed
956 607 1062 636 neque

182 635 293 673 potest
310 637 364 668 ille
379 638 506 676 penitus
523 639 701 669 conveniri.
727 638 851 670 dabitur
868 640 960 680 plane
977 641 1062 671 actio

184 676 270 708 utilis
287 678 317 708 in
345 688 409 708 eosv
421 679 460 709 ad
478 687 560 718 quos
580 679 664 710 bona
684 680 749 720 ejus
769 682 975 719 pervenerint
992 682 1009 712 l.
1031 692 1061 714 2.

181 717 201 748 l.
221 727 249 757 7.
269 718 296 760 §.
314 729 341 750 2.
361 719 397 753 &³
413 729 442 760 3.
461 721 487 750 h.
504 725 524 750 t.
555 719 575 751 fi
601 721 773 761 praesertim
798 731 867 762 quae
884 724 1058 755 acciderint

183 767 258 790 anre
285 768 452 801 utramque
475 762 589 801 capitis
613 763 879 795 deminutionem.
911 766 987 804 quid
1003 789 1013 804 ,
1036 765 1057 797 si

181 800 293 839 postea
309 802 511 834 acciderint?
535 802 564 833 ὅ(
583 805 712 842 quidem
733 804 802 844 post
821 807 988 838 maximam
1008 816 1057 838 ca-

181 842 256 881 pitis
280 844 557 882 deminutionem,
582 846 625 876 nil
651 855 732 886 opus
758 847 950 879 admoneri:
983 857 1057 880 cum

178 883 321 921 constet,
341 884 421 915 hanc
440 884 576 924 passum,
592 886 661 918 fieri
677 888 810 919 servum.
828 898 858 919 at
878 889 975 929 passus
992 899 1054 921 me-

179 925 261 955 diam
288 928 402 966 capitis
427 928 704 966 deminutionem,
728 930 801 969 quia
829 930 908 962 liber
927 940 1054 971 manet,

178 975 212 996 nt
231 967 354 998 amittat
372 969 557 1007 civitatem,
579 971 684 1008 perdit
700 971 829 1011 quidem
848 973 952 1004 civilia
968 974 1053 1013 jura,

175 1006 228 1039 sed
252 1010 395 1049 gentium
420 1010 489 1050 jure
512 1010 646 1043 fruitur:
670 1013 766 1051 emit,
793 1015 922 1052 vendit,
946 1016 1052 1052 locat,

176 1053 353 1087 conducit,
377 1050 484 1083 foenus
510 1062 659 1092 exercet,
684 1054 713 1085 ἃ
739 1062 854 1086 caetera
872 1056 1000 1094 fimilia,
1022 1056 1052 1088 ἀ

176 1091 287 1130 postea
312 1092 440 1132 quaefita
466 1094 590 1134 pignori
608 1095 682 1126 dare
699 1096 824 1135 potest,
848 1096 903 1128 nifi
920 1097 949 1128 in
968 1097 1050 1129 frau-

175 1134 249 1163 dem
267 1132 331 1164 fisci
351 1137 403 1174 qui
424 1137 451 1166 ei
473 1144 603 1167 mortuo
621 1136 811 1169 success'urus
829 1138 892 1176 est,
917 1149 952 1169 ea
971 1139 1037 1170 obli

174 1182 230 1214 get
248 1174 267 1204 l.
282 1184 327 1216 15.
350 1175 392 1207 D.
408 1178 441 1207 de
457 1176 599 1208 intercuti.
623 1178 659 1212 ἐπ”
673 1179 758 1220 releg.
785 1178 904 1211 Eadem
924 1185 1050 1212 ratione

174 1216 219 1246 ait
242 1216 356 1249 Paulus
380 1218 398 1248 l.
426 1228 475 1249 22.
505 1218 534 1259 §.
562 1230 590 1260 5.
624 1221 663 1250 Ι).
690 1220 846 1259 Μηηᾱιιιί,
871 1231 942 1253 eum
961 1223 1049 1263 cujus

172 1256 260 1288 bona
276 1259 435 1298 publicata
453 1258 542 1298 sunt,
563 1260 649 1301 poffe
667 1262 759 1292 alicui
776 1263 944 1301 mandare,
960 1272 995 1294 ut
1012 1273 1049 1294 ea

173 1307 278 1337 emat;
305 1300 334 1331 δι
359 1300 379 1331 fi
403 1303 536 1339 emerit,
562 1303 671 1334 utilem
698 1302 771 1333 sore
797 1304 933 1335 mandati
951 1305 1046 1336 aetio·

171 1348 266 1379 nem,
290 1340 310 1372 fi
329 1351 393 1373 non
411 1342 535 1383 praestet
554 1343 666 1374 fidem:
689 1344 786 1383 idque
804 1354 967 1386 receptum
986 1346 1047 1378 effe

169 1381 265 1413 ideo:
283 1383 354 1423 quia
376 1385 544 1423 publicatis
563 1386 677 1423 bonis,
694 1386 849 1426 quidquid
869 1386 977 1425 postea
995 1389 1045 1419 ad-

169 1423 322 1462 quiritur,
342 1434 405 1456 non
427 1424 565 1465 sequitur
580 1425 687 1457 fiscum
700 1450 708 1465 ,
726 1427 779 1458 nifi
799 1428 867 1467 post
883 1429 948 1468 ejus
964 1438 1045 1461 mor-

169 1471 247 1495 tem.
278 1465 330 1496 Sic
349 1468 378 1496 in
397 1467 532 1497 maxima
552 1467 581 1497 ὰ
602 1468 706 1499 media
724 1470 836 1508 capitis
855 1470 1043 1502 deminutio-

166 1513 219 1536 ne.
246 1505 333 1547 Quid
352 1507 382 1537 in
401 1507 554 1538 minima?
578 1517 672 1549 negat
691 1510 803 1541 Paulus
823 1511 841 1540 l.
854 1522 882 1551 5.
899 1512 926 1553 §
944 1512 1007 1543 2.h.
1020 1519 1042 1544 t.

167 1546 229 1577 hac
255 1548 419 1579 interverti
443 1550 509 1587 jura
535 1550 680 1589 publica:
706 1560 776 1582 nam
795 1560 922 1584 manere
941 1553 1042 1595 Magi-

164 1588 314 1628 stratum,
339 1589 388 1620 vel
416 1589 622 1629 Senatorem,
649 1591 698 1622 vel
721 1592 878 1632 Judicem.
909 1603 969 1635 qua
996 1605 1040 1626 ra-

166 1629 283 1662 tione?
307 1631 454 1671 duplice:
471 1641 532 1662 una
550 1632 593 1664 est
606 1656 614 1671 ‚
632 1636 720 1673 quod
738 1633 905 1667 absurdum
922 1636 1039 1676 fuerit,

159 1670 227 1710 jura
245 1671 370 1709 publica
389 1673 529 1713 pendere
545 1683 561 1704 a
574 1675 711 1715 negotiis
731 1676 944 1715 privatorum:
961 1678 1038 1709 alte-

160 1721 194 1743 ra
211 1713 273 1751 est,
297 1715 385 1754 quod
401 1714 438 1745 ad
458 1724 588 1746 munera
610 1716 737 1756 publica
755 1727 867 1751 omnes
887 1719 974 1750 cives
993 1727 1038 1751 te-

157 1762 294 1794 nentur3
317 1754 381 1786 five
408 1755 517 1796 hujus,
540 1756 604 1788 five
628 1758 726 1797 illius,
751 1758 878 1792 familiae
901 1760 977 1799 fint3
1001 1770 1039 1792 ac

154 1794 219 1827 five
245 1796 304 1828 fini:
330 1797 627 1837 patresfamiliarum
644 1823 653 1837 ‚
677 1799 740 1831 five
764 1800 822 1832 fint
848 1801 1038 1835 filiifamilia-

157 1845 238 1868 rum.
272 1838 369 1879 igitur
396 1837 461 1870 hoc
485 1839 555 1880 plus
582 1840 625 1872 ait
642 1840 817 1882 Ulpianus,
841 1852 903 1874 nec
921 1851 1036 1876 caetera

159 1878 267 1910 officia
287 1889 355 1919 quae
375 1880 502 1920 publica
520 1880 608 1921 sunt,
632 1882 664 1913 in
682 1892 722 1914 eo
740 1883 822 1916 finiri
840 1885 968 1917 minima
985 1895 1033 1917 ca.

154 1921 233 1961 pitis
254 1921 454 1961 minutione,
478 1921 532 1954 sed
557 1931 678 1956 tantum
703 1926 826 1965 privata
849 1926 987 1959 hominis
1004 1928 1034 1959 ὅτ

156 1960 286 1994 familiae
306 1964 392 2004 ejus,
410 1972 474 1995 non
494 1964 652 2005 civitatis,
667 1966 732 2007 jura
748 1967 767 1998 i.
786 1971 815 1999 6.
833 1968 861 1999 b.
881 1974 903 1999 t.
927 1969 968 1999 ita
986 1978 1032 2000 re-

158 2002 208 2034 Cte
225 2003 336 2036 Paulus
360 2006 379 2036 ί.
398 2015 427 2045 7.
471 2004 627 2043 Tutelas,
649 2008 770 2048 inquit,
793 2010 889 2041 etiam
914 2019 978 2041 non
1006 2020 1032 2041 a·

155 2045 257 2077 mittit
274 2048 386 2086 capitis
406 2047 554 2079 minutio.
592 2047 665 2080 Nec
683 2057 787 2081 tamen
806 2050 869 2082 hoc
887 2053 927 2082 de
943 2052 1032 2083 omni

154 2087 257 2118 tutela
281 2089 417 2127 accipit3
442 2087 493 2120 sed
519 2091 558 2120 de
583 2089 643 2121 hac
669 2091 833 2123 dumtaxat
857 2102 927 2132 quae
944 2103 959 2124 a
978 2102 1030 2133 pa-

156 2134 225 2167 tre,
243 2136 294 2159 aut
311 2139 326 2159 a
346 2129 531 2170 Magistratu
549 2133 650 2163 datur.
667 2141 737 2164 narn
755 2134 784 2164 in
803 2134 944 2174 legitima
960 2143 1030 2174 quae

155 2170 278 2209 agnatis
310 2173 464 2209 proxrmis
489 2171 633 2204 defertur
665 2183 705 2204 ex
730 2173 818 2215 Lege
843 2174 1031 2207 Duodecim

154 2210 368 2250 Tabularum,
395 2213 485 2243 aliter
506 2213 553 2252 jus
578 2213 658 2252 effe,
682 2215 836 2248 existimat
860 2217 889 2248 in
916 2219 943 2248 d.
962 2217 980 2249 l.
1000 2227 1028 2257 7.

154 2262 225 2292 quae
243 2252 288 2284 est
305 2262 476 2293 corrupta,
501 2255 530 2286 ὅ(
553 2265 569 2285 a
595 2255 726 2296 Cujacio
744 2257 791 2288 lib.
811 2267 839 2294 9.
861 2258 982 2299 Observ.
1003 2269 1027 2290 c.

157 2304 205 2334 17.
226 2294 263 2329 {3⁹
279 2296 315 2326 ad
339 2295 500 2337 Ulpianum
517 2298 562 2327 cit.
577 2306 629 2328 XI.
654 2297 695 2328 fic
721 2298 911 2332 restituitur:
936 2300 1028 2331 Exce-

145 2337 209 2374 ptis
230 2337 274 2367 liis
289 2346 352 2377 quae
372 2339 396 2368 l.
413 2337 454 2367 A.
474 2337 510 2368 P.
528 2337 564 2369 P.
592 2339 785 2378 deferuntur:
808 2340 891 2381 sigla
915 2341 956 2372 fic
976 2352 1030 2373 ex-

151 2379 246 2417 ponit
270 2378 435 2418 Cujacius:
461 2378 601 2419 Exceptis
627 2381 670 2410 his
694 2390 756 2422 quae
776 2382 845 2423 jure
862 2384 1029 2423 agnationis

146 2421 287 2459 proximis
299 2419 472 2460 potiffiiizzcm
487 2421 665 2458 deferuntur.
705 2424 811 2461 addit,
831 2423 1004 2464 potiffimum
1016 2447 1025 2463 ,

150 2468 283 2500 propter
309 2460 473 2493 foeminas:
498 2462 613 2502 quibus
641 2464 740 2495 tutela
766 2474 830 2496 non
860 2465 1024 2505 defertur,

151 2500 207 2532 etfi
224 2501 281 2533 lint
298 2511 428 2544 agnatae.
448 2505 526 2545 l.73.
549 2503 587 2534 D.
605 2505 637 2534 de
653 2515 712 2546 reg.
722 2506 783 2546 jur⁴
807 2505 844 2540 &²
860 2507 878 2536 l.
902 2516 926 2539 i.
946 2507 973 2549 §.
996 2516 1023 2539 1.

150 2541 193 2572 D.
210 2545 242 2572 cie
259 2543 375 2585 legitimi.
396 2550 484 2576 tutor.
516 2544 568 2576 Sic
586 2545 742 2586 Cuiaeius.
777 2546 899 2579 Eodem
918 2548 1023 2588 sensu,

149 2582 202 2613 sed
225 2584 348 2616 minore
371 2587 556 2624 molimine,
580 2589 712 2627 conjicit
732 2588 869 2626 Jacobus
893 2588 1023 2621 Gotho-

148 2623 258 2656 fredus
285 2626 323 2656 ad
349 2625 448 2658 Tuhzd.
473 2637 504 2659 v.
529 2628 601 2669 Leg.
620 2638 690 2660 xri.
713 2629 797 2661 Tabb.
817 2630 854 2660 lib
879 2640 908 2671 3.
923 2637 952 2671 p.
972 2635 1022 2667 96-

147 2665 306 2705 Exceptis
327 2666 374 2698 his
395 2678 464 2707 quae
489 2670 600 2710 injure
617 2672 736 2711 antiquo
755 2671 895 2711 personis
912 2671 1020 2712 pofitis

149 2708 350 2738 deferuntur.
381 2718 417 2738 ac
438 2717 490 2750 per
508 2711 560 2752 jus
584 2713 740 2753 antiquum
758 2736 767 2748 ,
799 2713 947 2754 intelligit
970 2714 1019 2754 jus

146 2748 333 2781 Duodecim
351 2747 545 2782 Tabularum
579 2751 652 2784 Nec
668 2753 772 2793 potest
789 2756 913 2795 negari,
930 2756 1019 2795 quod

146 2800 286 2831 utroque
305 2790 403 2821 modo
419 2790 449 2821 in
468 2794 495 2823 d.
515 2793 533 2823 l.
548 2802 577 2832 7.
613 2794 696 2826 belle
723 2797 871 2834 procedit
887 2795 1020 2836 sequens

147 2832 235 2864 Pauli
253 2832 371 2863 illatio:
396 2830 496 2871 Igitur
513 2834 703 2867 testamento
721 2838 784 2868 dati
804 2845 945 2876 tutores,
964 2839 1019 2869 mi-

144 2875 228 2905 nima
257 2873 370 2912 capitis
397 2874 617 2906 deminutione
634 2885 757 2909 tutores
777 2878 840 2910 effe
858 2889 923 2911 non
940 2878 1017 2910 defi·
1061 2884 1083 2916 p

145 2922 245 2947 nunt:
267 2914 346 2946 ficut
368 2923 428 2945 nec
453 2923 469 2944 a
496 2913 682 2955 Magistratu
704 2920 767 2951 dati
786 2930 826 2951 ex
844 2919 933 2961 Lege
950 2921 1016 2952 Ati-

146 2957 188 2989 lia
205 2980 213 2994 ,
244 2963 296 2987 aut
321 2965 361 2987 ex
385 2954 684 2990 Senatusconsulto:
709 2962 816 3001 (quus
842 2960 1016 3002 Ulpianum

143 2996 330 3030 meminisse.
356 2998 400 3027 tit.
426 3006 477 3028 xt.
502 2996 533 3038 §.
558 2997 623 3027 Hoc
638 3001 758 3039 amplius
779 3003 861 3034 bene
876 3004 1016 3035 animad-

142 3041 243 3071 vertit
255 3038 422 3079 Cujacius)
441 3038 490 3070 sed
507 3038 561 3069 ioli
577 3038 708 3079 legitimi
723 3051 764 3073 ex
783 3044 870 3084 Lege
885 3043 1017 3076 Duode-

135 3078 206 3112 ‘cim
223 3079 420 3111 Tabularum
440 3078 615 3110 constituti.
647 3079 722 3112 Hoc
739 3090 800 3114 tam
818 3086 919 3118 varie:
944 3087 1016 3127 quia

142 3121 215 3154 Lex
232 3121 415 3153 Duodecim
429 3120 625 3152 Tabularum
642 3122 803 3162 legitimos
820 3132 942 3158 tutores
959 3137 1014 3158 vo-

143 3173 240 3201 cans,
265 3163 334 3195 illos
358 3163 496 3194 civiliter
520 3161 676 3203 designat:
699 3163 1013 3200 senatusconsultum

146 3203 342 3237 naturaliter.
372 3204 474 3236 civilis
497 3204 669 3243 appellatio
691 3203 753 3242 est,
777 3206 901 3246 agnati:
924 3217 1012 3240 natu-

143 3247 234 3285 ralis,
250 3252 360 3286 pater,
377 3252 496 3285 mater,
517 3244 608 3279 filius.
632 3243 668 3278 fit
683 3246 778 3278 etiam
793 3246 941 3281 naturalis
960 3251 1013 3281 de-

1018 134 1285 170 Noonr
1344 135 1560 174 Comi«.

1108 222 1260 264 fignatio,
1283 233 1357 257 cum
1381 225 1586 267 Magistratus
1610 236 1651 259 ex
1675 226 1721 261 Le
1746 239 1763 261 e
1788 231 1976 273 Atilia‚.aue

1108 273 1198 304 pater
1213 266 1246 297 in
1263 266 1474 307 testamento,
1497 268 1621 300 'sitium
1639 277 1692 301 aut
1710 271 1824 312 (rajum
1840 277 1977 315 appellat

1109 309 1240 346 proprio
1256 316 1396 340 nomme.
1423 318 1453 340 at
1470 311 1573 351 agnati
1593 320 1729 351 nomen,
1754 322 1872 346 mutata
1889 315 1976 348 fami-

1108 347 1166 385 lia,
1188 349 1364 388 perimitur.
1389 360 1501 382 contra
1520 351 1601 382 filius
1618 353 1647 383 dt
1671 362 1780 394 pater,
1803 355 1880 387 item
1896 356 1978 390 Titi-

1107 397 1141 419 us
1157 388 1186 419 δι
1206 388 1303 430 Gajus
1316 414 1325 429 ‚
1350 391 1411 422 effe
1429 402 1492 424 non
1512 393 1663 424 desinunt.

1150 429 1184 461 ln
1212 431 1441 465 hereditatibus
1467 435 1578 466 eadem
1603 443 1656 466 aut
1677 435 1782 468 fimilis
1800 437 1975 480 distinctio,

1106 471 1234 502 austere
1251 472 1351 504 Paulo
1369 476 1396 505 d.
1411 476 1429 505 ι.
1453 485 1478 516 7.
1498 485 1568 507 nam
1584 477 1652 507 aliae
1669 477 1727 509 suis
1743 478 1772 509 δι
1786 481 1906 519 agnatis
1924 482 1976 513 de-

1107 511 1270 544 feruntur:
1288 515 1355 546 aliae
1367 517 1518 556 cognatis.
1542 518 1666 550 suorum
1685 519 1714 550 δι
1728 528 1914 560 agnatorum
1932 523 1976 555 est

1107 553 1202 583 civile
1227 563 1363 594 nomen,
1389 567 1518 590 veniens
1546 569 1585 590 ex
1610 560 1697 601 Lege
1715 559 1895 594 Duodecim
1913 562 1976 595 Ta-

1107 593 1262 627 bularum.
1294 605 1505 637 cognatorum
1531 610 1648 632 nomen
1676 601 1720 633 est
1745 602 1976 644 sanguinis‚id

1106 635 1166 673 est,
1191 638 1352 676 naturale,
1370 640 1503 672 veniens
1520 652 1560 673 ex
1578 641 1693 674 Edie'to
1711 643 1872 676 Praetoris.
1897 646 1973 678 alte—

1103 686 1172 708 rum
1190 678 1285 717 igitur
1302 680 1352 709 vel
1371 681 1500 713 minima
1517 692 1630 724 capitis
1650 687 1873 717 deminutione
1891 688 1974 719 tolli-

1102 725 1169 750 tur:
1185 720 1318 750 alterum
1333 729 1396 751 non
1409 723 1541 755 tollitur.
1567 723 1641 756 Huc
1660 725 1861 767 speetatillud
1880 728 1974 760 Pom-

1101 761 1188 799 ponii
1205 761 1224 790 i.
1244 765 1271 794 8.
1293 760 1330 791 D.
1351 764 1383 792 cle
1399 772 1456 805 reg.
1469 765 1531 805 jur.
1548 765 1631 805 Jura
1646 769 1797 809 sanguinis
1813 769 1890 800 nullo
1906 770 1973 810 jure

1099 801 1182 831 civili
1195 802 1295 832 dirimi
1306 802 1431 843 poffunt.
1478 805 1661 847 Pomponio
1685 810 1731 849 jus
1757 809 1910 851 sanguinis
1929 811 1973 843 est

1096 843 1144 882 jus
1161 843 1380 883 cognationis:
1401 845 1449 885 jus
1473 849 1569 879 civile
1587 849 1631 880 est
1648 852 1775 882 minima
1792 853 1902 892 capitis
1918 853 1973 883 de-

1098 885 1255 923 minutio,
1281 893 1314 916 ut
1332 894 1360 916 in
1381 886 1398 916 l.
1419 897 1448 918 2.
1467 887 1506 918 D.
1539 888 1624 920 Unde
1650 894 1774 933 cognati.
1799 895 1840 924 ita
1868 893 1971 925 sensus

1099 925 1290 965 Pomponii,
1313 925 1522 960 Hereditates
1540 939 1608 970 quae
1632 931 1700 971 jure
1718 934 1803 965 civili
1821 934 1879 966 suis
1896 935 1924 966 ἃ
1940 944 1972 966 a·

1097 968 1199 1007 gnatis
1220 967 1428 1008 deferuntur,
1446 970 1548 1001 amitti
1566 975 1840 1013 emancipatione,
1858 976 1890 1008 id
1905 976 1971 1016 est,

1097 1010 1227 1039 minima
1243 1010 1355 1050 capitis
1372 1011 1614 1052 deminutione,
1636 1014 1686 1045 seu
1702 1015 1772 1055 jure
1789 1017 1892 1049 civili:
1917 1017 1971 1050 sed

1097 1050 1256 1082 bonorum
1275 1050 1558 1093 poffesfionesquae
1569 1057 1713 1096 cognatis
1727 1057 1796 1096 jure
1813 1056 1969 1098 sanguinis

1095 1091 1303 1131 deseruntur,
1328 1102 1392 1124 non
1409 1103 1517 1133 teque:
1540 1097 1592 1136 qui
1616 1097 1700 1128 enim
1718 1107 1780 1129 non
1798 1099 1968 1132 admittun-

1095 1141 1145 1164 tur
1163 1141 1197 1164 ut
1214 1134 1364 1174 legitimi,
1384 1136 1488 1166 adhuc
1505 1138 1627 1168 admitti
1646 1146 1680 1169 ut
1698 1147 1876 1180 cognatos:
1895 1142 1967 1181 quia

1092 1176 1296 1215 cognationis
1310 1186 1426 1208 nomen
1444 1177 1489 1208 est
1506 1180 1706 1219 nomenjuris
1724 1189 1861 1220 naturae,
1878 1183 1966 1223 quod

1092 1224 1221 1247 minima
1237 1218 1348 1257 capitis
1365 1219 1607 1259 deminutione,
1632 1223 1664 1252 id
1681 1221 1745 1260 est,
1767 1223 1835 1262 jure
1855 1224 1964 1264 civili,

1091 1266 1155 1288 non
1174 1258 1341 1290 dirimitur.
1368 1259 1444 1291 Hoc
1461 1262 1627 1301 apparebit
1645 1272 1686 1294 ex
1703 1263 1879 1296 collatione
1898 1265 1917 1297 l.
1935 1276 1965 1306 5.

1093 1298 1134 1329 D.
1152 1300 1211 1330 eod.
1231 1302 1276 1329 tic.
1293 1300 1312 1330 2.
1330 1311 1360 1340 5.
1380 1301 1420 1332 D.
1445 1301 1478 1332 Si
1494 1304 1551 1333 tab.
1571 1301 1679 1344 testam.
1699 1304 1762 1336 nul.
1780 1307 1875 1337 extab.
1894 1307 1915 1338 l.
1932 1317 1963 1347 4.

1091 1339 1133 1371 D.
1152 1343 1184 1370 de
1201 1341 1261 1376 luis
1279 1340 1315 1375 ἐπ”
1333 1342 1451 1383 legitim.
1485 1353 1554 1383 quae
1573 1354 1686 1378 omnes
1703 1345 1772 1378 sunt
1790 1356 1829 1378 ex
1847 1349 1964 1381 eodem

1090 1380 1261 1422 Pomponii
1277 1382 1324 1413 lib.
1342 1393 1372 1422 4.
1391 1384 1441 1415 Ad
1458 1384 1609 1417 Saomum.

1133 1422 1210 1454 Non
1227 1425 1285 1455 alia
1303 1423 1364 1455 suit
1387 1425 1565 1458 differentia
1588 1429 1618 1459 in
1638 1427 1818 1468 uffifruClu,
1843 1430 1964 1463 habita-

1088 1464 1197 1503 tione,
1222 1466 1252 1496 &
1273 1475 1378 1497 annuo
1394 1467 1517 1500 relieto.
1549 1468 1740 1502 Obl‘ervavit
1757 1480 1827 1502 eam
1845 1473 1962 1504 Mode-

1086 1505 1181 1537 stinus
1197 1507 1215 1538 l.
1240 1515 1285 1538 10.
1304 1508 1330 1538 h.
1349 1513 1369 1539 t.
1394 1510 1557 1541 indicante
1572 1509 1802 1551 inscriptione:
1825 1522 1895 1553 quae
1908 1513 1960 1546 ,esti

1085 1556 1125 1578 ex
1150 1548 1197 1579 lib.
1227 1552 1255 1582 8.
1284 1547 1545 1588 Differentiarzam:
1570 1551 1626 1583 etfi
1653 1553 1736 1584 nulla
1754 1553 1852 1585 hodie
1870 1554 1906 1585 sit
1923 1564 1960 1586 ea

1083 1588 1114 1619 in
1143 1589 1212 1630 lege
1237 1598 1361 1621 mentio
1381 1590 1595 1624 ususfructus:
1619 1595 1750 1633 antiquo
1767 1593 1961 1627 ususfructus

1081 1630 1150 1669 jure
1166 1640 1180 1661 a
1195 1630 1371 1670 justiniano
1388 1632 1418 1663 in
1435 1633 1454 1664 i.
1475 1637 1521 1664 16.
1542 1634 1576 1664 C.
1595 1635 1627 1665 de
1644 1635 1804 1674 zilicfrucftu
1822 1645 1959 1669 mutato.

1083 1673 1143 1702 hac
1155 1681 1237 1703 enim
1249 1696 1258 1710 ‚
1277 1674 1403 1711 opinor,
1427 1675 1552 1706 ratione
1566 1673 1784 1708 Tribonianus
1795 1678 1824 1708 in
1836 1679 1861 1708 d,
1880 1680 1897 1708 l.
1913 1688 1959 1711 10.

1083 1713 1191 1744 omiffa
1208 1723 1267 1745 una
1286 1714 1475 1747 differentiae
1493 1725 1602 1757 parte,
1619 1725 1741 1749 tantum
1761 1718 1865 1759 posuit
1881 1720 1959 1752 alte-

1082 1763 1165 1787 ram:
1184 1764 1217 1785 ut
1236 1755 1359 1796 pridem
1369 1756 1536 1789 observavi
1549 1758 1597 1790 lib.
1615 1769 1642 1791 2.
1665 1758 1711 1790 De
1721 1759 1880 1800 usufrutiu
1889 1771 1912 1793 c.
1924 1770 1954 1802 7.

1121 1795 1174 1828 Ne
1199 1797 1414 1838 obligationes
1438 1800 1568 1840 quidem
1601 1799 1763 1841 superiore
1785 1810 1956 1835 caruerunt

1079 1837 1292 1870 distinetione.
1317 1841 1448 1873 voluere
1475 1841 1628 1881 Veteres,
1653 1842 1709 1873 has
1735 1852 1806 1883 quae
1825 1845 1956 1877 civilem

1080 1878 1200 1911 habent
1216 1880 1470 1921 praestationem,
1487 1883 1616 1916 minima
1633 1884 1745 1924 capitis
1764 1885 1956 1917 deminutio·

1078 1930 1138 1960 ne,
1162 1923 1193 1953 id
1210 1922 1273 1961 est,
1292 1924 1362 1963 jure
1379 1925 1487 1964 civili,
1513 1926 1636 1966 perire3
1660 1926 1726 1958 illas
1743 1936 1812 1967 quae
1834 1926 1955 1960 habent

1078 1964 1274 2004 naturalem,
1299 1975 1363 1997 non
1382 1975 1483 2007 aeque.
1520 1966 1571 1998 Sic
1589 1966 1687 2007 G⁴=jus
1700 1967 1719 1998 l.
1740 1972 1767 2002 8.
1787 1969 1814 1999 h.
1833 1974 1854 1999 t.
1878 1969 1907 2000 δι
1922 1969 1954 2000 ei

1077 2006 1261 2046 exemplum
1279 2007 1308 2038 in
1326 2008 1421 2038 dote:
1438 2017 1531 2048 quam
1544 2008 1713 2040 confirmat
1731 2008 1849 2040 habere
1866 2017 1954 2041 natu-

1076 2047 1173 2078 ralem
1201 2048 1453 2088 praestationem‚
1482 2058 1673 2090 conceptam
1699 2050 1817 2091 quippe
1840 2051 1871 2082 in
1891 2051 1949 2082 bo-

1075 2097 1150 2119 num
1171 2090 1198 2119 &
1215 2098 1361 2130 aequum3
1386 2091 1525 2131 ideoque
1549 2091 1660 2122 durare
1677 2091 1747 2131 post
1763 2093 1878 2132 capitis
1896 2095 1950 2124 de-

1073 2131 1296 2163 minutionem.
1324 2141 1420 2171 quem
1439 2133 1468 2164 in
1488 2132 1611 2164 finem?
1629 2141 1663 2164 ut
1680 2134 1895 2174 quandoque,
1914 2134 1952 2166 id

1073 2171 1136 2210 est,
1160 2174 1449 2214 quandocumque,
1472 2175 1672 2215 emancipata
1692 2181 1772 2215 agat.
1798 2176 1841 2206 ita
1856 2174 1949 2215 subji-

1073 2213 1118 2243 cit
1137 2212 1248 2245 Paulus
1264 2216 1283 2245 l.
1300 2225 1327 2251 9-
1347 2216 1365 2245 h
1393 2222 1412 2246 t.
1442 2215 1490 2247 An
1507 2216 1592 2247 idem
1609 2216 1641 2246 in
1658 2216 1783 2247 caeteris
1801 2216 1894 2247 bonae
1910 2215 1947 2248 fi-

1073 2254 1124 2285 dei
1142 2256 1381 2288 contrasttbus‘?
1407 2255 1483 2289 Non
1501 2264 1592 2298 putat
1611 2256 1757 2297 Cujaclus
1767 2257 1814 2289 lib.
1825 2268 1873 2290 22.
1888 2257 1946 2289 Ob-

1063 2296 1147 2335 serv.
1165 2306 1188 2328 c.
1209 2306 1254 2336 14.
1300 2297 1382 2329 Mihi
1402 2299 1526 2338 placet,
1551 2298 1622 2339 Gaji
1640 2299 1778 2340 regulam
1795 2299 1946 2340 exemplo

1071 2338 1156 2368 dotis
1173 2347 1238 2369 non
1261 2339 1422 2380 restringi,
1447 2339 1499 2372 sed
1517 2340 1675 2372 illustrari:
1699 2340 1772 2380 quia
1790 2341 1818 2372 Gt
1836 2341 1945 2372 caeteri

1070 2378 1165 2410 bonae
1191 2378 1265 2411 fidei
1291 2382 1473 2414 conti-atius
1489 2382 1520 2414 in
1537 2382 1660 2414 bonum
1677 2381 1706 2412 &
1724 2390 1848 2422 aequum
1866 2391 1943 2414 con-

1070 2421 1250 2461 cipiuntur3
1274 2432 1334 2454 nec
1359 2423 1461 2454 minus
1485 2423 1606 2455 habent
1630 2423 1944 2469 naturalempiaesta-

1070 2462 1200 2493 tionem.
1248 2461 1357 2496 Civilis
1376 2464 1583 2505 obligationis
1600 2464 1783 2510 exemplum
1801 2473 1831 2495 m
1849 2464 1945 2505 stipu-

1069 2502 1209 2536 latione:
1233 2504 1278 2536 est
1302 2506 1387 2537 enim
1410 2506 1478 2544 illa,
1504 2513 1539 2537 ut
1562 2505 1633 2536 alibi
1651 2505 1736 2544 dixi,
1759 2506 1944 2553 contraCtus

1065 2545 1141 2584 juris
1160 2545 1284 2585 civilis,
1308 2555 1461 2587 quatenus
1483 2546 1620 2578 formam
1637 2547 1763 2587 accepit
1780 2556 1797 2577 a
1811 2556 1879 2586 Jure
1897 2556 1942 2579 ci-

1067 2586 1141 2625 vili,
1165 2587 1304 2628 ideoque
1321 2588 1444 2620 tollitur
1456 2588 1525 2628 J'ure
1543 2588 1646 2620 civili:
1671 2596 1861 2629 quamquam
1878 2590 1938 2628 ita,

1066 2636 1100 2658 ut
1118 2637 1187 2668 quae
1206 2629 1236 2660 in
1254 2638 1289 2660 ea
1308 2628 1369 2660 fuit
1386 2638 1503 2660 naturae
1523 2629 1588 2668 vis,
1605 2629 1697 2671 (nam
1714 2629 1870 2670 originem
1888 2630 1939 2661 ha-

1065 2668 1121 2699 bet
1148 2678 1164 2700 a
1188 2670 1256 2709 jure
1278 2671 1443 2711 gentium)
1466 2672 1496 2702 in
1524 2680 1561 2702 ea
1585 2678 1713 2703 maneat
1737 2671 1808 2712 post
1824 2673 1937 2713 capitis

1061 2709 1315 2743 deminutionem
1332 2712 1352 2743 l.
1369 2721 1397 2743 2.
1416 2712 1435 2754 §
1464 2722 1493 2745 2.
1510 2712 1538 2743 h.
1557 2718 1578 2744 t.
1616 2713 1714 2754 Igitur
1736 2712 1842 2744 adfert
1857 2736 1868 2752 ,
1890 2714 1936 2745 in-

1063 2752 1152 2788 quiet
1169 2753 1299 2792 aliquis,
1323 2755 1435 2794 capitis
1452 2755 1587 2785 minutio
1605 2754 1732 2786 alterius
1747 2754 1845 2786 causa:
1859 2764 1937 2800 prae-

1061 2792 1241 2832 judicium?
1265 2793 1306 2825 Et
1329 2795 1371 2826 ita
1396 2794 1455 2826 est:
1480 2795 1533 2827 sed
1557 2803 1591 2826 ut
1611 2799 1717 2828 manet
1734 2796 1880 2828 naturalis
1898 2806 1938 2826 ae-

1062 2836 1165 2874 quitas
1194 2835 1265 2875 post
1290 2837 1402 2877 capitis
1427 2837 1707 2876 deminutionem3
1737 2836 1779 2869 fic
1803 2836 1935 2884 Praetori

1085 2885 1120 2906 ro
1137 2874 1188 2907 sua
1205 2876 1401 2909 humanitate
1421 2878 1518 2911 visum
1530 2901 1539 2917 ,
1563 2879 1590 2910 ei
1608 2880 1661 2919 qui
1678 2878 1760 2910 suam
1777 2878 1935 2910 aaronem

1061 2917 1149 2948 nullo
1173 2917 1229 2949 suo
1253 2919 1352 2958 vitio,
1378 2918 1440 2951 sola
1464 2920 1541 2960 juris
1558 2919 1797 2960 scrupulositate
1814 2920 1932 2967 amisit,

1060 2958 1218 2991 astionem
1243 2961 1354 2993 utilem
1377 2961 1541 2993 restituere
1557 2962 1575 2992 l.
1597 2971 1622 2993 1.
1640 2961 1676 2996 &³
1689 2972 1717 2993 2.
1736 2960 1775 2992 D.
1793 2962 1826 2991 de
1840 2970 1871 2991 zn
1886 2969 1932 2990 zn-

1060 3004 1133 3039 tegr.
1151 2998 1240 3041 restit.
1271 3002 1370 3033 Extat
1387 3003 1469 3034 hanc
1486 3003 1515 3034 in
1532 3012 1598 3034 rem
1618 3002 1750 3042 sequens
1769 3000 1928 3032 Edictum.

1061 3040 1125 3083 Qui
1141 3052 1257 3083 quoeve,
1274 3043 1458 3085 posteaquam
1473 3046 1543 3085 quid
1566 3054 1630 3075 cum
1646 3044 1688 3074 his
1703 3041 1804 3088 aaum'
1818 3046 1930 3071 contra-

1060 3083 1239 3122 &umvefit,
1256 3087 1347 3125 capite
1363 3087 1503 3116 deminuti
1515 3087 1700 3117 deminutaeve
1709 3081 1760 3122 qffe
1773 3083 1925 3129 dicentur?

1059 3125 1091 3155 in
1108 3134 1150 3155 eos
1165 3135 1248 3157 eosve
1261 3127 1378 3166 perinde
1394 3126 1477 3168 quasi
1492 3127 1521 3157 id
1529 3126 1649 3166 fabium
1665 3133 1721 3168 ποῗῖ
1737 3121 1797 3160 fit,
1814 3123 1927 3163 Judm·

1056 3167 1131 3197 cium
1144 3168 1225 3199 dabo.
1250 3167 1332 3200 Haec
1351 3171 1449 3199 verba
1465 3169 1618 3200 debemus
1635 3163 1772 3209 Ulpffim?
1787 3163 1925 3210 l.2.§.'1.

1056 3207 1085 3238 h.
1106 3214 1126 3238 t.
1173 3208 1236 3240 Sed
1261 3209 1476 3240 desiderantur
1501 3209 1612 3248 aliqua.
1636 3214 1700 3236 non
1719 3213 1822 3236 minus
1840 3214 1924 3236 enim

1052 3248 1085 3280 in
1104 3249 1181 3289 hac,
1206 3259 1301 3291 quam
1319 3251 1351 3283 in
1367 3251 1491 3283 caeteris
1507 3248 1602 3281 caufis
1625 3246 1774 3287 petendae
1792 3246 1823 3278 in
1832 3245 1924 3327 ἐξὲξ
