2036 3495
303 74 369 113 Ab
395 69 486 112 'Lm
516 67 590 118 XII,
619 68 720 108 Τιτ.
747 69 791 106 11.
809 69 1091 120 Dejur'ejurarzdo,
1108 70 1180 118 stve
1195 71 1391 117 voluntario,
1417 72 1486 114 &a

29 162 137 203 stitisse
160 175 177 198 a
196 166 358 199 delatione
372 164 566 207 jurisjurai'idi
579 187 588 202 ,
606 160 657 193 sed
675 159 740 201 ejus
757 158 905 200 prae'stati·

26 220 121 243 ouem
142 208 308 245 remisisse,
331 208 431 238 intelli
457 206 464 237 i
483 212 644 244 oportere.

72 249 203 283 Deinde
223 249 362 288 sequitur
381 249 411 279 in
428 247 560 279 Edicto:
577 243 648 282 Nifi
661 242 905 287 malitjusjurcm-

27 295 97 325 ‘dum
113 293 139 322 ei
157 293 207 333 qui
222 292 284 330 agit
304 290 419 330 referre.
439 285 699 324 Alterumitaque
710 285 804 325 eligat
816 295 904 324 reus,

27 344 101 365 curn
120 334 151 364 ei
175 333 312 363 delatum
332 329 376 361 est
390 330 619 371 jusjurandum:
642 334 695 357 aut
714 326 835 364 solvat,
851 334 905 357 aut

25 376 129 416 juret:
152 374 172 404 fi
190 374 290 412 juret,
306 370 539 402 absolvendus:
562 367 583 399 fi
600 377 662 398 non
678 367 781 407 juret,
806 367 904 398 solve-

27 426 64 448 re
81 416 245 456 cogendus
263 413 324 444 erit
343 422 359 443 a
378 412 526 443 Praetorc.
544 408 597 453 nisi
609 409 697 440 malit
709 407 828 439 referi-e
844 409 905 448 Jus-

28 459 211 488 'urandunn
237 463 308 486 nam
328 453 395 484 liaec
412 452 544 483 facultas
563 460 591 481 e1
609 460 623 480 a
640 450 782 481 Praetore
801 449 903 481 datur.

25 468 192 531 &ostrevino
211 495 254 527 ait
273 495 409 526 Praetor:
428 494 459 524 Si
476 493 500 523 is
517 491 795 533 quijiisjurmnlum
807 497 900 529 petet,

27 540 188 570 conditione
206 535 405 579 jurisjurandi
426 544 483 565 non
506 538 618 571 utetur,
638 533 783 575 judicium
808 534 832 563 ei
847 542 903 563 non

27 582 108 611 dabo.
135 579 176 610 Et
196 578 259 609 hoc
274 576 459 617 aequiffime:
483 584 554 606 cum
572 583 636 605 non
655 574 788 605 deberet
805 574 832 604 ei
851 573 904 614 qui

24 621 236 662 jusJurandum
253 617 384 654 detulit,
397 615 561 656 displicere
579 614 743 653 conditio,
759 623 851 654 quarn
871 615 900 644 in

27 662 160 702 persona
179 657 471 697 adversariiaequam
485 656 546 688 effe
561 657 708 687 credidit.
727 657 823 696 igitur
840 664 901 686 nec

25 703 98 736 finit
114 703 251 737 Praecor,
268 698 420 730 referenti
433 699 549 730 deferri
565 698 777 738 jusjurandum
794 698 834 727 de
845 706 893 727 ca-

26 744 143 776 lumnia
160 752 166 773 :
197 741 365 772 arbitratus
390 750 454 772 non
476 739 537 771 esse
556 739 723 770 ferendum
741 739 899 776 attorem3

26 785 48 818 fi
64 782 256 816 conditionis
268 791 360 822 quam
375 781 438 820 ipse
457 781 590 821 detulit,
615 782 654 812 de
670 780 826 818 calumnia
843 778 900 811 fibi

24 824 117 868 jurari
138 824 215 855 velit
231 825 257 854 d.
273 824 292 854 l.
313 833 363 864 34.
384 823 410 863 §.
429 826 458 854 6.
482 822 517 856 ἐξ
536 833 564 862 7.

64 866 163 904 Igitur
181 874 214 896 ut
232 865 438 896 subducamus
454 863 555 894 EdiCti
566 862 714 895 summam
726 873 736 902 3
750 867 900 902 apparet,

25 901 198 941 Prze‘torem
211 908 339 946 quidem
351 906 559 946 promittere,
577 903 605 935 se
616 914 686 936 eum
697 914 745 935 cui
757 904 895 934 delatum

26 949 344 989 fueritjusjui·andum
358 970 367 985 ‚
391 946 573 977 coasturuin
589 954 641 976 aut
656 947 756 986 jurare
773 953 825 976 aut
842 942 899 974 sol-

27 1000 120 1022 vere:
145 989 197 1020 sed
216 997 277 1021 tres
303 989 454 1028 excipere
479 987 565 1018 casus
582 987 695 1026 quibus
714 996 785 1017 eum
805 994 897 1015 coac-

29 1040 117 1064 turus
135 1038 199 1062 non
217 1030 264 1061 sit.
287 1040 366 1060 unus
382 1029 445 1067 est,
470 1029 489 1060 ii
509 1029 533 1060 is
550 1028 600 1068 qui
617 1028 829 1068 jusjurandum
848 1026 901 1056 de-

28 1074 122 1110 tulit,
146 1081 210 1103 non
229 1070 264 1103 sit
283 1078 407 1111 paratus
422 1094 430 1108 ,
452 1070 554 1110 jurare
571 1070 609 1100 de
627 1070 803 1101 calumnia:
824 1068 903 1098 alter

29 1113 94 1153 est3
116 1109 138 1145 fi
157 1113 261 1149 malit,
283 1112 495 1152 jusjurandum
514 1109 632 1142 referre
651 1113 678 1142 ei
704 1120 719 1140 a
741 1119 804 1150 quo
821 1109 901 1140 dela-

27 1163 95 1187 tum
115 1154 167 1186 fit:
191 1154 300 1185 tertius
320 1153 383 1192 est3
406 1151 426 1184 ss
444 1154 468 1183 is
486 1153 537 1192 qui
564 1160 650 1192 petat
664 1151 899 1192 jusjurandum,

29 1196 95 1236 ipse
116 1196 178 1227 hoc
195 1196 239 1226 uti
260 1195 347 1226 nolit.
368 1194 472 1234 plures
490 1192 574 1225 casus
593 1193 731 1231 Praetor,
748 1199 900 1233 quantum

29 1239 67 1268 ad
88 1238 151 1277 ejus
168 1237 280 1274 verba,
304 1245 367 1266 non
395 1236 533 1274 excepit.
559 1244 621 1265 tres
647 1243 750 1265 tamen
778 1233 808 1264 hi
837 1232 900 1264 Ve-

32 1279 150 1309 teribus
169 1278 370 1318 praebuerunt
386 1276 507 1306 causam
525 1275 734 1313 conjiciendi,
754 1274 899 1305 Praetoris

30 1328 172 1351 mentem
190 1318 295 1353 fuisse,
321 1327 393 1348 eum
410 1326 427 1346 a
446 1326 510 1356 quo
524 1317 737 1356 jusjurandum
754 1323 897 1355 petatur,

28 1369 197 1399 numquam
215 1368 348 1400 cogere,
364 1359 484 1398 jurare;
507 1357 526 1388 fi
547 1358 661 1388 habeat
681 1356 819 1395 causam,
843 1365 898 1386 cur

26 1401 145 1434 invitus
161 1402 233 1441 cogi
256 1408 319 1431 non
338 1400 470 1430 debeat:
497 1398 594 1429 solitis
612 1397 801 1435 Veteribus,
819 1407 899 1428 arre-

28 1452 83 1484 pta
102 1441 267 1474 occasione
285 1440 422 1481 exempli
435 1442 464 1471 in
477 1439 591 1471 Edicto
602 1447 654 1471 aut
665 1438 750 1480 Lege
761 1439 895 1479 expreffi

29 1485 207 1527 procedere
224 1484 261 1513 ad
286 1482 410 1519 similia,
434 1490 623 1522 quamquam
640 1481 753 1512 Edicto
771 1489 824 1511 aut
840 1479 897 1511 Le-

36 1533 150 1563 genon
169 1522 328 1564 expressa:
352 1531 385 1554 ut
403 1522 597 1561 subTitulo,
617 1523 666 1553 De
680 1523 785 1562 legibus
801 1522 829 1552 δί
847 1521 896 1552 ali·

30 1563 83 1604 Bi,
107 1565 363 1596 demonstratum.
387 1564 569 1595 Secundum
587 1564 654 1594 liaec
670 1565 765 1604 igitur
783 1563 899 1603 placuit

33 1606 274 1646 lui-econsultis‚
290 1604 331 1636 fic
347 1606 492 1644 accipere
512 1604 675 1643 Edictum,
693 1604 757 1636 acfi
777 1603 900 1636 dixisset

31 1648 171 1684 Praetor,
197 1645 276 1677 Eum
294 1655 310 1676 a
330 1655 393 1686 quo
407 1646 619 1685 jusjurandum
638 1655 783 1687 petetur,
803 1645 906 1677 solve*

33 1699 68 1722 re
84 1697 135 1720 aut
148 1689 250 1728 jurare
264 1696 377 1728 cogam
394 1698 401 1719 ε
425 1695 632 1728 praeterquam
656 1686 676 1719 si
700 1688 814 1728 alleget
833 1696 899 1718 cau-

33 1730 95 1762 sam
116 1730 159 1761 ob
177 1738 269 1770 quam
299 1737 369 1759 eum
396 1727 484 1769 cogi,
506 1729 607 1768 jurare
624 1737 674 1760 aut
694 1729 904 1769 jusjurandum

33 1771 173 1809 referre,
198 1780 261 1802 non
287 1769 321 1801 sit
346 1779 471 1810 {equum
509 1769 559 1801 sic
585 1769 714 1808 censeo,
739 1779 833 1808 atque
851 1779 891 1800 eo

35 1813 107 1844 dem
133 1814 229 1843 niodo
253 1811 484 1842 exaudiendum
510 1811 638 1842 Paulum
661 1812 679 1843 l.
703 1817 752 1853 38.
776 1810 814 1842 D.
833 1812 859 1842 h.
879 1817 900 1841 t.

36 1864 73 1885 ac
93 1854 111 1885 fi
129 1853 271 1891 dixiffet‚
297 1851 473 1883 Manifestae
493 1852 693 1893 turpitudinis
710 1856 737 1884 ot
756 1852 890 1884 conceffi

34 1895 103 1926 onis
123 1894 167 1926 cst
184 1895 287 1930 nolle,
312 1903 372 1924 nec
394 1894 516 1935 jurare,
541 1903 601 1925 nec
616 1895 829 1934 jusjurandum
855 1903 901 1925 re-

34 1936 141 1973 ferre;
158 1935 178 1966 ii
196 1936 278 1967 nulla
294 1935 454 1966 adferatur
465 1935 570 1973 causa,
587 1935 809 1967 curexcuiatio
823 1934 903 1967 fiata

32 1974 217 2009 necestitate
232 1978 374 2016 jurandi,
397 1984 449 2007 aut
462 1977 674 2016 jusjurandum
693 1976 857 2008 referendi.
874 1983 905 2007 at

32 2018 55 2051 fi
72 2018 108 2050 fit
128 2018 195 2049 talis
206 2016 292 2048 causa
304 2042 312 2055 ‚
330 2026 437 2048 contra
455 2020 625 2049 dicendum
643 2018 703 2049 effe
715 2042 723 2057 ,
741 2017 904 2049 recusatio-

33 2068 107 2091 nem
132 2057 294 2099 praestandi
319 2066 371 2089 aut
397 2058 557 2090 referendi
582 2059 778 2100 jurisjurandi
796 2058 904 2100 justam

33 2109 130 2141 atque
153 2099 316 2131 honestam
345 2099 416 2131 effe.
465 2099 538 2131 Non
564 2101 675 2132 inutile
697 2100 811 2137 fuerit,
836 2100 904 2132 haec

35 2141 188 2182 exemplis
205 2141 364 2172 illustrare.
387 2140 508 2173 initium
526 2142 642 2173 suman]
659 2153 674 2172 a
688 2143 705 2173 l.
719 2152 757 2183 34
786 2141 813 2184 ᾗ.
831 2152 857 2173 2.
878 2144 906 2173 d.

34 2188 55 2213 t.
74 2182 115 2214 ibi
135 2181 284 2222 quaeiito,
303 2191 340 2213 an
359 2183 512 2222 pupillus,
530 2184 637 2214 delato
654 2184 907 2225 eijurcjurandO,

34 2223 72 2256 fit
89 2224 253 2263 cogendus
267 2223 368 2262 jurare
387 2233 439 2253 aut
454 2225 664 2264 jusjurandum
686 2222 907 2256 1·efe1·i·e‘?'‘iie-

33 2273 86 2305 gat
106 2266 257 2304 Ulpianus
271 2288 280 2299 ‚
297 2265 487 2306 cogendum.
514 2266 610 2306 Atqui
630 2266 749 2297 Praetor
774 2275 838 2297 non
856 2275 907 2297 ex-

35 2306 113 2346 cipit
140 2306 315 2346 pupillum,
340 2314 493 2344 quatenus
515 2317 553 2337 cx
580 2308 643 2347 ejus
670 2307 774 2338 verbis
794 2307 903 2347 liquet.

31 2347 94 2378 Sed
115 2355 185 2378 eum
203 2345 323 2386 excipit
341 2346 485 2378 Praetoris
504 2348 674 2380 sententia:
695 2358 759 2380 non
776 2348 903 2389 permit-

33 2396 123 2419 tente
140 2388 247 2420 officio
256 2389 311 2418 viri
323 2388 499 2426 boni‚eum
516 2389 588 2430 cogi
603 2390 706 2430 jurare
723 2389 847 2430 quinon
867 2389 903 2421 fit

30 2428 141 2461 habilis
163 2431 402 2469 adjurantium:
427 2433 528 2461 multo
552 2430 654 2462 minus
673 2430 842 2462 evilescere
858 2432 888 2470 ju

30 2470 192 2510 risjurandi
209 2471 415 2511 religionem:
435 2471 576 2510 quamvis
594 2472 612 2503 fi
628 2473 709 2512 jurax
719 2473 796 2510 erit,
813 2471 839 2502 ei
851 2473 902 2503 de-

32 2510 96 2554 lato
116 2512 334 2550 jure-jurando,
361 2512 436 2542 velit
464 2512 583 2544 Praeror
611 2514 677 2544 stari
694 2513 901 2553 jurijurando:

32 2559 225 2590 imputaturo
250 2552 303 2583 sibi
328 2553 379 2593 qui
404 2552 431 2584 ei
455 2554 666 2594 jusjurandum
695 2555 817 2585 detulit.
851 2555 902 2586 sed

34 2594 105 2630 qula
122 2593 260 2637 pejerare
279 2603 339 2624 non
357 2593 477 2634 potest,
502 2597 553 2633 qui
573 2605 635 2627 non
655 2596 759 2636 potest
777 2605 816 2626 ex
836 2597 902 2626 ani-

32 2633 75 2663 mi
94 2632 245 2664 scntentia
259 2634 360 2673 jurare
377 2635 393 2665 l.
422 2640 467 2667 26.
496 2636 537 2669 D.
561 2638 587 2667 h.
607 2644 627 2667 t.
650 2638 806 2668 creditum
823 2636 902 2675 fuit,

32 2682 99 2704 non
123 2673 185 2704 esse
209 2675 349 2711 causam,
373 2685 429 2706 cur
451 2677 520 2717 cogi
544 2683 580 2709 ad
603 2679 768 2718 jurandum
788 2679 904 2709 debeat

33 2715 60 2745 d.
78 2714 96 2745 l.
115 2725 162 2754 534.
181 2714 256 2760 §.²⁴
284 2714 402 2747 Eodem
422 2721 518 2748 modo
537 2729 597 2749 non
619 2720 744 2760 cogitur
759 2720 862 2759 jurare
879 2720 903 2749 is

33 2765 87 2796 qui
103 2756 238 2786 ostendit
251 2779 261 2794 ,
284 2756 313 2786 se
328 2758 496 2795 juraturum
515 2759 577 2790 sine
593 2760 726 2791 effectu:
751 2762 856 2791 delato
875 2759 903 2791 ei

29 2797 229 2868 {urejurando
245 2797 283 2827 ab
302 2806 341 2827 eo
355 2796 403 2827 cui
423 2808 482 2829 non
499 2799 534 2831 fit
551 2802 598 2840 jus
617 2801 800 2833 deferendi:
825 2811 898 2840 qua-

44 2837 68 2869 is
94 2837 138 2869 est
161 2837 309 2877 prodigus
329 2846 382 2868 aut
397 2837 499 2870 similis
516 2841 543 2871 in
562 2843 579 2872 l.
596 2852 644 2882 35.
663 2845 689 2873 ci.
709 2851 729 2874 t.
749 2846 798 2873 cui
816 2852 899 2873 enirn

31 2879 121 2910 bono
142 2877 234 2918 jurari
258 2878 368 2910 frustra
386 2901 395 2916 ‚
419 2889 522 2919 eoque
546 2877 690 2915 temerari
714 2884 899 2925 religionem

30 2921 76 2951 rei
94 2919 282 2951 sanffiffimae
297 2942 306 2957 ,
334 2920 362 2950 ὃ(
390 2919 490 2951 usibus
510 2923 648 2956 humanis
664 2926 700 2956 ad
720 2925 901 2956 minuendas

27 2960 103 2994 lites
122 2960 324 2992 necessarice?
341 2961 567 3001 ntnecjuratur
583 2964 623 2995 sic
635 2976 674 2997 ex
694 2976 801 2998 mente
823 2966 888 2997 Prae

29 3001 127 3034 toris:
152 3001 302 3034 servantis
317 3002 553 3042 jusjurandum,
571 3001 758 3038 conditione
778 3008 901 3045 delata,

27 3043 218 3084 praestitum:
234 3044 358 3083 quodni
371 3044 532 3083 propofito
543 3055 605 3076 non
618 3047 670 3079 est.
693 3049 783 3080 Aliud
795 3056 902 3080 exem-

27 3085 114 3125 plum
131 3085 194 3116 (1.1.
212 3094 263 3125 34.
283 3083 309 3125 §.
330 3085 381 3115 ult.
408 3084 437 3115 in
457 3093 517 3129 qua
534 3087 576 3116 ait
594 3087 726 3128 Paulus,
753 3089 817 3131 Qui
836 3099 900 3120 non

24 3127 261 3166 compelluntur
278 3126 386 3156 Romae
407 3126 557 3165 judicium
575 3129 740 3168 accipere,
765 3140 821 3161 eos
836 3139 899 3161 nec

21 3165 124 3208 jurare
140 3167 377 3207 compellendos
395 3166 472 3199 effe:
496 3178 602 3208 eoque
630 3170 659 3202 in
676 3179 811 3202 numero
834 3170 896 3202 esse

24 3209 165 3252 Legatos
180 3207 403 3245 Provinciales.
422 3207 600 3252 Nimirum3
617 3211 688 3253 quia
700 3212 895 3254 praestitoju.

1756 86 1824 123 223

947 162 1134 201 rejurando,
1153 163 1218 194 nori
1234 161 1399 194 habehunt
1415 162 1612 205 privilegium
1631 163 1716 205 quod
1732 162 1822 197 habi-

947 205 1007 233 turi
1023 203 1141 242 essent,
1165 203 1185 235 fi
1203 213 1267 235 non
1283 203 1448 244 jurassent:
1473 204 1582 246 utique
1599 204 1640 236 fic
1662 211 1819 247 recogno·

948 244 1070 275 scentes
1092 243 1208 276 Forum
1227 245 1423 284 Romanum,
1441 247 1589 277 amittent
1603 247 1651 286 jus
1670 255 1823 285 revocati-

948 286 977 316 di
996 290 1147 324 domum,
1172 287 1302 325 perinde
1317 295 1350 317 ut
1368 286 1457 318 fieret
1470 309 1479 325 ‚
1503 287 1521 318 si
1539 288 1624 318 litem
1649 287 1819 319 contestati

947 325 1046 357 effent
1057 328 1073 356 l.
1085 332 1132 360 28.
1143 326 1170 368 §.
1183 337 1209 358 2.
1221 327 1262 358 D.
1273 330 1305 358 cle
1313 328 1443 368 judiciis.
1463 329 1492 359 Si
1506 327 1601 369 igitur
1618 328 1819 369 consequens

947 367 992 398 est
1017 377 1127 398 eorum
1147 369 1333 408 privilegio;
1358 378 1398 400 ne
1421 378 1577 411 cogantur
1602 371 1819 401 litem-conte-

946 407 1035 440 stari:
1052 417 1112 448 qua
1126 408 1235 440 fronte
1246 412 1406 449 cogentur
1418 411 1520 449 jurare
1536 418 1588 442 aut
1607 408 1819 451 jusjurandum

945 448 1080 481 referre:
1096 450 1159 489 pari
1171 449 1334 489 utriusque
1351 449 1457 482 exitu?
1482 451 1535 482 Est
1553 453 1650 484 &alia
1666 452 1754 483 causa
1771 461 1821 484 re-

948 489 1072 522 cusandi
1093 491 1316 531 jurisjurandi:
1346 490 1367 523 fi
1399 493 1440 522 de
1462 492 1600 524 formula
1621 492 1818 534 iurisjurandi

947 533 1029 563 inter
1046 540 1149 571 partes
1166 533 1262 563 fuerit
1287 531 1481 564 dubitatum:
1505 532 1583 564 ficut
1606 536 1691 565 enim
1720 532 1818 566 nemo

946 572 991 604 est
1015 573 1177 613 cogendus
1202 571 1310 603 facere
1336 574 1424 613 quod
1449 574 1501 605 vel
1527 582 1635 605 natura
1659 576 1708 606 vel
1728 576 1819 608 bonis

945 613 1086 646 moribus
1102 613 1210 644 facere
1226 614 1432 654 prohibetur:
1457 615 1499 646 ita
1517 624 1614 646 nemo
1631 617 1728 647 debet
1745 614 1821 658 cogi

941 657 1060 696 Jurare‚
1083 663 1157 686 curn
1182 665 1245 686 non
1275 655 1381 694 potest
1409 655 1489 688 salva
1516 656 1681 697 religione.
1705 667 1741 688 ac
1755 658 1820 697 jam

945 697 1066 737 probo,
1083 698 1170 736 quod
1189 695 1340 736 Ulpianus
1357 696 1385 728 in
1403 698 1430 727 d.
1453 696 1472 728 l.
1489 707 1537 738 34.
1558 697 1587 738 §.
1606 706 1633 734 4.
1660 698 1708 735 Si,
1729 697 1821 736 infit,

944 741 976 769 de
994 738 1132 780 qualitate
1144 738 1306 779 juramenti·
1329 738 1388 777 (de
1405 737 1470 769 hoc
1487 738 1585 769 verbo
1602 738 1753 779 Cellarius
1770 740 1818 782 lib⁷

945 780 992 810 De
1016 780 1108 810 Latin
1145 781 1215 809 med.
1243 779 1279 813 ἐπ’)
1302 779 1393 819 infim.
1418 785 1491 811 aetat.
1511 789 1534 811 c.
1557 789 1580 811 1.
1598 786 1626 820 p.
1642 780 1820 819 62i)fiierit

943 822 1020 852 inter
1029 828 1128 861 pmles
1146 821 1331 858 dubitatum,
1349 822 1487 862 conceptio
1505 822 1566 863 ejus
1575 822 1675 852 arbitri
1679 822 1822 863 judican-

944 865 980 893 tis
1002 865 1065 892 erit.
1089 861 1275 902 Eodemque
1301 863 1394 902 plane
1419 863 1516 894 modo
1537 862 1565 893 in
1584 863 1612 905 ς).
1634 867 1661 897 8.
1686 864 1712 893 (ἰ.
1729 863 1748 895 ἰ.
1767 872 1818 904 34.

942 904 1002 934 ait:
1028 903 1098 933 Non
1112 905 1220 942 semper
1237 909 1333 933 autem
1349 906 1503 940 consonans
1521 902 1577 944 est,
1601 911 1650 942 per
1668 905 1762 935 omnia
1777 913 1822 935 re-

936 945 1015 982 ferri
1025 945 1238 985 jusjurandum
1249 968 1258 982 ,
1274 944 1358 985 quale
1374 946 1520 984 defertur:
1529 944 1656 984 fmfitan
1673 955 1709 976 ex
1724 946 1821 976 diver-

937 984 1025 1024 sitate
1049 996 1144 1016 rerum
1165 986 1210 1016 vel
1223 994 1409 1025 personarum
1425 987 1596 1027 quibusdam
1612 984 1820 1027 emergentibiii'

944 1037 1006 1069 quce
1029 1028 1199 1058 varietatem
1223 1028 1373 1058 inducunt.
1399 1026 1521 1068 Ideoque
1539 1027 1567 1064 fi
1595 1029 1665 1069 quid
1694 1028 1750 1059 tale
1772 1030 1820 1059 in-

945 1069 1043 1099 ciderit
1054 1092 1062 1105 ,
1080 1066 1169 1110 officio
1183 1069 1290 1108 judicis
1299 1071 1439 1108 conceptio
1449 1069 1819 1110 hujusrnoaijiirisjumizdi

945 1112 1123 1141 terminetur.
1142 1109 1238 1141 Hunc
1259 1109 1381 1140 versum
1401 1109 1451 1141 vel
1468 1109 1540 1141 ideo
1559 1109 1705 1150 apposui3
1723 1119 1756 1141 ut
1773 1119 1820 1141 to-

946 1160 1012 1182 tuin
1044 1150 1178 1192 Ulpiano
1214 1150 1407 1182 vindicarem
1440 1150 1588 1182 adversus
1613 1151 1820 1192 suspicionem

945 1193 1074 1224 Antonii
1106 1192 1195 1223 Fabri
1227 1191 1266 1223 V.
1293 1192 1352 1224 CL.
1378 1193 1424 1222 lib.
1455 1196 1502 1224 16.
1524 1192 1647 1233 conjeft.
1671 1203 1695 1224 c.
1718 1195 1751 1224 ιε’
1780 1193 1819 1224 aaz

939 1234 994 1273 sm.
1027 1233 1230 1265 existimantis
1246 1257 1255 1272 ‚
1286 1232 1475 1264 Triboniani
1517 1233 1598 1270 ess'e,
1629 1233 1821 1273 argumento

940 1275 1091 1315 postremi
1117 1275 1225 1313 verbi,
1252 1274 1442 1306 Terminetur.
1475 1275 1515 1305 de
1539 1284 1603 1314 quo
1626 1274 1668 1306 fic
1692 1275 1815 1306 scribit:

940 1317 1018 1360 Qiis
1038 1317 1113 1347 enim
1135 1326 1167 1347 eo
1190 1317 1275 1347 verba
1299 1326 1355 1346 non
1386 1317 1465 1347 videt
1499 1315 1704 1346 Tribonianum
1724 1322 1819 1357 sapere

942 1361 1055 1399 mugit,
1078 1368 1165 1400 quom
1194 1355 1382 1398 Ulpianum?
1401 1357 1557 1397 praelertim
1579 1359 1653 1398 quod
1672 1359 1735 1395 ait,
1760 1358 1821 1389 ter'-

943 1399 1091 1431 rninetur.
1123 1400 1296 1439 [imperantis
1326 1400 1402 1429 enim
1434 1399 1507 1428 illud
1530 1402 1648 1429 verbum
1673 1397 1730 1438 est,
1752 1401 1822 1440 ,nm

939 1441 1059 1472 bominis
1077 1442 1188 1482 dejure
1206 1442 1420 1480 autscribentis
1434 1446 1485 1470 citit
1503 1440 1702 1480 respondentis.
1726 1439 1818 1479 Ulpia

939 1485 990 1513 ani
1008 1488 1103 1513 autem
1118 1492 1175 1513 non
1189 1483 1269 1521 fuit,
1286 1482 1329 1513 fed
1347 1480 1534 1516 Tribonioizi,
1560 1490 1643 1524 agere
1661 1481 1815 1522 Impertite-

940 1533 1006 1554 rem,
1023 1523 1073 1554 Sic
1092 1523 1160 1554 ille:
1178 1524 1360 1554 sedtemere
1387 1531 1458 1553 nam
1472 1519 1832 1562 hujusmodiloquendis

941 1563 1054 1596 formae
1080 1564 1215 1605 Ulpiano
1239 1574 1302 1596 non
1329 1564 1398 1595 sunt
1422 1562 1550 1604 insolitae
1594 1563 1628 1595 Id
1651 1561 1821 1603 observavi]

945 1605 1027 1637 infra
1054 1606 1107 1637 sub
1131 1605 1265 1644 Titinio,
1290 1606 1340 1637 De
1357 1604 1490 1646 siitpeftis
1515 1605 1665 1636 tutoribus⁴
1695 1603 1758 1636 Res*
1776 1604 1823 1637 iri-

944 1647 1033 1679 flnita
1057 1647 1153 1686 effet3
1176 1647 1196 1679 fi
1226 1645 1385 1678 adferrem
1411 1645 1526 1677 omnia.
1550 1653 1660 1686 patere
1686 1648 1791 1678 tamen
1808 1659 1822 1685 ς

945 1688 1017 1720 addi
1035 1697 1153 1729 pauca,
1178 1698 1244 1720 non
1260 1688 1387 1729 indigna
1413 1687 1566 1718 annotari.
1591 1689 1694 1719 Unum
1714 1688 1776 1726 est,
1798 1687 1824 1720 ss

946 1739 1034 1762 extra
1053 1730 1204 1770 judicium
1229 1728 1378 1762 convenit
1406 1729 1488 1760 inter
1514 1728 1706 1771 litigatores,
1730 1729 1822 1772 liteml

945 1781 1036 1803 unius
1049 1772 1252 1813 jurejurando
1263 1770 1432 1802 terminari.
1447 1770 1561 1802 nonest
1572 1773 1655 1802 enim
1669 1770 1822 1811 dubiumg'

945 1814 1020 1853 quin
1041 1814 1190 1844 iervanda
1205 1813 1239 1844 sit
1257 1812 1333 1845 fides
1355 1811 1457 1851 passi3
1481 1821 1587 1850 eoque
1612 1812 1754 1844 relationi
1777 1813 1824 1844 lo}

946 1864 1000 1886 cus
1019 1854 1079 1886 effe
1099 1854 1226 1886 desinat.
1250 1854 1314 1886 hoc
1340 1854 1450 1885 Paulus
1475 1860 1607 1884 annotat
1622 1855 1641 1885 l.
1665 1862 1709 1894 17.
1732 1855 1775 1885 D.
1792 1855 1822 1893 [γρ

947 1896 1087 1937 ιἾίΕιςυε
1104 1897 1229 1938 elegans
1256 1895 1301 1927 est
1327 1894 1499 1935 exceptio,
1522 1894 1543 1926 fi
1559 1894 1610 1925 cui
1627 1896 1766 1927 delatum
1784 1894 1822 1926 fi't‘.

943 1938 1157 1978 jusjurandum
1178 1940 1217 1969 de
1232 1937 1316 1968 fatto
1325 1938 1390 1975 eius
1407 1935 1550 1976 proprio,
1566 1935 1601 1967 fit
1618 1932 1822 1977 exemplum}

947 1988 980 2010 tu
1002 1979 1078 2010 mihi
1103 1979 1258 2018 suspectus
1282 1988 1314 2010 es
1340 1978 1416 2009 furti
1436 1978 1485 2007 vel
1506 1987 1608 2009 rerum
1627 1986 1820 2009 amotarumf.

946 2030 1007 2061 ago
1025 2029 1130 2051 tecum
1149 2020 1225 2051 furti
1245 2020 1293 2051 vel
1311 2029 1416 2051 rerum
1432 2027 1618 2050 amotarum.
1635 2018 1720 2050 deest
1741 2017 1821 2050 mihi

947 2061 1091 2102 probatio
1107 2062 1173 2103 ejus
1191 2063 1274 2101 quod
1296 2061 1437 2092 intendo,
1464 2059 1577 2091 defero
1597 2060 1653 2091 tibi
1669 2061 1825 2102 jusjuran-

950 2104 1023 2134 dum
1036 2127 1045 2142 ,
1068 2112 1099 2134 te
1118 2111 1182 2134 non
1201 2101 1309 2134 feciffe
1326 2101 1466 2140 furtum,
1491 2101 1578 2132 verbi
1593 2103 1700 2143 gratia.
1726 2109 1758 2132 tu
1774 2109 1822 2133 rei·

950 2144 1015 2175 fers
1034 2144 1109 2175 milii
1122 2144 1337 2186 jusjurandum
1350 2167 1359 2176 .
1375 2152 1411 2173 an
1430 2142 1494 2181 ipse
1508 2141 1559 2174 fur
1578 2143 1623 2174 fis.
1649 2153 1713 2174 non
1733 2145 1823 2173 tene·

951 2196 987 2217 or
1015 2185 1158 2224 proestare
1179 2186 1416 2226 jusjurandum:
1440 2185 1512 2224 quia
1537 2194 1601 2215 non
1624 2182 1693 2215 sinit
1718 2184 1821 2223 ratio9²

951 2226 1026 2258 milii
1048 2226 1158 2258 referri
1171 2227 1411 2268 jusjurandum,
1428 2233 1499 2256 cum
1512 2232 1543 2256 tu
1560 2226 1651 2266 poffis
1669 2235 1710 2256 ex
1726 2224 1823 2257 animi

948 2269 991 2299 tui
1019 2267 1173 2299 sententia
1197 2269 1303 2309 jurare
1328 2268 1368 2298 de
1391 2265 1476 2298 fatto
1505 2275 1562 2297 tuo
1589 2266 1642 2297 tibi
1663 2266 1821 2306 cognito&

950 2319 1012 2349 ego
1039 2319 1185 2349 nequem
1210 2319 1249 2340 ex
1273 2308 1367 2340 animi
1395 2309 1457 2339 mei
1484 2308 1636 2338 sententia
1658 2308 1762 2348 jurare
1779 2309 1821 2339 de

947 2351 1032 2381 fatto
1050 2359 1106 2381 tuo
1125 2350 1198 2381 mihi
1219 2351 1409 2390 incognitol.
1426 2358 1471 2380 12.
1490 2348 1530 2379 D.
1543 2351 1575 2378 de
1592 2349 1713 2381 actrer.
1733 2350 1821 2380 amnt.

945 2391 1080 2423 Pulchre
1099 2391 1249 2433 Ulpianus
1265 2392 1284 2422 l.
1307 2400 1352 2422 11.
1373 2391 1401 2432 ἓ.
1423 2400 1449 2421 2.
1469 2393 1528 2421 eod,
1544 2389 1651 2429 jurare
1667 2395 1729 2422 tam
1749 2391 1820 2429 vir,

945 2442 1037 2474 quam
1056 2443 1135 2464 uxor
1152 2442 1298 2473 cogetur.
1315 2441 1405 2472 pater
1423 2439 1527 2462 autem
1546 2432 1726 2462 amoventis
1739 2431 1823 2473 jura-

946 2484 979 2505 re
996 2484 1059 2505 non
1077 2482 1228 2515 cogetur:
1251 2483 1322 2504 cum
1342 2472 1479 2511 iniquum
1498 2472 1551 2509 sit,
1570 2473 1615 2503 'de
1631 2474 1736 2504 alieno
1753 2473 1821 2503 fac-

947 2521 981 2546 to
1006 2516 1098 2546 alium
1113 2517 1228 2556 jurare.
1262 2516 1287 2544 is
1310 2523 1386 2554 ergo
1404 2512 1529 2554 cogitur
1544 2514 1642 2553 jurare
1663 2523 1715 2554 qui
1733 2524 1820 2546 anio=¹

946 2556 1021 2587 visse
1033 2555 1344 2593 dicetur-,etidcirco
1363 2564 1422 2585 nec
1442 2556 1532 2585 lieres
1550 2555 1617 2596 ejus
1636 2555 1688 2595 qui
1705 2565 1818 2595 quaet-,e

946 2597 1096 2629 amovisse
1124 2597 1268 2632 dicetur„
1289 2597 1394 2638 jurare
1419 2604 1563 2636 cogetur.
1590 2597 1684 2635 quid,
1707 2597 1727 2629 fi
1747 2599 1819 2637 quis

947 2638 1025 2669 velit
1043 2638 1162 2669 referre
1174 2639 1385 2678 iusjurandum
1397 2637 1448 2668 fibi
1462 2639 1598 2669 delatum
1612 2638 1627 2668 ¹?
1645 2647 1707 2669 non
1721 2636 1823 2670 videri

949 2680 1120 2711 Praetorcm
1147 2675 1331 2719 permisisse,
1358 2679 1507 2719 Llpxanus
1532 2680 1573 2709 ait
1589 2679 1618 2720 ἓ.
1637 2690 1665 2720 3.
1683 2681 1709 2710 d.
1730 2681 1748 2710 l.
1775 2688 1819 2710 11,

946 2721 1032 2751 addit
1051 2722 1082 2751 in
1103 2721 1112 2751 l
1144 2730 1188 2761 13.
1209 2720 1249 2751 Et
1267 2719 1360 2751 ideo!
1378 2721 1459 2756 abeo
1471 2719 1593 2757 scribit,
1611 2721 1732 2752 mulieri
1751 2730 1818 2751 nou

946 2762 1008 2793 cili:
1028 2761 1296 2799 permittendum,
1320 2760 1438 2793 referre
1460 2762 1697 2803 jusjurandum:
1722 2762 1751 2792 &
1777 2762 1819 2792 ita

948 2803 1093 2834 Edictum
1114 2803 1293 2834 ordinatum
1312 2803 1422 2834 videri.

983 2845 1099 2875 Similis
1118 2843 1295 2875 observatio
1312 2843 1421 2881 fuit3si
1436 2843 1460 2875 is
1471 2843 1519 2875 cui
1537 2843 1746 2883 jusjurandum
1765 2841 1821 2872 de-

944 2886 1063 2916 feratur
1078 2886 1178 2921 ,dicat
1192 2887 1220 2916 le
1238 2885 1381 2926 ignorare
1397 2894 1448 2916 aut
1467 2887 1619 2916 dubit-are.
1644 2883 1729 2914 Vidit
1749 2892 1823 2915 eam

947 2926 1162 2968 Quintilianus
1186 2927 1232 2957 lib.
1257 2938 1286 2968 5.
1319 2924 1376 2967 Ins}
1415 2928 1499 2959 Orat.
1523 2936 1545 2957 c.
1571 2929 1599 2955 6.
1621 2924 1716 2954 verba
1734 2924 1820 2963 ejus}

947 2969 971 2999 1,
992 2970 1044 3008 qui
1058 2968 1150 3007 defert
1167 2966 1418 3010 (jusjurandum)
1442 2977 1525 3009 agere
1549 2963 1666 3004 modeste
1681 2966 1818 3004 videtur,

945 3019 1008 3039 cum
1030 3009 1090 3039 litis
1107 3009 1303 3051 adverslirium
1323 3011 1449 3051 judicem
1463 3009 1574 3045 faciat:
1597 3005 1633 3040 ὅ)
1655 3014 1717 3036 eum
1733 3006 1820 3047 cujux

945 3051 1070 3092 cognitio
1087 3049 1142 3091 eft,
1165 3062 1242 3082 omre
1257 3053 1373 3088 liberet,
1397 3052 1446 3091 qui
1460 3047 1582 3088 profesio
1601 3048 1690 3078 alieno
1703 3048 1820 3088 jureju-

945 3092 1034 3122 rando
1051 3093 1123 3131 stari
1135 3118 1143 3131 ,
1160 3104 1245 3134 quom
1254 3102 1308 3133 suo
1326 3094 1417 3123 iiia-lit.
1441 3090 1508 3134 ¹Quo
1523 3084 1666 3128 difficilior
1681 3090 1822 3128 recusatio

942 3132 998 3173 eft,
1025 3131 1170 3174 nisiforze
1196 3145 1237 3165 res
1262 3133 1299 3175 est
1315 3144 1363 3170 ea,
1395 3142 1479 3172 quom
1502 3130 1627 3160 credibile
1638 3127 1699 3169 fit,
1722 3131 1825 3162 notarri

940 3174 990 3215 ipfi
1006 3183 1069 3204 non
1088 3176 1146 3216 effe.
1163 3176 1214 3207 Sic
1231 3174 1461 3216 Quintilianus,
1480 3181 1576 3211 putO,
1592 3180 1609 3201 a
1622 3170 1821 3212 jureconsuls>

938 3217 988 3249 tis.
1006 3211 1100 3256 quos*
1113 3219 1197 3251 inter
1215 3216 1366 3258 Ulpianus
1384 3215 1400 3245 l.
1420 3219 1521 3254 34pr.
1541 3210 1584 3245 D.
1600 3212 1628 3244 h.
1645 3217 1667 3244 t.
1685 3215 1717 3248 'ui
1733 3211 1823 3259 liu-nne*
