2036 3495
487 129 553 165 An
580 127 670 165 Lrn.
700 127 831 165 XXIV.
860 126 959 165 T'xT.
988 129 1030 166 H..
1057 128 1108 164 De
1130 129 1271 165 divortiis
1293 125 1335 168 ἐξ
1359 129 1502 177 repudiis.

99 220 183 253 blica
207 217 337 257 referri,
361 219 525 251 annotavit
549 217 651 259 Justus
675 216 795 258 Lipsius
817 217 856 249 ad
872 216 970 263 Taci.

100 257 168 294 'tum
184 261 231 292 lib.
247 271 278 302 5.
295 259 409 292 Annal.
437 260 562 298 Excurs.
580 259 643 290 Lit.
664 259 706 291 A.
729 260 758 291 dt
780 259 859 299 juffu
884 258 968 290 Cali-

95 304 179 344 gulae
194 301 310 334 faetum
328 301 393 334 hoc
411 301 491 342 elle,
512 307 670 333 memorat
688 299 860 332 Suetonius
884 300 915 331 in
941 309 968 330 e-

92 346 144 387 jus
157 345 221 375 vita
237 353 260 374 c.
277 347 326 384 36.
692 379 693 382 ,
726 378 728 382 ,
958 376 959 379 ,

138 385 238 429 Quod
254 385 370 416 attinet
387 384 426 416 ad
445 382 592 423 personas
616 390 633 413 a
658 382 773 421 quibus
798 384 965 415 mittantur

94 421 243 468 i’epudia;
267 433 393 457 cautum
411 424 473 466 fuit
493 424 580 465 Lege
603 422 683 463 Julia
709 424 750 455 de
784 424 964 456 maritandis

94 468 260 500 ordinibus
281 469 336 508 (ut
353 466 399 498 est
412 465 492 505 apud
512 463 683 509 Ulpianum
701 465 721 497 l.
739 466 817 497 unic.
837 465 877 496 D.
901 464 966 496 Un-

95 511 130 540 de
142 511 192 541 vir
207 507 244 544 ὃ*
260 508 355 548 uxor)
387 515 427 538 ne
443 505 572 538 divortii
598 504 736 546 faciendi
761 507 848 538 causa
872 506 965 538 liber-

95 552 136 583 'tae
152 550 187 582 sit
204 548 340 590 potestas
357 557 374 579 a
390 546 524 588 patrono
551 547 655 579 invito
680 548 857 579 discedere:
889 547 918 579 &
941 542 963 579 fi

95 591 208 623 contra
224 589 335 628 faciat,
358 589 398 621 n'e
419 589 455 620 fit
478 591 505 620 ei
526 589 575 630 jus
601 588 753 620 connubii
779 586 960 625 eumalio:

94 634 193 665 inodo
214 639 365 672 patronus
382 630 411 662 ἃ
428 625 562 673 ui'torem
580 629 641 661 ess‘e
656 653 666 668 ,
691 629 784 669 velit,
809 629 839 661 ἀ
857 637 960 670 patro·

95 683 152 706 nus
171 674 279 704 duret:
303 681 375 703 nam
392 667 413 704 ii
437 678 491 703 aut
505 679 654 713 patronus
670 669 751 715 eisc,
775 679 830 703 aut
854 671 938 703 velle
952 693 962 709 ,

95 714 238 752 desierit3
261 712 349 755 finita
373 705 418 744 est
442 713 536 755 Legis
559 711 727 744 auctoritas
750 712 768 743 l.
790 722 836 744 11.
857 719 903 753 pr.
928 712 965 747 ὅ)

93 755 122 829 ἓ.
143 765 168 788 1.
189 754 231 787 D.
250 754 277 785 b.
297 760 318 791 t„
333 755 362 786 d.
382 753 402 785 l.
421 755 498 786 unic.
516 751 544 796 §.
571 763 597 786 1.
619 753 733 799 plane,
766 753 787 785 fi
810 763 849 785 ex
876 757 965 785 caula

107 792 326 829 'deicommiffi
343 795 524 868 maqumissa
547 792 582 827 fit
607 794 735 827 liberta:
761 802 838 825 tunc
858 795 964 835 potest

92 839 132 870 ab
149 847 188 869 eo
203 836 383 874 discedere,
421 837 483 868 icet
499 838 563 877 ejus
579 836 688 868 liberta
706 835 740 867 fit
755 836 766 866 l
796 845 843 868 io.
866 835 908 867 D.
935 836 964 867 h.

93 880 115 912 i.
159 879 259 910 Mitto
277 878 437 910 libertam:
459 877 546 912 fimui
567 876 685 918 Legem
701 876 815 921 Juliain
839 877 963 917 expoli-

95 930 158 952 tam
176 919 269 960 plene
284 929 300 950 a
316 919 457 951 Barnaba
472 918 626 951 Briffonio
650 916 698 950 De
715 919 783 961 jure
811 919 962 950 connubio-

93 963 159 994 'rum
177 968 242 1001 pag.
266 962 332 992 161.
349 959 386 995 ὃ)
401 960 476 1002 seqq.
519 997 522 1003 ,
595 998 596 1001 ¹
681 996 694 1001 ..
718 1001 724 1006 η
913 996 915 999 ,

140 1002 190 1033 De
216 1002 399 1042 parentibus
423 1003 603 1041 videamu53
627 994 656 1033 ἃ
679 1000 814 1042 primulii
840 999 880 1031 de
898 1009 961 1032 tna-

96 1052 162 1082 tre;
186 1044 225 1074 de
244 1042 302 1074 hac
319 1043 421 1075 Pisoni
439 1043 563 1075 c‘uidam
581 1044 622 1074 iic
644 1042 818 1074 rescribunt
834 1041 962 1087 Diocle·

99 1085 200 1116 tianus
216 1083 244 1115 dt
268 1083 481 1123 Maximianus
498 1084 517 1115 l.
533 1095 563 1123 4.
582 1085 615 1115 C.
633 1083 661 1114 b.
680 1089 700 1115 t.
746 1082 832 1114 Filiae
855 1082 961 1120 divor-

99 1127 177 1158 tium
192 1126 223 1157 in
241 1124 397 1166 potestate
420 1124 525 1157 matris
547 1135 610 1157 non
629 1124 683 1156 est.
727 1123 813 1169 idern
836 1126 865 1156 in
888 1123 907 1155 l.
928 1135 960 1164 5.

99 1167 255 1199 affirmant
271 1167 313 1198 illi
334 1166 496 1207 Principes
514 1166 554 1197 de
572 1165 710 1209 patre‚si
726 1164 788 1198 filia
804 1166 838 1197 sit
854 1174 960 1211 eman*-

96 1209 200 1248 cjpata
216 1216 223 1238 :
245 1213 315 1238 nam
333 1211 404 1249 esum
423 1218 462 1239 ne
487 1205 575 1247 hujus
590 1206 715 1248 quidem
733 1207 904 1239 divortium
929 1208 961 1239 in

98 1248 256 1290 'potestate
274 1248 322 1280 sua
338 1248 466 1281 habere.
507 1248 615 1291 Quid,
638 1243 659 1279 fi
677 1248 766 1279 liberi
791 1242 849 1279 {int
874 1249 904 1280 in
931 1258 961 1279 e-

94 1291 142 1331 ius
160 1289 315 1330 potestate
329 1290 346 1322 2
366 1286 434 1330 ‚lani
457 1285 583 1330 dlvortii
605 1285 767 1333 arbitrium
785 1290 880 1329 patris
893 1289 962 1329 jure

97 1332 182 1362 civili
199 1330 261 1361 ess'e
275 1353 285 1369 ,
308 1331 414 1371 negari
431 1331 542 1371 ‘nequit
553 1353 563 1368 ,
579 1330 730 1371 ¹quamvis
745 1331 962 1371 ignorantibus

98 1373 152 1403 aut
169 1371 274 1402 invitis
297 1371 414 1403 liberis.
445 1371 627 1411 exemplum
657 1371 717 1402 tale
741 1372 821 1410 apud
847 1371 960 1403 Sueto-

96 1422 203 1450 nium,
229 1411 338 1443 Tiberio
363 1422 386 1444 c.
409 1421 456 1444 11.
479 1412 620 1452 Comperit
637 1413 736 1443 deinde
759 1412 875 1453 Juliam
892 1423 961 1444 uxo·

95 1452 156 1486 rem
183 1455 214 1484 ob
238 1453 365 1484 libidines
385 1453 470 1495 atque
493 1450 636 1484 adulteria
660 1455 847 1491 damnatam,
879 1461 960 1495 repa·

96 1497 230 1535 diumque
245 1494 334 1531 eisuo
356 1497 486 1533 nomine,
509 1503 545 1525 ex
562 1494 731 1526 austeritate
752 1494 897 1535 Augusti,
921 1505 962 1526 res

95 1534 224 1575 mtffum:
254 1534 291 1568 &²
310 1541 483 1576 quamquam
503 1534 584 1566 laetas
615 1536 728 1572 animo,
763 1541 857 1566 tamen
877 1536 962 1576 officii

96 1576 203 1613 auxit,
230 1572 372 1616 qnantum
395 1576 467 1615 inſse
495 1574 576 1619 effer,
607 1585 725 1607 exorare
750 1576 822 1616 filice
847 1573 962 1618 parreia

89 1616 293 1657 frequentibus
309 1616 419 1655 literis,
443 1616 479 1651 ἐξ
494 1616 541 1652 vel,
562 1620 716 1658 utcumque
735 1615 859 1657 merim,
879 1620 961 1660 quid<

97 1660 167 1700 quid
190 1662 326 1700 uniqazim
354 1659 425 1689 dono
455 1657 779 1699 dediffessvvconcedere.
833 1655 870 1691 ln
898 1660 961 1700 hoc

97 1699 249 1737 exemplo
291 1698 348 1739 atri
370 1698 432 1730 fuit
456 1700 560 1738 causa,
584 1708 640 1730 cur
659 1698 840 1741 diss'olutum
864 1702 962 1733 vellet

95 1740 260 1772 matrimon
276 1749 336 1781 um.
380 1739 441 1771 Sed
462 1740 537 1780 quid
552 1763 575 1779 „
591 1741 610 1772 si
635 1741 718 1781 nulla
743 1741 836 1780 effet,
859 1740 963 1774 matri·

96 1781 208 1812 monio
224 1780 310 1812 forte
327 1781 542 1813 concordante
564 1781 594 1813 δι
612 1780 718 1814 liberis
736 1783 895 1815 subnixo?
911 1784 963 1816 ad⁴

95 1817 159 1853 hue
177 1823 280 1861 potuit
298 1822 362 1854 hoc
374 1845 387 1864 Α,
407 1822 607 1862 quantumvis
622 1821 688 1864 eju's
703 1823 867 1855 voluntate
883 1825 960 1857 con-

93 1863 244 1900 tracium,
265 1863 334 1903 J'ure
349 1865 456 1903 patriae
479 1863 642 1908 potestatis
664 1860 862 1904 dissolvere„
892 1865 960 1910 Du}

93 1903 158 1936 ram
190 1913 255 1936 rem
281 1904 314 1945 ὅς
342 1905 480 1944 iniquam
512 1903 825 1944 narra-veriffimain
855 1913 960 1949 tamen

93 1945 204 1982 fuisse,
220 1945 435 1986 utestanturvex
459 1944 602 1978 Cor'nicis
625 1947 765 1978 adducta:
789 1957 806 1978 a
829 1947 960 1988 Cujacio

95 1988 134 2025 ad
151 1986 233 2018 Nov.
251 1987 300 2018 22.
319 1987 456 2027 querelae
481 1986 632 2026 filiarum,
661 1987 690 2018 se
716 1988 905 2030 aboptimis
932 1990 962 2021 δι

94 2027 363 2059 concordantibus
380 2029 499 2060 maritis
516 2027 579 2060 fine
595 2028 684 2059 causa
698 2029 791 2061 avelli
809 2030 868 2061 sola
878 2031 962 2071 spur-

93 2068 186 2107 citia,
209 2066 241 2100 id
256 2068 321 2108 est,
344 2068 549 2108 crudelitate,
564 2071 687 2110 patruni
705 2070 839 2110 quorum
858 2072 888 2102 in
906 2071 962 2113 po·

96 2109 207 2141 testate
222 2108 289 2141 fint.
315 2108 374 2142 His
391 2111 546 2151 exemplis
564 2111 674 2143 addam
691 2121 752 2152 ego
767 2112 900 2152 sequens
920 2123 960 2144 eit

95 2150 222 2192 Apuleji
240 2151 378 2193 Apologia
389 2158 420 2191 p.
438 2156 510 2193 308.
533 2151 581 2184 Ni
595 2148 764 2191 itafacz'at,
780 2154 960 2195 injicitfcru-

89 2192 196 2232 pulum
212 2194 325 2223 amanti
343 2191 549 2231 adulescentulo
565 2199 721 2231 veterator,
739 2196 870 2226 minatur
879 2195 910 2237 st'
919 2193 959 2235 fi-

92 2235 162 2264 tiam
179 2233 379 2265 abducturum.
428 2233 562 2266 Duravit
586 2238 682 2276 porro
705 2234 730 2266 is
753 2236 835 2276 rigor
852 2236 960 2277 patriae

92 2273 258 2314 potestatis
275 2274 426 2315 usquead
450 2274 495 2308 D.
514 2275 622 2308 Pium:
648 2277 701 2316 qui
722 2277 840 2317 primus
864 2279 892 2308 ei
916 2278 960 2309 in-

92 2315 168 2354 iecit
192 2315 344 2355 modum;
381 2324 491 2348 vetans
512 2317 620 2357 (quod
642 2325 700 2348 nos
724 2318 823 2349 do'ce‘t
844 2318 960 2351 Paulus

92 2356 140 2388 lib.
158 2367 188 2396 5.
208 2357 336 2389 Sement.
360 2361 407 2389 tit.
430 2362 459 2389 6.
477 2353 505 2399 ἓ.
532 2358 597 2398 15.)
619 2357 852 2391 matrimonium
877 2360 959 2392 bene

90 2399 290 2429 concordans
318 2408 335 2429 a
361 2407 451 2439 patre
467 2399 610 2439 separari.
654 2398 715 2431 Sed
740 2399 814 2431 huic
838 2408 958 2442 tempe-

92 2447 234 2470 ramento
273 2449 337 2471 non
376 2440 495 2472 cess'ere
528 2441 688 2481 praevalidi
717 2449 834 2476 mores.
865 2442 960 2484 igitur

94 2480 179 2515 quod
209 2481 373 2512 inchoavit
399 2480 440 2512 D.
469 2481 558 2520 Pius,
594 2481 730 2513 absolvit
757 2481 796 2513 D.
822 2482 958 2515 Marcus.

94 2517 271 2552 Meminere
296 2521 516 2555 Diocletianus
543 2523 573 2555 &
597 2522 810 2555 Maximianus
833 2525 851 2555 l.
868 2536 897 2564 5.
925 2525 958 2556 C.

92 2559 120 2606 h:
146 2566 166 2590 t.
188 2559 342 2601 Schyroni
363 2564 485 2595 cuidam
508 2564 550 2595 ita
584 2563 810 2596 rescribentes:
843 2565 958 2606 Dzffinn·

94 2602 191 2631 uentis
209 2603 477 2646 patriquuiinitio
499 2604 635 2645 consensit
664 2607 862 2645 matrimonio,
892 2617 957 2639 cum

93 2640 196 2673 marito
217 2645 399 2675 concordante
419 2646 509 2677 uxore
524 2647 720 2685 filiafamilias
739 2670 750 2686 ,
780 2654 875 2680 ratam
899 2659 956 2680 non

92 2684 188 2714 haberi
200 2683 377 2715 voluntatem
392 2685 491 2717 Divus
508 2687 633 2719 Marcus
646 2690 729 2728 pater
745 2686 837 2728 noster
851 2712 860 2726 ,
888 2691 955 2727 ,reli-

89 2721 258 2764 giofiffimus
275 2724 431 2765 Imperator
448 2726 612 2767 constituit:
634 2725 689 2766 nisi
706 2736 812 2771 magna
827 2730 863 2765 ἐᾷ’
873 2729 955 2772 justa

91 2772 177 2804 causa
193 2767 401 2797 interveniente
415 2767 464 2798 boc
474 2772 556 2808 pater
570 2764 678 2805 fecerit.
712 2769 843 2803 Invitam
858 2772 956 2803 aurem'

91 2806 130 2836 ad
151 2807 289 2837 maritum
305 2806 417 2846 redire,
440 2809 522 2840 nulla
533 2810 612 2852 juris
623 2813 755 2852 precipit
778 2811 952 2851 constitutio.

91 2846 290 2888 Emancipatae
311 2857 378 2879 vero
397 2848 470 2888 fitiae
488 2857 571 2890 pater
601 2854 759 2884 divortium
780 2855 810 2884 in
833 2852 956 2885 arbitrio

80 2888 137 2928 sno
156 2898 212 2919 non
227 2889 319 2920 babet.
342 2888 427 2921 Huic
445 2889 605 2933 Rescrip'to
622 2893 814 2926 Diocletiani
835 2895 863 2926 ὅ(
883 2895 952 2926 Ma-

91 2929 220 2961 ximiani
243 2929 263 2961 fi
284 2930 432 2971 jungatur
447 2932 605 2970 justiniani
628 2927 756 2967 Novella
778 2946 827 2967 22.
851 2946 876 2967 c.
908 2938 952 2973 19'.

87 2971 178 3009 <nam
197 2970 240 3002 eo*
263 2972 406 3012 respicit)
432 2972 522 3005 nimis
545 2984 696 3017 apparet,
718 2975 749 3008 in
776 2976 883 3016 primis
909 2976 951 3009 D.

86 3011 203 3056 Marco
219 3012 345 3044 deberi:
367 3015 454 3053 quod
475 3014 631 3056 ob'tinuit3
656 3023 695 3049 ne
710 3024 816 3058 pater,
840 3019 953 3051 volens

85 3052 320 3086 matrimonium
336 3055 396 3085 suae
415 3053 505 3094 filiae,
522 3056 678 3097 praetcxtu
695 3060 801 3097 patriae
819 3059 953 3098 potesta-

84 3094 123 3125 tis
141 3094 285 3138 turbare,
308 3094 451 3138 audiatur
466 3118 475 3134 ,
509 3093 562 3130 nisi
580 3099 657 3138 justa
680 3100 708 3130 <St
733 3099 887 3139 probabili
912 3103 952 3133 ex

82 3134 194 3174 causa,
216 3142 273 3168 cur
295 3135 409 3168 faciat:
431 3136 566 3184 etsi-jure
579 3140 665 3172 civili
691 3139 792 3181 posset
810 3142 860 3173 vel
886 3141 953 3175 fine

1816 137 1889 176 4030

1013 218 1077 254 huc
1094 227 1225 259 quoque
1241 217 1378 252 intendit
1396 214 1551 260 Ulpianus
1569 218 1589 257 l.
1610 227 1634 250 1.
1659 217 1688 260 §.
1712 217 1765 250 uli.
1790 217 1831 250 D.
1852 221 1887 253 de

1010 259 1199 301 libenssxhib.
1222 256 1325 298 ceno,
1350 261 1514 300 inquiens,
1531 260 1601 302 jure
1614 261 1747 298 utimur,
1770 268 1805 290 ne
1817 261 1885 290 bene

1009 302 1213 335 concordantia
1234 304 1418 333 matrimonia
1437 303 1504 342 jure
1523 303 1625 342 pairiae
1645 298 1791 342 potestatis
1823 307 1887 332 tur-

1008 342 1121 377 bentur.
1148 342 1248 383 *Ante
1271 341 1312 377 D.
1336 341 1483 375 Marcum
1499 352 1567 374 erat
1592 342 1697 374 adhuc
1721 342 1881 376 incertum

1006 382 1071 414 hoc
1086 383 1166 422 juris.
1179 390 1561 422 temperamentum,non
1579 393 1728 425 peraeque
1748 392 1879 424 recepta

1007 422 1050 456 D.
1079 423 1122 454 Pii
1160 423 1411 460 Constitutione.
1440 426 1492 456 led
1517 425 1584 465 post
1607 425 1883 457 Constitutionem

1009 463 1050 495 D.
1072 463 1173 496 Marci
1191 464 1425 505 aitUlpianuS,
1449 467 1618 506 certojam
1634 467 1702 506 jure
1726 476 1785 498 nos
1812 467 1880 504 uti,

1007 515 1071 545 non
1089 499 1152 544 esse
1175 507 1404 547 indulgendum
1427 507 1526 548 patri,
1549 508 1673 539 volenti
1696 508 1779 540 bene
1802 517 1881 538 con-

1007 547 1171 578 cordantia
1194 549 1396 579 matrimonia
1415 548 1560 587 turbare3
1588 557 1744 588 praetextu
1769 549 1881 590 patriae

1007 588 1190 629 potestatis:
1214 598 1286 621 cum
1306 589 1476 630 praesertim
1495 591 1591 629 etiam
1607 589 1647 621 fic
1664 587 1880 631 rescripserint

1006 629 1142 661 Severus
1172 630 1202 661 δι
1220 620 1442 671 Antoninusl.
1469 640 1516 673 52.
1540 630 1569 672 §.
1591 639 1638 667 19.
1662 630 1705 663 D.
1722 633 1754 667 de
1779 633 1879 663 donat.

1006 673 1059 702 int.
1077 674 1133 702 vz'r.
1156 670 1289 707 &atton
1317 672 1465 713 ,Subjicit
1483 673 1634 713 Ulpianus
1648 673 1676 703 d.
1695 671 1714 703 l.
1735 681 1761 704 1.
1777 672 1808 714 §.
1823 672 1880 705 uit:²

1008 712 1140 752 pulchre
1169 722 1206 751 at:
1228 715 1422 745 commode:
1444 713 1532 759 Quod
1553 719 1649 745 tamen
1664 713 1709 752 fic
1726 714 1780 745 erit
1800 714 1884 745 adbi-

1007 755 1147 792 bendum,
1169 759 1204 785 ut
1223 756 1306 795 patri
1325 755 1553 796 persuadeatur,
1576 764 1612 786 ne
1634 756 1732 795 acerbe
1747 756 1880 795 patriam

1002 794 1168 835 potestatem
1183 801 1321 828 exerceat.
1366 797 1516 837 Ulpianus
1534 797 1592 828 liac
1609 804 1698 838 parte
1714 796 1881 837 indigitat,

1008 836 1050 867 D.
1074 835 1221 867 Marcum
1246 846 1305 876 pro
1323 836 1372 868 sua
1399 836 1766 874 humanitatevoltiiss'e,
1798 837 1881 878 rigo-

1006 886 1072 908 rem
1086 877 1162 917 J'uris
1179 876 1297 909 inflecti
1314 887 1378 909 non
1397 880 1538 917 directo,
1562 879 1612 911 sed
1629 878 1773 910 adhibito
1791 877 1880 910 sche-

1005 926 1090 950 mate
1121 917 1349 958 persuasionis:
1383 928 1448 960 quo
1476 921 1582 960 potius
1605 921 1745 960 sponte,
1782 928 1880 960 quam

1005 958 1134 990 coaCtus
1153 982 1163 998 ,
1194 960 1355 998 videretur
1379 968 1468 1002 pater
1489 961 1634 993 desistere
1657 963 1697 992 de
1719 962 1774 992 suo
1793 962 1879 1001 jure:

1005 1002 1093 1041 quod
1125 1001 1266 1042 alloquin
1304 1001 1426 1042 legibus
1462 1009 1586 1043 poterat
1620 1003 1722 1041 ,etiarn
1760 1003 1879 1034 acerbe

1004 1051 1168 1073 exercere.
1210 1041 1306 1074 Hunc
1332 1050 1452 1076 morem
1479 1043 1522 1075 D.
1549 1043 1672 1083 Marci,
1704 1043 1876 1076 mollientia

1004 1092 1146 1115 veterem
1164 1083 1301 1125 rigorem
1320 1085 1349 1115 in
1366 1085 1519 1126 praesente
1536 1085 1654 1124 specie,
1677 1086 1705 1119 &
1722 1086 1815 1125 alias,
1832 1086 1878 1117 iu*

1004 1124 1104 1167 dicavi
1118 1125 1182 1166 Jam
1197 1126 1243 1156 cib.
1266 1135 1292 1157 1.
1312 1125 1354 1158 D.
1372 1125 1518 1167 usufruft.
1537 1136 1562 1159 c.
1584 1131 1612 1162 8.
1634 1127 1741 1167 adfin.
1795 1155 1799 1162 .

1047 1165 1207 1198 Caeterum
1227 1166 1377 1207 praeteriri
1397 1178 1458 1199 non
1476 1176 1625 1207 oportet,
1652 1168 1766 1209 inquiri
1790 1167 1878 1207 faCto'

1004 1207 1143 1244 divortio
1167 1207 1267 1239 solere
1283 1231 1292 1246 ,
1317 1208 1436 1240 ess'etne
1452 1209 1530 1249 justa
1553 1219 1593 1240 ex
1618 1210 1726 1247 causa,
1749 1219 1787 1240 an
1812 1209 1877 1241 fine

1003 1248 1079 1290 justa
1096 1247 1183 1279 causa
1199 1249 1326 1281 fastum.
1350 1259 1387 1280 ac
1409 1249 1428 1282 ii
1453 1251 1535 1282 nulla
1552 1250 1686 1291 liqueret
1704 1250 1814 1290 causa;
1832 1251 1879 1282 lo-

1005 1298 1077 1321 cum
1111 1288 1202 1322 suill‘e
1233 1292 1334 1332 pennis
1366 1291 1465 1331 injusti
1500 1292 1634 1331 repudii.
1667 1291 1722 1323 has
1746 1293 1877 1332 attingit

1004 1328 1118 1370 Paulus
1144 1330 1162 1362 l.
1185 1331 1213 1366 8.
1240 1331 1283 1363 D.
1311 1335 1344 1363 rie
1365 1333 1500 1373 captivis.
1529 1341 1696 1364 enumerat
1721 1333 1877 1372 Ulpianus

1004 1375 1049 1403 tit.
1066 1377 1093 1412 o.
1120 1371 1148 1413 §.
1173 1382 1220 1404 12.
1244 1373 1351 1405 verbis
1369 1373 1592 1415 sequentibus:
1615 1375 1736 1405 Morum
1765 1377 1878 1405 nomine

1000 1414 1173 1455 graviorum
1196 1415 1310 1455 quidem
1323 1415 1412 1454 sexta
1433 1416 1594 1453 ratirzezur:
1617 1415 1759 1451 leviorum
1780 1421 1880 1447 autem

1004 1455 1116 1486 υὲἶαυα.
1135 1457 1286 1496 graviores
1309 1465 1397 1486 mores
1410 1459 1487 1496 sunt
1511 1456 1655 1488 adulteria
1679 1462 1814 1495 tantum,
1839 1456 1879 1487 le-

1003 1498 1096 1527 viores
1125 1505 1218 1527 omnes
1249 1496 1363 1541 reliqui.
1408 1497 1517 1528 Marici
1543 1507 1638 1535 mores,
1651 1499 1823 1537 puniuntur
1844 1499 1879 1528 in

1003 1547 1036 1568 ea
1051 1538 1165 1579 quidem
1180 1539 1241 1568 dote
1261 1547 1323 1578 quae
1345 1547 1466 1577 annua,
1504 1539 1598 1578 bima,
1629 1540 1718 1569 trima
1741 1539 1784 1570 die
1815 1538 1878 1570 red?⁵

1003 1581 1034 1610 αι’
1048 1580 1145 1616 dehet,
1163 1580 1213 1617 ita,
1232 1580 1481 1621 propterlmajores
1497 1590 1585 1611 mores
1596 1581 1762 1620 praesentem
1784 1581 1878 1612 dotem

1003 1620 1112 1651 reddit:
1129 1624 1245 1662 propter
1262 1621 1383 1657 minores
1397 1626 1495 1656 lenum
1511 1621 1638 1662 mensum
1653 1622 1707 1653 die.
1730 1623 1761 1652 in
1779 1631 1812 1653 ea
1821 1631 1876 1653 au-

1004 1667 1059 1692 tem
1078 1670 1141 1702 quae
1153 1662 1273 1702 proestns
1292 1663 1372 1694 reddi
1381 1662 1452 1700 soler
1463 1686 1472 1700 ,
1488 1668 1603 1694 tantum
1616 1672 1653 1694 ex
1667 1662 1812 1701 fructibus
1823 1663 1877 1704 ju-

1004 1705 1088 1733 betur
1103 1704 1218 1733 reddere
1227 1709 1396 1744 ,quantum
1411 1705 1444 1734 in
1458 1703 1509 1744 illa
1525 1706 1587 1736 dote
1602 1705 1793 1746 quadriennio
1811 1705 1876 1735 red-

1003 1743 1095 1775 ditur.
1117 1745 1192 1785 quod
1205 1745 1503 1785 repraeffintatiofacic.
1593 1778 1597 1782 ,
1657 1778 1659 1784 Α
1677 1777 1679 1780 ⁴
1715 1779 1717 1782 ,

1047 1784 1107 1816 Hae
1125 1794 1229 1824 poenae
1247 1786 1438 1826 petebantur
1451 1785 1570 1826 judicio
1587 1787 1628 1819 de
1651 1787 1809 1819 moribus.
1832 1786 1875 1819 sie

1005 1834 1138 1858 vocatur
1153 1828 1184 1858 in
1202 1826 1336 1858 Rubrica
1354 1827 1386 1859 C.
1405 1828 1433 1859 h.
1450 1834 1471 1859 ι.
1495 1828 1697 1871 Quintiliano
1713 1829 1761 1860 lib.
1776 1839 1806 1869 4.
1825 1828 1880 1869 In-v

996 1864 1063 1907 fiir.
1078 1873 1152 1899 orat.
1170 1878 1193 1899 c.
1213 1877 1239 1899 2.
1259 1868 1339 1906 ,item
1353 1868 1401 1900 lib.
1420 1878 1448 1910 7.
1464 1879 1489 1907 ‚⁶-
1504 1880 1533 1910 3.
1551 1869 1588 1904 &³
1603 1879 1633 1910 4.
1658 1869 1774 1901 dicitur
1791 1869 1877 1902 actio

1003 1908 1092 1940 malae
1111 1909 1313 1942 [radiationis.
1336 1910 1402 1950 ejus
1420 1910 1549 1951 vestigia
1565 1919 1677 1942 extant
1693 1911 1724 1942 in
1748 1912 1767 1943 l.
1782 1921 1812 1951 5.
1831 1910 1878 1943 D.

1006 1951 1039 1991 de
1055 1948 1133 1992 pati.
1153 1951 1268 1982 dotalia.
1292 1952 1312 1984 Ι.
1331 1960 1377 1992 15.
1394 1951 1422 1993 ξ).
1446 1961 1472 1984 ι.
1495 1952 1515 1983 l.
1531 1962 1581 1993 39.
1605 1951 1627 1984 l.·
1642 1961 1691 1992 47.
1716 1951 1766 1983 D,
1782 1952 1876 1985 Solae.

1005 1993 1128 2021 matrim.
1151 1991 1242 2023 Solet
1259 2002 1336 2028 vero
1352 1993 1430 2029 alter
1445 1993 1506 2024 hac
1523 1993 1646 2025 afflone
1663 1994 1793 2025 alterius
1808 2002 1879 2025 mo-

1004 2041 1053 2062 res
1069 2031 1225 2064 accusare:
1249 2033 1379 2075 divortii
1396 2035 1521 2075 culpam
1538 2045 1553 2065 a
1572 2037 1613 2072 ie,
1628 2043 1785 2066 avertens.
1808 2036 1878 2075 (ἐκί-Ἰ

1004 2080 1053 2103 tus
1077 2082 1144 2110 erat
1170 2076 1318 2106 nocentis
1343 2075 1571 2107 condemnatio
1605 2077 1643 2108 ad
1668 2076 1878 2115 praestandam

1004 2114 1169 2158 innocenti
1187 2124 1325 2154 poenam.
1347 2117 1431 2157 quod
1448 2117 1468 2149 fi
1486 2126 1621 2157 uterque
1640 2117 1803 2156 videretur
1827 2127 1878 2148 req

1003 2155 1087 2195 pudii
1104 2156 1224 2188 causam
1241 2157 1379 2198 dedisse:
1402 2159 1445 2190 ait
1461 2158 1649 2199 Papinianus
1664 2157 1682 2188 l.
1700 2167 1751 2198 39.
1771 2157 1811 2188 D.
1822 2158 1874 2189 Son·

1002 2197 1057 2227 lut.
1075 2198 1200 2229 riiatri'm.
1225 2199 1276 2231 vel
1294 2199 1358 2230 hoc
1375 2198 1502 2232 solitum
1519 2200 1742 2239 pronunciari;
1764 2200 1874 2240 itaque

1002 2236 1101 2277 accipi
1120 2239 1255 2271 debere:
1277 2248 1316 2278 *ut
1332 2249 1368 2271 ea
1392 2241 1464 2282 lege
1485 2250 1578 2281 quam
1604 2240 1700 2271 ambo
1731 2248 1875 2280 contern-

1003 2278 1147 2320 pserunt,
1171 2289 1284 2314 neuter
1302 2282 1508 2313 vindicetur:
1539 2281 1623 2321 paria
1645 2282 1729 2313 enim
1757 2281 1875 2324 delicta

1003 2328 1112 2361 mutua
1128 2320 1312 2361 pensatione
1330 2322 1409 2354 tolli.
1421 2322 1474 2354 sed
1492 2323 1555 2353 hoc
1570 2321 1808 2363 exposuisupra
1817 2323 1872 2355 sub

1003 2359 1134 2400 Titulo‚
1163 2362 1209 2393 De
1226 2364 1508 2404 compensationibus.
1530 2392 1533 2396 ,
1553 2362 1635 2406 Quae
1657 2363 1720 2401 dixi
1738 2385 1749 2403 ,
1787 2363 1873 2396 obtjl·

1003 2411 1100 2433 nuere
1114 2412 1213 2444 usque
1230 2405 1268 2435 ad
1287 2404 1499 2445 Principatum
1524 2404 1743 2437 Constantini:
1767 2406 1820 2446 qui
1840 2408 1874 2438 in

1001 2443 1021 2474 l.
1042 2453 1066 2474 1.
1091 2444 1158 2476 Cod.
1180 2443 1281 2476 Theod.
1309 2445 1336 2476 h.
1357 2452 1379 2476 z.
1405 2449 1523 2486 primus
1547 2446 1672 2478 divortii
1701 2447 1804 2478 causas
1829 2457 1871 2478 ex:

1002 2484 1130 2516 incertis
1153 2492 1247 2526 atque
1274 2486 1462 2525 arbitrariis,
1492 2488 1600 2527 quales
1624 2497 1738 2520 omnes
1762 2495 1871 2527 erant,²

1001 2525 1079 2556 fecit
1095 2534 1198 2558 certas
1214 2526 1244 2558 ἃ
1262 2526 1426 2559 definitas:
1449 2528 1571 2568 rejestis
1597 2529 1721 2569 aliquot
1743 2530 1871 2561 leviori-

1001 2566 1076 2598 bus:
1108 2569 1216 2606 quales
1238 2577 1326 2599 erant
1343 2591 1353 2607 ,
1383 2569 1401 2600 li
1427 2570 1539 2601 mulier
1563 2572 1677 2601 marito
1702 2572 1869 2611 repudium

1000 2609 1104 2647 mittat
1114 2608 1240 2640 ebrioso
1250 2618 1303 2641 aut
1313 2610 1444 2642 aleatori
1456 2618 1509 2642 aut
1518 2611 1758 2643 mulierculario.
1769 2612 1869 2642 solum

995 2649 1079 2689 juffit
1101 2649 1235 2690 inquiri,
1257 2660 1295 2682 an
1313 2651 1526 2694 homicidam,
1550 2653 1601 2684 vel
1625 2654 1870 2684 medicamenta·

998 2689 1097 2729 rium,
1122 2691 1151 2723 id
1175 2691 1238 2730 est,
1261 2692 1465 2732 veneficum,
1489 2693 1537 2725 vel
1557 2693 1792 2734 sepulchrorum
1807 2693 1869 2725 dis-

999 2731 1191 2770 solutorem,
1214 2735 1361 2766 maritum
1378 2733 1466 2766 suum
1492 2735 1553 2766 effe
1577 2735 1767 2776 probaverit.
1792 2734 1820 2764 ὅ(
1845 2733 1866 2765 li

997 2772 1041 2803 ob
1058 2773 1116 2804 alia
1139 2775 1270 2811 crimina
1289 2783 1403 2816 practer
1420 2776 1487 2808 haec
1503 2778 1579 2815 tria,
1614 2775 1725 2807 marito
1748 2774 1867 2805 miserit

997 2813 1181 2855 repudium3
1204 2815 1292 2856 vult,
1315 2825 1384 2848 eam
1401 2826 1498 2858 usque
1520 2819 1558 2849 ad
1575 2816 1735 2847 acuculam
1752 2817 1866 2855 capitis

998 2856 1029 2885 in
1047 2858 1145 2886 ‹lorno
1163 2858 1266 2889 mariti
1287 2858 1466 2900 deponere,
1490 2860 1518 2890 ἂ
1538 2859 1567 2890 iii
1594 2855 1719 2887 insulam
1743 2857 1865 2896 ,depor-

998 2895 1064 2939 tari.
1104 2896 1256 2930 Similiter
1278 2906 1384 2939 vetat,
1413 2898 1542 2932 maritos
1569 2907 1624 2937 per
1645 2905 1863 2942 quascumqqf-

997 2937 1182 2978 occasiones
1211 2949 1327 2972 uxores
1351 2941 1519 2974 dimittere.
1557 2945 1677 2969 tantum
1708 2937 1787 2974 liaecr
1806 2944 1863 2970 itia

997 2980 1135 3011 admittit
1153 2981 1300 3012 crimina:
1323 2981 1343 3013 fi
1361 2981 1396 3014 sit
1412 2978 1555 3015 indicna.
1577 2979 1627 3009 vel
1651 2979 1865 3019 medicamen·

997 3021 1087 3061 taria‚
1114 3022 1164 3053 vel
1181 3023 1403 3058 conciliatrix,
1426 3022 1457 3053 id
1473 3021 1517 3052 est
1539 3019 1682 3061 lcnazv&
1708 3016 1729 3051 fi
1749 3015 1792 3061 ⁴al)
1814 3020 1865 3059 his

995 3056 1125 3094 liberam
1143 3064 1292 3104 ejecerit3
1312 3065 1412 3105 jussit,
1436 3071 1508 3100 cuin
1529 3069 1658 3101 omnem
1681 3060 1795 3101 dotem
1818 3060 1863 3093 illi

995 3102 1177 3143 restituere,-
1200 3102 1228 3137 a<
1249 3106 1339 3137 aliam
1356 3113 1419 3135 non
1446 3103 1571 3133 ducere.
1594 3102 1682 3141 quod
1706 3101 1727 3133 fi
1750 3111 1865 3134 contra

993 3140 1127 3185 feceriti;
1159 3139 1212 3177 d'at
1235 3144 1332 3187 priori
1355 3144 1482 3183 conjugi
1506 3142 1693 3174 facultatem
1717 3144 1784 3175 eius
1805 3142 1865 3185 do-

84 3175 172 3206 causa
187 3176 294 3209 facere
315 3178 377 3211 sola
393 3179 560 3219 spurcitia;
582 3190 617 3212 ut
634 3180 780 3214 Afranius
804 3183 847 3213 ait
862 3185 946 3224 apud
990 3194 1075 3218 inum
1107 3188 1278 3224 invadere,
1309 3188 1337 3214 oz
1370 3193 1500 3215 omnem
1538 3183 1647 3215 doit-in
1678 3178 1862 3225 posterioris

75 3216 218 3248 Nonium
235 3227 258 3248 c.

115 3256 191 3289 Tom.
218 3258 262 3291 ΙΙ.

277 3229 306 3260 4.
323 3222 355 3251 in
371 3221 473 3261 verbo,
490 3220 642 3263 Spurcum.
674 3222 750 3256 Mea
768 3224 942 3266 opinione,
987 3227 1092 3261 nitoris
1111 3230 1149 3261 ad
1176 3227 1366 3272 semetipihqi
1398 3225 1567 3257 traffifssl‘le
1593 3235 1647 3267 ΥΠ)
1677 3225 1784 3261 inisti*
1807 3226 1865 3271 sibi.

1327 3265 1370 3305 Γ]
1379 3263 1399 3302 s
