2036 3495
325 122 354 157 A
366 132 389 156 Ι)
416 121 496 157 Lin.
524 118 588 155 IV.
625 118 721 153 TiT.
750 115 830 151 VH.
868 116 919 152 De
931 117 1117 153 alienatione
1122 119 1236 164 judicii
1250 121 1388 155 imitandi
1401 120 1606 169 ca'safail‘a.

65 213 104 246 cii
122 211 244 244 causam
260 211 402 244 restituat
419 210 569 242 arbitratu
583 206 721 254 Jud-icis:
745 205 777 236 id
792 205 870 253 est„
882 206 936 238 nisi

63 256 94 286 in
112 254 142 286 se
160 254 304 294 sulcipiat
330 253 439 285 utilem
457 252 487 283 in
513 260 578 282 rem
601 249 780 286 astionem,
804 249 936 288 perinde

63 305 101 328 ac
118 295 136 326 si
157 295 328 337 poffideret
341 296 361 326 l.
380 304 406 326 1.
425 295 443 326 l.
464 303 492 334 3.
510 291 610 334 §.fin
629 293 646 338 l.
664 295 692 324 8.
709 289 738 320 h.
755 296 777 335 t.

103 336 201 368 Nunc
221 337 318 368 venio
341 337 379 367 ad
406 334 569 366 Edictum:
594 341 680 372 cujus
706 338 863 362 rationem
881 340 934 362 ex—

63 380 158 420 ponit
177 377 304 420 Gajusl.
327 386 350 409 1.
366 378 393 409 b.
410 384 430 408 t.
450 375 499 407 l'ed
518 384 580 406 non
598 371 744 404 adscribit
761 373 875 408 verba;
894 382 934 404 ne

63 421 215 453 summam
232 420 381 459 quidem,
400 417 505 449 saltem
526 417 691 455 integram.
718 412 932 461 Quantumc-

62 464 127 493 nim
147 462 274 500 liquet,
298 459 426 490 fuerunt
452 460 515 489 duo
542 455 647 488 Edisti
676 456 798 502 Capita.
845 453 933 503 Etrus

62 511 256 541 conceptum
267 500 327 532 fuit
341 502 369 532 in
388 499 457 532 haec
477 498 586 529 verba:
604 498 654 529 Ne
668 508 726 539 qua
741 498 932 538 alienaizoyu-

61 546 131 577 dicii
150 543 283 576 mutandi
303 551 387 578 causa
397 541 456 581 fiat
483 549 594 571 extant
618 540 686 570 liaec
711 541 741 571 in
758 540 777 570 l.
795 539 849 569 uli.
866 540 892 569 h.
911 544 934 586 ε..

62 585 156 627 duam
168 609 176 621 ‚
200 593 233 616 ut
249 584 352 616 editur
364 607 372 621 ,
396 581 567 614 adscribam
583 582 749 621 integram.
774 581 880 625 verba.
901 579 933 610 St

61 630 126 670 quis
147 625 254 667 judicii
274 626 416 655 communi
439 624 600 654 dividundo
623 624 755 653 evitandi
770 627 857 661 causa
874 631 933 652 rem

62 661 251 703 alternaverit,
268 676 303 697 ex
322 665 398 707 Lege
415 665 533 696 Licinia
549 666 734 695 interdicitur
750 665 794 700 ei,
809 673 844 693 ηε
858 672 928 693 corn-

60 711 146 742 muni
160 703 318 740 dividundo
330 708 442 749 judicio
462 709 647 747 experiatur,
665 707 746 736 verbi
760 705 859 751 gratie
867 726 882 750 ‚y
896 709 929 734 ut

56 752 200 794 potentior
214 755 319 789 emptor
331 757 380 788 per
394 750 579 786 licitationem
594 748 684 778 vilius
699 757 761 778 eam
777 750 934 794 accczpzat,

61 792 98 827 δ’
115 799 163 830 per
178 791 227 821 boc
243 791 348 820 iterum
364 792 419 830 ipse
434 791 562 829 recipiat.
595 790 652 819 Sed
668 791 722 828 ipse
737 791 868 834 quidem,
882 796 934 826 qui

55 839 168 879 partem
191 831 379 867 alienaverit,
408 832 550 863 cummuni
570 831 730 860 dividundo
740 831 849 871 judicto
860 826 888 865 fi
900 837 933 874 *ct-

56 884 123 917 gere
136 874 205 906 velit
216 897 225 910 ,
242 883 299 904 non
315 874 461 904 audietur.
484 874 508 903 is
525 881 592 903 vero
602 873 653 913 qui
669 874 755 907 emit,
770 869 793 906 li
806 877 932 909 expertri

59 918 148 953 velit,
172 925 208 947 ex
224 925 257 946 ea
269 921 353 955 parce
370 914 469 946 Eciz‘cii
484 920 623 950 vetatur,
646 923 703 954 qua
719 918 857 950 cavetur,
882 910 931 941 Ne

56 968 116 999 qua
132 957 267 989 alienatio
283 957 393 998 judicii
408 956 543 987 minandi
558 960 644 987 caula
655 953 726 994 fiat.
774 953 858 999 Male
876 961 928 982 co-

54 1000 180 1033 haerere
197 998 265 1030 haec
286 999 379 1028 verba
391 1021 399 1036 ,
416 999 493 1030 oliui
511 998 734 1030 animadvertit
752 994 933 1030 Gulielmus

59 1035 262 1077 Ranchinus,
287 1038 345 1070 Vir
371 1039 504 1077 doctus,
528 1038 574 1068 lib.
602 1048 630 1078 3.
659 1036 733 1068 Var.
755 1036 816 1083 leil.
839 1045 863 1082 ρ.
886 1043 936 1081 ¹.5.·.

58 1090 157 1122 atque
183 1091 218 1112 ea
242 1080 283 1113 fic
307 1082 431 1115 reducit
455 1081 484 1111 in
505 1080 661 1110 ordinem.
706 1078 736 1109 Si
753 1077 935 1124 qiizsjudztiz

63 1123 206 1156 communi
222 1123 384 1153 dividundo
407 1122 539 1153 evitandi
560 1121 646 1158 causa
664 1129 721 1150 rem
743 1120 932 1164 alienaverit,

61 1166 143 1197 verbi
154 1165 271 1205 gratia,
294 1169 326 1194 ut
340 1164 484 1204 potentior
501 1167 607 1202 emptor
615 1169 668 1201 per
679 1161 871 1207 *licitationem
885 1168 932 1196 (vz-

62 1208 120 1239 lius
135 1216 197 1237 eam
212 1206 354 1246 accipiat,
371 1204 407 1238 δέ)
420 1211 471 1244 per
487 1204 537 1234 hoc
553 1205 656 1234 iterum
673 1204 728 1243 ipse
744 1208 881 1249 recipiat,
898 1208 935 1230 ex

52 1249 140 1287 -Lege
158 1247 275 1278 Licinia
294 1247 319 1276 ei
341 1246 540 1280 interdicitur,
565 1254 598 1274 ne
616 1252 759 1279 communi
774 1243 934 1287 dividundo

53 1286 169 1332 judicio
181 1288 355 1328 experiatur.
373 1286 427 1317 Sed
443 1285 496 1326 isis&
511 1287 624 1327 quidem
635 1285 810 1329 qui-partem
827 1283 934 1328 alienu-

59 1333 155 1369 verz't,
172 1330 313 1360 rainmuiii
328 1329 505 1364 dividundo,
524 1328 551 1358 ὅ(
564 1326 692 1366 reliqua.
728 1324 780 1355 Sic
797 1324 933 1355 Ranclii-

54 1381 134 1406 sius:
159 1371 188 1401 ἂ
204 1370 327 1410 aptius,
345 1378 438 1406 quam
459 1368 648 1398 Marcianus.
679 1365 823 1403 Tamen,
847 1365 868 1396 si
885 1375 936 1403 me

55 1413 184 1451 audies,
210 1411 284 1443 nihil
304 1412 500 1442 mutandum.
526 1408 571 1440 est
585 1408 669 1445 enim
689 1406 858 1453 Synciiufis
879 1416 930 1438 ex-

55 1455 231 1495 plicatione
243 1452 418 1493 adjuvanda
434 1451 496 1483 sine
511 1449 731 1482 correctione:
748 1459 821 1480 cum
839 1458 876 1495 in.
889 1458 932 1479 re-

61 1505 187 1535 ceptam
199 1495 368 1527 iestionem
380 1517 389 1531 ,
405 1494 458 1524 etsi
469 1495 576 1524 duram
589 1515 597 1529 ,
610 1501 722 1522 omnes
733 1490 934 1537 consentiant

60 1537 153 1575 libri,
180 1537 208 1567 ἃ
233 1535 267 1566 sit
294 1535 470 1575 hujusmodi
490 1533 656 1575 Synchufis
675 1532 846 1564 Veteribus
864 1531 933 1563 satis

58 1577 232 1617 frequens:
257 1586 289 1608 ut
307 1576 442 1607 antehac
461 1576 567 1607 notavi
586 1576 624 1604 lib
654 1584 671 1605 2
703 1574 823 1607 observ.
840 1584 864 1605 c.
883 1578 933 1620 ²9·

57 1611 65 1652 ᾗ
107 1618 251 1650 Alterum
269 1617 369 1650 Edit-:ii
388 1625 483 1657 caput
499 1616 539 1648 sic
556 1615 720 1656 confingo.
746 1618 779 1647 ,δι’
795 1625 853 1656 qua
867 1615 932 1662 alze-

62 1661 145 1692 natio
159 1660 261 1700 judicii
277 1660 410 1690 minitandi
431 1658 517 1691 cause
534 1658 593 1688 dolo
609 1658 679 1688 malo
690 1656 778 1697 fasta
795 1656 846 1697 effe
863 1662 934 1687 clice-

71 1707 142 1740 tur,
166 1710 254 1741 neque
265 1699 390 1741 pristinu
402 1700 506 1741 judicii
520 1698 606 1740 causti
621 1697 805 1738 restituetur,
833 1700 934 1730 adver-

54 1743 113 1782 sus
130 1752 193 1773 eum
216 1744 266 1783 quz'
288 1742 486 1772 alienationem
499 1741 622 1779 fecerim
647 1743 672 1770 ei
688 1741 725 1771 ad
741 1750 824 1782 quem
845 1750 878 1770 ea
893 1748 935 1770 res

58 1785 236 1827 pertinebit,
259 1784 365 1825 quanti
388 1783 448 1824 ejus
470 1781 601 1819 interfit,
623 1782 713 1813 alium
736 1783 935 1818 adversarium

67 1836 125 1857 non
134 1824 276 1865 hahuiffe,
293 1827 370 1855 intra
384 1834 492 1855 annum
502 1833 554 1864 quo
566 1825 692 1863 primum
706 1825 876 1863 experiundi
888 1831 934 1863 po-

65 1865 151 1907 testas
168 1868 240 1903 eiii,
263 1865 421 1905 insuetum
436 1865 575 1896 amonem
591 1867 669 1896 dabo,
716 1865 817 1896 Prima
841 1865 935 1895 verba

64 1907 132 1940 sum
152 1916 308 1945 mutuatus
327 1917 363 1938 ex
384 1907 401 1938 l.
423 1912 449 1941 8.
468 1907 495 1948 §.
517 1915 542 1938 1.
559 1907 585 1937 h.
602 1913 623 1937 t.
640 1907 798 1946 expuncta
817 1907 860 1953 ibi
878 1906 934 1947 syl-

56 1949 153 1987 ]aba,
177 1958 229 1986 ve,
253 1950 282 1979 in
299 1958 414 1989 quaeve.
442 1948 642 1987 supervacua.
681 1948 850 1988 Sequentia
867 1958 934 1979 ver-

62 1990 103 2021 ba
118 2013 127 2027 ,
155 1989 225 2020 Dolo
247 1991 319 2021 malo
345 1997 455 2020 extant
473 1991 502 2020 in
519 1988 547 2030 §.
566 1999 592 2029 3.
612 1989 631 2019 l.
649 1999 678 2027 4.
705 1991 733 2020 ἀ
752 1991 867 2020 indicat
885 2000 937 2021 eo-

61 2040 131 2065 rum
147 2030 265 2062 sensum
283 2031 347 2062 hoc
359 2029 428 2070 Gaji
445 2030 463 2060 I.
479 2039 503 2062 i.
524 2031 612 2071 quue
625 2031 695 2061 detta
710 2037 793 2069 opera
807 2032 837 2062 in
848 2032 936 2071 fruu-

62 2074 125 2103 dem
141 2070 274 2113 nostram.
312 2072 382 2107 iiia,
409 2072 512 2112 Neque
528 2070 651 2112 pristina
663 2073 873 2113 judicii'cczusa
888 2083 931 2104 ar-

63 2115 148 2145 bitrio
165 2115 290 2158 Judicis
303 2112 485 2154 restituetur,
511 2116 624 2150 probat
643 2112 753 2145 Paulus
769 2115 788 2145 d
815 2114 825 2144 l
857 2119 885 2148 8.
905 2116 934 2146 &

66 2152 165 2194 Gajus
183 2155 201 2185 l.
221 2165 247 2195 3.
264 2155 282 2196 §
309 2155 362 2185 ult.
402 2155 501 2186 Porro
520 2155 603 2186 Anni
620 2156 762 2186 meminit
781 2155 935 2196 Ulpianus

54 2195 85 2229 .l.
96 2199 124 2226 6.
139 2195 260 2227 Caetera
276 2195 368 2226 verba
382 2219 390 2234 ,
408 2196 442 2227 Iri
454 2195 575 2236 facium
585 2195 721 2228 aaronem
732 2198 821 2235 daho,
840 2206 935 2236 item,

58 2236 108 2273 ‚Ei
123 2238 160 2268 ad
177 2247 258 2278 quem
275 2246 307 2267 ea
321 2246 364 2267 res
383 2239 554 2277 pertinebit,
579 2239 608 2268 6<
636 2237 751 2282 Quanti
767 2239 828 2280 ejus
845 2241 932 2270 inier-

54 2277 115 2316 fit,
134 2279 223 2310 alizam
239 2279 437 2317 adversarium
456 2288 511 2309 non
529 2279 652 2319 babuffe
665 2304 674 2316 ‚
690 2280 812 2311 clarent
829 2282 896 2312 exl.
909 2290 933 2313 1.

66 2319 86 2352 Ι.
105 2329 134 2358 53.
156 2319 174 2360 §
201 2330 229 2357 4.
249 2319 285 2354 ὅ)
300 2330 329 2359 5.
348 2321 414 2350 item
429 2320 448 2350 l.
466 2330 493 2359 4.
509 2319 536 2361 §.
554 2331 582 2360 5.
602 2321 638 2354 ὃ
653 2323 681 2350 6.
699 2321 724 2351 b.
741 2327 761 2352 t.

102 2360 265 2392 Hactenus
285 2362 324 2392 de
343 2360 569 2402 Conceptione
594 2361 714 2393 EdiCti:
740 2361 876 2402 sequitur
891 2364 934 2396 in·

63 2403 264 2442 terpretatio.
312 2401 421 2433 Priore
439 2403 543 2440 capite
563 2412 689 2435 cautum
707 2403 787 2435 fuit:
812 2404 861 2436 Ne
877 2416 936 2446 qua

56 2444 308 2483 ‹alierzciii'ojiidisii
322 2444 455 2474 mutandi
470 2443 632 2484 caziliifiut.
658 2445 807 2483 Scilicet,
822 2455 861 2477 ne
872 2447 935 2478 boc

60 2485 162 2516 modo
179 2485 306 2522 alicuius
325 2485 412 2516 causa
429 2485 484 2516 fiat
507 2488 647 2517 deterior
663 2496 703 2517 ex
725 2487 829 2518 alieno
849 2486 934 2520 fatto

59 2524 83 2556 l.
105 2534 129 2555 1.
145 2526 171 2556 h.
190 2532 210 2557 t.
241 2526 280 2557 Et
298 2525 342 2557 est
358 2527 587 2558 observandum
599 2551 607 2564 ‚
627 2528 714 2567 quod
732 2528 852 2560 Praetor
869 2539 934 2562 non

61 2566 199 2598 minatur
215 2590 224 2604 ‚
249 2567 278 2598 se
301 2568 523 2600 alienationem
543 2569 650 2608 J'udicii
680 2571 819 2601 mutandi
844 2571 935 2602 causa

62 2605 197 2644 fallam,
213 2617 276 2639 non
293 2609 471 2641 habiturum
489 2619 605 2642 ratam:
623 2619 694 2641 nam
713 2611 803 2642 aliter
823 2612 934 2644 consu·

61 2644 122 2678 'luit
145 2648 174 2678 in
199 2647 310 2680 Editio
336 2648 433 2690 Quod
452 2659 553 2683 metus
571 2651 676 2682 causa:
700 2651 729 2683 in
749 2662 815 2693 quo
833 2652 933 2693 dixit,

62 2687 164 2731 Quod
184 2698 283 2721 metus
303 2691 390 2720 causa
403 2690 521 2731 gestum
538 2693 616 2731 erit,
634 2701 733 2725 ratum
753 2703 816 2725 non
836 2694 932 2726 habe-

62 2730 118 2761 bo.
143 2737 173 2760 at
191 2729 220 2760 in
237 2731 401 2770 proposito
413 2733 573 2764 dumtaxat
593 2734 671 2765 d'xit
685 2758 694 2773 ,
717 2735 768 2766 Ne
785 2744 844 2774 qua
859 2736 931 2767 alie-

64 2771 154 2802 natio
172 2771 277 2806 iudicii
294 2773 433 2803 mutandi
453 2774 539 2805 causa
556 2773 618 2806 fiat.
661 2775 758 2816 igitur
772 2776 933 2808 alienatio-

63 2821 138 2843 nem
164 2810 229 2842 fieri
257 2821 353 2843 vetat.
386 2812 498 2845 fatiam
522 2824 584 2845 non
605 2815 762 2849 rescindit.
788 2819 811 2849 is
829 2827 934 2850 tamen

61 2853 116 2893 qui
134 2853 230 2891 emit,
247 2852 267 2884 si
283 2854 416 2893 experiri
436 2855 529 2894 velit,
548 2856 604 2886 hac
623 2856 720 2889 Edith·
737 2868 826 2899 parte
850 2868 934 2890 veta-

64 2902 115 2925 tur
130 2894 148 2925 l.
167 2895 218 2925 ult.
236 2894 262 2925 h.
280 2901 301 2925 ε.
326 2905 390 2926 non
417 2895 508 2926 solito
537 2896 693 2936 Praetore‚
716 2901 865 2932 auxilium
883 2910 931 2932 ac·

64 2936 274 2967 commodare
303 2936 330 2966 ei
350 2945 365 2966 a
383 2946 447 2976 quo
465 2936 617 2976 spernitur
633 2939 652 2969 l.
670 2949 718 2979 37.
736 2940 763 2981 §.
790 2951 813 2972 1.
831 2944 862 2972 in
875 2941 931 2979 fin.

61 2976 97 3014 D
124 2979 157 3008 cle
173 2978 302 3008 minorib.
315 2977 332 3007 l.
349 2986 392 3017 ¹3·
407 2977 433 3019 §.
456 2987 499 3009 12·
520 2978 559 3008 D.
577 2981 609 3009 cie
624 2982 718 3011 darem.
734 2982 832 3021 inscii.
859 2983 934 3014 Ριό-

61 3018 155 3050 hibet
172 3019 266 3058 igitur
283 3018 423 3056 Praetor,
444 3020 492 3050 Ne
506 3029 562 3060 qua
579 3020 712 3052 alienatio
721 3021 789 3061 ficit.
818 3023 868 3054 Est
885 3034 932 3054 au-

62 3068 129 3091 tem
146 3060 314 3099 alienatio,
339 3062 441 3092 omnis
460 3061 545 3092 atius
569 3070 624 3101 per
647 3071 739 3101 quem
758 3065 933 3096 dominium

65 3100 254 3133 transfertur
272 3101 293 3132 l.
311 3110 337 3132 1.
358 3101 390 3132 C.
410 3102 547 3141 defendo
566 3103 664 3133 dotali.
691 3102 735 3134 Ea
752 3115 829 3136 vero
847 3115 880 3136 ut
899 3106 932 3138 fi-

67 3149 118 3179 at,
133 3143 197 3173 duo
213 3142 445 3175 desiderantur:
471 3153 564 3175 unum
582 3142 645 3182 est,
671 3153 703 3175 ut
723 3145 897 3178 dominium
917 3158 933 3179 a

66 3183 197 3214 domino
221 3185 329 3215 abeat:
352 3185 501 3223 alterum,
527 3194 558 3216 ut
582 3187 620 3216 ad
638 3186 732 3218 alium
751 3186 865 3219 veniat.
891 3190 932 3222 al-

59 3231 187 3257 terutro
204 3224 396 3267 deficiente,
413 3236 479 3261 non
494 3226 533 3260 fit
548 3227 714 3262 alienatio:
737 3238 799 3263 nec
816 3230 876 3265 erit
890 3230 932 3265 E·

1795 134 1862 170 103

979 207 1064 239 dieto
1083 209 1180 242 locus.
1204 217 1310 249 pone,
1326 220 1393 244 rem
1404 212 1565 244 venditam
1577 235 1586 250 ,
1603 212 1746 245 nondum
1761 213 1858 246 tradi-

979 257 1053 280 tam.
1079 253 1151 289 quia
1163 252 1268 282 adhuc
1284 261 1389 283 manet
1407 254 1436 284 in
1454 255 1598 285 dominio
1610 255 1806 293 venditoris,
1824 265 1857 286 a·

979 291 1094 321 lienata
1120 302 1182 323 non
1209 294 1338 332 proprie
1362 296 1496 326 dicitur:
1520 296 1651 327 vendita
1674 295 1760 327 recle
1778 297 1856 328 dici-

978 339 1029 363 tur
1043 333 1061 362 l.
1078 338 1128 374 67.
1141 333 1181 365 D.
1197 337 1229 364 de
1237 337 1316 365 verb.
1327 334 1431 376 fignif·
1446 346 1516 368 nam
1533 346 1567 368 ut
1583 339 1756 369 commode
1775 347 1855 379 prae-

977 375 1056 413 cipit
1082 375 1214 413 Paulus,
1243 376 1476 417 obligationum
1495 378 1661 410 substantia
1678 389 1742 411 non
1761 378 1791 411 in
1809 389 1852 412 eo

977 414 1136 454 consistit,
1163 426 1196 448 ut
1214 417 1342 456 aliquod
1366 428 1483 459 corpus
1499 419 1640 453 nostrum
1658 419 1775 460 faciat3
1799 421 1855 454 sed

976 465 1012 487 ut
1030 458 1123 489 alium
1147 459 1237 490 nobis
1254 458 1424 500 adstringat
1437 462 1476 492 ad
1492 462 1631 493 dandum
1647 463 1767 504 aliquid
1783 463 1803 494 l.
1819 473 1853 504 3.

976 498 1020 529 D.
1047 501 1079 529 tle
1104 500 1187 540 ohlig.
1214 500 1249 534 ὅ)
1273 500 1329 531 act.
1356 501 1391 532 sit
1409 503 1501 542 igitur
1518 503 1580 541 ita,
1606 512 1640 534 ut
1656 505 1739 542 dixi,
1763 504 1855 545 quod

977 538 1202 572 traditionibus
1227 541 1366 573 dominia
1392 553 1497 575 return
1515 568 1523 581 ,
1549 554 1614 575 non
1640 547 1731 576 nudis
1756 545 1855 586 pactis

977 581 1211 614 transferuntur
1226 583 1245 613 l.
1267 593 1314 614 ρο.
1333 584 1367 614 C.
1387 587 1421 615 de
1435 584 1535 623 passis.
1561 586 1686 617 non-est
1702 587 1854 625 dubium,

975 624 1052 662 quin
1084 623 1328 656 inservientibus
1361 625 1524 658 subtilitati
1557 627 1679 667 Capitis
1696 651 1706 666 ‚
1736 629 1856 659 aliena-

975 672 1095 695 tionem
1118 666 1226 703 judicii
1252 668 1392 698 mutandi
1416 667 1504 698 causa
1525 669 1731 709 ⁴prohibentis
1749 693 1759 708 ,
1786 679 1856 702 non

976 705 1011 736 sit
1027 707 1054 736 ei
1073 707 1181 743 locus,
1198 707 1252 738 nisi
1268 707 1376 739 ainissb
1395 709 1608 749 transsatoque
1626 710 1671 741 rei
1695 711 1855 743 dominio.

974 747 1038 777 Sed
1069 756 1134 779 non
1168 748 1332 780 substitere
1366 749 1501 782 Veteres
1534 761 1614 783 intra
1637 751 1732 783 hasce
1756 761 1856 793 angu-

976 786 1066 819 stias:
1089 789 1254 821 intellecto
1279 791 1429 823 Praetoris
1453 792 1586 824 confilio
1605 817 1615 831 ,
1639 795 1727 824 omni
1751 795 1853 825 modo

977 829 1177 868 prolpicere3
1201 841 1240 862 ne
1265 833 1393 872 alicujus
1418 833 1508 864 causa
1531 833 1635 873 specie
1653 835 1856 866 alienationis

975 870 1117 900 deterior
1133 871 1186 902 fiat
1202 882 1243 903 ex
1258 874 1364 904 alieno
1381 874 1477 906 fatto,
1503 874 1593 907 Nolo
1605 876 1681 908 mihi
1698 877 1802 908 credi:
1817 875 1854 908 fit

972 911 1053 942 fides
1072 911 1170 943 Paulo
1188 914 1197 942 l
1229 919 1257 947 8.
1274 913 1302 954 ὃ.
1321 924 1348 945 2.
1368 914 1409 945 D.
1432 918 1459 946 Ι).
1478 922 1496 947 t.
1522 916 1563 948 fic
1582 917 1749 949 scribenti:
1775 918 1856 949 Alie-

977 962 1048 982 ηανε
1080 954 1257 994 intelligitur
1285 957 1372 986 etiam
1401 958 1453 997 qui
1475 959 1598 990 alienam
1622 969 1680 990 rem
1712 961 1855 991 vendidit.

978 993 1028 1024 Ex
1048 993 1199 1025 sermonis
1218 995 1322 1027 for-ma
1346 997 1391 1028 est
1412 998 1592 1038 conjicere,
1620 1000 1749 1032 Paulum
1764 1001 1795 1032 in
1814 999 1856 1031 E-

978 1036 1053 1066 dicti
1079 1037 1298 1075 explicatione
1317 1061 1327 1074 ,
1359 1038 1524 1079 postquam
1547 1043 1721 1080 docuerat,
1746 1042 1857 1074 aliena·

977 1086 1006 1106 re
1021 1079 1149 1116 proprie
1167 1077 1248 1117 esse,
1274 1089 1338 1110 rem
1358 1080 1440 1111 suam
1457 1082 1546 1112 alteri
1561 1085 1715 1115 tradentis
1729 1094 1770 1115 ex
1785 1093 1858 1116 cau·

978 1117 1005 1148 sa
1030 1119 1068 1149 ad
1092 1119 1224 1150 dominii
1255 1120 1491 1154 transsationem
1523 1123 1662 1163 idonea,
1693 1126 1856 1157 venditio-

978 1169 1038 1196 ne,
1065 1161 1152 1191 verbi
1176 1163 1293 1201 gratia:
1316 1172 1393 1194 mox
1418 1164 1590 1203 quaessviffe
1607 1189 1616 1203 ‚
1640 1176 1678 1197 an
1703 1168 1800 1199 etiarn
1823 1176 1856 1198 a·

977 1201 1096 1232 lienare
1120 1203 1252 1243 intelligi
1279 1204 1395 1236 debeat
1411 1207 1464 1244 qui
1485 1216 1524 1236 ex
1547 1207 1637 1238 causa
1659 1208 1698 1239 ad
1720 1208 1858 1240 dominii

979 1242 1212 1276 transsationem
1230 1244 1324 1276 habili
1343 1256 1408 1276 rem
1428 1247 1561 1278 alienam
1580 1247 1760 1280 transferat.
1779 1249 1858 1282 Erat

979 1283 1048 1314 haec
1066 1285 1243 1324 dubitatio,
1269 1288 1356 1318 verbi
1373 1289 1604 1328 proprietatem
1620 1292 1856 1330 retinentibus,

979 1324 1109 1356 minime
1127 1336 1222 1359 vana:
1240 1329 1431 1368 explorato,
1449 1339 1491 1360 rei
1512 1332 1708 1369 dominium,
1726 1331 1781 1363 etfi
1799 1342 1857 1373 po-

979 1366 1082 1398 tuisset
1107 1368 1233 1400 transite
1257 1379 1273 1399 a
1297 1370 1432 1402 domino
1459 1370 1591 1410 tradita,
1617 1374 1680 1403 hoc
1698 1383 1805 1405 tamen
1822 1373 1855 1405 in

978 1408 1048 1439 casu
1065 1419 1127 1440 non
1150 1409 1322 1442 transferri.
1347 1412 1409 1443 Sed
1425 1413 1502 1444 milii
1518 1414 1645 1445 videtur
1662 1415 1776 1447 Paulus
1792 1424 1856 1448 ma-

977 1459 1025 1489 gis
1042 1451 1081 1481 de
1099 1450 1246 1484 Praetoris
1270 1451 1354 1490 fine,
1372 1462 1466 1492 quam
1485 1455 1525 1485 de
1549 1456 1638 1487 verbi
1665 1455 1856 1496 subtilitate,

978 1491 1129 1523 lollicitus
1147 1490 1420 1531 animadvertisse,
1438 1495 1582 1528 transsata
1599 1506 1616 1528 a
1634 1507 1698 1530 non
1717 1499 1855 1530 domino

976 1534 1021 1564 rei
1042 1534 1149 1566 alienae
1173 1535 1360 1574 posl'effione
1379 1537 1488 1576 judicii
1509 1539 1651 1585 mutandi
1670 1539 1779 1577 causa,
1803 1541 1858 1572 ad-

977 1574 1114 1606 versario
1129 1586 1220 1615 aeque
1236 1578 1364 1614 noceri,
1380 1587 1416 1608 ac
1433 1579 1462 1609 ei
1476 1587 1665 1618 noceretur,
1682 1580 1701 1612 si
1718 1581 1857 1614 domini-

979 1626 1029 1647 um
1044 1617 1153 1655 judicii
1179 1620 1320 1650 mutandi
1344 1618 1432 1650 causa
1453 1622 1483 1651 in
1501 1621 1594 1652 alium
1613 1621 1785 1654 tranfiiss'et.
1817 1632 1856 1654 ac

978 1660 1133 1697 proinde,
1158 1662 1245 1699 quod
1272 1662 1489 1692 conveniebat
1514 1662 1662 1695 Praetoris
1681 1665 1857 1703 providen-

979 1699 1048 1738 tiae,
1065 1702 1291 1741 interpretatus
1310 1702 1373 1741 est,
1388 1703 1525 1735 alienare
1542 1704 1623 1743 effe,
1643 1707 1739 1737 etiam
1759 1715 1860 1738 trans-

978 1740 1063 1771 ferre
1081 1742 1302 1783 posseilionem
1319 1754 1358 1775 ex
1376 1744 1462 1775 causa
1480 1755 1521 1776 ex
1538 1755 1598 1786 qua
1615 1746 1790 1779 dominium
1803 1771 1811 1782 ,
1833 1746 1858 1780 fi

978 1784 1139 1815 adomino
1153 1786 1349 1825 traderetur,
1364 1786 1562 1818 transiturum
1580 1787 1677 1819 foret.
1700 1787 1773 1820 Nec
1789 1797 1859 1821 tan-

978 1833 1044 1855 tum
1063 1824 1159 1857 Paulo
1183 1827 1233 1858 illa
1259 1829 1376 1866 placuit
1393 1829 1544 1867 aequitas:
1569 1829 1621 1861 sed
1643 1831 1736 1862 etiam
1755 1831 1857 1863 Pedio

979 1868 1062 1905 apud
1089 1866 1260 1907 Ulpianum
1283 1869 1302 1900 l.
1323 1880 1349 1906 4.
1372 1869 1400 1911 ὃ.
1418 1879 1445 1900 2.
1468 1869 1504 1900 D.
1523 1874 1549 1902 h.
1565 1877 1586 1903 c.
1612 1873 1858 1912 interpretanti,

982 1908 1053 1939 Non
1068 1909 1156 1941 stilum
1172 1911 1335 1941 tieldomi'nii
1352 1909 1567 1948 irinssutioiienz
1583 1913 1634 1944 hoc
1644 1913 1782 1945 Edistum
1790 1921 1857 1953 per-

980 1950 1091 1980 iinere.-
1114 1960 1215 1982 verum
1237 1954 1273 1982 ad
1293 1951 1366 1992 pvffe
1389 1953 1462 1983 zonis
1485 1963 1607 1995 quoque.
1652 1955 1704 1986 Sic
1722 1955 1855 1987 Pedius:

968 2000 1041 2021 -nec
1059 1992 1122 2022 sine
1133 1996 1221 2023 caula
1233 1993 1303 2025 sane
1315 1996 1435 2031 optima
1462 2004 1496 2024 ea
1509 1995 1597 2026 causa
1613 1995 1674 2028 est:
1692 1998 1855 2038 Alioquin,

979 2042 1043 2063 cum
1060 2043 1113 2074 quo
1132 2035 1163 2064 in
1179 2044 1237 2065 rem
1254 2037 1392 2074 agebatur
1406 2059 1413 2072 ,
1436 2034 1458 2068 li
1471 2036 1629 2077 paffeffione
1646 2037 1772 2077 cefferzl,
1795 2049 1854 2069 uon

980 2076 1132 2105 tenebitur.
1161 2076 1272 2106 Sensus
1297 2076 1401 2107 Pedii:
1426 2076 1455 2107 Si
1473 2078 1563 2109 alicui
1583 2087 1692 2110 contra
1711 2080 1856 2119 placeat,

977 2117 1042 2147 vim
1062 2116 1161 2147 [edicti
1175 2117 1239 2156 ejus
1257 2118 1361 2149 verbis
1377 2119 1499 2157 metiri,
1515 2129 1574 2150 nec
1592 2122 1717 2152 interim
1733 2121 1771 2151 ad
1788 2122 1856 2161 ejus

977 2156 1074 2189 finem
1093 2167 1277 2198 penetrare,
1295 2169 1317 2188 ιε
1339 2160 1434 2200 longe
1452 2162 1586 2192 errabit:
1601 2163 1700 2201 palam
1722 2162 1856 2194 effectu-

977 2208 1028 2230 rus
1041 2223 1050 2236 ,
1074 2207 1108 2230 ut
1133 2200 1184 2230 vix
1202 2200 1287 2231 usum
1312 2200 1426 2231 habeat
1444 2200 1610 2241 Edictum,
1636 2204 1722 2243 quod
1740 2213 1757 2234 a
1773 2203 1856 2234 Prae-

977 2248 1050 2272 tore
1067 2241 1143 2272 utile
1162 2250 1198 2271 ac
1224 2241 1428 2273 necess'arium
1453 2243 1664 2276 existimatum
1682 2244 1737 2276 est.
1782 2246 1854 2277 Ain'

965 2291 1056 2312 vero
1072 2281 1089 2313 ¹?
1110 2283 1330 2322 experiamur,
1355 2284 1375 2315 ii
1398 2292 1500 2315 vacat.
1526 2286 1601 2323 quid
1620 2287 1685 2327 egit
1702 2286 1854 2319 Praetor?

976 2322 1029 2354 nisi
1047 2331 1080 2353 ut
1106 2324 1290 2363 dominum,
1315 2335 1379 2356 rem
1407 2326 1489 2357 suam
1506 2327 1738 2359 vindicaturum
1756 2337 1772 2358 a
1789 2337 1854 2360 non

979 2365 1130 2403 domino,
1153 2366 1335 2406 adjuvaret,
1360 2377 1400 2397 ne
1418 2367 1561 2406 possessio
1579 2367 1692 2407 judicii
1708 2369 1853 2402 mutandi

978 2405 1067 2437 causa
1083 2415 1155 2438 curn
1173 2408 1291 2439 domini
1311 2408 1461 2447 injutiain
1483 2411 1700 2447 potentiorem
1719 2411 1854 2447 transfe-

978 2447 1087 2479 ratur?
1112 2448 1175 2479 hoc
1195 2459 1271 2479 vero
1288 2458 1325 2480 an
1344 2450 1546 2489 impetrabit:
1569 2450 1590 2482 fi
1612 2450 1759 2483 Edictum
1785 2462 1852 2484 non

979 2489 1111 2520 haberet
1127 2489 1212 2521 usum
1228 2490 1374 2521 adversus
1391 2489 1594 2530 poll‘cfforem
1612 2495 1655 2525 rei
1671 2494 1779 2524 alienae
1798 2495 1851 2534 qui

977 2530 1059 2562 solus
1075 2533 1268 2562 convenitur
1284 2532 1327 2561 rei
1346 2533 1580 2572 Vindicatione,
1608 2534 1636 2564 ἃ
1653 2534 1759 2574 potest
1778 2545 1852 2575 pos—

977 2571 1142 2604 seffionem
1159 2574 1284 2604 tradere
1301 2573 1370 2611 alii3
1395 2574 1569 2606 dominium
1586 2575 1635 2606 alii
1653 2577 1770 2608 cedere
1785 2587 1853 2609 nou

1000 2613 1091 2644 otest.

976 2623 997 2654 p
1017 2654 1177 2694 Superiori
1201 2655 1392 2686 dubitationi
1413 2656 1513 2688 affinis
1531 2657 1575 2689 est
1591 2657 1743 2698 sequens,
1760 2658 1850 2690 servo

974 2696 1082 2735 judicii
1099 2697 1240 2727 mutandi
1259 2696 1347 2727 causa
1371 2698 1563 2730 manumissO.
1592 2710 1662 2732 nam
1690 2711 1729 2731 ne
1745 2710 1850 2732 manu-

977 2737 1120 2768 miffione
1139 2738 1266 2777 quidem
1286 2742 1415 2778 proprie
1430 2739 1465 2771 fit
1482 2741 1653 2779 alienatio,
1677 2741 1732 2773 etsi
1750 2742 1851 2772 domi-

979 2788 1037 2809 nus
1063 2788 1099 2808 ea
1116 2780 1241 2809 amittat
1258 2778 1334 2810 servi
1352 2781 1548 2820 dominium,
1573 2793 1645 2815 cum
1670 2793 1732 2814 non
1751 2791 1849 2812 trans-

977 2818 1098 2850 feratur·
1116 2820 1146 2850 in
1164 2820 1269 2852 alium.
1295 2822 1479 2854 manumisso
1500 2832 1605 2855 tamen
1624 2828 1712 2854 lervo
1731 2833 1778 2854 res
1794 2832 1849 2852 eo-

977 2861 1049 2892 dem
1065 2861 1165 2898 redit‚
1185 2871 1248 2901 quo
1268 2864 1409 2902 veniret,
1425 2863 1444 2896 si
1465 2867 1640 2897 dominium
1656 2865 1731 2896 esset
1747 2873 1847 2894 trans-

976 2902 1082 2933 latum.
1108 2903 1248 2934 dicamus
1271 2905 1384 2945 igitur,
1408 2907 1459 2937 vel
1486 2908 1536 2938 liic
1552 2906 1774 2938 alienationem
1793 2904 1849 2935 fie-

977 2943 1000 2973 ri
1019 2953 1058 2973 ex
1073 2952 1180 2975 mente
1196 2944 1362 2984 Pi·aetoi·is;
1379 2947 1455 2978 licet
1471 2949 1586 2979 resistat
1603 2947 1689 2976 vei-bi
1707 2947 1850 2985 proprie-

977 2991 1022 3014 tas
1039 2984 1057 3015 l.
1070 2994 1099 3025 3.
1116 2984 1144 3027 §.
1168 2994 1193 3018 1.
1209 2987 1235 3017 h.
1253 2993 1273 3017 r.
1291 2986 1426 3019 Incurrit
1444 2989 1496 3019 hic
1512 2991 1539 3019 ἀ
1557 2988 1606 3018 illa
1624 2987 1791 3026 inspectio.
1809 2996 1849 3019 an

976 3026 1101 3057 alienari
1129 3027 1294 3060 videantur
1311 3030 1377 3069 jura
1400 3029 1616 3069 praedinrum‘?
1640 3028 1667 3057 ὅ(
1686 3037 1775 3072 putat
1791 3027 1848 3060 Ul-

976 3067 1085 3106 pianus
1103 3068 1122 3099 l.
1142 3078 1172 3107 4.
1190 3068 1219 3110 §.
1236 3080 1266 3109 4.
1283 3070 1310 3100 b.
1330 3077 1349 3101 t.
1388 3073 1482 3109 Atqui
1508 3080 1570 3100 non
1598 3069 1724 3108 possunt
1747 3071 1847 3109 tradi;

975 3117 1047 3140 cum
1073 3108 1130 3141 fint
1154 3111 1367 3150 incorporalia
1392 3112 1410 3142 l.
1428 3122 1467 3150 43
1496 3111 1523 3152 §.
1550 3120 1572 3141 1.
1594 3110 1633 3140 D.
1660 3113 1693 3141 de
1707 3114 1772 3152 adq.
1790 3122 1845 3144 rer.

976 3151 1047 3181 dom.
1087 3151 1271 3183 Admittunt
1288 3161 1392 3185 tamen
1412 3151 1492 3190 quasi
1518 3152 1720 3183 traditionem
1744 3156 1762 3183 l.
1785 3154 1842 3184 vlt.

975 3190 1017 3222 D.
1036 3193 1216 3232 deservitur.
1237 3195 1312 3233 quid
1331 3196 1359 3225 ni
1379 3194 1472 3233 igitur
1487 3192 1568 3231 quasi
1587 3194 1790 3225 alienentur?
1815 3195 1848 3227 id

973 3242 1051 3267 vero
1075 3233 1206 3271 sufficit:
1233 3236 1305 3276 quia
1330 3235 1380 3267 vel
1405 3234 1469 3265 hoc
1495 3236 1615 3275 modo,
1639 3237 1727 3277 quod
1742 3237 1847 3311 ngluit

1789 3286 1845 3309 τε·
