2036 3495
306 178 1013 259 GERARDI-
1134 176 1728 257 NOODT.

1843 92 1913 135 485

622 306 932 373 jurisconsulti
970 306 1018 356 &
1053 305 1394 367 Antecefforis‚

128 422 719 529 AMICA
850 420 1909 537 RESPONSIO.

123 608 406 649 &ffglgffstg'uem
429 603 506 635 mihi
533 601 686 634 destinavi
710 601 805 634 finem
822 624 832 641 ‚
854 601 992 635 animum

122 650 161 689 μ(
226 645 231 649 ”
294 653 332 692 >Q
347 645 509 686 appellens
527 644 603 675 olim
620 645 659 676 ad
676 642 916 675 confestionem
933 642 993 684 Ju-

120 693 162 732 ἣζξ
200 681 258 743 Q
292 695 332 735 gg—
346 687 380 717 lii
395 686 502 725 Pauli,
510 683 576 724 five
593 685 660 716 libri
666 684 828 727 singularis
845 686 877 715 de
887 690 994 726 partus

120 735 160 774 εχ
293 738 331 779 >53
345 727 515 769 expositione
532 726 568 761 &³
587 736 651 758 nece
667 730 742 768 apud
759 725 889 764 Veteres,
914 727 939 757 is
957 725 992 757 fi-

118 778 329 820 532532524
344 769 392 800 nis
415 769 496 807 fuit,
519 769 603 800 inter
624 768 681 799 alia
705 777 809 808 neque
833 767 991 813 inelegan-

213 809 234 818 ‘'
343 811 404 849 tia,
427 820 532 851 neque
549 818 622 842 ante
641 810 845 850 pervulgata,
869 817 899 839 in
924 812 944 839 ι.
960 818 989 846 4.

120 850 166 883 D.
191 851 224 882 de
244 851 427 893 agnofiendis
445 851 481 886 ὅ)
499 851 608 883 alendis
631 852 725 882 liberis
742 852 893 890 detegere
907 858 993 880 men-

121 900 186 924 tem
201 891 272 932 Julii
289 892 395 933 Pauli,
411 903 468 935 per
484 893 604 933 aliquot
619 890 722 923 secula
738 901 755 922 a
773 890 933 922 nobilibus
950 891 993 921 in-

119 934 221 975 geniis
236 932 344 966 sedulo
361 934 598 975 investigatam,
614 942 725 965 verum
741 942 758 964 a
773 932 880 970 nullo,
896 940 991 972 quan-

120 983 187 1007 tum
203 976 352 1015 memini,
376 984 533 1017 repertam
551 982 604 1006 aut
623 974 877 1007 demonstratam.
914 971 992 1003 Erat

118 1025 200 1047 vero
217 1018 353 1056 pretium
370 1027 495 1057 operae,
520 1016 638 1055 videri,
662 1013 833 1056 cognosci,
855 1012 990 1053 intelligi

118 1067 187 1089 rem
202 1058 371 1099 insignem:
388 1059 427 1090 ad
442 1068 536 1100 quam
552 1058 607 1089 suo
623 1065 788 1096 tempore,
804 1064 840 1086 ac
856 1053 909 1085 suo
925 1062 990 1085 mo-

120 1099 184 1138 do,
200 1100 338 1131 intendit
352 1099 450 1140 Julius
467 1100 599 1138 Paulus3
616 1099 645 1130 ὅ(
661 1098 724 1129 alio
742 1097 773 1128 in
790 1094 991 1135 compositio·

119 1150 162 1172 ne
178 1139 405 1173 Pandeetarum
427 1141 605 1182 Imperator
620 1139 818 1179 justinianus.
866 1136 940 1168 Non
958 1146 989 1167 e-

120 1183 187 1214 nim
205 1183 290 1214 idem
307 1183 471 1222 utriusque
494 1183 553 1213 iter
573 1180 650 1212 fuit:
676 1179 728 1210 sed
750 1178 838 1218 quod
861 1177 931 1208 suus
955 1186 989 1208 o-

119 1223 247 1255 stendet
263 1224 374 1263 locus,
397 1222 564 1255 diversum.
596 1229 773 1265 utrumque·
789 1226 894 1250 tamen
918 1226 990 1249 ante

120 1263 332 1304 obstructum,
354 1264 497 1296 omnium
514 1263 621 1294 obfuit
644 1260 813 1294 industriae.
838 1269 854 1290 a
872 1269 922 1290 me
939 1260 991 1290 de-

118 1306 308 1347 prehensum
332 1304 439 1337 nescio
464 1314 528 1345 quo
549 1303 637 1342 fato,
661 1311 749 1333 certe
770 1300 908 1347 favente
926 1300 991 1331 for-

120 1356 195 1378 tuna
218 1345 377 1378 indefeffae
394 1346 587 1386 diligentiae,
610 1344 782 1376 admodum
802 1343 910 1382 juvem
927 1341 992 1373 fine

119 1387 322 1419 cavillatione
348 1388 484 1428 primum
503 1387 625 1426 aperuit
642 1386 672 1416 in
691 1385 718 1416 d.
737 1384 755 1414 l.
775 1394 803 1422 4.
828 1384 992 1423 utriusque

119 1428 261 1467 sensum,
284 1427 418 1460 discuffis
442 1428 581 1460 tenebris
600 1450 611 1465 ,
637 1436 709 1458 eum
734 1433 823 1470 tanto
845 1432 991 1464 tempore

121 1469 401 1502 abscondentibus.
424 1469 497 1501 Nec
513 1468 688 1506 distimulo,
711 1466 787 1498 milii
804 1465 913 1507 postea
929 1473 992 1497 tam

120 1520 264 1553 gratum,
280 1520 373 1551 quam
390 1512 563 1549 decorum,
578 1508 670 1541 fuiffe
688 1507 873 1539 consensum
891 1507 991 1538 homi-

118 1563 197 1584 num
223 1553 422 1593 egregiorum
449 1553 486 1584 ad
509 1561 589 1592 quos
611 1549 740 1582 devenit
758 1548 849 1590 Opus
875 1557 991 1580 meum.

123 1593 326 1637 Quamquam
356 1593 485 1625 tertium
510 1591 747 1624 communicato
770 1599 842 1622 cum
866 1591 992 1621 erudito

122 1638 221 1673 orbe,
246 1635 300 1675 (ut
326 1644 396 1665 raro
421 1635 506 1666 idem
525 1633 602 1674 sapit
622 1632 789 1673 omnibus)
813 1632 897 1670 vidi,
921 1632 992 1663 Am·

123 1676 292 1717 pliflimum
309 1675 438 1713 Virum,
460 1675 536 1706 mihi
558 1676 589 1706 in
610 1675 719 1715 primis
736 1674 890 1711 amicum,
915 1672 993 1704 Cor-

122 1718 242 1749 nelium
260 1716 329 1748 Van
348 1716 596 1758 Bynkershoek‚
612 1713 875 1755 jurisconsultum
892 1713 994 1755 Incly-

124 1766 213 1795 tum‚
237 1758 266 1789 δι
289 1759 321 1789 in
345 1757 496 1798 Suprema
520 1756 700 1789 Hollandiae
717 1778 726 1794 ‚
756 1753 914 1786 Zelandiae
930 1779 940 1793 ,
964 1756 994 1787 <St

125 1798 311 1831 Westfrisiae
328 1799 422 1830 Curia
440 1798 645 1837 Affefforerm
670 1798 778 1835 edito,
803 1797 944 1837 Opusculo
961 1798 995 1827 cie

121 1842 191 1882 jure
205 1841 363 1878 occidendi,
385 1841 546 1879 vendendi,
569 1839 606 1874 ὅ)
630 1839 788 1879 exponendi
805 1839 902 1869 liberos
918 1839 995 1878 apud

123 1882 271 1914 Romanos
286 1905 296 1921 ,
325 1891 425 1922 nuper
447 1882 599 1922 pleraque
623 1890 691 1921 quae
714 1879 790 1912 mihi
814 1879 993 1910 inciderunt

124 1923 210 1964 chlz'o
238 1923 350 1962 Paulo,
374 1922 542 1954 sollicitare
565 1923 680 1953 omnia·
715 1921 861 1952 Invidere
884 1921 993 1951 aliena:

123 1965 462 2005 libertati,numquam
480 1963 541 1995 fuit
558 1963 653 1995 moris
669 1964 741 1994 mei.
758 1971 834 1993 meze
847 1971 924 1993 vero
942 1971 993 1992 me

124 2006 288 2044 oblivisci,
312 2015 384 2037 cum
400 2005 493 2046 poffit
508 2005 574 2036 aliis
593 2004 756 2044 prodesse,
780 2012 886 2043 neque
910 2004 992 2034 ratio

124 2047 222 2085 velit,
247 2056 352 2088 neque
367 2045 528 2078 Dominus
555 2045 621 2077 Van
636 2045 878 2086 Bynkersboek.
923 2044 995 2075 Erit

123 2089 219 2128 igitur
249 2089 297 2128 jus
322 2089 448 2128 Utrique
467 2111 476 2126 ,
507 2088 539 2118 in
564 2097 598 2118 re
622 2087 689 2117 sciri
715 2086 886 2127 dignissima
903 2109 912 2124 ,
945 2086 994 2116 sua

124 2138 286 2170 quemque
316 2137 500 2171 argumenta
522 2129 554 2160 in
583 2128 723 2160 medium
750 2129 815 2168 pari
846 2127 994 2158 libertate

123 2170 292 2210 conferre3
316 2171 345 2202 &
363 2170 439 2211 quid
454 2171 524 2211 plus
541 2170 686 2202 minusve
701 2169 740 2200 ad
763 2167 927 2200 verisimile
943 2177 994 2198 ac-

123 2212 218 2243 cedat
233 2234 243 2250 ,
272 2212 350 2243 citra
372 2213 520 2243 damnum
547 2210 678 2243 affectus
696 2233 705 2249 ,
728 2210 795 2242 aliis
819 2212 857 2241 ad
880 2208 994 2241 discer-

126 2254 267 2284 nendum
286 2253 482 2294 relinquere:
507 2261 703 2293 unoquoque
721 2252 809 2292 quod
828 2250 891 2291 ipse
908 2251 994 2291 cogi-

125 2295 258 2333 taverit,
284 2294 327 2325 ob
345 2294 517 2326 naturalem
537 2294 603 2334 ejus
618 2302 777 2332 amorem,
801 2291 923 2333 semper
940 2301 996 2332 op·

125 2336 238 2367 timum
254 2336 403 2367 ducente.

166 2376 220 2409 De
243 2385 361 2409 caetero
387 2378 506 2418 duplex
531 2386 590 2410 nos
615 2376 789 2418 occupabit
812 2385 910 2408 cura:
934 2384 996 2407 uua

124 2418 189 2458 est,
214 2419 362 2459 quamdiu
380 2420 561 2459 parentibus
579 2420 609 2451 in
630 2418 715 2450 Foro
732 2418 879 2450 Romano
896 2416 995 2448 fuerit

122 2460 324 2502 permissum,
342 2460 461 2492 liberos
479 2469 589 2500 natos,
608 2467 778 2501 antequam
797 2458 949 2498 suscepti,
964 2467 994 2489 a·

124 2502 205 2542 gniti
218 2525 226 2539 ‚
251 2503 356 2542 alique
377 2502 445 2542 Jusfi
462 2500 579 2541 essent,
602 2511 661 2542 pro
680 2501 811 2533 arbitrio
829 2508 994 2541 exponere

126 2551 179 2573 aut
204 2552 329 2574 necare.
374 2544 482 2575 Altera
504 2543 568 2581 est,
592 2543 720 2583 quando
736 2543 867 2574 abortus
886 2541 996 2572 mulie·

126 2584 186 2621 ris,
209 2585 445 2616 medicamento
468 2586 507 2616 ab
526 2586 577 2616 illa
594 2585 706 2625 sponte
725 2582 870 2624 sumpto,
893 2583 924 2613 in
941 2591 996 2613 eo-

126 2624 199 2655 dem
217 2624 299 2656 Foro
316 2634 376 2666 pro
392 2627 524 2657 crimine
541 2626 648 2658 haberi
665 2626 831 2666 punirique
847 2624 994 2664 coeperit.

168 2663 213 2695 Ut
226 2673 330 2696 autem
345 2667 482 2698 evitetur
498 2667 529 2698 in
547 2666 735 2708 disputando
751 2664 915 2703 confufio,
938 2663 996 2695 ob-

125 2704 239 2736 servari
259 2705 420 2746 suadeam,
440 2709 526 2747 quod
546 2709 575 2739 &
592 2708 679 2739 volui
695 2707 726 2738 in
746 2706 922 2746 Praefatz'one
936 2704 997 2744 Ju-

128 2746 162 2777 liz'
179 2746 285 2784 Pauli,
306 2756 371 2779 non
387 2750 485 2779 verti:
508 2756 614 2780 utrum
630 2748 727 2780 fuerit
743 2757 783 2779 ex
799 2749 920 2780 decoro
936 2747 997 2778 Po-

127 2788 192 2828 puli
215 2787 367 2826 Romani,
384 2787 503 2820 foedam
520 2796 616 2828 atque
633 2790 762 2829 impiam
780 2789 849 2820 tolli
865 2786 996 2819 consue-

129 2829 291 2860 tudinem:
308 2828 360 2859 sed
378 2838 442 2869 quo
460 2838 496 2860 ea
513 2830 636 2861 desierit
656 2838 813 2870 tempore.
840 2828 997 2869 proinde,

129 2870 217 2909 quod
232 2869 341 2907 distat,
365 2878 429 2901 non
445 2870 474 2901 in
489 2870 576 2910 jure,
593 2870 644 2902 sed
661 2871 692 2901 in
710 2870 814 2909 facto,
838 2868 999 2906 consistit;

129 2912 160 2943 ἃ
182 2920 214 2942 ut
230 2911 437 2948 expediatur,
462 2920 525 2942 non
550 2911 633 2941 dabo
651 2911 756 2942 locum
776 2918 964 2951 argumento
981 2918 999 2939 a

128 2954 204 2992 pio,
226 2951 325 2992 justo,
350 2950 503 2990 honesto3
526 2960 586 2982 nec
609 2959 720 2982 contra
737 2961 753 2982 a
770 2953 852 2991 turpi
875 2958 927 2982 aut
945 2950 998 2980 ab·

132 2994 243 3025 surdo:
260 3001 428 3032 expertus,
445 2994 550 3024 omnia
566 2992 635 3030 illa,
651 2993 777 3032 quando
792 3000 939 3032 peraeque
954 3000 1000 3021 re-

131 3035 212 3075 cipit
239 3035 302 3065 vita
323 3034 521 3071 communis,
545 3034 664 3073 privata
681 3033 846 3064 hominum
864 3032 999 3072 singulo-

130 3086 220 3114 rum,
244 3076 274 3107 ὅ(
298 3075 424 3115 publica
447 3075 635 3113 civitatum,
658 3074 696 3104 ad
715 3073 787 3104 faCti
807 3071 999 3105 demonstra-

131 3118 270 3154 tionem,
295 3124 452 3156 tamquam
471 3114 610 3152 fallacia,
634 3114 712 3146 nihil
732 3115 845 3145 valere.
877 3121 1000 3145 tantum

133 3159 303 3197 petendam
321 3166 400 3197 puto
417 3158 480 3196 ejus
498 3156 720 3197 probationem
739 3156 831 3194 inde,
847 3155 932 3186 unde
945 3163 1002 3196 per

133 3200 300 3232 humanam
326 3199 548 3232 conditionem
572 3197 680 3230 haberi
705 3195 811 3237 potest
829 3197 947 3229 tutius:
972 3196 1003 3228 id

1036 601 1082 634 est
1097 625 1107 641 ,
1131 611 1148 634 a
1170 603 1300 636 testibus
1324 603 1354 635 ἀ
1377 604 1531 644 exemplis
1555 603 1709 644 temporis
1731 603 1776 634 rei
1799 602 1906 644 gestae.

1037 643 1145 684 estque
1162 645 1282 677 idcirco
1300 645 1369 676 haec
1383 645 1563 685 disputandi
1579 644 1682 676 forma
1697 644 1736 676 ad
1750 653 1844 684 quam
1861 654 1908 676 ra-

1037 685 1083 716 tio
1099 686 1205 723 ducit,
1228 696 1245 717 a
1261 695 1312 718 me
1330 686 1474 728 religiose
1498 685 1617 718 servata
1640 685 1670 717 ὅ(
1686 685 1759 724 hic,
1784 684 1813 716 &
1832 694 1907 716 ante

1036 727 1066 758 in
1081 725 1166 766 Julio
1183 727 1285 758 Paulo.
1310 726 1464 760 Eamdem
1481 726 1616 759 formam
1636 725 1745 767 postea
1761 728 1856 757 etiam
1872 725 1908 757 si-

1035 767 1066 798 bi
1084 766 1266 808 praescripsit
1282 767 1442 801 Dominus
1459 767 1528 800 Van
1545 767 1777 809 Bynkershoek
1793 777 1817 797 c.
1838 776 1909 799 111.

1037 808 1141 848 Opzisc.
1153 815 1184 848 p.
1208 817 1274 849 154.
1304 809 1355 841 sed
1373 809 1583 851 praescriptam
1600 808 1742 850 neglexit
1759 808 1908 848 penitus:

1035 848 1156 888 semper
1174 849 1243 880 usus
1259 852 1450 890 argumentis
1476 860 1514 882 ae
1536 849 1790 891 consequentiis:
1814 858 1908 880 num-

1034 899 1128 930 quam
1146 889 1277 921 testibus
1294 898 1346 922 aut
1372 892 1527 932 exemplis
1545 891 1699 931 temporis
1717 890 1804 931 cujus
1818 889 1908 922 usum

1033 930 1267 976 investigamus.
1314 932 1419 974 Quam
1438 934 1581 964 habuerit
1607 931 1729 964 causam
1746 931 1908 970 variandi,

1033 971 1152 1003 neseio.
1184 971 1331 1010 variass'e,
1355 974 1495 1012 quisquis
1512 976 1542 1005 in
1563 983 1630 1005 rem
1648 972 1835 1013 praesentem
1852 981 1909 1004 ve-

1033 1013 1134 1051 nerit,
1159 1013 1380 1052 deprehendet
1400 1014 1511 1045 statim.
1543 1015 1678 1055 proinde
1695 1023 1757 1046 nec
1771 1016 1908 1052 mirum,

1033 1063 1091 1100 nos
1114 1053 1166 1095 qui
1192 1055 1381 1086 contrariam
1408 1062 1552 1087 tenemus
1577 1056 1681 1096 viam,
1704 1065 1769 1088 non
1789 1055 1909 1087 eodem

1033 1104 1130 1127 exire.

1072 1135 1173 1168 Hisce
1190 1136 1369 1176 praemiffis,
1394 1146 1479 1168 nunc
1496 1147 1547 1169 me
1570 1148 1690 1170 moveo
1709 1139 1748 1170 ad
1764 1137 1907 1179 proposi-

1036 1186 1081 1209 tas
1099 1177 1298 1217 quaestiones.
1324 1177 1358 1209 In
1376 1179 1481 1218 priore
1498 1178 1562 1210 fert
1575 1189 1644 1211 mea
1660 1180 1791 1219 opinio,
1815 1178 1908 1211 fuiss'e

1035 1218 1218 1259 parentibus
1235 1219 1319 1259 apud
1336 1218 1519 1258 Romanos,
1535 1229 1625 1251 more
1645 1221 1773 1252 aliarum
1793 1219 1909 1251 Genti-

1035 1269 1105 1298 um,
1130 1260 1269 1300 alioquin
1288 1269 1306 1291 a
1324 1260 1445 1292 cultura
1463 1261 1536 1291 vitae
1552 1260 1756 1301 elegantioris
1772 1270 1837 1292 non
1854 1261 1910 1292 ab-

1035 1301 1252 1338 horrentium,
1273 1301 1472 1341 permissum‚
1498 1302 1615 1333 liberos
1634 1309 1726 1333 natos
1739 1324 1748 1340 ,
1772 1311 1809 1332 ac
1825 1311 1909 1333 non-

1035 1342 1108 1374 dum
1131 1341 1313 1383 susceptos,
1337 1342 1566 1384 aliqueJ'uffos,
1591 1352 1649 1384 pro
1664 1342 1796 1374 arbitrio
1813 1343 1910 1374 tolle-

1034 1394 1086 1422 re,
1110 1393 1293 1424 exponere,
1310 1393 1443 1423 necare,
1459 1385 1532 1423 Jure
1552 1384 1778 1416 Pandetftarum
1796 1384 1825 1416 ἃ
1843 1384 1909 1415 Co-

1035 1425 1132 1463 dicis,
1156 1434 1255 1462 usque
1278 1426 1316 1457 ad
1345 1425 1560 1466 Principatum
1586 1425 1821 1464 Valentiniani,
1844 1425 1909 1457 Va-

1036 1466 1128 1498 lentis
1146 1466 1176 1498 &
1193 1465 1354 1499 Gratiani:
1371 1467 1484 1507 quibus
1502 1467 1620 1505 visum,
1637 1468 1822 1498 inveteratae
1838 1475 1909 1498 cru-

1036 1508 1157 1539 delitati
1179 1515 1268 1539 extra
1282 1508 1427 1539 ordinem
1444 1508 1568 1549 capitali
1586 1507 1739 1548 supplicio
1756 1517 1909 1539 occurre-

1035 1558 1070 1580 re
1094 1549 1125 1580 in
1151 1549 1172 1580 l.
1192 1553 1220 1583 8.
1241 1549 1273 1590 C.
1300 1549 1350 1581 Ad
1367 1549 1474 1590 Legem
1492 1549 1653 1580 Corneliam
1668 1547 1825 1586 deficarz'z's
1841 1548 1871 1580 &
1884 1549 1906 1579 l.

1036 1600 1064 1622 2.
1083 1589 1117 1622 C.
1136 1591 1169 1620 cle
1183 1590 1348 1630 infantibus
1366 1589 1516 1630 expositis:
1540 1591 1636 1629 idque
1653 1599 1712 1630 pro
1729 1589 1780 1620 sua
1795 1588 1822 1620 sa
1848 1591 1909 1621 aci-

1036 1640 1102 1663 tate
1118 1640 1214 1663 unum
1238 1631 1299 1662 eise
1315 1631 1539 1663 subodoratum
1559 1630 1599 1662 V.
1620 1630 1679 1663 CL.
1694 1629 1813 1670 Justum
1852 1631 1908 1671 ,ip-

1035 1672 1112 1704 sium
1133 1672 1214 1704 Cent.
1235 1682 1261 1704 1.
1290 1673 1339 1704 Ad
1356 1672 1458 1713 Belgas
1474 1671 1566 1712 Epist.
1586 1677 1635 1711 85.
1654 1681 1718 1703 non
1741 1671 1805 1703 fine
1828 1680 1910 1711 prae-

1035 1714 1158 1745 satione
1176 1714 1308 1745 honoris
1323 1714 1459 1745 indicavi
1482 1713 1565 1754 Julio
1591 1713 1684 1745 Paulo
1701 1722 1725 1744 c.
1748 1722 1796 1744 lx.
1828 1712 1910 1745 Dixi

1037 1763 1141 1787 tamen
1166 1755 1207 1786 ibi
1235 1756 1323 1796 quod
1346 1765 1395 1786 res
1419 1754 1490 1787 cst:
1523 1763 1642 1786 tantum
1669 1753 1910 1787 subodoratum.

1036 1796 1133 1827 Nunc
1148 1795 1194 1827 fas
1214 1795 1249 1827 sit
1265 1797 1383 1828 addere
1394 1819 1403 1835 ,
1428 1805 1493 1828 non
1511 1796 1753 1834 vituperandum
1769 1796 1843 1827 ideo
1859 1795 1911 1827 fu-

1036 1837 1089 1868 iss‘e
1111 1837 1151 1867 ab
1174 1838 1370 1878 Ampliffimo
1393 1838 1548 1869 Senatore
1574 1838 1680 1878 Opusc.
1699 1847 1722 1867 c.
1741 1846 1814 1868 Vir.
1834 1843 1910 1879 pag.

1038 1883 1104 1915 196.
1121 1878 1227 1919 &seq.
1246 1879 1331 1918 quasi
1342 1880 1452 1919 inepte
1468 1878 1670 1910 affestantem
1687 1879 1717 1909 in
1732 1877 1804 1917 Jure
1820 1879 1911 1918 quod

1037 1930 1100 1952 non
1118 1920 1325 1961 intelligebat.
1344 1928 1457 1951 contra
1473 1919 1534 1951 esse
1552 1920 1739 1951 laudandum
1756 1927 1834 1959 puto
1851 1919 1912 1951 stu-

1036 1962 1121 1993 dium
1137 1963 1244 1992 conati
1256 1984 1265 1999 ,
1280 1961 1560 2002 jurisprudentiam
1576 1970 1660 1993 nova
1675 1960 1857 2000 conjestura
1872 1969 1910 1992 ut:

1036 2012 1100 2035 non
1121 2012 1159 2034 ex
1180 2003 1300 2038 solido,
1316 2012 1347 2033 at
1361 2012 1419 2043 pro
1435 2005 1546 2042 copia,
1563 2003 1718 2042 adjuvare.
1742 2001 1812 2042 Ego
1828 2002 1910 2033 inte-

1037 2046 1094 2076 rim
1111 2053 1171 2075 nec
1187 2043 1317 2075 caruiss'e
1334 2051 1523 2074 ornamento
1536 2044 1616 2083 Juris
1635 2043 1771 2074 scientiae
1783 2043 1912 2083 elegan-

1037 2086 1145 2124 tioris,
1161 2085 1269 2116 multis
1286 2085 1378 2116 rebus
1396 2085 1550 2116 intellexi.
1572 2085 1606 2116 ln
1624 2083 1785 2125 praesentia
1800 2091 1910 2116 autem

1036 2136 1127 2167 aeque
1143 2135 1181 2157 ac
1195 2128 1222 2156 d.
1239 2136 1260 2157 c,
1285 2135 1332 2156 ix.
1351 2134 1443 2166 grato
1458 2126 1617 2167 adgnosco
1633 2126 1757 2163 animo,
1773 2125 1838 2165 ejus
1854 2126 1913 2161 be-

1036 2166 1153 2200 neficio
1168 2176 1219 2199 me
1236 2168 1322 2207 quod
1338 2175 1517 2198 antenemo
1534 2167 1631 2206 vidit,
1648 2175 1710 2198 nec
1724 2165 1789 2207 ipse
1804 2166 1911 2198 adhuc

1037 2209 1169 2250 expedit
1189 2207 1348 2240 Dominus
1365 2208 1433 2239 Van
1450 2207 1699 2249 Bynkershoek,
1715 2209 1745 2239 in
1762 2207 1844 2239 clara
1860 2208 1909 2239 lu-

1038 2260 1076 2282 ce
1095 2249 1237 2290 posuiffe.
1264 2250 1311 2280 Ac
1326 2250 1447 2281 bonum
1463 2249 1582 2281 factum
1601 2250 1731 2280 Antonii
1748 2248 1909 2281 Schultin-

1037 2292 1098 2333 gii,
1124 2291 1190 2322 Viri
1214 2289 1417 2329 Praestabilis‚
1442 2289 1600 2332 Cognati,
1624 2290 1787 2331 Collegae,
1810 2289 1841 2321 &
1864 2290 1909 2322 A-

1038 2332 1114 2364 mici
1132 2331 1212 2370 mei‚
1226 2331 1317 2363 Notis
1326 2332 1364 2363 ad
1380 2331 1512 2364 Paulum
1528 2332 1577 2363 lib.
1597 2341 1627 2363 2.
1642 2331 1772 2362 Sentent.
1788 2331 1835 2361 tir.
1855 2341 1908 2370 24.

1033 2381 1105 2415 ρας.
1129 2382 1200 2414 315.
1225 2372 1255 2404 &
1279 2373 1326 2404 lib.
1351 2383 1381 2412 5.
1411 2374 1457 2404 tit.
1487 2382 1512 2405 1.
1531 2380 1600 2415 pag.
1626 2380 1695 2413 431.
1717 2373 1749 2403 in
1768 2371 1857 2403 hisce
1875 2373 1908 2403 dc

1037 2413 1162 2455 Lipsio,
1178 2415 1207 2446 ὅ(
1225 2413 1323 2454 mihi,
1340 2413 1390 2446 sua
1405 2413 1626 2456 suffragatione
1644 2422 1709 2445 non
1725 2413 1768 2445 ita
1784 2413 1911 2454 pridem

1037 2456 1267 2499 applaudentis.

1077 2496 1179 2540 Quod
1196 2506 1301 2529 tamen
1318 2496 1416 2530 visum
1432 2496 1509 2529 mihi
1521 2520 1531 2535 ,
1554 2506 1619 2529 non
1633 2497 1739 2537 placet
1756 2496 1912 2539 Bynkers-

1038 2539 1158 2571 hoekio
1173 2539 1205 2570 in
1224 2539 1398 2578 Praefatione
1413 2541 1450 2570 ad
1467 2538 1611 2570 Leeorem
1628 2539 1657 2571 ὂ(
1675 2539 1705 2569 in
1724 2538 1868 2580 Opusculo
1882 2548 1910 2571 c.

1039 2589 1109 2612 v11.
1136 2579 1172 2614 ὃ*
1191 2589 1239 2611 tx.
1265 2579 1474 2618 existimanti,
1498 2589 1563 2611 non
1591 2579 1680 2611 fuiffe
1703 2580 1781 2621 patri
1807 2589 1911 2620 usque

1040 2623 1080 2654 ad
1098 2621 1312 2661 principatum
1331 2621 1563 2660 Valentiniani,
1586 2621 1748 2660 Valentis,
1773 2621 1804 2653 δι
1827 2620 1915 2652 Gra-

1041 2663 1137 2702 tiani,
1160 2661 1338 2693 concessam
1356 2662 1512 2694 infantum
1532 2662 1764 2702 expositionem
1782 2671 1912 2694 necem-

1040 2713 1118 2744 que,
1135 2703 1187 2735 sed
1204 2712 1273 2734 eam
1291 2703 1344 2734 diu
1360 2712 1433 2735 ante
1449 2702 1540 2735 fuisse
1555 2704 1706 2735 abolitam
1718 2705 1781 2743 iam
1797 2713 1814 2735 a
1830 2711 1911 2735 tem-

1040 2754 1120 2786 pore
1134 2743 1261 2784 Trajani
1274 2767 1282 2782 ‚
1299 2743 1472 2783 Hadriani,
1488 2745 1519 2776 &
1535 2745 1687 2777 Antonini
1707 2745 1772 2777 Pii:
1788 2745 1861 2776 inde
1876 2753 1914 2774 a·

1041 2787 1175 2826 dempto
1191 2786 1234 2816 illi
1247 2786 1277 2816 in
1292 2786 1429 2824 liberos,
1444 2785 1507 2818 sine
1524 2788 1624 2818 aetatis
1635 2786 1829 2823 discrimine,
1840 2785 1911 2824 jure.

1041 2828 1115 2858 vitae
1131 2827 1160 2857 ὅ(
1177 2827 1282 2865 necis,
1306 2836 1342 2858 ac
1359 2827 1456 2868 posita
1468 2851 1477 2866 ,
1501 2826 1522 2859 fi
1539 2836 1651 2860 contra
1665 2827 1805 2863 faceret,
1819 2833 1911 2856 extra

1042 2868 1187 2899 ordinem
1206 2876 1300 2907 poena
1318 2869 1428 2900 mortis
1444 2870 1494 2901 vel
1512 2870 1637 2901 minore
1654 2879 1712 2910 pro
1728 2878 1761 2899 re
1776 2873 1860 2898 nata.

1081 2909 1144 2940 Sed
1166 2917 1219 2939 aut
1242 2909 1324 2940 fallit
1349 2919 1400 2941 me
1415 2909 1535 2943 animus
1551 2920 1658 2948 meus,
1683 2916 1736 2939 aut
1751 2906 1838 2947 quod
1856 2906 1911 2947 egi

1041 2949 1125 2990 Julio
1143 2949 1253 2989 Paulo,
1269 2950 1312 2981 ita
1327 2960 1403 2982 vero
1420 2952 1627 2984 admovetur:
1642 2958 1677 2981 ut
1693 2949 1746 2980 vix
1761 2947 1820 2978 alia
1835 2955 1912 2986 pro-

1043 2991 1173 3022 batione
1196 2991 1357 3033 indigeat:
1389 2993 1610 3025 consentiente
1640 2991 1671 3021 in
1694 2989 1802 3029 primis
1827 2987 1908 3020 Viro

1043 3032 1240 3072 Amplissimo
1262 3035 1290 3064 in
1307 3035 1334 3064 d.
1360 3034 1535 3074 Praefarione
1552 3033 1581 3063 ὃ(
1598 3033 1624 3062 d.
1642 3041 1666 3062 c.
1684 3039 1737 3075 ¹1x.
1755 3027 1793 3063 δ’)
1809 3038 1840 3060 x.
1865 3029 1912 3060 in-

1043 3072 1166 3104 fantum
1189 3073 1422 3114 expositionem
1447 3073 1628 3113 parentibus
1644 3069 1735 3101 fuiffe
1757 3070 1913 3102 indultam

1044 3123 1142 3155 usque
1156 3115 1194 3146 ad
1211 3115 1423 3156 Principatum
1436 3115 1580 3153 Traiani,
1598 3111 1747 3143 Hadriani
1763 3111 1794 3143 &
1811 3111 1912 3143 Anto-

1043 3156 1108 3187 nini
1125 3154 1180 3187 Pii.
1199 3155 1280 3188 Nam
1296 3157 1317 3188 si
1337 3158 1454 3188 tamdiu
1472 3157 1601 3186 liberam
1617 3162 1634 3183 a
1648 3152 1780 3184 crimine
1796 3152 1827 3185 &
1843 3161 1914 3193 poe·

1045 3205 1084 3230 na
1100 3196 1191 3270 suissi}
1206 3196 1397 3237 confitetur3
1414 3205 1473 3229 nec
1482 3195 1616 3236 probat,
1632 3193 1738 3235 (quod
1752 3202 1913 3266 nusquapn

1202 3247 1222 3278 Ρ
1238 3248 1257 3280 Ρ
1281 3249 1299 3279 3
1880 3244 1911 3267 ‘²‘
