2036 3495
587 131 938 177 GERA'R'D1
993 130 1535 178 Noonr'c·6·i·1-‘-ii‘.-

548 236 598 294 Ι,
632 243 731 292 IB
764 242 896 293 ER
967 219 1566 319 SECUNDUS.
1606 221 1655 233 ”

804 370 805 373 =
845 352 880 386 T
915 362 928 386 1
962 362 985 386 T
1019 362 1146 411 tien
1178 354 1216 388 ε’
1252 354 1293 400 I.-

905 428 956 464 De
975 428 1210 474 Jurisdic‘li'one.

155 520 450 565 ᾓςζξξξῖᾶσῑῡ
477 516 655 560 jurisdictio
671 517 723 551 seu
740 517 906 559 imperium
926 517 980 556 fit,
1006 517 1036 548 &

157 568 197 606 a<
335 565 371 601 N}
395 572 460 604 quo
484 561 583 592 modo
601 570 617 590 a
633 560 775 592 Praetore
791 567 979 591 exerceatur
991 559 1036 589 *de

157 610 199 650 ,εξ-ἒξ
233 598 296 662 Q
331 605 371 647 ἕζζ-
393 604 511 645 plano,
526 610 578 633 aut
588 609 646 642 pro
657 601 822 639 tribunali,
841 610 898 640 per
915 599 943 630 se
955 623 964 637 ,
982 607 1036 630 aut

157 654 195 692 Ν
333 650 371 687 >ag
393 655 450 687 per
471 644 718 682 mandatarium,
742 651 804 674 tam
825 642 903 672 utile
922 641 966 672 est
983 650 1035 672 ex-

156 691 369 735 ξζᾭῖξζςζ
388 687 483 729 poni,
509 686 603 725 quam
631 685 761 725 dignum
785 685 900 724 quaeri:
924 690 1037 722 certo,

392 728 470 761 nihil
493 727 581 767 plus,
603 734 704 766 pauca
727 733 869 764 tantum,
888 723 1039 755 conferre

157 774 198 806 ad
213 769 502 810 intellectumJuris
513 767 634 799 Civilis.
661 767 760 808 Igitur
775 771 845 798 eam'
854 766 1017 798 materiam
1028 789 1038 804 ,

161 816 294 856 ejusque
317 820 441 853 partes,
468 809 533 841 sum
556 816 710 840 executus
733 808 860 840 duobus
882 808 968 839 libris
987 806 1040 838 De

162 855 391 898 Jurisdiftione
413 854 443 885 &
468 850 626 890 Imperio:
650 859 711 881 nec
727 850 790 891 jain
812 859 900 891 agam
923 849 1038 881 actum.

162 905 287 930 tantum
305 897 458 937 attingam
476 891 587 924 Edicta
599 915 608 930 ‚
629 892 668 923 ad
685 892 836 923 tuendam
851 889 1040 931 Jurisdictio-

161 948 237 972 nem
262 949 278 970 a
304 938 444 969 Praetore
471 932 645 976 propofita.
688 932 735 964 Ea
757 933 867 964 Edie'ta
885 931 953 963 sunt
971 933 1039 963 tria.

163 980 256 1022 primi
274 980 361 1019 quod
379 977 424 1010 est
445 978 484 1009 de
501 975 574 1007 alb'o
590 980 765 1016 corrupto,
790 973 892 1005 sensus
910 973 1044 1004 traditur

165 1023 205 1053 ab
218 1021 358 1060 Ulpiano
375 1020 394 1050 l.
412 1030 440 1060 7.
453 1018 493 1050 D.
510 1018 537 1048 h.
555 1022 576 1047 t.
597 1016 693 1047 verba
712 1015 861 1047 videntur
879 1015 950 1046 talia
965 1012 1043 1045 fuis-

165 1064 208 1097 se.
253 1063 287 1094 Si
309 1063 374 1104 quis
391 1062 421 1092 ia
438 1060 512 1102 quod
523 1056 738 1100 jurisdictionis
749 1063 887 1097 perpetuae
909 1056 996 1095 causa
1011 1057 1043 1087 in

166 1106 229 1137 albo
242 1103 417 1145 propofitum
440 1103 495 1132 eric
507 1124 516 1139 ,
539 1099 599 1130 dolo
616 1099 688 1130 malo
709 1099 888 1139 corruperit‚·
912 1099 943 1128 in
956 1107 1042 1136 eum,

160 1146 190 1186 fi
203 1148 269 1189 quis
279 1156 307 1177 eo
323 1145 436 1176 nomine
445 1151 527 1186 agere
542 1140 618 1173 volet
630 1164 639 1181 ,
650 1141 875 1183 quingentorum
889 1147 1043 1170 aureorum

161 1189 310 1230 judicium
327 1188 408 1218 dabo.
831 1222 833 1229 ‚

208 1229 289 1261 Haec
305 1228 401 1259 verba
417 1225 560 1268 excerpti
581 1237 622 1259 ex
641 1226 669 1257 d.
687 1224 706 1256 l.
728 1233 756 1266 7.
780 1231 852 1256 nain
870 1225 938 1264 qu⁵ae
955 1223 985 1255 in
1007 1224 1044 1254 ea

165 1273 321 1313 praetere'a
339 1270 555 1310 reperiuntur,
581 1267 680 1309 magis
698 1277 755 1307 pro
776 1265 1043 1306 interpretatione

166 1313 289 1351 fiditti,
314 1321 405 1352 quarn
423 1320 481 1352 pro
505 1311 571 1351 ejus
594 1308 720 1345 verbis,
743 1308 843 1347 accipi
869 1314 1043 1347 oportere,

166 1354 255 1386 recte
279 1353 447 1394 suspicatus
472 1351 516 1383 est
542 1352 680 1391 jacobus
699 1349 845 1389 Cujacius
861 1347 900 1380 V.
917 1347 977 1379 C1..
995 1347 1043 1379 lib'.

170 1405 221 1427 21.
246 1396 365 1432 Observ.
381 1406 405 1426 c.
424 1404 473 1433 24.
499 1393 607 1424 saltem
625 1391 759 1435 addam,
783 1389 870 1431 quod
889 1390 919 1420 in
935 1390 963 1420 d.
978 1389 997 1420 l.
1015 1398 1044 1429 7.

169 1437 298 1478 quidam
316 1436 384 1468 libri
401 1434 578 1476 (Russartlo‘
593 1432 670 1465 teste
682 1456 691 1471 ,
704 1432 779 1464 Not.
798 1431 960 1472 Margin.)
980 1439 1044 1461 non

168 1479 290 1510 habent
310 1478 535 1519 quingentorum
549 1477 719 1512 aureorum,
742 1472 812 1511 sed,
830 1472 1046 1513 quinquaginta

169 1529 342 1552 aureorum:
366 1527 467 1558 eaque
491 1516 587 1547 lectio
607 1513 774 1547 Francisco
802 1513 969 1546 Hotmano
984 1513 1045 1554 pla-

169 1570 242 1592 cet:
265 1568 337 1591 cum
357 1559 400 1590 ob
424 1558 502 1595 alia,
525 1565 592 1588 tum
616 1557 690 1598 quia
708 1565 744 1588 ea
760 1565 854 1595 poena
871 1564 888 1586 a
903 1554 1045 1586 Praetore

170 1602 266 1633 etiam
283 1601 327 1632 cst
344 1600 419 1631 alibi
435 1598 534 1640 posita
553 1599 572 1630 l.
600 1608 649 1638 24.
671 1597 714 1629 D.
739 1599 771 1628 de
787 1597 883 1638 injus
899 1597 1044 1634 vocando,

169 1642 235 1677 &t
255 1653 283 1674 2.
296 1641 338 1673 D.
363 1642 398 1672 In
411 1642 463 1682 jus
477 1646 572 1672 vocat.
590 1644 710 1670 meant.
735 1638 797 1670 Sed
815 1638 878 1669 hoc
888 1637 963 1669 facti
980 1636 1045 1676 est;

165 1694 227 1717 nec
246 1684 340 1716 habet
355 1684 431 1723 juris
448 1681 720 1721 consequentiam.
745 1679 821 1720 quid
838 1680 868 1710 ni
885 1681 969 1711 enim
988 1686 1044 1720 po-

165 1728 228 1760 tuit
243 1726 365 1762 Praetor
389 1725 420 1756 in
436 1733 500 1761 uno
519 1722 634 1754 Edicto
659 1722 811 1761 majorem
824 1744 832 1759 ‚
857 1721 886 1751 in
906 1721 967 1751 alio
988 1720 1043 1752 mi-

166 1777 299 1806 norem,
316 1772 445 1808 poenam
461 1763 656 1796 constituere
672 1769 736 1804 pro*
746 1762 800 1793 suo
815 1761 984 1794 arbitrio?
996 1760 1045 1793 Id·

168 1811 258 1843 circo
272 1809 448 1849 relinquam
465 1808 529 1838 hoc
548 1807 577 1837 in
598 1806 718 1837 medio.
762 1804 886 1844 AEque,
906 1804 956 1834 cui
978 1803 1045 1834 liaec

168 1852 264 1884 cedat
281 1859 386 1890 poena.
404 1857 595 1890 quamquam
613 1847 698 1878 enirn
716 1846 766 1876 vel
783 1845 848 1876 hoc
858 1844 1046 1886 expresserit

169 1894 202 1926 in
220 1892 336 1924 Edicto
354 1891 495 1929 Praetor3
517 1889 595 1921 ficut
613 1887 729 1920 Editus
748 1886 970 1927 Legibusque‚
988 1895 1044 1925 po-

170 1935 295 1976 pulares
320 1933 461 1964 actiones
486 1930 760 1967 concedentibus,
793 1929 929 1968 exprimi
949 1927 1046 1959 solet:

172 1977 387 2009 hodietamen
405 1981 493 2006 extat
511 1981 675 2012 nusquam.
691 1979 754 2002 non
772 1968 922 2000 servatam
939 1977 1047 2000 autem

171 2026 322 2061 perteque
340 2016 398 2048 liae
416 2014 587 2057 quoquein
604 2020 694 2054 parte
711 2012 856 2043 eamdem
873 2010 964 2042 fuiffe
981 2009 1047 2041 for-

171 2069 275 2098 mam,
300 2058 370 2090 satis
389 2057 487 2089 claret
504 2065 545 2087 ex
562 2055 580 2086 l.
599 2065 648 2095 25.
667 2053 696 2096 §.
718 2062 745 2085 2.
768 2051 812 2084 D.
837 2053 870 2083 de
894 2051 1046 2083 Senatum.

175 2101 271 2132 Silari.
292 2100 309 2130 l.
330 2099 384 2130 ult.
406 2098 447 2129 D.
472 2099 504 2129 de
521 2098 639 2128 termino
655 2101 737 2126 moto.
783 2092 913 2125 Interim
932 2093 1050 2125 summa

174 2141 238 2175 fuit
255 2141 345 2181 hujus
357 2140 459 2171 Edisti
477 2139 576 2171 ratio:
598 2137 752 2178 siquidem
770 2134 880 2167 solitus
891 2135 954 2166 fuit
969 2135 1048 2167 Prae-

174 2192 227 2216 tor
251 2183 343 2214 initio
367 2180 591 2222 Magistratus,
615 2181 646 2210 in
664 2176 971 2217 dealbatopariete,
996 2177 1048 2208 vel

176 2224 323 2258 dealbata
342 2223 469 2261 tabula,
485 2226 556 2261 quae
573 2222 604 2252 in
622 2222 650 2252 d.
668 2221 688 2252 l.
704 2230 732 2260 7.
749 2219 792 2250 D.
810 2219 839 2250 b.
859 2224 880 2249 t.
897 2220 965 2249 item
980 2217 1000 2250 l.
1021 2226 1047 2249 1.

175 2268 209 2299 C.
228 2268 259 2298 de
273 2264 420 2298 interdift.
437 2263 473 2298 ἐξ
489 2264 509 2295 l.
532 2271 558 2294 1.
580 2262 621 2294 D.
638 2263 670 2293 de
687 2262 810 2299 edendo,
835 2259 865 2291 &
889 2260 973 2300 apud
997 2259 1050 2290 Se-

174 2317 308 2346 necam,
332 2304 426 2347 Epist.
451 2310 490 2345 48
508 2328 518 2344 ,
550 2311 684 2335 vocatur
707 2303 813 2334 album
830 2324 838 2340 ,
869 2302 1050 2342 exprimere

172 2350 282 2392 (quod
299 2351 396 2380 docet
421 2347 537 2378 Cicero
549 2369 559 2384 ,
584 2345 642 2377 Pro
659 2344 698 2390 ρ,
718 2343 817 2384 Roscio
835 2343 960 2374 Comaedo
977 2353 1001 2375 c.
1020 2347 1049 2377 8.

176 2391 290 2431 infin.)
306 2400 345 2422 ex
361 2389 608 2428 uniuscujusque
625 2387 762 2424 damno,
780 2385 912 2424 dolore,
930 2385 1051 2416 incom-

175 2433 295 2472 modo,
314 2431 512 2468 calamitate,
530 2428 641 2469 injuria
653 2451 661 2466 ,
680 2427 822 2468 publicas
840 2425 994 2459 formulas
1011 2426 1051 2457 ad

178 2484 255 2514 quas
270 2474 392 2514 privata
409 2473 445 2505 lis
462 2469 771 2503 accommodaretur.
796 2477 931 2508 nempe,
947 2476 982 2498 ut
998 2467 1051 2498 sci-

168 2522 250 2552 ,xent
272 2515 358 2546 cives
377 2514 465 2555 quod
479 2514 527 2554 ius
544 2513 584 2544 de
602 2520 728 2551 quaque
748 2519 781 2541 re
799 2510 938 2541 dicturus
955 2508 1051 2546 esset,

175 2555 273 2596 seqsse
288 2556 512 2596 praemunirent
527 2553 546 2585 l.
565 2564 592 2585 2.
611 2547 630 2595 ς
659 2562 705 2585 10.
724 2550 766 2583 D.
783 2552 816 2582 de
833 2552 906 2593 orig.
919 2551 983 2592 jur.
1015 2549 1055 2582 Id'

176 2599 273 2639 igitur
288 2598 391 2628 album
418 2606 482 2628 non
506 2595 618 2626 violari
636 2597 787 2626 intererat
805 2594 1051 2633 uniuscujusque

176 2640 217 2672 de
237 2639 377 2679 populo:
401 2639 430 2669 ὅ(
455 2638 580 2677 optimo
596 2637 663 2676 jure
684 2635 824 2672 Praetor,
849 2633 869 2665 fi
887 2635 957 2675 quis
976 2643 1052 2664 con-

177 2689 225 2713 tra
239 2678 348 2711 fecisse
367 2679 506 2717 dicatur,
533 2677 719 2719 popularem
739 2676 898 2708 actionem
920 2676 959 2706 de
976 2675 1049 2706 albo

176 2727 332 2762 corrupto
356 2719 521 2760 proposuit
537 2743 547 2759 ,
578 2719 778 2751 vindicaiidae
803 2717 863 2748 suae
888 2716 1050 2758 diguitatis

177 2763 287 2806 gratia.

222 2805 276 2837 Ait
293 2802 433 2840 Praetor,
457 2801 489 2832 Si
504 2802 586 2843 quis:
608 2812 669 2834 nec
687 2801 850 2843 distinguit
867 2800 979 2832 statum
999 2807 1052 2831 aut

177 2845 403 2879 conditionem
420 2845 654 2882 corrumpentis
664 2844 782 2874 album.
805 2840 870 2874 rate
886 2842 981 2883 igitur
996 2848 1051 2882 pa-

179 2896 229 2921 tet
243 2886 376 2919 verbum
394 2884 477 2920 hoc,
495 2882 528 2912 Si
538 2885 621 2923 quis,·
638 2885 667 2916 ἀ
685 2893 719 2916 ut
737 2884 863 2925 paffim,
881 2892 1051 2924 utrumque

179 2931 289 2962 sexum
309 2924 544 2965 complectitur.
575 2924 662 2956 Servi
681 2935 831 2966 quoque,
855 2925 884 2956 δι
902 2924 1050 2956 filiifami-

178 2972 235 3003 lias
254 2969 358 3002 verbis
377 2965 479 2998 Edisti
497 2965 701 2997 continentur
717 2967 736 2997 l.
755 2976 784 3006 7.
801 2966 829 3007 §.
852 2976 877 2997 1.
896 2966 924 2998 b.
944 2973 965 2997 t.

218 3010 347 3043 Deinde
364 3009 408 3040 ait
423 3007 544 3039 Praetor
555 3028 564 3043 ,
582 3005 670 3049 Quod
686 3007 894 3044 iurisdietionz's
904 3013 1049 3048 perpetue

177 3056 263 3094 causa
279 3053 310 3083 iii
327 3051 388 3082 albo
400 3046 572 3090 propositum
586 3050 648 3077 erit.
678 3046 815 3079 Videtur
832 3048 954 3080 Praetor
971 3049 1048 3089 quid

176 3097 209 3127 in
232 3094 305 3126 albo
320 3089 542 3132 jur-isdietionis
559 3095 724 3127 perpetuae
741 3088 830 3119 causa
846 3098 1048 3130 proponere:

178 3137 232 3167 ubi
257 3137 287 3166 in
312 3135 385 3165 albo
410 3138 521 3164 monet
543 3128 723 3168 Populum,
748 3130 787 3159 de
803 3130 916 3168 quibus
935 3131 1048 3169 rebus,

179 3178 210 3208 &
236 3185 296 3217 qua
321 3174 443 3212 forma,
468 3174 599 3204 dui-ante
625 3169 747 3210 imperii
766 3169 927 3207 (tiranno,
951 3171 986 3202 (it
1000 3172 1048 3211 jus

175 3217 325 3250 aluums.
351 3215 392 3246 fic
417 3215 500 3246 enim
525 3212 626 3244 solere
645 3211 820 3247 Praetores,
844 3212 944 3241 inodo
963 3213 1047 3243 dixi:

173 3268 271 3301 atque
285 3257 361 3299 1)ψο
385 3255 524 3289 Εαὶἑῑιιηι
547 3253 731 3299 monitorium
748 3252 779 3286 in
800 3250 1006 3292 inscriptione
1026 3252 1046 3284 l,

1079 527 1109 564 ᾳ.
1127 516 1168 549 D.
1189 518 1225 550 In
1246 520 1287 551 ’us
1301 529 1364 551 voc.
1379 524 1413 552 ut
1427 526 1513 560 eant,
1531 521 1567 557 ἐπ’)
1582 521 1601 553 l.
1622 524 1647 554 π’.
1668 520 1709 553 D.
1726 521 1758 552 de
1772 519 1908 561 interrog.
1919 517 1956 551 iri

1073 559 1204 599 Jur.fac.
1252 560 1334 592 efert
1350 563 1445 594 etiarn
1465 563 1617 595 Asconius
1635 563 1807 598 PedianuS,
1825 561 1956 603 Argum.

1081 600 1217 632 Oration.
1264 601 1513 635 Ciceronis-Pro
1542 604 1575 637 C.
1595 605 1722 635 Cornelio
1738 601 1894 643 majestatis
1909 608 1959 633 reo?

1075 644 1146 687 ptig-
1174 651 1242 687 ,¹23-
1263 641 1374 682 iussos
1393 643 1481 686 Lege
1500 645 1650 678 Cornelia
1667 645 1759 677 suiffe
1778 644 1956 682 Praetores,

1081 682 1254 730 secundum
1271 683 1385 717 EdiCta
1403 692 1556 727 perpetua
1566 688 1612 727 jus
1630 688 1747 719 dicere.
1772 686 1815 717 ita
1834 685 1960 716 Praetor‘

1081 724 1134 771 hic
1145 748 1153 761 ‚
1178 733 1213 755 ut
1229 724 1311 765 saepe
1327 726 1420 765 alibi,
1441 725 1667 767 iurisdietioni‘s
1682 727 1898 770 appellatione
1912 724 1956 756 E-

1083 766 1201 812 dictum
1219 766 1465 807 complectitur,
1489 772 1650 811 vocatque
1665 771 1852 811 perpetuam
1869 767 1960 808 juris-

1084 808 1257 839 dictionem
1276 817 1369 847 quam
1385 808 1541 841 Asconius
1561 812 1707 851 indigitat
1721 810 1868 847 Edifihrm
1886 817 1957 849 pei·-

1083 856 1237 889 petuum3
1260 849 1327 881 imo
1347 849 1529 882 Alexander
1545 852 1565 883 l.
1580 863 1609 884 2.
1628 853 1661 884 C.
1678 855 1713 883 de
1728 850 1851 892 restitut.
1871 850 1957 881 milit.

1083 891 1165 922 dicit
1179 894 1367 932 perpetuam
1381 891 1645 931 jurisdictionem.
1679 893 1780 925 Erant
1794 893 1822 924 δι
1842 891 1906 922 alia
1916 890 1957 921 E-

1085 933 1166 964 dicta
1183 941 1253 973 quae
1272 932 1393 964 Praetor
1409 933 1540 971 jubebat
1551 935 1686 975 proponi
1697 944 1779 972 ,non
1796 934 1826 965 in
1842 941 1957 965 omnes

1085 975 1155 1013 res,
1179 983 1285 1015 neque
1309 975 1340 1005 in
1366 983 1478 1006 omnes
1507 975 1673 1015 personas,
1696 978 1726 1007 in
1745 983 1959 1016 perpetuum,

1084 1015 1138 1046 sed
1165 1024 1225 1056 pro
1254 1025 1287 1047 re
1312 1023 1402 1054 nata,
1424 1018 1455 1047 in
1479 1025 1529 1047 res
1553 1017 1582 1048 ἀ
1607 1019 1638 1048 iri
1652 1017 1798 1058 personas
1815 1017 1958 1057 singulas.

1086 1056 1202 1089 horum
1219 1058 1366 1096 exempla
1382 1065 1557 1089 occurrunt
1574 1059 1604 1089 in
1622 1058 1641 1090 l.
1659 1068 1708 1100 53.
1725 1058 1752 1098 ὃ.
1777 1068 1800 1089 1.
1823 1057 1863 1088 D.
1881 1058 1911 1088 de
1928 1066 1963 1087 re*

1081 1099 1218 1140 judicata
1230 1122 1240 1137 ‚
1263 1098 1282 1129 l.
1307 1099 1360 1130 ult.
1380 1099 1427 1139 D,
1453 1098 1515 1130 Uln'
1527 1099 1628 1140 pupill.
1646 1102 1726 1131 educ.
1743 1100 1802 1130 deb.
1827 1099 1856 1129 &
1873 1099 1966 1129 alibi:

1086 1140 1169 1173 Haec
1186 1149 1263 1171 vero
1280 1149 1351 1171 cuni
1369 1141 1461 1172 aliam
1481 1141 1635 1172 haberent
1653 1141 1772 1172 causam
1785 1164 1793 1179 ‚
1809 1149 1901 1181 quarn
1921 1138 1961 1170 Ε-

1087 1182 1170 1214 ἀίἑὶε
1195 1190 1366 1223 perpetua:
1390 1183 1429 1214 ad
1454 1182 1587 1222 praesens
1612 1182 1757 1214 Edictum
1783 1191 1846 1213 non
1865 1181 1961 1220 perti‘e

1087 1226 1182 1265 nent:
1205 1232 1310 1264 eoque
1329 1222 1490 1263 Inter-pres
1510 1224 1557 1255 his
1579 1224 1684 1256 verbis
1700 1227 1727 1256 cl.
1748 1224 1765 1254 l,
1785 1232 1813 1263 7.
1848 1223 1961 1263 Siquis

1087 1267 1117 1297 id
1140 1265 1215 1306 quod
1231 1264 1446 1306 jurisdictionis
1457 1272 1600 1306 perpetuae
1616 1266 1701 1304 causa
1717 1267 1747 1296 i'n
1764 1267 1824 1295 albo
1839 1263 1964 1304 propuli-

1088 1308 1150 1338 'tum
1166 1307 1240 1344 erit,
1266 1307 1296 1337 in
1322 1307 1464 1347 margine
1482 1317 1540 1347 pro
1557 1308 1774 1347 explicatione
1793 1308 1860 1337 liaec
1879 1306 1962 1345 aije-

1087 1348 1131 1379 cit
1148 1347 1264 1386 verba,
1289 1348 1360 1379 Non
1375 1349 1450 1389 quod
1466 1355 1552 1388 prout
1570 1359 1613 1379 res
1630 1350 1753 1380 instari:
1769 1356 1960 1387 quamquam

1089 1388 1304 1421 Librarius-ea
1317 1390 1432 1421 deinde
1443 1389 1567 1421 miscuit
1584 1389 1711 1430 Ulpiani
1731 1390 1845 1421 verbis.
1870 1389 1964 1429 figni«

1088 1431 1203 1463 ficab'at
1222 1438 1326 1462 autem
1344 1431 1396 1462 ille
1414 1430 1573 1472 Interpres
1591 1433 1621 1463 id
1641 1432 1728 1472 quod
1741 1441 1790 1462 res
1808 1430 1870 1470 est,
1887 1435 1964 1461 eum

1088 1473 1142 1513 qui
1160 1472 1259 1503 violet
1277 1471 1423 1504 Edictum
1435 1496 1444 1512 ‚
1467 1473 1544 1513 juffu
1564 1472 1711 1505 Praetori's
1730 1472 1857 1505 affixum
1869 1496 1877 1510 ,
1893 1475 1964 1503 non'

1087 1522 1251 1555 perpetuae
1270 1514 1495 1554 jurisdictionis
1518 1514 1628 1552 causa,
1651 1515 1702 1546 fed
1719 1524 1788 1554 ‹pro
1815 1524 1849 1545 re
1871 1521 1966 1550 nata,

1088 1565 1153 1587 non
1172 1556 1273 1596 puniri
1293 1555 1350 1586 liae
1366 1556 1506 1587 actione:
1530 1556 1602 1596 quia
1620 1556 1682 1587 tale
1699 1555 1845 1587 Edictum
1863 1555 1965 1595 magis

1088 1598 1127 1628 ad
1153 1598 1305 1636 privatam
1331 1597 1480 1636 alicujus,
1505 1607 1599 1637 quarn
1616 1598 1653 1628 ad
1671 1606 1877 1627 communem
1895 1605 1965 1627 om-

1088 1639 1194 1676 nium,
1219 1638 1389 1670 utilitatem
1407 1638 1533 1678 spectat.
1558 1637 1633 1669 Non
1651 1639 1753 1670 minus
1770 1647 1881 1669 verum
1898 1636 1965 1675 eff,

1089 1681 1176 1719 quod
1195 1679 1262 1710 haec
1282 1679 1397 1717 verba,
1421 1681 1452 1710 in
1467 1680 1568 1710 charia
1586 1679 1631 1710 vel
1646 1680 1704 1710 alia
1727 1680 1867 1717 materia,
1894 1688 1966 1719 quae

1088 1722 1119 1753 in
1137 1722 1164 1752 cl.
1184 1721 1201 1751 l.
1220 1730 1247 1761 7.
1268 1719 1440 1760 sequuntur
1457 1721 1526 1761 post
1543 1720 1676 1752 verbum
1688 1744 1697 1759 ,
1713 1722 1744 1752 in
1759 1720 1837 1757 albo,
1864 1719 1966 1751 rimili-

1089 1771 1138 1794 ter
1155 1761 1224 1793 sunt
1242 1761 1450 1802 interpretis3·
1467 1762 1687 1802 significantis,
1702 1763 1789 1803 quo'd
1805 1769 1839 1792 ut
1857 1761 1965 1793 albuin

1088 1805 1276 1845 plerumque
1302 1803 1337 1835 fit
1362 1804 1465 1834 tabula
1491 1805 1594 1844 lignea
1612 1804 1772 1842 dealbata,
1795 1803 1844 1833 vel
1863 1803 1965 1842 paries

1089 1845 1271 1880 dealbatus.
1297 1852 1403 1876 tamen
1431 1845 1509 1876 nibil
1534 1844 1649 1877 refert:
1675 1854 1780 1876 utrum
1800 1844 1928 1876 affixum
1946 1853 1963 1875 a

1089 1886 1230 1918 Praetore
1246 1885 1348 1917 Edicit
1368 1887 1513 1927 perpetui
1528 1887 1626 1928 gratia
1636 1886 1671 1919 sit
1688 1896 1728 1919 ex
1744 1887 1850 1928 ligno,
1866 1895 1904 1917 an
1922 1894 1965 1917 ex

1090 1929 1218 1966 cliarta,
1242 1937 1278 1959 an
1295 1928 1355 1959 alia
1369 1929 1511 1959 materia.

1134 1970 1186 2000 Ait
1204 1969 1343 2008 Praetor,
1370 1968 1548 2010 F‘ropofiium
1561 1971 1625 2001 erit.
1662 1968 1769 2001 Habet
1787 1969 1880 2010 igitur
1895 1967 1967 1999 haec

1091 2011 1313 2049 aCtiolocum,
1330 2010 1403 2042 albo
1419 2010 1583 2052 postquam
1602 2010 1798 2052 propositum
1816 2009 1878 2048 est,
1895 2019 1968 2040 cor-

1092 2061 1199 2092 rupto.
1224 2052 1299 2093 quid
1316 2051 1356 2091 si,
1374 2053 1448 2084 dum
1466 2052 1677 2093 proponitur,
1695 2052 1744 2083 vel
1762 2059 1835 2084 ante
1848 2060 1968 2092 propo·

1091 2093 1238 2126 sitionem
1251 2116 1261 2131 ,
1278 2093 1347 2134 quis
1363 2094 1570 2133 corruperit?
1593 2092 1710 2125 cessant
1727 2092 1830 2124 Edie‘ti
1849 2092 1943 2123 verba
1955 2102 1966 2123 z

1092 2135 1290 2176 Pomponius
1309 2142 1413 2166 autern
1438 2136 1499 2174 ait,
1524 2134 1710 2166 sententiam
1736 2134 1837 2166 Ediffi
1864 2134 1967 2174 porri-

1092 2175 1316 2259 gegdamDesslie
1340 2178 1379 2208 ad
1403 2176 1493 2216 haec3
1518 2185 1578 2209 nec
1596 2177 1756 2218 improbat
1773 2174 1966 2217 Ulpianusl.

1114 2242 1121 2250 .
1161 2242 1167 2249 .
1182 2228 1210 2250 2.
1264 2241 1271 2249 .
1308 2241 1315 2249 .
1335 2224 1358 2250 t.
1958 2234 1959 2237 ¹

1092 2228 1110 2259 7
1132 2260 1186 2290 Ait
1202 2258 1343 2299 Praetor,
1357 2259 1431 2291 Dolo
1447 2260 1519 2291 m'cilo
1533 2282 1545 2299 ,ν
1565 2260 1596 2293 id
1613 2260 1658 2293 est
1669 2284 1678 2300 ‚
1694 2259 1870 2302 proposito.
1888 2257 1970 2290 Doli

1093 2309 1199 2333 autem
1216 2301 1287 2334 mali
1304 2302 1411 2342 (quod
1429 2300 1583 2343 Ulpianus
1600 2309 1690 2335 notat
1709 2304 1736 2333 d.
1756 2302 1774 2332 l.
1793 2301 1859 2343 7.§.
1878 2301 1929 2339 4.)
1945 2299 1969 2330 i-

1093 2344 1155 2375 deo
1182 2343 1212 2374 in
1230 2342 1336 2374 verbis
1352 2342 1456 2374 Edisti
1479 2342 1515 2374 fit
1533 2345 1673 2376 mentio:
1698 2343 1784 2384 quod
1801 2341 1821 2373 fi
1840 2352 1895 2380 per
1912 2342 1969 2372 im-

1093 2384 1239 2426 peritiam
1254 2383 1529 2417 velrusticitatem
1540 2408 1549 2424 ‚
1565 2386 1616 2418 vel
1626 2385 1664 2417 ab
1676 2384 1742 2425 ipso
1754 2384 1893 2415 Praetore
1906 2383 1971 2422 jus-

1094 2427 1161 2463 sus,
1185 2427 1235 2457 vel
1255 2425 1346 2465 casu,
1369 2426 1482 2466 aliquis
1498 2426 1633 2464 fecerit,
1660 2435 1723 2457 non
1745 2433 1882 2456 tenetur.

1134 2467 1262 2499 Deinde
1280 2468 1342 2505 ait,
1367 2467 1549 2506 Corruperit:
1576 2476 1668 2507 puta,
1692 2465 1817 2505 raserit,
1841 2465 1970 2497 deleve-

1094 2511 1150 2548 rit,
1168 2509 1358 2540 turbaverit:
1376 2517 1410 2540 ut
1425 2508 1469 2540 est
1479 2509 1561 2549 apud
1578 2509 1707 2549 Paulum
1722 2508 1770 2538 lib.
1787 2519 1816 2548 5.
1836 2507 1966 2537 sentem.

1095 2552 1141 2583 tir.
1166 2560 1216 2591 25.
1243 2549 1279 2584 δι’)
1296 2550 1342 2580 lib.
1366 2558 1390 2581 1.
1408 2551 1453 2580 tit.
1475 2557 1522 2581 21.
1549 2550 1644 2589 quid,
1667 2548 1688 2581 fi
1715 2548 1831 2581 tollat?
1857 2550 1972 2579 verum

1095 2592 1157 2630 est,
1172 2600 1236 2622 non
1253 2589 1435 2631 corrupiffe.
1452 2590 1502 2622 sed
1522 2590 1676 2632 Ulpianus
1692 2592 1719 2622 d.
1734 2591 1752 2621 l.
1772 2600 1800 2630 7.
1816 2589 1844 2632 ᾗ
1863 2600 1892 2630 5.
1907 2589 1969 2626 ait,

1095 2634 1158 2665 hoc
1175 2632 1328 2664 Edicto&
1346 2633 1397 2673 qui
1409 2633 1493 2664 tollit
1505 2655 1514 2670 ,
1533 2633 1652 2671 teneri;
1669 2632 1812 2672 quamvis
1824 2641 1887 2663 non
1900 2640 1971 2662 cor-

1094 2675 1224 2715 ruperit.
1249 2682 1348 2714 puto,
1365 2676 1436 2714 quia
1454 2674 1627 2706 Praetorem
1640 2683 1750 2714 aeque,
1767 2673 1787 2705 fi
1804 2682 1867 2704 non
1880 2673 1971 2713 plus,

1094 2714 1294 2755 contempsit.
1319 2715 1414 2756 igitur
1428 2724 1488 2746 nec
1504 2715 1653 2754 interest,
1677 2724 1782 2747 utrum
1799 2713 1858 2747 suis
1875 2713 1971 2746 mani-

1095 2759 1153 2789 bus
1169 2757 1303 2793 fecerit,
1328 2766 1365 2787 an
1384 2756 1434 2788 alii
1458 2757 1671 2789 mandaverit:
1687 2756 1707 2787 fi
1732 2757 1860 2798 quidem
1883 2763 1971 2787 man-

1096 2799 1183 2831 davit
1206 2797 1304 2829 sciens
1329 2798 1406 2829 dolo
1434 2799 1518 2830 malo
1543 2800 1571 2829 d.
1588 2798 1606 2829 l.
1625 2808 1653 2839 7.
1678 2798 1706 2840 §.
1727 2809 1767 2838 5:
1793 2798 1866 2838 quia
1883 2794 1970 2838 quod

1095 2850 1152 2882 per
1167 2839 1261 2870 alium
1279 2837 1377 2878 fecit,
1402 2848 1459 2880 per
1475 2839 1506 2871 se
1521 2838 1631 2871 fecisse
1648 2838 1849 2881 intelligitur.
1942 2842 1947 2848 '

1134 2882 1188 2913 Ait
1206 2881 1345 2920 Praetor,
1370 2881 1404 2911 S'z
1420 2882 1486 2922 quis
1502 2891 1530 2912 eo
1545 2883 1658 2912 nomine
1673 2890 1756 2920 agere
1770 2881 1856 2912 volet.
1887 2877 1968 2910 Haec

1093 2923 1190 2954 verba
1207 2921 1322 2954 Edicto
1340 2922 1479 2954 restitui:
1503 2932 1544 2954 eo
1569 2923 1656 2963 quod
1682 2922 1837 2963 Ulpianus
1856 2922 1883 2952 d.
1901 2920 1920 2950 l.
1938 2929 1968 2957 7.

1093 2965 1190 3003 dicit,
1214 2963 1278 2994 hoc
1294 2964 1447 3004 judicium
1474 2963 1536 2995 ess'e
1561 2964 1732 3005 populare:
1756 2963 1785 2995 &
1803 2964 1832 2994 in
1851 2960 1967 2992 talibus

1092 3005 1267 3038 astionibus
1293 3006 1353 3036 hac
1375 3014 1428 3036 aut
1446 3004 1535 3037 fimili
1560 3005 1699 3037 formula
1719 3005 1764 3036 uti
1789 3003 1867 3034 solet
1885 3001 1967 3032 Prae-

1092 3055 1162 3079 tor:
1183 3054 1217 3078 ut
1234 3054 1365 3087 apparet
1380 3056 1420 3078 ex
1432 3046 1450 3078 l.
1464 3057 1494 3087 3.
1508 3045 1550 3078 D.
1567 3046 1750 3087 desepulchr.
1768 3043 1835 3088 viol.
1861 3040 1966 3072 Datur

1091 3089 1187 3129 igitur
1202 3087 1271 3119 haec
1289 3088 1373 3119 actio
1390 3088 1562 3128 unicuique
1586 3088 1625 3119 de
1642 3086 1762 3127 populo
1779 3092 1831 3123 qui
1849 3091 1889 3113 eo
1907 3090 1966 3112 no-

1092 3130 1178 3162 mine
1194 3138 1287 3170 agere
1305 3129 1400 3160 velit:
1423 3131 1524 3161 modo
1540 3129 1660 3169 integra
1676 3127 1710 3157 fit
1726 3125 1790 3170 ejiis
1812 3122 1944 3164 persona
1955 3133 1966 3154 ε

1092 3171 1157 3202 hoc
1173 3170 1238 3207 est,
1262 3170 1313 3201 cui
1337 3179 1393 3210 per
1410 3169 1557 3201 Edictum
1573 3167 1730 3209 postulare
1753 3165 1849 3196 licet:
1874 3171 1908 3194 ut
1924 3166 1965 3194 ad

1091 3212 1184 3251 hujus
1206 3211 1310 3243 Edicti
1330 3213 1427 3242 verba
1446 3212 1572 3242 notavit
1587 3208 1698 3240 Paulus
1715 3207 1733 3236 l.
1751 3216 1780 3244 4.
1802 3205 1844 3238 D.
1868 3206 1900 3235 de
1912 3211 1963 3244 po-

1084 3254 1240 3294 pularibus
1256 3253 1394 3286 aetionib.
1409 3260 1478 3293 quae
1497 3250 1542 3283 est
1557 3258 1597 3282 ex
1613 3249 1677 3289 ejus
1692 3247 1744 3281 lib.
1761 3257 1792 3290 3.
1819 3245 1964 3318 Λὲὶξέὶῑῖ
