2052 3487
820 80 1137 117 Genium
1187 78 1418 126 Noonr

223 93 293 134 256

258 180 310 211 Ad
322 177 542 219 peremptorium
563 171 686 204 edictum
701 170 751 201 hoc
773 169 872 216 urdine
888 169 1027 216 venitur:
1051 175 1084 216 ut

292 222 383 261 primo
398 222 479 258 petat
502 216 567 256 quis
586 212 648 254 posi
671 214 827 251 absentiam
850 211 1010 259 adversam
1025 213 1084 258 edi-

296 259 372 291 &um
387 260 516 298 primum
531 278 542 294 ,
571 264 638 286 mox
655 253 793 284 alterum:
813 253 918 298 quibus
934 250 1086 292 propofitzs
1129 282 1133 285 ,

294 301 332 334 &³
354 300 470 330 tertium
496 302 566 328 tunc
588 295 807 335 peremptorium
834 298 974 332 impetret.
1011 295 1086 334 quod

1196 169 1319 210 *sarium
1343 166 1538 209 tergiversari.
1589 165 1819 206 Nonnunquam
1837 174 1932 201 autem
1952 171 2003 203 hoc

1208 210 1333 242 edietum
1345 209 1407 251 post
1432 215 1473 240 tot
1490 217 1607 239 numero
1631 205 1722 238 eatan
1738 216 1799 247 quae
1807 211 2002 250 pracefferunt

1208 253 1323 286 datur:
1354 259 1568 291 nonnunquam
1588 246 1651 289 posi
1675 258 1766 278 unum
1790 249 1836 279 vel
1857 251 1998 283 alterum:

1207 302 1415 335 nonnunquam
1435 290 1538 333 statim
1560 292 1635 332 quod
1656 290 1815 331 appellatur
1838 300 1928 323 unum
1944 299 1996 333 pro
2028 315 2037 329 χ

294 341 360 371 inde
376 340 427 370 hoc
450 347 550 369 nomen
565 335 710 376 Jumpfit,
734 335 809 376 quod
831 334 978 374 perimeret
999 336 1086 370 azsce.
1208 336 1349 366 omnibus,

289 382 466 422 piationem,
489 379 539 410 hoc
554 377 613 419 est,
633 377 718 413 ,ultra
738 385 795 407 non
814 380 965 416 pateretur
980 376 1083 407 adver-

937 485 964 522 C
990 497 1010 521 Λ
1036 497 1054 521 P
1079 496 1103 521 u
1128 497 1150 521 ‘r
1209 486 1277 522 IX.

212 588 248 624 Si
270 599 345 635 quas
368 589 399 622 in
417 587 519 635 firmio
543 586 726 632 lapidicinos
741 611 751 627 ‚
788 582 990 630 cretif'odinas
1007 611 1017 625 ,
1055 582 1267 629 arenifhdinas
1283 609 1296 628 ‚
1329 590 1384 618 aut
1404 594 1592 629 quacumque
1621 581 1686 616 alia
1716 579 1842 615 metalla
1857 606 1867 623 ‚
1905 584 1994 616 exer-¹

282 638 347 672 cuit
371 638 508 672 dominus
529 636 756 681 proprietati53
790 633 837 666 his
851 631 1070 678 fruci‘uarium
1097 636 1141 666 uti
1165 630 1261 678 psffe,
1294 633 1394 677 legato
1410 631 1509 677 fundi
1533 630 1705 677 ufiifruiiu.
1754 629 1846 678 Quid
1859 656 1868 671 ,
1892 628 1926 674 fi
1944 631 1993 666 do-

283 688 384 721 minus
409 686 494 720 nulla
523 685 687 718 exercuit?
722 682 819 716 adhuc
830 681 1049 727 frutiuarium
1072 681 1230 728 instituere
1254 692 1290 716 ea
1314 679 1391 726 polle
1409 708 1418 722 ‚
1453 681 1558 725 quibus
1591 679 1669 713 nihil
1692 679 1892 726 agricultum
1915 681 1996 722 noti-3

283 742 373 770 turus
392 734 439 774 fit.
462 762 463 765 ,
492 734 536 783 Q

530 733 597 773 uid,
615 730 648 777 st
670 732 702 765 in
730 732 769 764 iis
788 741 851 775 quae
874 728 1031 775 instituere
1056 732 1131 764 velit
1142 728 1365 775 flatrum-ius,
1397 730 1465 775 plus
1489 729 1604 763 reditus
1615 727 1681 773 fit,
1706 739 1794 773 quam
1815 728 1847 760 in
1870 728 1993 772 vineis,-

282 784 334 818 vel
345 782 500 830 arbustis,
527 781 579 815 vel
595 778 740 815 olivetis?
763 790 804 812 an
820 778 916 825 potest
933 789 969 812 ea
984 778 1137 824 dejicere?
1163 789 1220 812 non
1240 779 1349 813 videri.
1404 778 1558 823 Ulpianus
1584 777 1603 812 l.
1631 787 1681 821 ¹3·
1710 775 1740 822 §.
1756 785 1789 818 5.
1816 776 1860 810 D.
1874 776 1909 810 de
1924 774 1992 823 usui

270 831 384 878 frusta
403 833 553 866 liberatus
570 829 799 875 interpolatione
814 827 906 873 plane
928 828 1106 862 turbulenta
1129 824 1170 867 δέ)
1186 828 1263 862 male
1281 827 1454 862 cohaerente.
1988 828 1995 838 ¹

281 927 317 952 ut
341 930 391 953 me
410 917 493 951 fallit
509 917 710 959 conjectura,
733 924 787 948 aut
805 915 910 947 habeo
935 914 1077 954 causam,

206 922 271 998 A
296 971 351 994 cur
367 961 519 1002 suspicer,
544 969 608 992 non
626 959 696 989 satis
715 958 798 989 bene
824 965 921 997 atque
943 957 1079 997 aequabi-

205 1004 280 1035 liter
298 1002 327 1035 se
344 1003 461 1034 habere
484 1012 533 1033 res
562 999 689 1041 Ulpiani
714 1000 745 1031 in
768 1000 788 1030 l.
811 1008 857 1039 ¹3·
880 997 910 1040 ξ).
936 1009 967 1038 5.
991 997 1028 1033 {9⁹
1046 1002 1078 1029 6.

207 1044 252 1076 D.
270 1045 303 1076 de
318 1043 493 1085 usufruitu:
516 1052 587 1075 nam
610 1041 759 1074 diffident
776 1040 805 1071 ἀ
824 1048 965 1085 pugnant
980 1048 1079 1086 usque

205 1086 315 1125 adeo3
345 1094 380 1118 ut
407 1093 546 1117 metuam
563 1108 573 1124 ,
603 1093 644 1115 ne
665 1082 759 1122 quid,
789 1090 900 1128 mvuo·
920 1079 1078 1127 Ulpiano,

204 1127 363 1166 irrepserit
381 1128 412 1159 in
431 1127 540 1159 locum
559 1126 736 1166 optimum:
761 1122 848 1168 quod
872 1121 926 1153 mfi
948 1131 1012 1168 quo
1031 1131 1078 1153 in-

207 1168 344 1200 terdicto
354 1169 396 1200 de
413 1167 602 1208 poffeffione
620 1166 726 1206 iniqua
742 1164 925 1210 dejiciatur,
938 1162 1077 1209 Ulpiano

202 1218 347 1241 mentem
371 1208 571 1241 excussurum
593 1207 640 1240 fit.
692 1205 754 1237 Sed
776 1214 862 1246 prius
878 1227 888 1243 ‚
920 1214 1013 1245 quam
1045 1205 1077 1250 id

205 1249 368 1283 ostendam
385 1274 396 1290 ‚
424 1249 634 1282 considerabo
658 1247 724 1287 ejus
748 1246 845 1277 verba
860 1254 929 1286 quae
953 1244 1023 1277 sunt
1045 1254 1076 1277 m

202 1291 222 1323 l,
237 1301 267 1328 9.
291 1292 320 1334 §.
339 1303 368 1325 2.
387 1291 424 1327 ὅ)
439 1301 468 1333 3.
494 1291 538 1323 D.
554 1292 587 1322 de
603 1287 771 1328 usufrutflu.
816 1287 863 1318 Ea
882 1288 978 1318 verba
996 1286 1075 1318 sunt.

243 1333 300 1364 Sed
315 1332 344 1371 Ji
363 1334 533 1374 lapidicinos
556 1333 657 1363 habeat
673 1353 683 1368 ,
715 1329 752 1363 δ’
773 1328 893 1368 lapidem
907 1330 1009 1358 cadere
1028 1337 1076 1358 ve-

280 1374 335 1414 lit,
358 1375 405 1406 vel
423 1374 631 1414 cretifodinas‚
662 1370 709 1401 vet
732 1379 856 1407 arenas,
879 1370 1006 1399 omnibus
1032 1368 1077 1398 his

283 1419 406 1454 usurum
425 1415 551 1446 Sabinus
568 1415 628 1451 ait,
652 1410 733 1453 quasi
754 1412 858 1441 bonum
877 1409 1077 1450 patremfami-

280 1457 344 1488 liar.
369 1457 398 1498 §.
416 1465 444 1496 3.
470 1456 525 1486 Sed
533 1454 563 1493 fi
580 1455 637 1485 hcec
652 1452 767 1483 metalla
779 1449 842 1491 post
862 1449 1076 1491 usumfructum

278 1497 406 1538 legatam
418 1495 481 1534 fint
496 1497 638 1533 inventa,
661 1503 727 1524 cum
745 1494 833 1523 totius
848 1493 915 1533 agri
932 1492 1074 1532 relinqua·

279 1544 330 1568 tur
354 1536 541 1577 ususfructus
556 1560 567 1576 ,
598 1545 656 1567 non
676 1535 836 1576 partium:
869 1535 1074 1564 contineantur

279 1578 382 1621 legato.

196 1618 354 1660 Ulpianus
380 1619 514 1659 censet,
546 1627 619 1650 cum
654 1618 776 1659 legatus
799 1614 845 1647 est
874 1614 964 1662 fundi
990 1613 1071 1646 usus-

195 1659 319 1693 frustus
339 1685 350 1701 ,
381 1663 410 1694 le
435 1670 521 1694 atum
546 1659 680 1700 intelligi
707 1667 771 1690 non
798 1658 931 1697 alicujus
953 1658 1071 1696 partis,

192 1701 375 1735 seditotius
425 1703 524 1742 undi,
555 1700 792 1733 usumfructum.
823 1699 958 1744 preinde
983 1698 1070 1738 posse

193 1742 403 1777 fructuarium
429 1744 532 1776 fundo
562 1750 660 1782 toto,
701 1749 797 1780 atque
827 1740 976 1786 omni-bus
1004 1741 1070 1780 ejus

189 1787 355 1826 partibus,
378 1787 425 1818 uti
442 1785 524 1819 frui:
549 1785 687 1825 denique
704 1805 714 1821 ,
745 1782 766 1813 fi
792 1781 970 1827 lapidicinae
990 1780 1068 1819 sint,

194 1826 381 1869 &lapidem
404 1828 528 1860 caedere
553 1827 652 1865 velit,
679 1824 730 1855 vel
754 1821 958 1854 cretifodmae
973 1845 983 1861 ,
1017 1823 1068 1868 vel

191 1875 317 1909 arenae,
339 1869 486 1911 (Plinius
508 1870 556 1902 lib.
580 1870 630 1909 36.
662 1866 739 1898 Nat.
760 1861 864 1910 bilior.-
883 1874 909 1910 ε.-
935 1873 985 1904 23.
1009 1871 1068 1895 tr1a

189 1908 272 1943 facit
290 1911 416 1943 harenae
433 1920 570 1953 genera,
593 1907 766 1945 somnam,
790 1904 978 1952 fluviatilem
994 1929 1005 1944 ,
1037 1906 1067 1937 ὅε

194 1953 367 1993 marinam)
389 1953 433 1984 ait
445 1952 617 1995 Ulpianus,
640 1949 789 1981 omnibus
809 1947 874 1994 lm,
891 1947 980 1994 velut
999 1956 1067 1988 par-

194 1993 282 2025 tibus
305 1994 451 2034 usurum,
475 1993 627 2033 exemplo
643 1991 721 2022 boni
736 1987 981 2031 patrisfamilias.
1003 1988 1068 2021 Sed

193 2034 226 2066 ὁ(
241 2034 262 2066 fi
279 2035 347 2067 haec
364 2036 491 2068 metalla
512 2033 680 2077 (generale
696 2032 729 2063 id
745 2030 937 2076 vocabulum
954 2029 999 2061 est
1015 2038 1067 2076 cu-

190 2075 380 2119 Juscumque
394 2081 439 2109 rei
457 2087 527 2119 quae
544 2087 562 2108 e
579 2084 669 2107 terrae
687 2072 807 2105 fodinis
823 2079 961 2103 eruitur:
985 2079 1020 2102 ut
1034 2080 1066 2115 in

190 2118 212 2148 l.
234 2127 278 2158 ¹:3-
301 2118 330 2160 §.
352 2130 382 2159 5.
409 2118 450 2150 D.
475 2120 534 2150 eod.
565 2119 612 2150 tit.
635 2116 654 2147 l.
673 2125 703 2156 3.
734 2114 763 2155 §.
783 2113 837 2144 ult.
861 2112 904 2144 D.
927 2114 961 2144 de
983 2114 1067 2144 rebus

191 2167 290 2190 eorum
312 2163 362 2200 qui
374 2160 429 2198 sub
446 2161 556 2198 tutela,
581 2159 610 2190 δι
626 2157 727 2196 alibi)
752 2154 822 2196 post
838 2153 1066 2201 usumfructum

192 2199 321 2231 demum
355 2201 493 2241 legatum
524 2201 583 2232 [int
615 2200 771 2234 inventa,
802 2203 898 2227 etiam
925 2197 1065 2236 iploruin

189 2240 439 2278 usumfructum,
465 2243 547 2281 quali
572 2241 706 2281 partium
723 2238 834 2275 fundi,
864 2238 971 2278 iegato
987 2246 1063 2268 con-

190 2282 296 2314 tineri.
336 2282 379 2313 Et
398 2282 504 2314 rectc:
529 2282 584 2313 nili
602 2282 671 2321 quis
689 2280 789 2310 vereri
808 2278 920 2320 poffit,
944 2287 983 2309 ne
1000 2277 1066 2310 fru-

191 2322 346 2362 crunnus,
369 2324 519 2355 institutis
543 2333 559 2354 a
584 2322 613 2354 se
640 2321 774 2353 metallis
791 2343 801 2358 ,
830 2329 894 2351 non
920 2321 1064 2351 videatur

189 2365 312 2405 praedio
330 2364 448 2396 rustico
467 2365 542 2396 boni
569 2364 627 2395 viri
649 2363 799 2394 arbitratu
817 2361 861 2392 uti
885 2359 966 2400 frui;
990 2370 1063 2393 cum

192 2415 230 2437 ea
247 2407 286 2437 ad
307 2406 397 2438 fundi
415 2407 589 2444 culturam,
611 2413 742 2444 remque
765 2403 931 2441 rusticam,
954 2411 1063 2442 parum

187 2449 380 2487 pertineant.
409 2448 498 2479 xSed
527 2457 591 2479 non
623 2446 687 2477 hoc
717 2444 891 2486 periculum
920 2443 976 2475 cst.
1008 2443 1064 2476 etfi

189 2488 276 2520 enirn
302 2489 431 2529 proprie
449 2490 487 2520 ad
512 2489 733 2530 agriculturam
757 2495 822 2529 non
840 2484 982 2525 spectent
997 2494 1062 2517 rne-

189 2529 282 2566 talla3
307 2529 526 2570 patrifamilias
552 2539 657 2561 tamen
683 2529 772 2558 bono
796 2527 824 2558 ὅ(
843 2527 1014 2567 diligenti,
1044 2525 1064 2558 fi

188 2570 221 2602 in
245 2579 309 2610 quo
328 2580 403 2611 agro
420 2572 535 2602 idonea
554 2571 616 2602 effe
635 2569 767 2611 poffinc,
792 2568 982 2609 negligenda
999 2577 1065 2599 non

189 2609 277 2649 esse,
298 2613 470 2643 commode
491 2612 592 2644 Varro
615 2612 766 2652 opinatur
787 2611 834 2640 lib.
858 2619 883 2640 i.
909 2608 955 2640 De
970 2618 1000 2640 re
1017 2618 1065 2641 ru-

181 2650 261 2694 stica
283 2661 307 2683 c.
328 2661 357 2690 4.
383 2653 490 2683 verbis
513 2653 727 2694 sequentibus.
772 2651 827 2682 Sed
849 2659 937 2691 neque
962 2650 1063 2690 lapidi-

186 2696 276 2731 cinae,
300 2702 389 2733 neque
407 2696 544 2725 arenariae
561 2696 599 2726 ad
614 2693 826 2734 agriculturam
838 2695 1003 2732 pertinent,
1020 2690 1064 2729 fic

181 2736 314 2778 figlina:
339 2743 428 2775 neque
452 2736 511 2765 ideo
537 2745 594 2766 non
618 2738 649 2766 in
667 2744 722 2776 quo
747 2744 816 2775 agro
839 2735 943 2764 idoneae
960 2731 1064 2805 polffim

187 2777 259 2819 effe,
282 2784 341 2807 non
356 2777 535 2813 exercendae,
558 2783 642 2817 atque
656 2785 692 2806 ex
710 2777 751 2805 eir
773 2775 912 2815 capiundi
926 2774 985 2814 fru
1003 2775 1062 2805 tus.

186 2817 300 2852 Potest
315 2817 411 2857 igitur
434 2814 621 2849 fructuarius
637 2840 646 2855 ,
678 2816 699 2847 fi
721 2815 861 2857 Ulpiano
885 2815 963 2847 fides
979 2839 988 2854 ,
1013 2814 1063 2846 vel

187 2868 300 2894 vetera
316 2857 442 2890 metalla
466 2867 639 2896 exercere,
663 2857 713 2888 vel
731 2867 813 2888 nova
833 2856 1006 2888 instituere.

225 2901 300 2933 Nec
319 2906 427 2930 tamen
446 2897 510 2929 hoc
528 2898 650 2939 semper
674 2900 701 2928 ei
728 2900 883 2937 concedi,
909 2897 1062 2937 Ulpianus

187 2943 338 2982 opinatur
361 2941 389 2971 d.
415 2940 434 2970 l.
462 2948 509 2981 13-
538 2939 566 2980 §.
591 2950 622 2980 5.
647 2938 683 2973 &³
704 2942 734 2969 6.
768 2939 808 2970 D.
839 2941 871 2971 de
894 2938 1060 2979 usufruita.

188 2984 298 3017 Verba
317 2980 447 3022 Ulpiani
464 3004 474 3020 ,
497 2984 570 3021 quia
589 2980 629 3012 ad
654 2979 834 3019 diligentius
851 2990 984 3012 examen
1007 2990 1062 3012 vo·

188 3035 261 3058 care
276 3022 447 3061 constitui,
469 3030 639 3063 apponam.
681 3019 727 3050 Ea
751 3022 848 3052 verba
866 3023 946 3054 sunt.

228 3067 300 3100 Inde
324 3062 362 3106 est
385 3062 532 3105 quaefitum
547 3087 557 3101 ,
588 3072 627 3094 an
649 3061 820 3101 lapidicinar
842 3063 889 3092 vel
913 3064 1059 3100 cretifodi-

264 3116 340 3146 nas,
362 3105 409 3136 vel
423 3104 623 3145 arenifodinas
642 3103 699 3143 ipse
721 3100 869 3142 instituere
883 3104 964 3143 pofflt
979 3104 996 3135 ,9
1020 3104 1062 3135 Et

262 3158 311 3189 ego
324 3152 394 3188 puto
412 3148 498 3178 etiam
513 3147 605 3193 ipsum
620 3142 770 3190 instituere
783 3143 875 3184 poste,
882 3143 910 3181 si
927 3155 983 3175 non
995 3147 1061 3186 agri
1097 3149 1117 3187 j

254 3194 368 3230 partem
399 3187 583 3230 neceffurzain
618 3187 685 3225 huic
719 3194 759 3217 rei
794 3191 986 3226 occupaturus
1009 3184 1058 3225 esi.

1200 916 1324 948 Proinde
1339 924 1428 946 venas
1441 924 1551 957 quoque
1573 914 1810 955 lapidicinarum,
1833 913 1870 947 δέ’
1891 913 1992 956 hujus-

1200 958 1276 989 modi
1310 957 1489 988 metallorum
1527 957 1672 997 inquirere
1698 957 1825 996 poterit:
1861 964 1926 996 ergo
1956 955 1994 991 ὅ*

1199 999 1286 1037 auri,
1310 997 1347 1032 {9⁹
1370 999 1504 1038 argenti,
1529 997 1565 1032 δ’
1582 997 1753 1037 sulphuris,
1775 996 1812 1030 ὃ)
1836 997 1927 1035 aeris,
1953 997 1990 1032 ἐπ’»

1193 1040 1292 1080 ferri,
1316 1039 1353 1074 ὅ)
1372 1046 1533 1070 ceterorum
1541 1039 1684 1078 fodinas,
1706 1038 1753 1069 vel
1767 1047 1840 1078 quas
1862 1039 1990 1079 paterfa÷

1202 1081 1297 1112 milias
1312 1083 1342 1112 in
1371 1081 1461 1119 ituit,
1485 1089 1613 1111 exercere
1630 1081 1753 1119 poterit,
1775 1081 1823 1110 vel
1837 1080 1895 1119 ipje
1906 1077 1990 1123 infit}

1201 1128 1300 1161 tuere,
1334 1132 1344 1153 ι
1366 1122 1439 1152 nihil
1455 1121 1639 1162 agricultum
1660 1122 1776 1152 nocebit.
1815 1120 1858 1152 Et
1873 1120 1990 1161 fiforte

1201 1165 1235 1194 in
1256 1164 1306 1195 hoc
1326 1165 1400 1204 qaod
1421 1162 1549 1203 instituit
1563 1185 1573 1201 ,
1599 1162 1667 1204 plus
1689 1164 1799 1194 reditus
1811 1161 1852 1200 fit
1867 1185 1877 1199 ,
1901 1172 1989 1203 quam

1199 1205 1232 1236 in
1258 1206 1351 1236 vineis
1369 1227 1379 1243 ,
1407 1205 1455 1236 vel
1477 1205 1619 1244 arbustis,
1642 1203 1689 1234 vel
1709 1204 1820 1235 olivetis
1841 1213 1904 1244 quoe
1916 1204 1988 1243 sue-

1198 1251 1287 1277 runt.-
1302 1246 1430 1284 forfitan
1445 1247 1531 1276 etiam
1546 1247 1602 1276 haec
1622 1246 1739 1287 dejicere
1755 1247 1878 1284 poterit,
1892 1245 1988 1286 siqui·

1198 1289 1261 1318 dem
1276 1289 1303 1318 ei
1318 1288 1499 1327 permittitur
1514 1287 1661 1317 meliorare
1689 1287 1888 1327 proprietatem
1908 1287 1938 1328 §.
1954 1291 1986 1319 6.

1198 1328 1232 1359 Si
1254 1335 1350 1359 tamen
1366 1351 1374 1366 ‚
1410 1338 1471 1369 quae
1491 1326 1617 1368 instituit
1641 1326 1878 1368 usufrubiuarius
1892 1351 1902 1366 ,
1934 1334 1989 1359 aut

1199 1374 1299 1400 caetum
1325 1375 1509 1409 corrumpant
1532 1369 1615 1410 agri,
1639 1375 1691 1399 aut
1714 1378 1851 1409 magnam
1866 1376 1988 1410 appara-

1199 1416 1263 1440 tum
1279 1409 1342 1448 fint
1369 1408 1581 1447 desideratura,
1604 1409 1738 1449 opificum
1750 1410 1849 1449 sorte,
1880 1412 1927 1441 vel
1948 1412 1988 1441 le-

1195 1451 1349 1492 guiorum,
1366 1461 1428 1492 quae
1444 1461 1501 1482 non
1514 1448 1602 1491 polest
1615 1448 1752 1490 sustinere
1761 1452 1986 1492 proprietarius:

1196 1502 1254 1523 non
1270 1494 1417 1524 ‘videbitur
1431 1494 1491 1524 viri
1505 1494 1570 1524 boni
1591 1494 1737 1523 arbitratu
1757 1493 1831 1527 frui.

1118 1531 1208 1573 Quid
1229 1534 1280 1564 hic
1301 1533 1481 1574 Ulpianus?
1505 1534 1639 1574 primum
1664 1535 1726 1573 ait,
1750 1533 1923 1566 fructuario
1935 1536 1985 1576 J'us

1115 1574 1196 1613 eise,
1220 1575 1404 1615 lapidicinas
1419 1598 1430 1614 ,
1463 1576 1513 1606 vel
1536 1574 1771 1613 cretifodinas,
1802 1576 1986 1616 instituere,

1113 1614 1134 1646 fi
1152 1625 1222 1656 quae
1240 1618 1272 1648 in
1289 1614 1391 1648 fundo
1403 1617 1528 1648 idoneae
1548 1615 1610 1647 esse
1625 1617 1758 1656 pollint3
1780 1617 1899 1649 etiamsi
1918 1619 1985 1650 nul-

1114 1657 1150 1688 1ae
1167 1657 1223 1688 [int
1240 1666 1257 1688 a
1279 1658 1412 1689 domino
1429 1657 1596 1689 institutae:
1617 1666 1678 1689 nec
1695 1666 1799 1689 tamen
1824 1659 1889 1689 hoc
1905 1659 1984 1691 sem-

1114 1707 1171 1738 per
1188 1699 1237 1738 J'us
1255 1698 1337 1738 ess'e3
1361 1698 1433 1738 sed,
1451 1698 1479 1737 fi
1500 1709 1558 1730 non
1580 1700 1646 1740 agri
1665 1697 1984 1741 partemneceffariam'

1112 1741 1179 1771 huic
1203 1741 1245 1772 rei
1261 1747 1450 1782 occupaturus
1473 1738 1521 1781 est.
1544 1738 1685 1778 scilicet,
1709 1741 1780 1780 quia
1803 1740 1893 1772 aliter
1915 1743 1986 1783 exi-¹

1111 1781 1334 1822 stimantibus,
1363 1792 1428 1814 non
1455 1783 1619 1813 videretur
1647 1780 1748 1813 fundo
1765 1805 1775 1820 ‚
1805 1781 1884 1813 saiva
1913 1784 1985 1824 ejus-

1111 1823 1302 1855 conditione
1319 1846 1329 1862 ‚
1359 1823 1499 1865 denique
1517 1823 1594 1855 boni
1618 1823 1676 1855 viri
1699 1823 1851 1859 arbitratu
1865 1846 1876 1862 ‚
1905 1822 1984 1865 frui.‘

1110 1863 1241 1896 Deinde
1260 1864 1334 1896 hinc
1349 1865 1446 1897 infert
1466 1863 1637 1906 Ulpianus,
1667 1865 1755 1905 quod
1777 1865 1881 1906 potest
1899 1875 1979 1906 quo-

1111 1915 1175 1947 que
1200 1905 1387 1938 fructuarius
1413 1916 1509 1939 venas
1532 1906 1771 1947 lapidicinarum
1787 1930 1798 1946 ,
1827 1906 1859 1938 δι
1874 1906 1981 1949 hujus-

1110 1949 1200 1980 modi
1229 1948 1431 1980 metallorum
1463 1948 1633 1989 inquirere.
1677 1947 1844 1987 ,Praeterea
1872 1949 1979 1989 potest

1110 1990 1194 2028 auri,
1217 1989 1248 2021 ἀ
1269 1990 1410 2030 argenti,
1434 1989 1463 2021 &
1479 1989 1652 2030 sulphuris,
1677 1989 1707 2020 dt
1725 1990 1814 2028 aeris,
1837 1989 1867 2022 ἂ
1885 1989 1980 2030 ferri,

1109 2031 1140 2062 ἀ
1156 2038 1347 2062 caeterorum
1364 2030 1492 2062 fodinas
1514 2040 1685 2068 exercere,
1709 2030 1730 2062 fi
1750 2040 1827 2072 quas
1843 2031 1979 2072 paterfa-

1109 2072 1230 2110 milias,
1254 2072 1286 2104 id
1310 2072 1374 2110 est,
1398 2072 1645 2113 proprietarius,
1675 2072 1819 2104 instituit.
1843 2073 1931 2112 quod
1954 2073 1978 2106 fi

1110 2114 1135 2145 is
1161 2114 1261 2146 nullas
1284 2114 1450 2152 exercuit3
1472 2113 1577 2145 adhuc
1599 2112 1664 2154 ipse
1687 2123 1788 2145 novas
1812 2114 1976 2146 instituere

1109 2154 1215 2196 potest
1233 2164 1241 2185 τ
1277 2156 1387 2195 utique
1405 2177 1414 2192 ,
1437 2153 1470 2193 fi.
1490 2155 1562 2191 nibil
1579 2154 1764 2196 agricultura
1788 2156 1904 2186 nocebit.
1933 2155 1976 2187 fic

1108 2197 1194 2228 enim
1216 2195 1322 2230 rursus,
1344 2194 1457 2228 definit
1481 2194 1663 2236 Ulpianus;
1692 2196 1725 2236 &.
1747 2196 1829 2227 hanc
1853 2195 1976 2228 causam

1108 2236 1215 2277 addit,
1238 2246 1309 2277 quae
1333 2237 1487 2268 veriflima
1513 2237 1583 2277 est3
1616 2238 1703 2278 quod
1729 2238 1767 2268 ei‘
1783 2241 1977 2277 permittitur

1107 2279 1276 2312 meliorare
1301 2280 1554 2319 proprietatem:
1578 2279 1653 2311 dum
1677 2277 1738 2318 (sic
1752 2280 1888 2318 opinor)
1908 2282 1977 2322 ejas

1107 2321 1290 2359 qualitatem
1309 2330 1372 2352 non
1387 2321 1556 2352 immutet:
1579 2320 1643 2351 hoc
1660 2329 1739 2351 vero
1757 2329 1820 2351 non
1837 2319 1934 2361 faci13
1950 2314 1978 2360 fi

1107 2372 1147 2393 ex
1170 2362 1362 2403 agricultura
1385 2371 1454 2402 quae
1482 2360 1561 2399 fuit,
1586 2361 1664 2392 nihil
1692 2359 1846 2393 informet
1870 2363 1977 2403 toliatfl

1106 2412 1164 2434 ve:
1189 2411 1242 2442 ut,
1265 2402 1285 2434 fi
1304 2412 1408 2443 neque
1433 2404 1556 2440 vineas,
1582 2412 1685 2443 neque
1701 2403 1846 2441 arbusta,
1871 2413 1976 2444 neque

1106 2445 1248 2482 oliveta,
1271 2453 1342 2484 quae
1359 2444 1497 2482 fuerint,
1525 2444 1661 2483 dejiciat.
1677 2442 1894 2485 >Quamquam
1912 2445 1975 2485 ¹³09

1107 2494 1238 2526 quoque
1263 2485 1359 2524 casu,
1392 2484 1413 2517 fi
1438 2495 1506 2525 quae
1534 2484 1674 2522 instituat
1704 2486 1892 2517 fructuarius
1915 2490 1975 2528 ma5

1107 2536 1205 2567 gnum
1230 2536 1413 2567 apparatum
1441 2527 1499 2558 sint
1524 2525 1752 2570 dcfideratura‚
1776 2526 1861 2558 sorte
1884 2521 1975 2569 opi'fi5

1109 2577 1181 2600 cum
1195 2570 1265 2607 ,vel
1283 2568 1477 2609 legfflorum,
1497 2576 1566 2608 quae
1584 2567 1731 2600 lustlnere
1746 2577 1884 2608 nequeat
1902 2579 1972 2609 prof

1108 2610 1275 2650 prietarius
1291 2633 1300 2648 ,
1331 2619 1396 2641 non
1424 2609 1552 2640 videtur
1571 2607 1728 2648 Ulpiano,
1752 2609 1828 2641 boni
1847 2610 1905 2641 viri
1927 2620 1973 2642 ar.-

1109 2651 1227 2682 bitratu
1245 2652 1292 2682 uti
1308 2649 1380 2682 frui.
1423 2650 1523 2690 quue
1546 2651 1698 2684 convenit
1722 2651 1796 2683 huic
1823 2650 1973 2690 Veterum

1107 2699 1291 2732 praecepto,
1315 2701 1329 2722 a
1358 2692 1398 2722 ud
1424 2691 1658 2730 Columellam,
1682 2692 1729 2722 lib.
1752 2702 1777 2724 ι.
1804 2691 1849 2722 De
1873 2702 1902 2722 re
1924 2702 1971 2725 ru-

1098 2732 1177 2773 stica
1199 2743 1223 2764 c.
1247 2742 1273 2764 1.
1316 2701 1380 2776 ἐμέ
1390 2730 1525 2771 studium
1548 2734 1747 2773 agricolationi
1771 2734 1897 2773 dederit,
1911 2744 1972 2774 ‘any

1105 2773 1264 2815 tiquiffima
1274 2774 1350 2814 sciat
1367 2773 1487 2812 haecfibz
1506 2775 1694 2812 advocanda,
1712 2776 1896 2815 prudentiam
1908 2776 1972 2814 sei,

1103 2816 1282 2856 facultatem
1305 2816 1504 2855 impendendi,
1527 2815 1707 2846 voluntatem
1725 2817 1842 2857 agendi.
1883 2815 1973 2856 idem

1107 2856 1190 2895 effe,
1214 2855 1368 2898 Ulpianus
1384 2856 1446 2895 ait,
1472 2856 1492 2888 fi
1520 2866 1589 2897 qua:
1614 2856 1747 2888 instituit
1775 2856 1977 2894 fructuarius,

1106 2898 1220 2930 coelum
1244 2906 1451 2938 corrumpant
1477 2900 1551 2937 anri.
1593 2896 1678 2929 Nam
1704 2898 1733 2928 ἃ
1750 2898 1851 2931 Varro
1872 2898 1919 2937 lib.
1938 2906 1974 2939 Ji*

1106 2939 1153 2971 De
1167 2949 1197 2970 re
1212 2937 1321 2978 rustica
1343 2949 1405 2979 c.5.
1434 2938 1626 2980 Utiliffimus,
1650 2940 1771 2979 inquit,
1794 2939 1818 2969 is
1831 2936 1868 2976 est,
1885 2946 1972 2979 ager,

1105 2981 1157 3022 qui
1171 2981 1318 3021 salubrior
1334 2978 1392 3020 esi,
1416 2991 1503 3022 quam
1528 2981 1599 3019 ciiii,
1622 2982 1696 3022 quod
1721 2981 1760 3010 ibi
1772 2978 1893 3020 fructus
1915 2987 1974 3015 cer:

1106 3028 1172 3060 tus,
1195 3027 1350 3063 contraque
1367 3023 1403 3052 in,
1411 3021 1555 3062 pestilenti
1570 3022 1720 3053 calamitas
1738 3020 1869 3061 quamvis
1884 3020 1915 3049 in
1923 3019 1973 3058 fe-

1103 3064 1167 3094 raci
1188 3073 1256 3105 agro
1272 3065 1401 3094 colonum
1424 3065 1463 3094 ad
1476 3062 1594 3101 stabius
1607 3062 1826 3106 pervenirenou
1845 3061 1973 3101 patitur.

1106 3104 1225 3136 Etenim
1247 3105 1296 3135 ubi
1319 3106 1394 3135 ratio
1418 3114 1483 3136 cum
1508 3115 1570 3136 orco
1595 3105 1729 3140 babetur.
1753 3101 1793 3130 ahi
1812 3109 1869 3131 non
1892 3102 1973 3139 ¹modo

1116 3145 1222 3177 'ruilus
1236 3143 1274 3186 est
1291 3147 1437 3183 incertus,
1452 3147 1506 3185 sed
1523 3147 1612 3177 etiam
1628 3143 1775 3177 colentium
1791 3143 1864 3172 ‘vila-
1889 3141 1974 3187 Qffta-

1106 3197 1136 3219 re
1152 3210 1162 3227 ,
1188 3185 1217 3226 st
1231 3187 1394 3228 salubritas
1416 3196 1473 3219 non
1503 3184 1542 3226 esi
1559 3209 1570 3225 ,
1600 3184 1715 3223 cultura
1739 3190 1798 3213 non
1819 3179 1972 3264 aliucqizg'll'g
