2052 3487
191 91 263 127 230

189 163 253 205 jam
271 166 417 200 admiss'ae.
459 165 556 207 Atqui
579 164 724 205 infringit
740 166 806 198 vim
829 167 907 208 legis
931 165 1065 198 Duode-

193 209 258 239 cim
275 207 488 245 Tabularum,
511 214 566 238 aut
589 207 741 246 Aquiliae,
765 208 879 248 quibus
900 207 1064 249 proposita

192 248 240 279 est
262 249 440 289 injuriarum
458 255 512 278 aut
529 247 624 278 caedis
648 247 741 279 aetio.
785 248 848 280 Sed
872 248 989 280 factum
1017 247 1062 279 est

193 290 236 320 de
252 297 375 330 privato
391 289 506 320 aCtoris
519 289 605 328 jure:
630 297 691 319 nec
707 290 801 330 igitur
818 290 916 321 invita
934 291 992 321 hac
1009 297 1063 320 aut

192 329 246 361 illa
270 330 349 370 lege.
373 338 483 361 neutra
507 330 591 360 enirn
607 329 713 369 jubet,
737 340 810 363 eum
835 332 886 363 cui
902 331 1062 363 actionem

192 370 266 408 dat,
289 371 427 402 civiliter
441 379 554 412 agere;
579 370 651 410 sed,
674 370 696 402 fi
716 372 794 403 velit
809 382 925 413 agere,
947 374 976 404 ei
992 382 1063 413 per-

189 411 291 443 mittit
307 419 419 452 agere3
442 410 463 442 fi
478 411 559 443 nolit
576 421 690 453 agere,
713 422 787 445 eum
804 423 868 445 non
885 414 975 454 cogit
992 422 1062 454 age-

188 460 235 482 re.
259 452 325 483 imo
341 476 351 491 ,
383 452 405 484 fi
428 452 554 484 Festum
581 454 724 485 audimus
742 477 751 493 ‚
782 455 883 486 verbo
909 454 1035 486 'salionis
1051 477 1063 494 ‚

189 490 262 524 Lex
280 492 321 524 fic
339 494 439 534 dixit,
464 494 499 525 Si
515 496 671 526 membrum
686 495 828 536 rupserit,
844 497 877 527 ni
892 505 955 528 cum
970 505 999 527 eo
1008 503 1062 537 pa-

189 535 230 564 cit
251 533 318 565 talio
342 531 405 575 esta
449 535 537 567 Idem
568 536 608 567 de
631 536 720 568 furto
745 537 808 568 dici
832 537 938 578 potest
967 537 986 568 l.
1011 547 1063 577 54.

187 574 219 616 §.
237 575 290 606 ult.
314 575 334 607 l.
351 580 400 616 56.
418 576 446 618 §.
463 587 492 616 4.
516 576 560 608 D.
577 577 732 617 defurtis:
757 587 828 610 nam
846 579 886 610 de
904 578 968 609 hoc
986 587 1064 618 quo-

188 625 254 656 que
271 616 340 648 Lex
359 618 471 658 pacisci
489 619 648 658 permittit
661 642 670 657 ‚
693 617 833 659 Ulpiano
857 619 936 651 teste
953 620 982 650 d.
1001 619 1021 650 l.
1032 628 1061 659 7.

187 657 218 698 §.
239 666 286 697 14.
309 657 352 689 D.
377 660 410 690 cle
423 659 529 701 pastis.
573 659 721 699 Nempe,
745 661 819 701 quia
841 659 955 692 sufficit
971 683 980 698 ‚
1004 660 1064 692 Le-

187 708 265 740 gum
288 708 398 739 poenas
427 701 556 739 timeri,
588 701 733 733 nondum
756 701 888 733 admisso
915 701 1036 733 delicto
1052 724 1062 740 ‚

187 749 230 772 zie
251 739 306 771 fiat
329 750 394 781 quo
412 744 514 775 civilis
535 742 720 783 conjunctio
743 742 976 783 interpelletur.
1020 744 1064 774 At

187 782 256 813 hoc
278 781 385 821 faCto,
408 784 483 824 quid
509 783 639 815 interest
661 785 864 823 reipublicae,
897 783 993 823 furti,
1016 785 1062 816 in-

184 824 354 864 juriarum,
379 827 538 862 caedi'sve‚
563 826 611 866 agi
629 835 669 857 ex
693 824 878 857 Duodecim
902 824 1036 857 Tabulis
1051 848 1061 865 ,

186 872 242 896 aut
264 875 305 896 ex
331 864 417 906 Lege
442 866 584 906 Aquilia,
608 866 629 898 fi
654 867 723 907 quis
746 867 828 898 nolit
852 867 971 908 agere?
995 876 1061 898 non

188 907 273 938 enim
301 909 388 947 quod
412 906 529 940 fastum
552 906 597 939 est
614 931 623 946 ,
656 909 708 940 vel
733 906 776 939 fic
807 908 960 940 infestum
992 907 1060 940 fieri

185 946 304 989 potest.
330 955 484 988 praeterea
510 949 563 990 qui
581 949 657 980 furti
677 972 686 988 ,
715 949 832 989 caedis,
855 957 909 981 aut
933 950 1060 990 inJ'uria-

184 999 276 1027 rum,
300 991 365 1031 agit
382 1013 392 1028 ,
415 989 469 1021 fibi
486 1014 496 1029 ‚
522 999 588 1023 non
607 990 791 1030 reipublicae
806 1014 816 1030 ,
840 991 942 1031 petit:
958 991 1057 1032 magis

184 1030 317 1063 interest
334 1032 539 1072 reipublicae,
558 1041 631 1063 eum
648 1033 699 1063 cui
716 1039 882 1073 competat
898 1033 1001 1064 civilis
1018 1042 1058 1064 ex

187 1072 308 1104 delicto
325 1072 427 1112 aetio,
451 1073 490 1104 ab
506 1083 542 1104 ea
559 1072 726 1113 defistere;
755 1073 819 1105 five
836 1073 985 1113 precibus
1002 1073 1059 1105 srbi

184 1113 330 1145 satisfieri
340 1115 495 1155 patiatur,
506 1114 569 1147 five
585 1115 794 1156 pretio:quia
810 1122 947 1156 utroque
964 1114 1059 1156 paeto

185 1162 312 1187 tantum
329 1164 347 1187 a
370 1154 426 1187 suo
440 1156 508 1195 jure
524 1156 674 1195 decedit3
698 1155 727 1187 ὅτ
743 1165 890 1197 peraeque
907 1163 1059 1197 procurat

184 1198 252 1233 vim
269 1197 417 1229 humanae
433 1197 593 1229 societatis
619 1207 711 1238 quarn
730 1195 799 1228 Lex
823 1197 961 1229 intendit
984 1206 1058 1238 pro-

184 1238 289 1280 pofita
308 1239 393 1270 civili
409 1238 547 1271 actione.
590 1238 624 1270 Id
644 1248 719 1270 vero
742 1247 816 1270 cum
832 1240 871 1270 ad
892 1238 1059 1280 probabile

185 1280 347 1320 accedat3
377 1280 455 1320 quid
478 1280 597 1321 aequius
621 1279 666 1311 est
683 1302 692 1318 ‚
719 1287 777 1311 aut
794 1280 916 1321 legibus
939 1289 1059 1311 conve-

184 1321 346 1360 nientius,
369 1329 462 1361 quam
481 1322 511 1352 ὃ(
536 1320 716 1362 pastionem
745 1321 774 1352 ὅτ
795 1321 1058 1359 transaCtionem,

179 1361 244 1394 -etfi
259 1361 406 1394 adversus
430 1362 516 1402 leges
535 1362 650 1394 factam
668 1363 707 1394 de
730 1362 872 1394 tollenda
892 1362 1015 1403 ‚privata
1032 1363 1062 1394 ἃ

187 1404 275 1435 civili
302 1413 342 1435 ex
366 1403 486 1435 delicto
511 1403 637 1435 actione
654 1426 664 1442 ,
687 1413 744 1434 reo
766 1404 895 1443 quidem
920 1405 970 1436 vel
993 1403 1061 1444 ipso

184 1445 274 1486 jure,
299 1445 351 1476 vel
373 1454 437 1485 ope
459 1445 662 1485 exceptionis
687 1443 822 1483 servari3
845 1444 943 1476 actori
963 1454 1058 1484 vero,

184 1485 207 1519 fi
231 1486 413 1527 stipulatio,
437 1493 491 1516 aut
514 1486 602 1517 datio
617 1508 626 1524 ,
657 1484 820 1517 factumve
836 1508 845 1524 ,
879 1487 1060 1518 intervene-

183 1528 245 1565 rit,
269 1536 309 1558 ex
326 1525 493 1566 stipulatu,
509 1534 563 1558 aut
579 1525 768 1567 praescriptis
785 1528 892 1559 verbis
911 1527 1063 1560 actione?

183 1568 249 1600 Sed
267 1568 391 1608 dejure
410 1567 492 1607 pacti
508 1590 518 1606 ,
547 1566 600 1599 Ne
625 1577 664 1599 ex
685 1568 810 1608 privato
834 1568 952 1600 delicto
974 1569 1059 1601 civili

183 1609 311 1641 afflone
327 1608 357 1640 ὅ(
373 1610 500 1648 privato
513 1609 583 1649 jure
598 1617 727 1650 agatur,
747 1617 903 1650 quatenus
921 1610 960 1643 ad
976 1610 1061 1643 acto-

182 1660 253 1684 rem
276 1649 307 1681 ἀ
328 1659 418 1681 reum
435 1651 552 1682 attinet
567 1674 577 1690 ,
600 1650 652 1681 vel
675 1650 778 1682 nimis,

224 1691 395 1732 Reiiquum
419 1689 485 1730 est,
510 1698 545 1723 ut
561 1691 599 1723 ad
617 1691 859 1732 Rempublicam
880 1693 1057 1726 veniamus.

184 1742 258 1766 nam
282 1733 335 1765 vel
357 1733 424 1774 eJ'us
447 1732 551 1773 aliqua
581 1733 644 1765 effe
671 1733 723 1765 hic
753 1733 909 1774 inspectio
941 1735 1058 1775 poffit:

185 1774 243 1807 etfi
261 1783 327 1807 non
343 1797 353 1813 ,
385 1781 421 1806 ut
443 1773 585 1806 infirmet
607 1774 816 1814 pactionem3
848 1774 900 1806 sed
918 1783 953 1807 ut
976 1777 1058 1816 paci-

182 1816 301 1848 scentis
319 1815 578 1856 improbitatem,
600 1815 622 1848 fi
648 1825 719 1856 quae
735 1815 789 1855 fit,
814 1816 1058 1850 existimationis

183 1858 412 1890 imminutione
428 1856 622 1897 compescat.
646 1857 745 1898 Igitur
762 1867 823 1889 nec
835 1857 1059 1899 semper-,cum

183 1900 226 1932 de
241 1899 359 1931 delicto
374 1898 500 1940 pastum
517 1898 572 1938 fit,
598 1908 634 1930 ea
651 1899 779 1930 obtinet
794 1907 900 1939 poena.
936 1898 1020 1931 Nam
1037 1900 1059 1933 fi

184 1940 361 1972 conveniat
377 1964 387 1979 ‚
418 1939 469 1972 Ne
486 1940 566 1982 Lege
584 1939 706 1982 Aquilia
730 1947 859 1982 agotum·
882 1942 967 1973 nulla
985 1941 1058 1973 Rei-

185 1982 322 2023 publicae
341 1982 518 2022 indignatio
541 1981 596 2013 est.
621 1981 641 2013 fi
662 1982 747 2013 enim
772 1982 811 2013 ad
828 1982 969 2014 actorem
993 1982 1057 2025 spe-

185 2023 330 2055 ciamus:
362 2032 456 2063 quam
482 2030 623 2054 meretur
644 2022 828 2061 infamiam,
853 2024 905 2063 qui
929 2034 992 2056 non
1018 2025 1058 2057 de

185 2065 308 2104 alieno,
332 2063 383 2096 sed
400 2065 441 2096 de
456 2063 529 2104 suo,
548 2065 617 2106 jure
635 2065 781 2097 tollendo
804 2065 913 2104 patrus
932 2065 977 2097 est
991 2075 1058 2098 non

184 2106 271 2138 malo
293 2115 383 2138 inore
399 2106 416 2138 2
442 2105 494 2137 sed
517 2115 577 2137 nec
605 2115 676 2138 reus
700 2105 829 2138 infamia
851 2115 1006 2147 notatur3
1036 2107 1057 2139 fi

185 2147 337 2186 precibus
360 2148 580 2187 impetraverit
598 2170 607 2186 ‚
637 2147 688 2179 Ne
710 2157 742 2179 ea
759 2147 818 2189 lege
832 2154 951 2189 agatur.
996 2149 1059 2182 Ve-

184 2197 257 2220 rum
271 2187 355 2229 finge
367 2212 376 2226 ‚
401 2190 466 2220 hoc
504 2188 605 2220 astum
623 2187 685 2220 esse
701 2189 834 2229 pecunia
852 2191 932 2220 data.
955 2199 994 2222 an
1012 2191 1058 2222 in·

184 2229 280 2260 famis
302 2230 363 2261 erit
377 2229 394 2261 ’ἒ
417 2197 523 2261 forfiin
550 2230 638 2261 dices
656 2240 664 2261 ε
695 2231 767 2271 quia
789 2230 949 2262 confeffus
973 2233 1059 2263 vide-

186 2278 250 2303 tur.
272 2278 305 2302 at
326 2280 368 2303 ne
382 2270 544 2303 damnatus
568 2271 699 2313 quidem
718 2270 809 2313 Lege
831 2272 958 2314 Aquilia
979 2273 1058 2306 infa-

802 78 1106 116 Genaiini
1152 79 1388 118 'NoonT

1106 166 1166 201 mis
1192 169 1262 201 est:
1291 171 1363 212 quia
1386 179 1451 203 non
1476 171 1588 212 utique
1612 172 1788 208 ob'dosum
1810 178 1982 214 malum&

1105 207 1243 242 laedendi
1261 212 1460 253 propositum
1476 222 1512 243 ea
1530 214 1618 254 Lege
1641 216 1825 258 damnatur3
1856 219 1907 251 sed
1930 221 1975 253 ob

1106 250 1257 284 damnum
1277 253 1385 294 injuria
1404 258 1530 286 datum:
1553 256 1584 286 id
1600 254 1663 294 est,
1678 258 1774 290 etiam
1793 261 1837 290 ob
1853 261 1979 300 culpam

1106 294 1158 325 vel
1183 295 1366 327 levissimam
1389 296 1408 326 l.
1425 307 1456 336 5.
1480 295 1509 338 §
1530 305 1556 327 1.
1581 296 1618 330 ὅ)
1641 297 1660 328 l.
1684 307 1734 338 44.
1758 298 1801 331 D.
1822 301 1872 332 Aa
1893 301 1981 342 legem

1106 334 1267 376 Aquiliam.
1312 336 1411 378 Igitur
1436 337 1456 368 fi
1479 338 1587 378 patius
1609 337 1664 376 fit,
1687 343 1831 380 quamvis
1853 349 1980 382 pretio,

1106 385 1149 422 ne
1164 376 1253 417 Lege
1274 377 1400 419 Aquilia
1416 388 1543 419 agatur:
1567 381 1836 420 quemadmodum
1854 382 1981 416 infamis

1107 418 1191 449 erit?
1214 426 1250 449 ut
1273 420 1359 451 enim
1381 420 1518 453 maxime
1542 420 1689 453 confiteri
1711 423 1924 465 intelligatur,
1947 424 1981 457 se

1107 459 1256 491 damnum
1279 460 1391 500 injuria
1408 461 1551 493 dediffe:
1582 472 1648 494 non
1668 471 1773 496 tamen
1797 466 1872 497 ideo
1894 464 1924 497 se
1946 466 1982 499 id

1106 500 1185 531 dolo
1200 501 1285 533 malo
1302 501 1440 543 dediss'e,
1465 502 1615 535 confiteri
1635 504 1840 539 existimatur.
1885 505 1931 538 Ita
1946 507 1981 542 in

1106 539 1196 582 Lege
1221 542 1357 582 Aquilia.
1404 542 1457 575 De
1482 544 1608 577 aftione
1631 545 1707 579 furti
1723 570 1734 586 ,
1764 548 1793 579 vi
1817 549 1980 584 bonorum

1105 591 1272 622 raptorum
1288 607 1298 622 ,
1327 585 1509 625 injuriarum
1527 610 1537 625 ,
1568 587 1598 618 ὅ(
1623 590 1663 619 de
1682 589 1760 620 dolo
1779 599 1816 621 ac
1839 589 1979 634 fraude,

1105 624 1282 656 videamus.
1324 624 1368 657 Et
1389 626 1411 658 fi
1437 627 1477 658 de
1499 627 1548 659 his
1571 630 1667 670 gratis
1689 631 1814 671 pastum
1839 641 1982 667 conven-

1106 673 1173 696 tum
1192 664 1259 704 est;
1280 666 1384 698 adhuc
1399 667 1488 700 suafit
1506 669 1699 711 humanitaS,
1720 673 1858 714 aliquem
1876 677 1981 709 veniae
2006 679 2008 681 ’
2048 657 2050 695 3

1106 707 1214 754 Iocum
1239 707 1373 747 relinqui
1397 709 1416 740 l.
1434 713 1463 740 6.
1486 709 1514 751 §.
1534 721 1563 752 3.
1587 712 1628 743 D.
1649 714 1682 743 de
1700 715 1744 746 his
1765 718 1817 757 qui
1837 722 1980 751 notantur

1105 748 1242 787 infamza.
1285 748 1347 780 Sed
1363 751 1458 790 quid,
1482 752 1503 782 fi
1519 754 1708 786 transactum
1720 755 1789 789 fit?
1811 759 1894 791 nulla
1910 761 1980 800 qui-

1105 789 1180 820 dem
1204 789 1292 821 attor
1318 790 1447 823 infamia
1476 795 1631 832 punitur:
1661 804 1729 836 quae
1761 800 1847 832 enim
1878 800 1980 834 fuerit

1106 829 1196 876 causa
1213 832 1347 863 notandi
1365 841 1438 865 eum
1456 834 1508 873 qui
1532 843 1596 867 non
1615 838 1781 876 peccavit:
1806 842 1835 873 <Sc
1853 841 1905 873 ubi
1924 852 1980 884 pe-

1104 880 1231 903 cuniam
1252 881 1292 903 ex
1309 873 1522 906 transactione
1537 879 1682 918 accepit,
1707 880 1816 914 saltem
1833 893 1849 914 a
1866 883 1980 924 suoju-

1103 922 1157 951 re,
1174 922 1234 944 nec
1249 913 1332 945 malo
1350 916 1520 955 exemplo,
1542 918 1692 952 recellit?
1715 921 1756 952 At
1771 933 1842 956 reus
1859 923 1978 958 Edicto

1103 953 1253 986 Praetoris
1270 964 1334 986 non
1353 957 1452 988 evitat
1475 957 1611 990 infamiae
1627 970 1736 994 notam
1757 963 1777 995 l.
1800 973 1825 997 1.
1852 965 1889 1001 ὅ)
1911 968 1929 999 l.
1944 971 1978 1000 6.
2014 968 2017 981 ²
2051 972 2052 976 ’

1101 994 1132 1036 §.
1148 1004 1178 1036 3.
1202 994 1245 1026 D.
1270 997 1303 1026 de
1320 997 1364 1027 his
1380 999 1432 1038 qui
1452 1004 1592 1031 notantur
1612 1003 1757 1041 infamia:
1779 1015 1864 1046 non,
1890 1010 1979 1049 quod

1103 1045 1144 1082 eo
1161 1037 1256 1077 paeto
1278 1047 1348 1084 *non
1372 1038 1526 1072 liberetur
1550 1042 1589 1073 ab
1609 1043 1755 1077 actione:
1777 1049 1880 1089 (quid
1898 1051 1928 1082 ni
1947 1060 1979 1082 e-

1101 1087 1168 1109 nim
1186 1078 1285 1109 atton
1304 1079 1397 1111 liceat
1416 1081 1466 1112 vel
1485 1090 1575 1122 parte
1599 1092 1789 1120 contentum
1814 1089 1901 1124 effe?
1926 1091 1979 1125 sed

1101 1119 1190 1160 quod
1208 1121 1376 1167 pecuniam
1402 1122 1497 1162 dans,
1523 1123 1573 1155 Ne
1581 1125 1664 1165 furti
1681 1131 1887 1172 conveniatur,
1911 1133 1979 1165 fur-

1102 1167 1168 1192 tum
1185 1159 1332 1192 confiteri
1351 1163 1477 1195 videtur
1498 1164 1518 1196 l.
1533 1175 1565 1204 5.
1590 1165 1634 1198 D.
1655 1170 1714 1201 eod.
1734 1172 1780 1202 tit.
1805 1182 1871 1205 non
1890 1175 1977 1208 enim

1101 1202 1263 1241 creditur,
1276 1202 1367 1234 fuiffe
1385 1205 1513 1237 daturus
1529 1208 1697 1247 pecuniam
1710 1234 1719 1248 ‚
1743 1212 1796 1245 nisi
1812 1224 1977 1257 urgeretur

1102 1241 1298 1288 conscientia
1310 1246 1465 1277 cominiffi
1473 1248 1611 1280 criminis
1621 1250 1640 1281 l.
1654 1256 1699 1285 18.
1711 1252 1742 1284 C.
1754 1256 1813 1288 eod.
1823 1259 1867 1287 tit.
1879 1257 1977 1299 Igitur

1102 1294 1158 1331 γη(
1175 1283 1238 1323 est,
1262 1293 1377 1317 utnon
1401 1287 1555 1320 habeatur
1572 1291 1736 1332 improbus
1762 1297 1814 1337 qui
1834 1298 1978 1332 adorem*

1105 1335 1138 1357 in
1161 1325 1284 1373 famoso
1309 1336 1520 1369 corrumpens
1541 1331 1662 1370 judicio
1677 1358 1686 1372 ‚
1717 1337 1812 1369 rebus
1837 1340 1975 1372 confite-

1106 1375 1172 1414 tur,
1198 1367 1228 1398 se
1245 1367 1396 1415 scientem
1424 1372 1654 1414 volentemque
1679 1375 1767 1409 furto
1783 1401 1793 1417 ,
1822 1388 1876 1412 aut
1899 1373 1982 1422 inju?

1104 1417 1167 1445 ria,
1193 1417 1246 1440 aut
1263 1408 1429 1458 similiter,
1448 1412 1618 1447 humanam
1646 1416 1751 1449 laefiss'e
1768 1420 1975 1464 s‹›cietatem;

1104 1449 1158 1481 etfi
1183 1450 1221 1481 ab
1246 1451 1353 1497 actore
1377 1461 1429 1492 qui
1454 1453 1508 1484 suo
1528 1459 1721 1490 renuntiavit
1742 1460 1819 1500 iuri,
1842 1464 1977 1505 amplius

1103 1493 1267 1523 conveniri
1291 1493 1414 1532 privata
1440 1495 1567 1527 actione
1591 1508 1741 1540 nequeat.
1782 1502 1826 1535 Et
1849 1513 1953 1538 tamen
1974 1514 1977 1523 ²

1102 1531 1124 1564 fi
1141 1532 1436 1579 auctorepraetore
1458 1540 1629 1579 transegit,
1653 1543 1796 1575 nondum
1819 1530 1980 1582 infamen}

1103 1572 1362 1620 essm-Ulpianus
1382 1576 1530 1610 observat
1551 1581 1578 1610 d.
1603 1581 1622 1612 l.
1640 1585 1669 1613 6.
1694 1583 1723 1624 §.
1740 1594 1770 1625 3.
1795 1585 1837 1617 D.
1853 1591 1912 1620 eod.
1924 1591 1972 1623 tit.

1102 1614 1200 1661 Atqui
1217 1615 1246 1647 &
1265 1623 1331 1648 tum
1347 1618 1457 1658 pactus
1483 1619 1528 1651 est
1550 1621 1622 1653 data
1642 1627 1787 1663 pecunia.
1833 1627 1953 1663 Verum

1103 1665 1175 1696 quia
1201 1665 1266 1689 non
1290 1659 1374 1690 ultro
1397 1659 1503 1699 pastus
1528 1661 1592 1701 est,
1617 1662 1670 1696 sed
1693 1668 1782 1706 quod
1806 1654 1982 1710 oporteret,-

1102 1707 1176 1728 eum
1200 1697 1350 1730 Praetoris
1385 1700 1553 1741 imperium
1579 1703 1691 1745 sequi,
1722 1716 1739 1738 a
1764 1709 1870 1743 delicti
1896 1721 1976 1746 con-

1101 1738 1238 1770 feffione
1254 1741 1384 1779 parendi
1401 1743 1584 1776 neceffitate
1602 1746 1768 1783 excusatur
1783 1750 1804 1783 l.
1818 1756 1885 1792 167.
1903 1754 1922 1795 §
1947 1763 1976 1788 1.

1102 1780 1122 1811 l.
1142 1789 1209 1826 ¹99·
1235 1780 1277 1813 D.
1293 1782 1327 1812 de
1342 1782 1450 1823 regulis
1459 1784 1550 1826 juris.
1587 1785 1658 1825 Sic,
1680 1787 1701 1820 fi
1720 1791 1791 1830 post
1807 1795 1973 1830 commiss'a

1102 1821 1216 1868 delicfta
1236 1822 1293 1854 fiat
1309 1824 1443 1869 ,paetum
1459 1848 1469 1863 ‚
1500 1824 1554 1857 Ne
1576 1836 1686 1868 agatur
1707 1838 1762 1863 aut
1784 1832 1890 1875 furti,
1919 1846 1975 1871 aut

1102 1863 1216 1900 caedis,
1238 1871 1291 1895 aut
1308 1865 1505 1906 injuriarum,
1528 1876 1582 1899 aut
1597 1868 1746 1904 (imiliter.

1140 1904 1183 1935 At
1207 1903 1228 1936 fi
1254 1913 1328 1937 ante
1350 1905 1406 1938 fiat
1431 1908 1578 1949 paetum,
1602 1920 1665 1943 non
1692 1913 1794 1948 valet:
1817 1918 1890 1957 quia
1909 1920 1974 1960 J’am

1101 1951 1227 1986 turpem
1244 1946 1342 1978 habet
1364 1948 1506 1982 causam:
1532 1953 1584 1992 qui
1611 1961 1651 1992 pe
1666 1953 1703 1985 fit
1719 1964 1784 1988 non
1803 1961 1902 1992 modo
1918 1963 1972 1994 ad-

1100 1988 1209 2018 versus
1233 1988 1336 2028 legem
1352 1998 1422 2028 quae
1448 1998 1554 2031 vetat,
1595 2001 1718 2035 urtum,
1742 2006 1794 2030 aut
1810 2002 1950 2040 rapinam
1975 2015 1977 2017 ·

1100 2035 1155 2059 aut
1180 2030 1319 2068 caedem,
1342 2038 1395 2061 aut
1414 2031 1579 2072 injuriam,
1602 2034 1692 2076 fieri;
1723 2036 1775 2070 sed
1799 2042 1894 2074 etiam
1917 2027 1973 2077 ad:

1101 2068 1207 2100 versus
1231 2071 1472 2118 rempublicam.
1496 2075 1582 2107 tollit
1605 2077 1689 2109 enim
1706 2087 1811 2119 poenae
1829 2091 1947 2117 metum
1960 2097 1970 2105 ·

1101 2119 1174 2142 cum
1199 2114 1349 2150 expediat
1374 2114 1576 2155 reipublicae,
1599 2118 1705 2156 legum
1730 2130 1841 2161 poenas
1864 2111 1971 2159 timeri

1100 2151 1122 2197 l.
1145 2161 1194 2192 27.
1222 2152 1307 2199 §.4
1339 2153 1381 2184 D.
1411 2158 1444 2186 de
1459 2156 1566 2196 pastis.
1612 2158 1776 2201 Hactenus
1808 2165 1847 2196 de
1869 2169 1972 2207 priva-

1101 2193 1317 2266 t¹S,tdehst183
1347 2204 1421 2229 cum
1445 2206 1486 2230 ex
1501 2198 1564 2231 his
1587 2200 1674 2233 civili
1701 2203 1730 2235 &
1752 2205 1880 2246 privato
1901 2209 1970 2250 jure

1100 2243 1148 2276 agi
1170 2243 1214 2267 ur.

926 2392 1141 2432 CAPUT
1199 2395 1248 2433 V.

189 2478 358 2514 Criminum
383 2478 613 2527 persecutionem
643 2493 703 2517 non
725 2482 767 2517 ad
780 2484 940 2528 privatam
955 2511 964 2527 ,
989 2484 1050 2532 sed
1071 2487 1114 2521 ad
1133 2487 1284 2532 publicam

259 2531 302 2562 ris
328 2526 368 2568 ἐξ
390 2532 435 2564 rei
453 2532 622 2575 paftionem
646 2534 921 2568 transaeionemve
942 2535 1130 2570 admittere:

258 2578 426 2614 actionem.
445 2577 507 2623 sed
525 2581 746 2625 corruptionem
766 2581 873 2618 videri.

260 2626 380 2668 culum,
400 2625 475 2671 fieri
485 2626 626 2673 fhlitam.

185 2720 395 2795 Sequitur,
429 2728 464 2752 ut
486 2722 526 2753 de
550 2722 737 2755 criminibus
762 2725 967 2766 disputemus.
1010 2727 1057 2760 Ea

261 2762 393 2798 crimina
414 2763 584 2802 dupliciter
599 2765 803 2798 dividuntur:
826 2776 878 2799 aut
901 2770 983 2801 enim
1002 2779 1058 2811 pu—

187 2802 273 2834 blica
295 2803 364 2834 sunt
386 2811 438 2834 aut
454 2804 586 2843 privata.
610 2814 800 2846 quamquam
825 2808 1056 2850 Imperatores,

185 2842 415 2876 Diocletianus
441 2844 470 2876 &
494 2844 705 2879 Maximianus
730 2849 749 2879 l.
771 2854 819 2884 18.
844 2850 877 2881 C.
905 2853 938 2882 de
962 2859 1056 2884 trans-

186 2885 345 2918 aaronitas
367 2894 432 2917 non
458 2885 600 2926 privata,
624 2886 676 2919 sed
701 2890 827 2929 publica
843 2914 852 2929 ‚
876 2893 1055 2935 attingunt:

186 2937 250 2960 nec
267 2935 371 2958 tamen
390 2927 479 2958 aliam
497 2927 541 2958 ob
558 2926 699 2968 causam,
722 2939 815 2969 quain
839 2933 912 2972 quia
932 2942 1055 2967 tantum

186 2970 229 3001 de
254 2968 323 3007 his,
345 2977 410 3001 non
435 2968 529 2999 etiam
556 2968 595 3013 de
617 2968 695 3008 illis,
719 2972 853 3004 consulti
876 2983 893 3005 a
918 2974 1056 3008 Valente

185 3011 324 3042 fuerant.
365 3009 428 3041 Sed
452 3009 562 3040 hocin
587 3008 791 3045 inferioribus
814 3013 988 3049 ostendam.
1009 3018 1055 3050 in-

187 3053 281 3084 terim
304 3051 344 3082 de
369 3052 510 3092 utrisque
526 3050 716 3082 videbimus.

227 3093 368 3125 Primum
380 3115 389 3130 ‚
413 3092 501 3133 quod
515 3092 553 3123 ad
571 3092 697 3132 publica
712 3093 842 3126 crimina
858 3098 992 3137 attinet,
1015 3100 1057 3132 fic

186 3134 323 3171 censeo,
348 3134 472 3174 padum
490 3157 500 3174 ,
529 3132 594 3165 five
617 3133 657 3165 ad
683 3135 891 3168 donationem
916 3139 1055 3181 spectet,

187 3174 251 3207 five
273 3175 312 3208 ad
336 3175 583 3209 transactionem
597 3197 610 3216 ,
639 3176 909 3219 quandocumque
942 3182 983 3214 de
1005 3182 1055 3215 his

1092 3144 1203 3183 pientis
1226 3155 1251 3176 c.
1273 3155 1319 3178 10.
1348 3156 1375 3178 n.
1403 3149 1481 3190 93.)

1304 2513 1315 2532 ,
1349 2490 1516 2528 utilitatem
1527 2493 1703 2540 speetare‚·
1739 2509 1791 2534 nec
1815 2501 1967 2547 accusato-

1164 2548 1200 2570 ας
1217 2563 1226 2578 ,
1253 2536 1287 2579 fi
1313 2541 1504 2575 transactum
1531 2544 1612 2577 inter
1634 2556 1681 2578 eos
1689 2544 1755 2590 fit,
1780 2561 1838 2584 non
1863 2561 1966 2586 trans-

926 2583 1010 2618 Eam
1033 2585 1273 2620 transaffionem
1294 2586 1398 2621 haberi
1418 2596 1563 2637 turpem:
1601 2604 1654 2628 nec
1666 2596 1789 2641 palam,
1807 2597 1868 2645 sed
1883 2595 1967 2636 elan*-

1098 2728 1179 2778 fiat,
1209 2731 1356 2764 adversus
1372 2732 1487 2779 leges,
1517 2744 1614 2778 atque
1639 2740 1785 2773 adversus
1808 2742 1972 2784 publicam

1099 2773 1288 2820 utilitatem,
1311 2772 1388 2806 fieri.
1427 2775 1648 2821 'Prohibentur
1666 2783 1751 2814 enirn
1769 2785 1894 2824 publica
1910 2787 1966 2818 cri-

1099 2822 1182 2860 mina
1206 2815 1328 2855 legibus
1346 2815 1546 2856 publicorum
1566 2821 1784 2861 judiciorum:'
1799 2834 1854 2864 ae,
1876 2825 1897 2859 fi
1914 2829 1966 2859 ad-

1098 2863 1282 2903 mittantur,
1306 2855 1454 2889 adversus
1471 2863 1646 2902 populum,
1669 2865 1738 2905 vel,
1763 2875 1796 2898 ut
1814 2867 1965 2901 Arcadius

1101 2896 1130 2927 &
1154 2895 1319 2944 Honorius
1345 2899 1545 2944 loquuntur,
1576 2904 1607 2936 in
1631 2907 1773 2939 omnium
1795 2909 1934 2949 Iniuriam
1951 2934 1964 2949 ,
1986 2933 1989 2936 «

1099 2937 1222 2970 admitti
1249 2940 1471 2981 intelliguntur
1492 2943 1512 2974 l.
1531 2954 1559 2984 4.
1585 2945 1613 2987 §.
1635 2955 1658 2978 1.
1686 2948 1718 2979 C.
1747 2950 1780 2980 de
1804 2949 1966 2982 Haeretici]-

1099 2977 1136 3012 &a
1168 2979 1369 3029 Manichaei-s..
1409 2981 1487 3014 Inde
1513 2985 1575 3026 (ut
1599 2986 1798 3027 Justinianus.
1815 2991 1857 3021 ait
1878 2990 1907 3032 §.
1936 3000 1963 3025 1.

1099 3017 1173 3066 Isist.
1200 3022 1234 3052 de
1258 3022 1383 3070 publicis
1400 3024 1547 3067 judiciis)
1569 3031 1719 3061 executio
1740 3030 1822 3071 (five
1843 3032 1965 3064 accusa-

1098 3069 1145 3092 tio
1160 3071 1168 3092 :
1191 3072 1292 3109 exequt
1315 3073 1400 3096 enini
1418 3064 1554 3100 Veteres
1571 3078 1630 3108 pro
1645 3071 1777 3109 accusare
1793 3072 1961 3113 dixerunt,

1099 3102 1230 3135 auctore
1252 3103 1359 3145 Lipfio
1376 3129 1387 3145 ,
1409 3108 1448 3139 ad
1476 3107 1647 3150 Senecam,
1670 3112 1719 3143 De
1740 3110 1899 3152 constantia
1913 3115 1963 3153 sa·

1505 3149 1550 3182 est
1573 3152 1813 3192 uniuscujusque
1843 3154 1884 3186 de
1904 3164 1965 3195 po-

1096 3185 1187 3226 pulo.
1216 3185 1256 3228 ld
1274 3197 1352 3222 vero
1368 3190 1443 3230 quid
1461 3190 1581 3233 efficit,
1600 3193 1674 3232 nili,
1698 3200 1732 3227 ut
1750 3193 1871 3235 legibus
1887 3197 1964 3230 nulli

1916 3247 1971 3276 jus
