2036 3495
320 82 353 117 A
365 93 388 118 D
418 81 514 117 L113.
541 77 627 115 XX.
655 75 757 112 TIT.
785 76 810 111 Ι.
839 75 888 112 De
900 73 1080 122 pignoratis
1098 71 1139 115 ἐξ
1156 65 1346 123 h3pozffeeis:
1372 71 1414 115 ΕΞ
1430 74 1560 123 qualiter
1575 75 1643 122 ἃς..

85 173 356 218 hypothecariam
375 180 435 213 qua
445 170 548 202 dehic
564 168 681 214 agitur:
700 166 783 210 inter
802 165 915 206 pignus
933 164 962 196 ἃ

88 218 306 260 hypothecam
317 221 438 245 tantum
452 211 585 243 nominis
597 210 707 240 ionum
719 205 845 237 differte
857 230 866 243 ,
880 205 962 237 tvai·-

88 269 196 290 ctanus
222 254 447 288 animadvertit
469 253 487 284 l.
510 261 539 293 5.
556 250 630 294 §.⁸1-
644 251 699 294 f)-
719 247 746 278 h·
765 254 786 278 t.
808 257 882 293 ”5¹⁰1
897 248 961 294 huc

85 301 264 341 respicere,
289 294 410 328 indicio
441 294 485 326 est
511 293 695 336 inscriptio,
729 288 885 319 Marciani
910 289 958 320 lib.

88 340 161 383 fing-
187 340 237 371 Ad
268 336 427 375 formulam
448 334 676 378 hyperbatorzam
699 329 884 370 praeferens.
908 330 961 369 Ju-

79 374 233 414 *stinianus
249 381 276 410 d.
294 379 323 420 §.
343 388 372 418 7.
394 374 455 418 [nst
484 376 516 406 de
533 373 639 405 aaron.
666 370 708 402 sic
725 371 831 417 clare,
857 372 886 402 ἂ
903 380 960 418 op-

88 425 162 455 tima
186 421 309 453 ratione
335 427 429 460 quam
453 417 542 458 supra
564 413 637 446 dedi
666 412 721 444 sub
747 411 806 444 th.
834 412 883 444 De
896 419 961 454 prg-

88 470 181 497 πει-αι.
198 462 254 495 abl.
802 496 808 502 ,
919 495 924 500 ,

132 508 229 547 igitur
255 504 367 544 pignus
391 495 454 532 five
487 494 674 539 hypotheca
700 494 848 537 (proprus
875 502 960 541 enirn

86 548 313 580 considerantia
338 543 406 573 haec
433 539 522 579 sunt)
539 538 584 570 est
608 548 658 570 res
675 547 732 577 pro
750 540 859 569 debito
876 536 955 582 obli-

87 598 169 630 gata.
195 588 225 618 id
244 593 320 616 vero
335 590 369 614 ut
385 581 439 619 sit,
465 581 585 613 Praetor
612 578 790 618 desiderat,
815 578 957 622 debitam

85 629 150 661 effe
170 625 351 669 pecuniam,
370 624 399 656 &
417 631 476 663 pro
493 621 543 654 illa
561 621 679 661 aliquid
690 619 752 651 effe
769 620 956 660 obligatum.

87 672 222 709 primum
241 667 328 703 vult,
351 664 496 697 debitum
512 661 590 708 esse:
616 663 645 694 ἃ
663 662 769 706 reete:
792 669 865 692 nam
885 669 957 692 cum

87 712 118 743 io
129 713 274 750 majorem
284 707 484 740 securitatem
494 705 666 745 accipiatur
677 712 789 744 pignus
798 709 940 748 :apparet
949 724 960 741 ‚

89 750 226 794 pignoris
245 747 476 789 obligationem
494 746 555 778 esse
571 744 782 776 accessionem
802 752 957 784 principa-

88 796 124 826 lis
141 790 363 833 obligationis:
387 791 528 828 ideoque
548 787 635 831 illam
657 785 720 817 fine
736 785 796 830 lrac
811 784 874 816 esse
892 793 958 829 non

88 834 186 876 posse.
214 837 283 865 iane
310 832 388 872 quid
411 839 517 871 opus,
541 837 636 869 quaerr
661 827 882 872 securitatem,
901 825 955 856 ubi

90 875 200 909 deficit
216 876 248 906 id
258 873 345 914 cujus
356 868 705 903 securitatistudeatur‘?
729 877 779 899 res
795 869 955 908 loquitur:

90 928 128 949 ac
144 918 228 948 clare
243 914 380 947 Severus
399 914 428 944 &
447 912 624 944 Antoninus
641 910 660 941 l.
681 919 708 941 1.
726 909 758 941 C.
778 910 812 940 de
827 918 885 940 non
902 917 956 955 rm·

90 964 192 991 metat.
224 964 328 997 pecten.
362 953 466 986 verbis
490 952 692 995 sequentibus
709 959 715 981 1
746 951 780 981 Si
804 958 958 996 pecuniam

91 1001 144 1032 tibi
159 1009 217 1030 non
232 997 283 1038 effe
304 1002 501 1033 numeratam,
523 1001 609 1035 acque
630 994 690 1024 ideo
706 989 824 1037 frustra
846 997 958 1023 cauno·

91 1051 157 1073 nem
171 1039 297 1080 emzffam
313 1038 435 1077 adseris,
453 1036 489 1071 ὅ)
501 1038 608 1077 pignus
623 1035 724 1081 darunt
741 1035 792 1080 (ad
810 1032 873 1072 est,
898 1040 957 1064 tra-

92 1084 216 1120 ditum)
237 1081 415 1121 probaturus
435 1088 462 1109 es
470 1090 480 1115 ς
504 1080 534 1108 in
557 1086 615 1107 rem
629 1082 752 1116 experzrz
771 1080 867 1122 potes.-
889 1083 958 1105 nam

93 1126 216 1155 interimo
231 1122 294 1153 dati
314 1121 462 1162 pignoris,
485 1128 535 1150 nec
558 1123 716 1149 numerum
727 1123 877 1157 pecuum,
900 1125 956 1146 non

93 1165 177 1196 altrei·
192 1164 315 1200 tenebit,
337 1160 458 1203 quamfi
473 1163 505 1191 cie
517 1159 577 1200 fide
599 1159 686 1189 flebili
707 1155 871 1198 constiterit.
895 1156 957 1188 Ea-

93 1209 212 1246 demque
228 1205 338 1234 ratione
353 1203 462 1234 veritas
477 1204 631 1241 servetur,
648 1198 676 1238 fi
699 1203 725 1230 te
745 1196 957 1245 Pvffidenlepi·

92 1256 171 1289 gnus
190 1246 372 1284 adversarius
389 1253 470 1286 agere
484 1249 552 1274 tuus
569 1244 690 1282 caeperz‘t.
722 1239 960 1286 Sicillizqetiatn

94 1289 236 1319 bcaevola
254 1287 272 1317 l.
291 1296 341 1326 31.
361 1286 406 1316 J).
429 1285 457 1315 h.
476 1291 495 1315 t.
513 1293 581 1315 nain
609 1280 757 1323 quaefito,
781 1290 818 1312 an
838 1290 960 1322 pignori

93 1329 180 1363 recte
196 1329 285 1359 datus
301 1327 337 1360 stt
355 1325 470 1357 fundus
486 1325 582 1356 vectis
593 1323 665 1354 alis:
687 1322 717 1367 Si
729 1344 739 1360 ,
761 1322 882 1362 inquit,
906 1331 960 1363 pe-

95 1371 188 1401 cunia
208 1367 394 1404 interceffit,
420 1375 532 1406 pignus
547 1366 576 1396 es
595 1388 600 1396 .
624 1362 773 1405 fignificat
793 1372 917 1402 autem,
941 1363 960 1397 si

94 1410 230 1451 pecunia
246 1410 318 1440 dara
335 1407 379 1439 est
396 1416 520 1445 mutua,
537 1405 599 1438 five
617 1404 637 1436 fi
654 1404 698 1436 est
716 1404 889 1444 principale
906 1407 958 1437 de·

94 1452 215 1489 bitum,
238 1450 348 1491 pigre-2
364 1449 436 1481 effe.
453 1450 502 1480 Ab
520 1449 631 1479 eadem
649 1446 737 1477 causa
753 1447 794 1477 ait
810 1445 961 1488 Trypho-

94 1494 189 1526 ninus
206 1492 264 1523 inl.
281 1501 329 1532 33.
348 1491 394 1521 I).
410 1492 436 1521 h.
456 1497 477 1521 r.
496 1489 515 1520 si
535 1489 647 1530 pignus
663 1489 735 1519 dedi
751 1485 844 1519 Titio
862 1488 959 1529 stipu-

96 1534 207 1567 lationi
223 1539 344 1563 tantum
362 1531 524 1562 solutionis
541 1531 637 1570 gratia
647 1529 788 1569 adjefio,
829 1530 892 1561 offe
909 1539 961 1562 me

97 1574 233 1610 aT'itio,
251 1573 321 1610 quia
332 1571 446 1604 einihil
462 1572 614 1608 debetur,
630 1570 780 1610 &pignus
809 1579 860 1601 ine
878 1572 960 1611 prin-

98 1615 190 1656 cipali
216 1614 326 1645 debito
350 1622 414 1644 non
440 1614 523 1644 valet
539 1635 548 1650 ,
579 1612 610 1642 id
634 1619 800 1651 repetere,
823 1611 876 1644 etsi
903 1621 967 1644 non

97 1665 183 1688 iacta
198 1656 298 1686 soluti(
313 1663 363 1685 ne.
382 1654 477 1695 Atqui
495 1652 616 1694 possum
632 1652 661 1684 ei
677 1653 817 1697 solvere3
841 1654 869 1685 ὅ(
888 1654 967 1685 ΓοΙιιὁ

99 1707 166 1729 tuni
182 1706 245 1729 non
266 1694 388 1736 pcvfl'um
414 1703 570 1736 repetere.
594 1694 654 1725 Sed
682 1704 745 1725 non
762 1694 883 1727 idcirco
901 1696 965 1727 hoc

97 1738 156 1776 fi‹;
179 1738 267 1777 quod
294 1739 431 1768 solutum
458 1736 504 1768 est
527 1735 581 1776 ipfi
606 1736 769 1774 debitum3
799 1735 851 1766 sed
879 1738 964 1776 quod

98 1779 292 1819 stipulatoris
326 1778 470 1810 debitum
499 1778 528 1809 ei
559 1776 604 1809 est
632 1776 769 1809 solutum
791 1775 964 1817 secundum

98 1820 225 1862 Legem
242 1819 463 1860 stipulationis.

139 1861 255 1904 Igitur,
278 1868 313 1892 ut
328 1861 432 1892 valeat
447 1861 579 1902 pignus,
602 1859 738 1901 postulat
753 1861 891 1900 Praetor,
914 1861 966 1893 de·

98 1904 170 1936 bito
198 1903 364 1934 accedere.
397 1900 492 1945 Quali
511 1901 529 1934 ἱ)
569 1902 647 1933 nihil
669 1901 768 1934 refert
795 1902 941 1934 Praetoris
957 1912 966 1934 ε

99 1954 166 1977 non
183 1945 267 1976 enim
286 1943 467 1984 distinguit,
490 1951 594 1974 utrum
614 1942 649 1974 sit
665 1953 707 1975 ex
725 1945 909 1983 contractu,
928 1952 967 1975 an

99 1996 139 2017 ex
151 1985 310 2017 maleficio
319 2007 329 2024 ,
341 1984 370 2016 ὅ(
381 1993 520 2024 utroque
535 1994 613 2016 vero
623 1984 673 2016 vel
684 1985 778 2025 quasi.
797 1994 860 2017 non
871 1985 968 2027 magis

95 2025 199 2059 refert
214 2026 300 2068 eJus‚
324 2033 426 2058 utrum
444 2025 480 2058 fit
495 2025 591 2057 civile
608 2025 638 2057 ἃ
655 2027 796 2059 naturale
812 2026 899 2058 sitnul
910 2036 965 2066 ,an

99 2068 242 2101 naturale
260 2074 383 2099 tantum
403 2065 551 2108 l.5.D.b.
563 2073 584 2100 t.
601 2076 673 2099 narn
689 2068 740 2100 vel
752 2068 816 2100 hoc
826 2068 870 2100 est
881 2068 966 2100 debi-

99 2116 385 2149 tum‚quamquam
397 2109 549 2140 abinvito
558 2118 623 2140 non
643 2109 748 2149 potest
766 2110 867 2151 exigi:
882 2110 967 2142 este—

100 2151 166 2182 nim
177 2149 246 2182 satis
256 2174 267 2190 ,
275 2150 410 2182 solutum
419 2159 483 2182 non
493 2149 580 2190 posse
590 2152 690 2191 repeti
702 2174 712 2190 ,
722 2159 756 2182 ut
766 2150 967 2183 securitatem

99 2190 243 2232 accipiat.
266 2191 384 2232 quodsi
400 2199 521 2223 tantum
531 2191 643 2233 fitjure
660 2192 900 2224 civilidebitum
912 2215 921 2231 ,
938 2192 969 2224 in

100 2243 143 2264 eo
160 2233 243 2264 aliud
257 2232 305 2273 J'us
324 2232 385 2264 est:
399 2233 471 2271 quia
481 2239 516 2263 ut
532 2233 631 2272 pariat
647 2233 801 2265 actionem
817 2234 886 2274 jure
902 2234 971 2265 sub·

99 2274 168 2313 tili,
193 2281 298 2306 tamen
326 2274 449 2314 objecta
474 2274 504 2305 ei
526 2274 739 2314 exceptione,
762 2274 806 2306 est
822 2276 972 2315 perinde,

102 2325 140 2347 ac
155 2315 176 2347 si
194 2325 258 2347 non
276 2314 353 2347 effer
370 2315 512 2347 debitum
528 2315 585 2355 l.3.
600 2315 629 2356 §.
651 2324 678 2347 1.
694 2314 736 2347 D.
751 2317 784 2347 de
798 2315 910 2355 constit.
921 2323 971 2357 pe-

101 2366 170 2388 cun.
189 2366 285 2397 quare
301 2358 328 2388 ot
347 2356 483 2388 solutum
502 2359 604 2396 repeti
622 2356 744 2397 potest:
759 2366 819 2388 nec
836 2356 880 2388 est
897 2366 971 2390 cau·

99 2397 131 2429 sa
146 2398 300 2439 pignoris,
325 2397 377 2429 ubi
390 2407 455 2429 non
473 2396 517 2429 est
534 2397 623 2428 causa
642 2397 823 2430 securitatis.
847 2397 971 2430 Postre-

99 2448 156 2472 mo
175 2449 234 2470 non
255 2438 373 2477 refert3
397 2446 501 2470 utrum
520 2438 662 2470 debitum
679 2438 714 2471 sit
730 2448 863 2479 purum,
885 2449 922 2471 an
940 2439 971 2471 iu

101 2481 184 2511 diem
196 2503 206 2518 ,
230 2481 279 2510 vel
300 2479 353 2512 sub
370 2480 566 2512 conditione.
590 2489 661 2512 nam
678 2481 708 2511 in
726 2489 807 2521 puro
833 2481 899 2512 dies
916 2481 971 2512 sta-

102 2521 158 2552 tim
178 2521 265 2552 ceffit
279 2522 309 2553 ἀ
326 2521 424 2554 venit.
448 2520 499 2553 ubi
517 2520 547 2552 in
563 2521 647 2554 diem
664 2522 817 2561 debetur,
833 2521 888 2553 etsi
905 2531 970 2554 non

102 2562 194 2591 veuit
209 2563 293 2599 dies,
318 2570 422 2594 tamen
448 2562 547 2594 cessit.
571 2564 658 2603 quod
674 2563 695 2595 si
711 2563 764 2594 sub
779 2563 969 2596 conditione

104 2600 142 2634 sit
163 2601 304 2646 debitum
321 2625 331 2640 ,
360 2603 494 2636 dubitari
520 2604 622 2645 potest
641 2627 650 2643 ‚
680 2606 752 2645 quia
776 2606 844 2636 dies
868 2612 966 2644 ante,

106 2651 200 2679 quarn
217 2642 495 2683 existitconditio,
511 2654 576 2677 non
595 2647 694 2677 modo
709 2655 774 2678 non
793 2645 900 2684 venit,
918 2645 971 2678 sed

106 2694 167 2716 nec
190 2684 286 2716 cessit.
310 2683 434 2717 interim
456 2694 560 2718 tamen
587 2687 632 2718 est
649 2686 717 2727 spes
736 2687 881 2719 debitum
896 2687 933 2719 iri
950 2688 970 2718 l.

105 2736 176 2767 213·
201 2726 248 2760 l).
271 2726 305 2756 de
325 2727 404 2756 verb.
420 2725 498 2768 fign.
522 2727 619 2760 fuerit
637 2729 730 2769 igitur
749 2728 897 2767 rationis,
921 2729 973 2760 vel

106 2767 159 2798 hic
175 2767 287 2807 pignus
303 2767 444 2806 accipiin
460 2767 658 2801 securitatem
678 2770 760 2811 spei:
775 2770 828 2801 etsi
838 2779 903 2802 non
919 2769 970 2801 ali-

108 2817 140 2839 as
163 2815 270 2838 tet-eat
296 2810 427 2848 pignuS,
456 2817 549 2847 quani
573 2811 728 2843 existente
755 2810 969 2843 conditione:

109 2848 181 2890 quia
200 2856 265 2880 tvm
284 2850 413 2880 demum
431 2848 475 2880 est
493 2850 634 2883 debitum
652 2853 672 2884 l.
689 2863 718 2894 5.
737 2852 779 2885 D.
796 2853 824 2884 h.
841 2858 864 2884 t.

149 2889 226 2921 Non
243 2889 287 2921 est
299 2889 430 2921 Praetori
446 2889 535 2930 satis,
551 2891 690 2925 debitam
710 2894 772 2926 effe
782 2895 968 2934 pecuniam:

105 2940 258 2971 praeterea
283 2931 370 2969 vult,
394 2931 512 2971 aliquid
527 2941 586 2972 pro
607 2944 644 2966 ea
658 2935 720 2967 effe
738 2936 924 2977 obligatum·
940 2935 980 2967 &¹

108 2974 174 3005 hoc
198 2971 299 3004 recte:
322 2982 394 3005 nam
419 2972 439 3004 si
463 2973 597 3006 debetur
615 2975 742 3016 quidem
760 2977 896 3017 aliquid,
920 2977 973 3008 sed

105 3014 183 3047 nihil
201 3023 260 3054 pto
276 3013 387 3045 debito
402 3013 438 3046 sit
453 3014 648 3055 obligatum:
672 3017 735 3059 ipse
760 3018 889 3050 debitor
906 3028 976 3059 per·

108 3055 203 3088 sonali
221 3055 347 3086 actione
363 3062 491 3087 tenetur
507 3065 547 3087 ex
564 3065 694 3097 mutuo,
718 3068 770 3090 aut
794 3069 834 3091 ex
852 3060 977 3100 stipula-

111 3104 164 3134 tu,
179 3096 267 3128 verbi
285 3095 402 3138 gratia:
417 3096 468 3128 sed
485 3097 551 3138 ejus
570 3098 653 3131 bona
671 3099 739 3131 sunt
754 3110 771 3131 a
788 3103 922 3141 pignore
939 3102 973 3133 li-

108 3138 193 3171 bera.
209 3138 239 3169 id
257 3138 388 3169 naturali
406 3140 529 3170 ratione
547 3140 749 3183 intelligitur:
765 3141 817 3173 sed
834 3143 910 3182 quid
921 3152 988 3174 ve->

109 3179 287 3253 tatforirdeyl
307 3178 425 3214 firmari
452 3179 643 3219 auctoritate
664 3185 685 3216 l.
713 3192 762 3224 17.
787 3183 866 3219 C.h.
887 3189 908 3218 t.
933 3183 970 3219 In

1812 69 1881 132 335

1009 171 1069 205 qua
1095 165 1290 204 proponitur
1314 165 1459 206 quaedam
1485 164 1601 197 Pontia
1625 164 1715 199 frati-i
1734 174 1879 201 mutuant

1004 205 1123 237 dedisl'e
1139 207 1315 252 pecuniam.
1332 207 1430 240 frater
1444 207 1558 246 dicitur
1568 216 1608 240 ex
1623 217 1659 241 ea
1675 208 1781 241 ernisse
1798 219 1878 250 plica

1005 248 1103 279 diurn.
1129 247 1228 279 tratre
1245 249 1362 281 deinde
1384 248 1523 281 ceffante
1546 248 1577 281 in
1600 249 1802 283 restitutione
1823 261 1877 292 pc-

1002 289 1102 320 cuniae
1119 289 1269 328 creditae,
1292 298 1384 331 rogat
1400 289 1513 322 Pontia
1537 289 1750 332 imperatores
1767 302 1824 333 pei·
1841 293 1877 324 li·

1003 329 1142 367 bellumg
1158 339 1195 362 an
1205 330 1402 371 eiintegrurn
1413 330 1468 370 sit,
1483 332 1551 372 jure
1567 333 1707 375 pignoris
1727 335 1871 374 persequi

1003 373 1177 410 praedium,
1201 380 1217 402 a
1242 370 1341 403 fratrc
1364 382 1404 404 ert
1422 373 1555 413 pecunia
1571 384 1586 405 a
1606 376 1635 406 se
1651 376 1770 406 credita
1787 383 1845 407 con
1862 390 1874 400 ο

1004 419 1156 452 paratum.
1169 413 1244 452 quid
1255 412 1469 454 Imperatores
1479 413 1497 446 Ῥ
1508 412 1549 445 sic
1558 416 1748 448 rescribunt:
1761 416 1875 460 Quarti-

1003 462 1051 484 vis
1066 462 1097 483 eci
1110 455 1234 493 Jecunia
1246 477 1254 491 ‚
1271 462 1358 495 quam
1374 460 1428 486 ate
1444 461 1542 486 mutuo
1552 456 1729 495 fraternam
1745 459 1850 500 accepit
1863 481 1877 497 ‚

1003 496 1212 535 comparaverit
1223 496 1383 536 praediunr,·
1407 501 1501 527 tamon
1520 497 1574 536 1⁵13st
1581 500 1746 539 specialiter
1762 501 1879 542 vergea

1001 535 1136 567 nercaliter
1152 538 1201 568 boc
1219 538 1271 567 tibi
1288 537 1474 578 obligaverit,
1499 541 1554 569 tuae
1566 541 1697 578 pecunie
1712 543 1876 572 numeratio

1001 579 1031 608 in
1046 579 1161 613 caulam
1176 579 1307 619 pignoris
1323 586 1380 609 non
1395 579 1528 610 deduxit.
1543 583 1612 617 sane
1624 582 1768 620 peryoncili
1784 581 1875 614 aetio-

1001 628 1036 650 ηε
1054 620 1179 650 debiturn
1199 620 1277 660 apud
1295 619 1446 658 Praeficlem
1456 625 1550 660 petere
1566 623 1797 660 rzonprooiberis.
1817 623 1878 665 lgi-

1004 669 1054 692 tur
1070 669 1102 691 ut
1115 661 1228 702 pignus
1245 660 1301 700 sit,
1323 670 1387 692 non
1408 662 1508 693 modo
1525 662 1669 694 debitum
1694 662 1756 694 ess‘e
1774 674 1874 701 opor-

1005 710 1071 741 tet3
1095 701 1146 733 sed
1169 711 1322 742 praeterea
1338 703 1436 734 debet
1454 712 1503 734 res
1518 703 1667 735 creditori
1685 713 1743 744 pro
1761 705 1875 736 ‹it-bito

1003 744 1140 784 obligata
1157 742 1230 775 esse.
1268 743 1346 787 Quo
1366 745 1463 776 modo
1474 743 1491 776 ἓ)
1515 745 1555 776 ait
1574 745 1715 778 Praetorz
1740 746 1826 789 Quod
1843 753 1879 777 ste

1000 794 1030 816 eo
1045 785 1181 816 convenio
1196 795 1262 816 cum
1276 795 1306 816 eo
1326 787 1410 827 cujus
1429 787 1459 817 in
1476 788 1554 817 bonis
1570 795 1614 817 res
1628 792 1699 819 erat.
1725 788 1803 819 Vult
1821 788 1878 828 igi-¹

1001 834 1052 857 tur
1067 825 1207 860 Praetor.
1226 834 1260 857 ut
1275 836 1323 857 res
1341 827 1466 868 pignori
1484 827 1539 867 sit,
1557 826 1597 859 de
1615 836 1657 860 eo
1675 836 1879 861 conventum

1000 867 1077 899 ess'e:
1100 876 1160 898 nec
1177 868 1248 907 plus
1267 867 1432 900 desiderat.
1458 869 1549 900 Adeo
1565 871 1618 901 dat
1635 871 1764 902 utilitati
1779 879 1880 910 expe-

1001 908 1184 940 diendarum
1203 917 1307 939 rerum
1322 931 1331 943 .,
1354 917 1394 940 ne
1409 918 1488 951 opus
1507 910 1543 942 sit
1560 918 1669 943 vetere
1688 912 1718 944 ὅτ
1735 911 1879 944 molesto

1000 950 1132 982 circuitu
1143 949 1287 981 ceffionis
1299 950 1407 992 injure
1417 952 1499 992 apud
1510 952 1684 985 Praetorern
1697 977 1706 992 ,
1720 954 1770 985 vel
1787 962 1879 985 man-0

1001 992 1171 1030 crpationis
1188 990 1337 1024 adhibitis
1362 993 1505 1033 quinque
1521 993 1651 1026 testibus
1669 994 1793 1027 civibus
1809 994 1877 1026 Ro-

1001 1033 1101 1065 manis
1121 1033 1312 1074 puberibus,
1330 1042 1445 1075 praeter
1462 1034 1693 1076 libripendem,
1712 1037 1741 1069 &
1757 1037 1877 1068 verbo-

1001 1085 1068 1106 rum
1088 1074 1337 1112 solemnitatem,
1364 1076 1439 1108 item
1458 1076 1652 1116 praesentiam
1670 1078 1878 1119 personarum

999 1116 1256 1148 contrahentium
1273 1139 1283 1155 ‚
1306 1117 1400 1157 plane
1429 1118 1671 1157 supervacuam:
1693 1120 1734 1152 de
1759 1119 1879 1161 quibus

1002 1157 1089 1198 supra
1107 1156 1225 1189 monui.
1249 1157 1371 1190 Contra
1391 1156 1504 1191 sufficit
1520 1160 1671 1200 Praetori,
1687 1163 1801 1202 pignus
1811 1159 1878 1193 sive

1004 1199 1223 1241 hypothecam
1236 1199 1481 1232 constituinutlo
1497 1202 1606 1241 ρεέὶο,
1618 1201 1681 1234 five
1699 1203 1783 1234 nuda
1799 1211 1878 1234 con·

1004 1244 1159 1272 ventione
1173 1240 1408 1282 qualicumque.
1435 1240 1878 1283 HacrationeGajusl.4.D.

1005 1283 1032 1313 b.
1045 1289 1065 1313 z.
1085 1283 1295 1321 contrabitur,
1313 1281 1416 1323 inquit
1429 1283 1603 1324 ‚hypotheca
1615 1291 1667 1325 per
1680 1283 1801 1325 pubium
1810 1294 1879 1316 cond

1004 1329 1125 1355 ventum
1137 1348 1145 1361 ‚
1158 1334 1223 1355 cnm
1239 1326 1304 1365 quis
1316 1323 1482 1365 pacisbatm
1493 1347 1502 1363 ‚
1512 1330 1545 1356 ut
1561 1334 1605 1356 res
1620 1326 1682 1367 ejus
1687 1332 1805 1367 propter
1821 1326 1878 1357 ali-

1003 1375 1089 1406 quam
1113 1366 1312 1406 obligationem
1326 1364 1390 1407 fint
1413 1366 1572 1407 hypothecae
1595 1368 1708 1398 nomine
1732 1367 1874 1408 obligata».

1003 1407 1069 1439 Nec
1093 1408 1130 1438 ad
1155 1416 1212 1437 rem
1231 1408 1356 1448 pertinet
1378 1408 1483 1448 quibus
1495 1407 1661 1448 fitverbis:
1677 1407 1768 1447 ficati
1782 1406 1819 1448 est
1838 1407 1877 1443 ὅ)

1001 1450 1032 1479 in
1049 1449 1092 1480 bis
1111 1449 1329 1489 obligationibus
1337 1458 1399 1488 quae
1415 1448 1549 1489 consensu
1566 1451 1786 1482 contrabuntur.
1804 1447 1880 1482 Nee

1003 1489 1105 1522 minus
1121 1499 1196 1521 vere
1212 1488 1317 1522 addit:
1335 1490 1375 1520 Et
1389 1489 1449 1521 ideo
1466 1489 1752 1531 &finesbriptura,
1768 1490 1798 1529 fi
1812 1501 1880 1523 con-

1004 1532 1107 1570 venir,
1131 1537 1164 1562 ut
1185 1531 1342 1571 hypothecae
1351 1530 1412 1570 sit,
1437 1530 1474 1565 &⁹
1486 1533 1602 1572 probari
1614 1533 1742 1572 poterit,
1767 1540 1811 1563 res
1830 1534 1880 1564 ob-

1009 1571 1101 1614 ligata
1122 1573 1191 1610 erit,
1217 1574 1250 1603 tle
1274 1582 1333 1614 qua
1354 1574 1541 1604 conveniunt.
1565 1572 1637 1616 Qua
1664 1574 1813 1606 ratione?
1837 1573 1882 1606 fic

1009 1616 1068 1645 ait:
1092 1613 1180 1644 Rom
1197 1614 1270 1644 enim
1287 1616 1319 1645 de
1334 1613 1378 1645 his
1392 1615 1558 1654 scripturae,
1575 1622 1608 1645 ‘ut
1626 1616 1701 1656 quod
1716 1614 1882 1656 aftumist,

1003 1663 1057 1696 per
1070 1664 1113 1686 eos
1121 1656 1245 1695 facilius
1259 1656 1371 1696 probari
1379 1654 1479 1697 poffic:
1504 1655 1540 1691 ὃ)
1549 1654 1613 1695 fine
1628 1656 1672 1687 bis
1687 1663 1783 1688 autem
1800 1657 1883 1689 valeo

1007 1698 1081 1739 quod
1098 1696 1195 1728 aetum
1210 1694 1302 1737 est‚fi
1317 1697 1418 1728 babeat
1429 1698 1644 1738 probationem.-
1659 1696 1738 1736 sicut
1754 1697 1790 1733 {9⁹
1806 1706 1884 1739 nup-2

1008 1739 1137 1778 tioesum
1153 1761 1162 1777 ‚
1179 1738 1242 1769 licet
1258 1736 1419 1779 testationes
1435 1739 1594 1780 inscriptis
1609 1739 1711 1770 habim
1728 1749 1785 1771 non
1794 1738 1881 1780 sunt.

1008 1779 1159 1812 Similiter
1192 1788 1264 1811 cum
1292 1787 1375 1812 inter
1398 1779 1568 1820 absentes,
1598 1789 1689 1821 aeque
1713 1780 1885 1813 conveniri

1009 1821 1122 1862 possit,
1145 1828 1243 1861 atque
1266 1819 1349 1853 inter
1370 1822 1560 1862 praesente5‚
1584 1818 1790 1854 Modestinus
1806 1822 1882 1862 (lib.

1008 1873 1038 1904 3.
1055 1861 1265 1904 Regularum,
1289 1863 1373 1895 unde
1385 1862 1430 1895 est
1445 1863 1465 1896 l.
1484 1872 1533 1905 23.
1549 1860 1579 1905 §.
1605 1871 1632 1896 1.
1651 1864 1698 1896 D.
1717 1864 1745 1895 b.
1762 1863 1806 1904 t.)
1816 1873 1885 1896 non

1009 1905 1065 1936 abs
1093 1913 1149 1942 re,
1176 1904 1331 1947 Pignorz‘s,
1357 1902 1460 1945 inquit
1483 1905 1616 1946 obligatio
1639 1906 1726 1937 etiam
1741 1905 1818 1937 inter
1834 1906 1885 1937 ab·

1004 1947 1097 1985 firmes
1112 1945 1185 1976 reete
1199 1955 1236 1977 ex
1251 1946 1418 1978 contractu
1434 1947 1588 1988 obligatur.
1605 1945 1654 1978 Sic
1670 1946 1715 1978 est
1732 1947 1763 1978 in
1780 1947 1887 1979 omni‘

1009 1986 1067 2019 bus
1090 1986 1302 2025 editionibus,
1326 1987 1422 2020 etiam
1445 1987 1637 2027 Florentiae,
1660 1997 1698 2019 ex
1718 1987 1884 2021 contrasta-

1010 2027 1110 2060 Male.
1134 2038 1184 2060 res
1210 2028 1349 2069 postulat
1364 2052 1374 2068 ‚
1395 2038 1432 2061 ex
1455 2031 1651 2062 conventione.
1675 2030 1752 2061 illud
1774 2039 1854 2062 vero
1871 2052 1887 2069 ‚

1010 2079 1047 2101 ex
1059 2069 1228 2107 commotu,
1253 2070 1329 2101 rnihi
1347 2070 1474 2102 videtur
1494 2070 1557 2103 ess'e
1581 2071 1693 2103 vitium
1709 2070 1890 2113 incogitata-1

1013 2114 1063 2142 tiae
1092 2111 1184 2150 ipsius
1215 2110 1404 2143 Modestini.
1436 2112 1466 2144 δε
1500 2112 1680 2153 hujusmodi
1711 2111 1786 2144 vitia
1809 2113 1888 2146 olim

1012 2154 1179 2193 complura
1195 2152 1364 2185 observavi
1388 2153 1436 2185 lib.
1459 2160 1485 2185 1.
1504 2154 1648 2186 Probabil.
1667 2163 1692 2186 c.
1709 2163 1739 2191 9.
1768 2153 1888 2195 quibus

1014 2194 1079 2226 hoc
1096 2203 1182 2226 nunc
1205 2194 1300 2226 addo.
1346 2193 1560 2227 Constituitur
1584 2196 1677 2237 igitur
1694 2195 1885 2237 hypotheca

1015 2235 1178 2267 manifesta
1201 2236 1433 2268 conventione.
1458 2236 1507 2269 An
1530 2236 1561 2268 ἃ
1587 2236 1712 2268 tacita?
1735 2237 1812 2278 quid
1827 2236 1890 2272 ni‘?

1016 2276 1135 2318 quippe
1151 2286 1226 2308 cum
1242 2277 1409 2310 consensus
1423 2287 1486 2310 non
1497 2277 1601 2310 minus
1612 2286 1652 2309 ex
1669 2277 1802 2310 rebus&
1819 2278 1890 2309 fae-

1016 2320 1073 2357 tis,
1097 2326 1194 2358 atque
1222 2327 1262 2350 ex
1285 2319 1390 2351 verbis
1407 2341 1418 2356 .
1450 2325 1503 2350 aut
1521 2320 1659 2357 nuncio,
1682 2326 1735 2351 aut
1754 2318 1891 2360 epistola

1014 2359 1213 2400 intelligitur.
1256 2358 1311 2391 Ne
1329 2369 1379 2392 res
1391 2359 1457 2392 fine
1471 2360 1623 2401 exemplo
1641 2359 1675 2392 sit
1691 2384 1702 2400 ,
1726 2370 1889 2402 apponam

1015 2399 1182 2441 pulchrum
1206 2410 1247 2433 ex
1269 2400 1290 2432 l.
1313 2411 1344 2442 5.
1368 2401 1399 2446 §.
1423 2410 1453 2433 2.
1477 2400 1520 2433 D.
1538 2401 1575 2433 In
1599 2402 1677 2444 quib.
1703 2403 1779 2443 causi
1802 2405 1888 2444 pigri.

1015 2442 1097 2472 tacit.
1121 2440 1230 2473 Titius
1253 2450 1320 2474 rem
1345 2442 1478 2474 ahenam
1495 2442 1648 2484 obligavit
1665 2442 1800 2485 pignori.
1824 2444 1892 2477 tale

1014 2483 1128 2523 pignus
1150 2491 1214 2514 non
1234 2483 1320 2515 valet
1338 2483 1368 2514 vi
1390 2483 1481 2524 hujus
1504 2483 1621 2517 Edicti.
1643 2485 1761 2517 deinde
1783 2485 1891 2518 domi-

1014 2533 1072 2556 nus
1089 2524 1157 2566 ejus
1175 2524 1218 2555 rei
1243 2533 1303 2564 pro
1325 2522 1421 2556 Titio
1443 2524 1608 2566 fidejubet.
1639 2534 1730 2566 putat
1750 2525 1892 2566 Marcia-

1012 2574 1072 2598 nus
1090 2588 1101 2605 ,
1132 2574 1173 2596 ex
1199 2565 1259 2596 hac
1283 2564 1480 2606 fidejussione
1504 2565 1661 2600 firmatum
1687 2567 1821 2610 intelligi
1842 2569 1889 2608 pi-

1010 2616 1110 2648 gnus,
1135 2607 1219 2647 quod
1236 2614 1310 2639 ante
1333 2615 1400 2639 erat
1425 2608 1609 2640 invalidum.
1650 2608 1749 2651 Atqui
1773 2613 1888 2651 pignus

1015 2650 1144 2680 demum
1164 2648 1299 2680 nascitur
1314 2657 1356 2680 ex
1377 2650 1614 2682 conventione:
1637 2659 1705 2687 quae
1723 2651 1753 2683 in
1772 2659 1888 2691 propo-

1014 2688 1074 2721 fito
1090 2690 1175 2721 nulla
1191 2689 1304 2731 liquet.
1327 2699 1392 2722 non
1408 2700 1513 2732 nego:
1535 2699 1605 2722 nam
1623 2691 1670 2724 rei
1685 2692 1833 2724 dominus
1849 2691 1889 2722 fi-

1014 2731 1200 2775 dejtibendo
1214 2732 1344 2771 quidem
1360 2733 1426 2772 egit
1436 2735 1476 2764 de
1484 2732 1654 2774 obliganda
1666 2733 1797 2774 persona
1815 2731 1886 2771 sua;

1014 2772 1066 2803 sed
1082 2772 1122 2803 de
1137 2772 1307 2813 obliganda
1322 2783 1356 2805 re
1374 2773 1424 2805 sua
1440 2774 1516 2806 nihil
1535 2775 1611 2816 egit.
1626 2775 1668 2806 ita
1686 2774 1704 2804 si
1724 2774 1803 2804 intra
1817 2782 1888 2805 ver-

1015 2814 1053 2844 ba
1063 2812 1266 2846 subsistamus.
1283 2814 1336 2846 sed
1347 2814 1528 2848 Marcianus
1538 2815 1636 2857 magis
1647 2815 1685 2845 ad
1695 2822 1760 2845 rem
1773 2836 1781 2850 ‚
1792 2822 1889 2854 quam

1012 2855 1052 2886 ad
1067 2853 1163 2885 verba
1183 2856 1369 2896 attendens,
1392 2856 1539 2898 opinatur
1551 2857 1713 2889 dominum
1740 2854 1805 2885 hoc
1820 2855 1890 2896 ipso

1014 2895 1102 2936 quod
1119 2895 1292 2937 fidejubet,
1316 2899 1558 2939 quodammodo
1573 2896 1739 2935 mandare,
1756 2905 1823 2927 rem
1840 2897 1891 2928 su-

1014 2946 1064 2969 am
1081 2936 1143 2969 effe
1161 2938 1351 2980 obligatam:
1370 2948 1469 2981 puto,
1481 2939 1566 2980 quod
1584 2938 1652 2978 plus
1670 2937 1803 2973 volens,
1821 2947 1888 2971 non

1018 2977 1145 3010 videtur
1159 2980 1261 3019 nolle,
1284 2982 1371 3021 quod
1389 2981 1433 3014 est
1457 2982 1570 3013 minus.
1601 2978 1670 3018 plus
1693 2977 1758 3017 est,
1782 2979 1890 3018 perso·

1018 3029 1090 3052 nam
1107 3019 1325 3058 suam3minus
1335 3022 1398 3062 est,
1410 3032 1476 3055 rem
1494 3021 1575 3051 suam
1594 3019 1746 3064 obligare.
1770 3019 1889 3053 Domi·

1019 3070 1078 3093 nus
1098 3062 1193 3104 igitur
1210 3064 1253 3095 rei
1265 3063 1382 3096 aTitio
1401 3063 1490 3095 nullo
1503 3062 1571 3100 jure
1587 3059 1754 3100 obligatae,
1772 3062 1896 3103 eo'ipso-

1018 3103 1105 3144 quod
1123 3104 1291 3145 personam
1311 3105 1394 3137 suam
1405 3101 1609 3142 fidejubendo
1627 3101 1769 3144 obligat,
1792 3103 1892 3137 etiam

1015 3146 1047 3176 in
1067 3145 1113 3177 rei
1138 3145 1199 3178 suae
1221 3147 1335 3188 pignus
1358 3146 1455 3176 tacite
1479 3142 1666 3176 consensisse
1689 3144 1890 3187 intelligitur,

1014 3185 1216 3263 Quamqbram
1240 3186 1363 3226 nonita
1386 3184 1452 3222 est:
1474 3184 1496 3224 fi
1513 3184 1748 3230 postea‚quam
1763 3186 1895 3265 fideijius-
