2052 3487
366 104 907 141 Dioctizrmiiius

45 196 164 233 diuum.
196 195 365 238 quomodo
389 195 421 228 in
446 192 592 227 omnibus
617 197 706 222 extat
731 187 921 239 exemplari-

47 242 125 279 bus,
149 249 214 271 uno
233 246 376 278 excepto
393 235 600 274 Florentino3
623 235 654 280 in
678 241 743 272 quo
767 234 862 271 illud,
885 232 919 263 li·

47 283 133 321 citis,
158 281 360 313 desideratur.
403 279 517 311 Scribo
533 277 627 322 igitur
644 283 676 322 in
694 275 722 305 cl.
747 274 777 315 §.
796 284 823 314 3.
848 274 869 307 l.
891 282 918 304 1.

46 325 153 365 Neque
168 325 243 354 enim
266 320 527 353 transaffionibus
544 318 638 349 licitis
657 315 860 348 interuifflunz:
883 323 919 346 ut

46 366 78 398 in
97 366 153 397 illo
174 363 420 404 Hermogeniani
440 361 459 392 l.
475 363 522 391 16.
540 357 583 405 D.
602 359 636 389 cle
651 356 915 405 transablionibuss

47 407 113 454 Qui
131 406 221 447 fidem
246 406 340 437 licitae
365 402 581 435 transactionis
609 405 697 439 rupit.
741 399 785 429 ht
810 398 916 431 reete:

47 458 119 489 quae
142 448 225 480 enim
242 447 337 478 licitae
353 443 421 476 sunt
442 441 689 486 transactiones,
712 440 843 486 ‘demum
862 439 917 470 ha-

46 490 165 525 bent-ui·
190 487 438 520 transactiones:
469 493 538 529 quae
573 492 650 514 vero
674 482 792 512 illicitae
820 480 891 512 sunt
907 501 917 518 ,-

45 532 116 573 jure
136 541 200 562 non
225 530 373 561 videntur
388 525 625 558 transactiones.
671 523 840 555 Postremo
857 531 918 554 nec

47 573 114 604 hoc
131 571 307 608 omiserim,
331 568 418 610 quod
437 567 575 604 vocula,
606 565 689 598 Nam
704 588 713 604 ,
738 568 769 596 in
796 566 824 595 cl.
847 565 866 595 l.
891 573 916 610 .¹·‘

47 615 77 656 §.
95 624 124 655 3.
148 623 211 645 non
231 611 328 642 habet
348 611 411 641 vim
427 607 524 639 causae
537 631 546 646 ,
570 606 624 638 sed
641 608 704 638 vim
722 606 918 646 incipiend13

48 656 188 694 denique
212 653 340 684 sumitur
364 659 421 691 pro
444 656 592 687 eceteram,
617 649 667 680 vcl
693 648 804 680 finiili:
832 655 867 678 ut
887 648 919 678 in

47 697 67 728 l.
86 706 112 727 2.
137 696 164 736 §.
187 704 211 726 1.
234 693 275 725 D.
301 692 344 725 Vi
363 694 499 723 bonorum
522 697 689 732 ruptorum,
722 689 758 724 &⁹
783 689 801 720 l.
819 692 847 721 6.
873 688 916 720 D.

47 739 80 769 de
101 739 139 768 rei
153 735 356 767 vindicatione.
390 733 436 765 Ita
457 732 584 773 Ulpiani
604 732 726 769 sensus,
751 731 804 763 ille
822 733 918 762 durus

49 778 79 810 ὃ(
97 777 203 818 asper,
228 775 352 816 optime
375 774 643 815 attemperabitur
664 785 672 805 z
705 772 789 813 quati
812 773 891 817 velit
907 793 918 811 ,

49 820 206 851 actionem
227 818 259 849 in
276 816 397 848 factum
414 818 454 848 de
477 815 761 847 calumniatoribus
786 823 851 845 non
872 814 919 843 lo-

47 862 112 894 lum
134 861 165 892 in
181 859 370 901 pecuniariis
388 857 485 890 caufis
501 858 651 889 obtinere
663 879 672 894 ,
694 855 746 887 sed
761 856 799 887 ad
817 855 919 896 publi-

49 912 86 934 ca
108 911 236 943 quoque
258 900 390 932 crimina
411 900 612 940 pertingere:
645 906 780 937 eamque
802 899 919 938 (quae,

48 944 217 985 Pomponii
241 941 311 983 est)
341 941 640 982 interpretationem
671 940 701 971 ὅ(
726 939 815 978 Lege
840 938 920 978 julia

49 986 324 1026 Repetundaruin‚
348 983 377 1015 &
394 982 597 1023 Imperatoris
618 982 773 1013 Antonini
794 979 920 1012 Consti-

51 1030 174 1059 tutione
190 1026 229 1058 ad
246 1025 378 1057 Caffium
396 1024 546 1055 Sabinum
569 1023 719 1063 adjuvari.
742 1032 814 1054 narn
835 1021 921 1062 Lege

52 1069 130 1110 Julia
150 1068 250 1100 teneri
268 1068 320 1108 qui
338 1067 381 1098 ob
397 1065 560 1107 negotium
578 1064 762 1096 faciendum
781 1071 835 1094 aut
854 1072 920 1094 non

51 1110 231 1144 faciendum
254 1117 310 1149 per
332 1108 542 1145 calumniam,
573 1106 637 1138 five
661 1106 722 1146 (ut
745 1105 920 1145 Venuleius

53 1152 236 1184 Saturninus
253 1150 392 1191 loquitur
408 1151 426 1181 l.
436 1153 464 1181 6.
475 1148 504 1190 §.
517 1158 545 1180 2.
557 1148 599 1179 D.
618 1149 650 1179 de
666 1148 724 1189 lege
732 1147 820 1193 Julia
832 1146 922 1187 Repe-

54 1193 238 1233 tundarum)
262 1192 305 1223 ob
321 1189 529 1223 accusandum
547 1190 599 1221 vel
625 1199 690 1221 non
711 1190 921 1220 acculandum

57 1234 220 1276 pecuniam
245 1234 386 1274 accepit:
410 1232 440 1263 ὅ(
463 1232 618 1263 Antonini
644 1230 920 1262 Constitutionem

53 1274 262 1318 prohibuiss'e,
282 1274 382 1314 Judici
402 1274 452 1306 vel
470 1272 648 1305 adversario
666 1273 696 1304 in
714 1272 851 1312 publicis
869 1271 921 1302 vel

53 1317 180 1358 privatis
202 1317 252 1347 vel
276 1315 430 1349 fiscalibus
459 1315 555 1347 caulis
575 1315 744 1355 pecuniam
768 1314 860 1353 dari;
890 1312 921 1344 ὃς

54 1368 94 1389 ex
113 1358 171 1389 hac
195 1356 283 1388 causa
309 1358 397 1389 litem
420 1357 525 1398 perire
541 1381 550 1396 ‚
573 1356 694 1396 juffisse.
741 1354 819 1387 lnde
841 1364 921 1386 vero

52 1398 151 1438 effici3
174 1406 229 1437 ut,
253 1397 273 1430 fi
290 1400 424 1440 pecunia
441 1399 553 1437 detur,
577 1398 814 1438 accipiaturve,
831 1396 867 1429 iis
889 1397 921 1428 iu

51 1440 145 1472 causis
162 1442 190 1472 in
209 1441 322 1480 quibus
345 1441 432 1472 licita
448 1441 572 1482 legibus
588 1449 654 1471 non
674 1438 711 1471 fit
731 1438 920 1477 transactio,

49 1491 114 1514 non
131 1481 166 1513 fit
183 1481 334 1514 absonum
353 1493 369 1514 a
392 1482 468 1523 juris
491 1483 614 1514 ratione
632 1505 641 1520 ,
666 1481 792 1513 actione
816 1480 849 1512 in
874 1478 920 1511 fa-

50 1523 133 1555 stum
158 1524 197 1555 dc
220 1524 499 1556 calumniatoribus
523 1524 624 1555 teneri
651 1525 725 1563 qui,
758 1532 798 1554 ne
823 1531 920 1566 nego-

51 1566 129 1597 tium
155 1566 246 1596 alicui
265 1565 405 1605 faceret,
429 1567 468 1596 ab
486 1575 526 1597 eo
552 1566 720 1605 pecuniam
745 1571 919 1604 acceperit.

49 1606 209 1638 Caeterum
228 1630 237 1646 ,
268 1606 290 1638 fi
314 1607 506 1639 adversarius
530 1608 561 1638 in
588 1606 676 1638 causa
700 1607 730 1637 in
759 1615 820 1645 qua
844 1606 921 1636 licet

49 1647 216 1689 transigere
228 1672 236 1687 ‚
260 1658 276 1679 a
292 1659 349 1681 reo
366 1658 432 1680 non
449 1658 506 1688 per
522 1648 731 1687 calumniam,
755 1647 809 1679 sed
825 1654 921 1678 trans-

47 1690 158 1730 igendi
173 1691 298 1728 animo,
323 1691 490 1730 pecuniam
506 1691 686 1730 acceperit,
709 1688 800 1720 aliter
816 1688 921 1720 dicen-

50 1732 123 1765 dum
146 1730 220 1763 esse.
244 1740 309 1762 non
332 1732 416 1763 enim
441 1731 545 1771 perire
567 1740 625 1762 reo
649 1731 738 1762 litem
764 1731 797 1762 in
822 1737 919 1761 trans-

47 1772 227 1803 actionibus
254 1781 322 1813 quae
335 1773 404 1813 jure
431 1772 522 1804 licito
546 1771 642 1811 fiant,
664 1772 803 1804 cessante
824 1772 856 1803 in
873 1771 922 1803 his

47 1813 204 1846 Antonini
222 1812 473 1846 Constitutione.
511 1814 619 1854 Atque
636 1814 701 1844 lioc
719 1813 740 1845 si
756 1812 818 1846 est:
842 1812 922 1844 nihil

51 1854 132 1894 effe,
155 1864 210 1886 cur
226 1864 291 1886 non
306 1856 367 1896 jam
385 1855 482 1887 ceffet
497 1864 627 1895 quoque
643 1855 796 1895 judiciuin
814 1855 855 1887 de
870 1863 921 1885 ca-

50 1896 291 1929 lumniatoribus
316 1896 464 1929 adversus
479 1906 552 1928 eum
576 1897 629 1937 qui
651 1905 692 1928 ex
712 1896 800 1928 licita
821 1903 922 1927 trans-

50 1938 176 1970 afflone
192 1937 255 1969 sine
278 1939 435 1970 calumnia
452 1938 621 1978 pecuniam
645 1938 791 1978 accepit,
815 1944 851 1968 ut
869 1937 923 1968 de·

49 1980 169 2012 fisteret
185 1989 202 2010 a
222 1980 278 2011 lite
294 1988 387 2020 quam
405 1989 461 2012 reo
479 1980 565 2011 bona
581 1979 645 2011 fide
663 1980 776 2011 movit.
800 1978 919 2019 Finge3

49 2030 83 2052 ut
105 2031 154 2053 res
180 2021 332 2061 exemplo
358 2020 610 2054 demonstretur:
644 2021 708 2060 agit
731 2021 801 2061 quis
824 2021 864 2052 de
887 2029 921 2051 re

47 2063 171 2105 privata
194 2062 223 2094 &
239 2061 290 2094 sua
315 2062 401 2095 civili
425 2063 455 2095 &
474 2063 598 2103 privata
620 2063 763 2096 acirone:
789 2062 922 2095 dubium

956 101 1028 135 ετ
1076 95 1550 141 Maximinus.

1778 112 1850 151 239

964 195 1038 235 nori·
1058 188 1122 228 est,
1147 190 1223 231 quin
1247 191 1371 233 legibus
1394 193 1481 225 licita
1501 194 1557 234 fit,
1580 202 1619 226 ne
1636 200 1765 236 agatur,
1788 204 1844 236 pe·

964 239 1068 261 cuniae
1084 231 1172 277 datio
1190 235 1427 275 acceptioque3
1451 236 1526 276 quia
1548 237 1672 278 legibus
1689 237 1776 268 licita
1792 237 1840 269 eii:

964 271 1155 320 transactiO,
1179 273 1284 320 finge3
1307 285 1371 318 agit
1389 278 1459 318 quis
1476 278 1516 310 dc
1534 279 1666 319 publico
1684 285 1738 309 aut
1754 277 1841 309 fisca-

961 313 984 345 li
1006 323 1102 354 jure,
1138 316 1229 362 verbi
1261 326 1384 358 gratia,
1422 328 1463 351 ex
1494 320 1628 351 crimine
1656 328 1722 352 nori
1755 321 1842 360 capi-

962 354 1034 386 tali:
1058 364 1122 386 non
1142 357 1187 388 est
1210 358 1297 389 licita
1321 360 1405 392 inter
1429 362 1645 393 accusatorem
1669 362 1698 393 &
1721 370 1811 393 reum
1827 384 1840 401 ‚

959 405 1013 442 ne
1028 405 1137 443 agatur
1154 420 1169 445 ,Ι
1195 401 1339 439 pecuniae
1362 402 1450 433 datio
1465 426 1476 441 ,
1506 405 1741 444 acceptioque:
1765 404 1842 444 quia

959 437 1054 469 licito
1076 448 1223 479 jureium
1245 451 1309 473 non
1335 441 1372 474 fit
1396 445 1585 476 transactio:
1609 445 1749 485 denique
1772 454 1842 476 non

957 479 1007 525 eil:
1039 481 1235 526 transattio3
1272 485 1371 525 magis
1401 486 1567 517 concnffio
1604 496 1641 517 ac
1671 488 1842 527 corruptio

962 520 1096 552 videtur.
1128 524 1280 564 idemque
1309 525 1380 563 ειη
1419 525 1442 557 fi
1474 527 1514 558 de
1546 528 1674 568 capitali
1706 528 1841 560 crimine

959 561 1168 608 transigatur:
1194 575 1265 596 nam
1289 575 1330 597 ne
1355 569 1395 598 de
1414 567 1479 599 hoc
1496 569 1626 608 quidem
1645 570 1781 601 crimine
1798 571 1843 602 le-

959 604 1052 649 gibus
1078 606 1163 636 licita
1195 607 1364 639 transaffio
1390 608 1446 640 est.
1479 619 1690 651 quamquam,
1738 611 1789 643 uia
1810 612 1846 642 in

963 646 1091 685 capitali
1111 649 1243 692 crimine
1260 658 1277 679 a
1297 648 1497 691 Principibus
1514 652 1681 684 decretum
1698 662 1715 683 e
1754 677 1763 690 ‚
1775 662 1845 684 non

962 696 1083 718 nocere
1107 697 1134 718 ei
1160 690 1212 728 qui
1248 691 1461 724 adversarium
1484 694 1630 734 corrupit
1653 695 1673 725 l.
1693 703 1719 725 1.
1742 695 1785 725 D.
1808 697 1844 724 ae

962 730 1043 759 bonis
1059 738 1155 775 eorum
1170 731 1305 771 quiante
1319 733 1518 772 sententiam,-
1542 744 1645 775 prope
1660 735 1724 773 est,
1747 743 1784 766 ut
1806 736 1845 767 io.

963 779 1020 801 reo
1047 771 1174 816 quidem
1192 794 1201 809 ‚
1233 772 1253 804 {i
1277 774 1455 807 adversario
1489 777 1613 808 dederit
1644 777 1813 818 pecuniam
1830 800 1843 816 ‚

964 821 1005 842 ne
1024 810 1054 841 se
1071 813 1198 858 acculet
1219 816 1365 860 capitalis
1383 818 1544 857 criminis,
1568 817 1666 852 ceffet
1683 818 1845 851 Antonini

967 852 1184 899 ConstitutiO,
1209 855 1261 901 led
1280 858 1313 888 in
1332 857 1465 899 persona
1491 860 1682 891 accusatoris
1707 861 1762 900 qui
1787 870 1842 900 pe·

965 903 1092 940 cuniam
1110 904 1255 937 accepit,
1279 908 1320 930 ne
1336 899 1481 939 accuset,
1505 902 1604 942 magis
1622 901 1684 941 est,
1715 909 1752 933 ut
1777 911 1844 934 non

965 935 1063 966 cesset
1080 937 1163 968 attio
1180 939 1220 969 de
1244 941 1528 974 calumniatoribus
1553 946 1581 975 a.
1599 944 1619 976 l.
1640 952 1666 974 1.
1689 943 1718 986 §.
1738 953 1770 984 3.
1794 943 1840 975 D.

964 978 997 1008 cie
1021 978 1296 1024 calummiatoribus:
1323 984 1395 1023 quia
1418 994 1530 1017 verum
1555 984 1619 1024 est,
1643 995 1749 1026 neque
1774 985 1844 1017 lici-

965 1026 1029 1050 tam
1055 1029 1084 1050 ei
1114 1019 1176 1067 eise
1198 1024 1447 1067 transactionem
1471 1027 1511 1058 de
1534 1027 1667 1058 crimine
1685 1050 1694 1066 ,
1731 1035 1845 1068 quarn-

965 1069 1060 1107 quam
1077 1062 1221 1109 capitali,
1248 1074 1353 1106 neque
1372 1076 1461 1106 eam,
1485 1068 1505 1100 fi
1522 1067 1606 1099 faeta
1622 1067 1678 1107 fit,
1702 1069 1731 1100 ei
1754 1069 1846 1110 igno-

965 1102 1017 1133 {ci.
1063 1102 1135 1149 Vter
1153 1104 1374 1139 difficultatem
1397 1110 1426 1141 cl.
1444 1110 1464 1141 l.
1485 1119 1512 1142 1.
1536 1109 1603 1152 §.3
1629 1110 1780 1142 hactenus
1798 1111 1847 1142 in-

964 1143 1186 1192 superabilem.
1237 1147 1311 1179 Nec
1335 1157 1440 1182 tamen
1473 1160 1559 1191 nego
1576 1175 1585 1190 ,
1616 1152 1719 1183 adhuc
1743 1152 1847 1193 quaeri

965 1185 1074 1233 poffe,
1108 1188 1185 1234 quid
1208 1189 1239 1220 in
1265 1199 1303 1221 ea
1326 1191 1485 1224 Antonini
1510 1192 1750 1225 Constitutione
1777 1193 1846 1233 sit,

966 1227 1064 1274 Litern
1085 1234 1177 1269 perire
1201 1231 1227 1261 ei
1248 1233 1299 1272 qui
1316 1232 1414 1272 judici
1434 1233 1482 1264 vel
1503 1235 1667 1276 adversario
1687 1237 1846 1275 pecuniam

966 1270 1082 1315 dederit.
1127 1269 1168 1301 Et
1184 1279 1282 1312 puto,
1309 1273 1331 1305 fi
1350 1273 1439 1306 attor
1457 1275 1511 1314 fit,
1534 1278 1586 1316 qui
1609 1277 1779 1316 pecuniam
1794 1277 1845 1317 ju-

965 1311 1028 1342 dici
1046 1311 1098 1357 vel
1118 1312 1298 1358 adversario
1315 1316 1461 1354 dederit,
1484 1327 1557 1348 euin
1581 1326 1597 1348 a
1622 1318 1782 1358 petitione
1798 1328 1846 1350 re-

966 1362 1113 1399 moveri:
1135 1354 1178 1385 iin
1197 1364 1287 1394 reus,
1309 1365 1368 1398 pro
1386 1358 1533 1390 confeffo
1553 1359 1673 1390 haberi.
1719 1360 1760 1390 At
1783 1368 1845 1391 net:

967 1394 1031 1425 hoc
1056 1395 1185 1441 Videtur
1206 1405 1297 1428 extra
1322 1409 1453 1431 ornnem
1477 1401 1583 1440 jacere
1608 1400 1846 1434 difficultatem.

965 1445 1060 1477 quem
1079 1445 1165 1468 enim
1184 1438 1366 1472 Antoninus
1390 1442 1421 1472 in
1443 1442 1609 1483 propoiito
1629 1450 1725 1474 vocat
1742 1444 1848 1474 adver-

954 1479 1074 1517 sarium
1093 1477 1109 1509 ,9
1140 1477 1182 1510 Et
1206 1479 1278 1511 sane
1305 1482 1335 1513 in
1353 1482 1594 1530 causa-publica
1612 1507 1621 1522 ‚
1654 1485 1705 1516 vel
1721 1483 1816 1517 fiscali
1833 1508 1846 1524 ,

963 1518 1061 1566 facile
1079 1519 1187 1560 potest
1208 1531 1256 1553 res
1274 1523 1392 1555 habere
1410 1533 1553 1564 eititum3
1577 1526 1651 1565 quia
1675 1527 1787 1565 utique
1803 1526 1844 1557 ab

965 1562 1028 1593 alio
1044 1570 1151 1607 *quem
1175 1563 1266 1595 causa
1288 1574 1485 1603 concernat,
1509 1566 1617 1607 potest
1643 1567 1750 1607 detegi
1774 1576 1846 1599 cor-

965 1604 1140 1650 ruptio-in
1158 1605 1280 1644 privata
1300 1616 1431 1648 quoque
1449 1608 1538 1639 causa
1555 1607 1576 1639 fi
1590 1608 1688 1647 Judex
1714 1610 1753 1639 ab
1778 1618 1844 1641 uno

964 1645 1157 1685 litigantium
1175 1654 1417 1689 corrumpatur,
1435 1648 1603 1681 adversarii
1627 1649 1769 1681 detestio
1785 1650 1845 1683 est.

963 1687 1027 1719 Sed
1046 1694 1217 1735 corruptus
1239 1689 1305 1731 ipse
1322 1690 1342 1722 fi
1359 1690 1396 1722 sit
1419 1690 1634 1730 adversarius3
1657 1692 1728 1732 quis
1752 1692 1844 1725 dete-

963 1735 1018 1769 get
1036 1732 1308 1769 corruptionem?
1338 1732 1497 1772 Proinde,
1521 1733 1628 1774 placet
1650 1732 1727 1765 mibi
1752 1732 1845 1766 Grae.

965 1779 1077 1802 corum
1095 1770 1268 1818 sententia,
1291 1774 1346 1814 qui
1368 1773 1484 1813 Bafilic.
1507 1775 1556 1813 lib.
1574 1778 1626 1807 60.
1651 1776 1696 1807 tit.
1725 1786 1752 1808 1.
1771 1783 1847 1823 pag.

967 1821 1014 1844 12.
1038 1811 1148 1843 Sebolzo
1175 1815 1213 1843 ad
1234 1816 1262 1846 d.
1285 1815 1305 1846 l.
1332 1824 1359 1848 1.
1390 1816 1419 1858 §.
1437 1826 1466 1858 3.
1496 1816 1527 1848 in
1550 1817 1673 1857 privata
1697 1816 1787 1849 causa
1810 1819 1846 1850 id

964 1861 1093 1899 negant¹
1109 1855 1315 1899 procedere:
1346 1857 1402 1890 nili
1427 1858 1594 1898 adversarii
1627 1859 1845 1900 appellatione

965 1905 1032 1927 non
1048 1895 1257 1936 principalem
1276 1898 1508 1938 adversarium,
1531 1900 1584 1932 sed
1608 1901 1673 1941 ejus
1692 1910 1846 1941 procura-

967 1944 1098 1976 torem,
1132 1937 1184 1968 vel
1217 1939 1340 1971 socium
1358 1963 1368 1979 ‚
1401 1942 1453 1973 vel
1479 1941 1613 1974 similem
1636 1943 1846 1982 accipiamus,

966 1978 1067 2021 Quod
1091 1978 1123 2010 &
1146 1978 1301 2012 Ruffardo
1326 1982 1460 2023 placet,
1489 1983 1581 2015 Notis
1605 1984 1844 2026 marginalibus,

966 2021 996 2066 §t
1019 2020 1144 2060 Jacobo
1163 2019 1318 2064 Cujacio,
1339 2025 1378 2056 act
1399 2025 1418 2056 l.
1436 2033 1465 2066 7.
1491 2024 1535 2057 D.
1556 2026 1589 2057 de
1602 2025 1662 2057 dolo
1684 2025 1758 2059 malo
1773 2035 1844 2059 non

964 2062 1176 2103 improbatur.

767 2181 979 2217 CAPUT
1031 2179 1120 2217 XV.

50 2279 245 2317 Adulterium
272 2292 292 2314 a
315 2279 503 2315 Diocletiano
528 2275 570 2320 Εὖ)
597 2279 799 2315 Maximiano
824 2281 856 2314 in
882 2279 904 2313 l.
932 2282 988 2317 18.
1027 2279 1059 2314 C.
1086 2279 1121 2314 de
1147 2281 1407 2315 transanionibus
1432 2292 1491 2318 non
1517 2284 1596 2318 relic
1621 2285 1722 2331 excipi
1746 2296 1766 2319 a
1791 2297 1846 2320 ca-

97 2330 244 2376 pitalibus
270 2330 458 2364 criminibus.

548 2330 643 2376 uando
668 2331 790 2375 coeperit
820 2329 1005 2363 adulterium
1039 2330 1072 2363 in
1098 2329 1353 2376 Magistratuum
1379 2333 1549 2376 cognitione
1580 2335 1685 2378 puniri
1710 2335 1809 2380 capite
1826 2335 1844 2368 ἓ

97 2379 150 2414 An
165 2378 229 2422 sub
256 2377 395 2424 Augusto
422 2379 509 2425 Lege
537 2379 667 2424 Julia?
704 2379 755 2413 An
778 2377 840 2424 sub
873 2378 1069 2423 Principibus
1089 2376 1154 2424 sub
1187 2380 1294 2424 quibus
1329 2381 1437 2414 vixere
1463 2380 1687 2429 Jurisconsulti
1715 2394 1844 2428 quorum

97 2426 292 2473 Fragmenta
316 2434 424 2462 extant
446 2429 477 2462 in
505 2428 668 2463 Pandetlis
683 2427 700 2461 ‘2
738 2429 894 2462 Neutrum
920 2427 1030 2463 videri.

50 2522 228 2595 Exposui
253 2524 392 2565 reguiam
410 2531 479 2563 quae
500 2523 531 2555 in
554 2521 720 2555 criminum
738 2523 922 2555 transactio-

133 2574 173 2596 ne
197 2565 316 2605 placuit
343 2565 436 2597 Civili
459 2565 558 2604 Jure:
580 2565 667 2597 fimul
693 2566 923 2605 exceptionem

57 2612 147 2643 quam
164 2606 202 2637 ab
219 2616 255 2637 ea
271 2605 422 2639 fecerunt
440 2606 614 2647 Principes.
658 2605 739 2638 lllud
760 2616 824 2638 non
843 2608 923 2638 omi-

57 2644 166 2691 serim,
190 2648 277 2686 quod
293 2657 328 2679 ea
346 2649 499 2687 exceptio
517 2649 600 2689 apud
617 2647 859 2680 Diocletianum
893 2648 924 2680 ὃς

58 2683 286 2722 Maximianum
309 2689 329 2720 l.
351 2694 396 2724 18.
420 2689 453 2720 C.
471 2691 503 2720 de
525 2689 770 2721 transatiionibus
786 2689 924 2730 speciem

57 2728 198 2767 regulae,
227 2730 332 2769 regula
367 2732 569 2771 exceptionis
587 2754 596 2770 ,
625 2732 739 2763 induit.
771 2730 813 2762 fic
838 2733 924 2763 enim

58 2766 207 2814 scribunt.
252 2770 412 2813 'licinfigere
433 2772 480 2803 vel
489 2773 597 2813 pacisci
620 2774 653 2804 de
669 2774 788 2804 crimine
811 2774 923 2814 capita-

59 2809 100 2847 u,
125 2815 237 2855 eas-cepto
255 2812 411 2851 adulterio,
431 2814 606 2853 prohibitum
628 2824 686 2846 non
709 2812 757 2854 est.
803 2816 852 2846 An
870 2824 924 2845 ve-

56 2859 110 2887 re,
136 2852 307 2897 Videamus.
350 2852 411 2885 Sed
431 2855 486 2886 vix
512 2863 603 2895 puto.
627 2866 692 2887 non
716 2856 800 2887 enim
818 2856 925 2897 potuit

60 2891 251 2938 adulterium
277 2902 294 2923 a
317 2892 525 2927 Diocletiano
549 2897 579 2927 ἀ
598 2896 799 2929 Maximiano
816 2897 923 2938 excipi

58 2941 76 2964 a
98 2934 285 2973 capitalibus
303 2935 511 2976 criminibus3
533 2946 605 2969 cum
629 2939 819 2970 adulterium
843 2937 926 2970 Dio-

58 2974 185 3006 cletiani
205 2975 233 3006 ἃ
261 2974 449 3008 Maximiani
464 2985 610 3019 tempore
632 2989 697 3012 non
720 2979 820 3011 fuerit
843 2981 926 3021 capi·

60 3016 123 3047 tale
150 3017 280 3048 crimen.
328 3015 402 3048 Nec
430 3026 535 3051 tamen
565 3019 705 3060 ignoro,
737 3022 923 3061 adulteros,

61 3058 156 3090 etiam
172 3066 245 3090 ante
261 3068 337 3104 eos,
353 3058 523 3099 aliquando
538 3063 675 3102 graviore
686 3070 792 3104 paena,
811 3062 842 3094 id
859 3062 924 3102 est,

60 3103 164 3130 morte
180 3107 233 3131 aut
249 3100 349 3131 exilio
366 3124 376 3139 ,
405 3101 535 3141 punitos
557 3102 629 3134 effe.
653 3105 685 3135 id
708 3104 793 3135 enim
817 3113 858 3135 ex
881 3104 925 3136 se-

60 3141 233 3188 quentibus
259 3142 403 3173 Suetonii
429 3143 533 3175 verbis
549 3143 737 3186 intelligitur
759 3154 830 3186 quae
853 3145 923 3178 sunt

61 3191 93 3212 m
116 3181 239 3214 Otiavio
261 3195 285 3216 c.
301 3193 332 3222 5.
360 3183 404 3215 Ut
419 3184 545 3216 Senatus
559 3184 645 3216 Auis
661 3187 843 3227 continetur,
860 3197 926 3220 cum

58 3222 92 3257 C.
116 3222 265 3260 Leuorius
290 3225 447 3268 adolescens
462 3227 584 3268 patricii
601 3229 739 3269 generis,
769 3229 802 3262 in
826 3230 922 3271 depre-

966 2522 1060 2556 canda
1082 2522 1231 2565 graviore
1245 2524 1392 2556 adulterii
1415 2534 1530 2566 poena,
1552 2531 1657 2568 proeter
1671 2533 1782 2561 atatem
1798 2537 1842 2563 ata

965 2575 1020 2606 que
1036 2567 1148 2597 natales
1164 2566 1215 2596 boc
1230 2575 1341 2608 qzcvque
1356 2568 1491 2606 putribus
1505 2569 1673 2610 conscriptis
1691 2571 1841 2610 allegaret.

966 2607 1030 2638 Sed
1046 2607 1235 2645 Suetonius,
1260 2616 1333 2639 curn
1352 2609 1496 2640 meminit
1512 2609 1638 2642 Patrum
1665 2610 1843 2655 Conlffripto-

966 2658 1052 2686 rum,
1077 2648 1107 2679 &
1133 2647 1276 2679 Actorum
1301 2650 1426 2681 Senatus
1443 2674 1453 2690 ,
1485 2651 1645 2692 ostendit,
1673 2656 1843 2696 graviorem

967 2689 1104 2721 adulterii
1116 2695 1250 2730 pinnam,
1273 2699 1367 2730 quarn
1386 2691 1448 2723 esse
1470 2692 1533 2724 dixi
1551 2702 1689 2727 mortem
1707 2705 1761 2727 aut
1776 2699 1843 2728 exi-

966 2732 1061 2770 lium,
1084 2731 1235 2763 adulteris
1251 2740 1316 2764 non
1340 2742 1356 2764 a
1374 2732 1565 2775 Magistratu
1590 2739 1754 2769 communi
1771 2739 1843 2779 jure

968 2773 1008 2804 de
1027 2781 1092 2813 quo
1111 2771 1219 2804 noster
1236 2772 1288 2804 hic
1305 2773 1408 2807 sermo
1427 2775 1491 2815 est,
1515 2776 1569 2808 sed
1585 2787 1602 2809 a
1620 2777 1770 2820 Principe
1787 2786 1842 2810 auc

966 2814 1084 2845 Senatu
1107 2821 1196 2845 extra
1220 2815 1365 2848 ordinem
1382 2841 1392 2857 ,
1425 2818 1564 2858 denique
1590 2828 1703 2852 contra
1733 2823 1842 2862 leges,

966 2855 1085 2887 illatam
1102 2855 1203 2887 fuisse.
1246 2855 1320 2889 Nec
1337 2858 1445 2891 multis
1462 2869 1563 2901 opus:
1586 2862 1671 2894 clare
1686 2860 1841 2899 Tacitus,

967 2896 1014 2928 lib.
1030 2907 1058 2929 2.
1081 2897 1195 2929 Annal.
1219 2906 1242 2930 c.
1260 2909 1312 2939 50.
1337 2900 1367 2932 ἀ
1383 2901 1431 2932 lib.
1448 2911 1478 2942 3.
1502 2902 1617 2938 Annal.
1635 2913 1659 2934 c.
1670 2913 1717 2941 24.
1733 2912 1844 2942 quarn-

968 2947 1062 2986 quam
1079 2937 1255 2980 suffecerit,
1278 2941 1489 2982 posteriorem
1515 2944 1622 2976 locum
1640 2943 1841 2984 adscripsisse.

968 2989 1034 3020 ejus
1057 2980 1120 3013 loci
1141 2981 1237 3013 verba
1254 2981 1335 3015 sunt.
1386 2982 1430 3016 Ut
1445 2986 1546 3017 valida
1568 2987 1635 3016 divo
1659 2983 1792 3026 Augusto
1809 2988 1843 3018 in

967 3022 1166 3063 rempublicam
1181 3024 1327 3065 fortuna3
1353 3025 1397 3058 ita
1418 3028 1493 3058 domi
1513 3028 1683 3068 improspera
1701 3027 1787 3067 fuit,
1809 3029 1842 3059 ob

966 3064 1175 3105 impudicitiam
1185 3064 1258 3106 filiae
1273 3077 1308 3098 ac
1323 3069 1416 3108 neptis
1425 3091 1435 3107 ,
1445 3077 1517 3110 quas
1531 3069 1598 3100 urbe
1612 3067 1743 3108 depulit,
1756 3070 1841 3102 adul·

965 3110 1093 3147 terosque
1114 3116 1213 3140 earum
1237 3114 1326 3140 morte
1351 3116 1405 3140 aut
1419 3110 1504 3151 suga
1521 3109 1655 3149 punivit.
1688 3116 1756 3144 nam
1777 3111 1841 3143 cul·

957 3153 1027 3188 pam
1047 3149 1123 3180 inter
1145 3150 1223 3181 viros
1240 3160 1275 3181 ac
1283 3152 1425 3190 foeminas
1440 3150 1593 3192 vulgatam
1615 3151 1711 3191 gravi
1727 3154 1842 3186 nomine

964 3188 1093 3229 loesarum
1111 3191 1282 3233 religionum
1303 3202 1338 3223 ac
1360 3192 1476 3223 violatae
1492 3190 1650 3233 majestatis
1672 3194 1843 3235 appellando

964 3230 1142 3268 clementiam
1161 3233 1307 3275 majorum
1313 3233 1446 3275 suasque
1463 3233 1520 3274 ipse
1542 3234 1615 3277 leges
1637 3237 1846 3312 egredielfflgsg
