2036 3495
138 152 211 195 446

140 241 263 278 babens,
285 241 333 270 cui
353 248 371 269 a
393 236 514 268 Praetore
530 238 662 266 curatore
678 233 764 270 dato,
787 232 866 262 bonis
882 231 1002 262 interdi-

143 282 221 313 etaim
236 278 282 319 est.
307 279 328 315 †
350 278 384 308 Si
396 286 460 308 vero
469 275 533 313 fine
547 279 672 306 curatore
686 271 876 313 constitutus,
894 278 1005 303 contra-

144 322 220 353 ctum
226 319 341 360 fecisti:
362 317 510 357 implorare
531 316 561 346 in
578 317 721 355 integrum
735 311 960 354 restitutionem,
976 311 1006 350 fi

140 363 260 394 necdum
277 366 400 399 tempora
411 356 559 397 prcefinita
583 355 767 396 excefferint,
790 354 875 391 caula
890 355 1005 395 cognita

143 411 199 433 non
212 401 377 441 prohiberis.
413 398 537 429 Eodem
555 398 649 428 etiam
666 397 725 427 alia
744 397 792 426 via
810 395 875 426 exit
891 394 1004 426 Paulus

140 443 160 474 l.
181 452 227 473 21.
247 441 289 473 D.
306 443 340 473 de
353 437 736 479 verborumfignificatione:
762 446 832 477 quae
851 435 896 467 est
912 445 953 467 ex
970 436 1003 467 li—

140 484 199 515 bro
217 483 281 523 ejus
297 492 347 514 x1.
381 482 429 512 Ad
446 480 611 517 Edictum,
627 487 692 519 quo
708 487 780 510 eum
797 476 946 510 EdiCtum
964 478 1004 508 de

136 525 312 556 minoribus
333 520 508 563 exposuiss'e
523 521 623 561 liquet
640 529 679 550 ex
699 518 907 558 Inscriptione
923 519 942 549 l.
957 527 1004 550 10.

137 565 157 596 l.
178 574 224 602 14.
241 564 260 596 l.
278 575 327 605 23.
347 563 384 599 ὅ)
402 567 451 596 26.
474 561 517 593 D.
533 563 566 593 de
580 561 749 592 minoribus.
789 559 885 591 verba
907 559 1006 591 Pauli.

138 606 277 647 Princeps
296 608 368 637 bona
388 604 558 636 concedendo
578 603 697 633 videtur
722 601 808 632 etiam
823 600 1007 641 obligationes

135 648 238 678 cedere.
277 647 390 678 Paulus
407 645 532 685 respicit
546 644 584 674 ad
599 644 699 674 aetatis
714 642 839 673 veniam
857 644 971 672 minori
989 650 1006 672 a

134 687 283 728 Principe
299 687 435 720 concedi
451 686 590 716 solitam:
606 683 734 715 auetore
745 681 1005 723 Ulpianolib.x1.

136 730 185 761 Ad
203 728 350 762 Edictum
368 729 387 760 l.
404 738 433 766 53.
452 727 492 758 D.
519 728 552 757 de
566 726 734 757 minoribus.
763 724 930 764 impetrata
948 723 1006 754 hac

134 771 247 809 venia,
270 771 374 802 minor
392 770 542 809 pleraque
558 765 750 798 administrat
769 764 852 805 quasi
869 763 1006 805 paterfa-

132 812 252 844 milias:
274 812 370 850 emit,
393 809 522 846 vendit3
547 808 577 839 &
601 807 622 839 fi
647 806 734 838 laesus
757 806 821 844 est,
846 806 962 836 deinde
986 815 1003 836 a

131 853 275 885 Praetore
291 861 355 884 non
372 850 542 883 restituitur
557 850 587 880 in
603 850 779 889 integrum:
797 856 835 878 ne
847 847 1003 886 Principa-

131 894 153 926 li
169 894 356 925 austeritate
379 889 633 931 circumscriptus
651 897 780 929 putetur
795 888 848 928 qui
865 897 938 919 cum
961 898 1001 919 eo

132 936 292 966 contraxit
308 934 328 967 l.
350 943 375 965 1.
393 934 426 965 C.
450 934 482 964 de
496 932 540 963 his
555 933 607 973 qui
623 932 740 961 veniam
764 930 868 960 atatis.
905 929 1002 970 Igitur

129 976 244 1009 Paulus
259 978 287 1009 d.
297 976 374 1007 l.21.
392 973 560 1006 occasione
573 972 676 1003 Edisti
692 972 732 1003 de
748 971 923 1002 minoribus
941 970 1001 1001 dis-

129 1025 244 1057 putans
267 1017 307 1048 de
326 1015 443 1048 effectu
457 1015 559 1046 veniae
575 1014 694 1051 aetatis,
716 1014 779 1051 ait,
803 1011 1001 1050 Principem,

129 1057 151 1091 fi
169 1059 281 1090 minori
298 1058 403 1096 bona,
420 1057 452 1088 id
469 1056 533 1095 est,
561 1055 606 1095 jus
622 1055 707 1085 bona
724 1053 775 1084 sua
788 1052 1000 1084 administran-

129 1100 160 1131 di
184 1099 340 1138 restituit,
363 1099 485 1130 indulta
502 1097 602 1128 aetatis
619 1095 733 1127 venia:
756 1095 853 1129 etiarn
870 1102 1000 1125 conces-

128 1139 195 1172 siss'e
208 1141 236 1173 ei
253 1141 484 1182 obligationes3
499 1139 530 1170 id
545 1137 609 1176 est,
623 1138 669 1176 jus
688 1135 718 1167 se
734 1135 910 1175 obligandi:
927 1135 1002 1175 quia

128 1182 289 1214 bonorum
304 1181 519 1223 appellatione
530 1179 626 1211 etiarn
642 1177 773 1209 veniunt
787 1176 1002 1217 obligationes

128 1223 148 1254 l.
168 1233 197 1264 3.
219 1223 261 1254 D.
288 1224 320 1254 de
332 1223 506 1262 sententiam
517 1219 613 1261 paffis.
636 1227 732 1259 atque
749 1218 813 1249 hoc
830 1216 851 1248 fi
876 1215 939 1255 est,
963 1225 998 1247 ut

127 1264 174 1296 est
191 1265 400 1298 veriffimuin:
422 1270 569 1303 apparet,
592 1261 748 1292 minorem
765 1259 817 1300 qui
834 1257 929 1289 babet
946 1267 998 1289 cu-

126 1313 286 1344 ratorem,
310 1314 370 1336 nec
393 1315 409 1335 a
426 1302 573 1343 Principe
590 1301 773 1340 impetravit
791 1300 890 1330 aetatis
909 1300 995 1334 veni-7

127 1356 198 1385 arn,
228 1346 301 1387 Jure
324 1346 418 1379 Civili
436 1354 502 1377 non
519 1343 652 1385 obligari
669 1341 733 1374 fine
749 1341 903 1372 curatoris
921 1349 997 1370 con-

125 1387 226 1419 sensu.
248 1388 386 1428 alioquin
408 1384 500 1418 stulte
517 1385 692 1421 diceretur,
708 1392 725 1414 a
738 1380 934 1413 curatoribus
954 1379 999 1410 su-

125 1429 153 1460 is
171 1429 338 1461 liberatum
363 1427 558 1468 indulgentia
579 1424 733 1463 Principis
745 1446 765 1468 ‚,
778 1432 818 1453 eo
834 1421 921 1468 quod
939 1420 997 1451 bo-

124 1479 240 1502 norum
254 1469 556 1501 administrationem
573 1466 707 1504 recipit,
723 1471 819 1494 etiam
832 1471 879 1502 Jus
897 1461 1000 1506 selob-

125 1511 243 1551 ligandi
270 1517 467 1548 recuperare.
512 1506 620 1538 Habes
647 1504 785 1535 foi-mam
808 1502 889 1542 Juris
914 1511 998 1533 circa

125 1554 284 1584 minorum
303 1550 464 1590 pactiones
489 1546 767 1586 obligationesque
784 1543 996 1575 introductam

122 1591 195 1634 post
213 1590 485 1623 Constitutionem
503 1587 546 1621 D.
564 1587 676 1618 Marci.
704 1585 837 1624 Adhuc,
852 1585 996 1625 inquies,

123 1632 274 1665 molestus
298 1631 345 1663 est
367 1629 568 1662 Modestinus
594 1629 612 1659 l.
635 1636 703 1660 101.
724 1626 767 1658 D.
791 1627 824 1657 de
841 1627 994 1657 verborum

121 1674 352 1716 obligationibus.
383 1672 527 1710 Puberes,
551 1669 720 1710 inquiens,
735 1667 799 1706 fine
814 1668 997 1699 curatoribus

111 1716 181 1756 suis
192 1714 312 1757 poffunt
327 1724 362 1746 ex
372 1712 520 1754 stipulatu
536 1711 664 1750 obligari.
706 1708 779 1741 Nec
795 1718 835 1740 eo
851 1707 994 1747 inficias3

120 1756 143 1790 fi
158 1756 199 1788 sic
214 1755 331 1797 scripsit
346 1754 560 1787 Modestinus.
589 1751 652 1784 Sed
667 1750 765 1783 visum
780 1750 820 1782 V.
843 1749 901 1782 CL.
928 1748 994 1781 Ge-

121 1799 214 1840 orgio
239 1798 392 1830 Conrado
416 1795 549 1833 Crufio,
574 1794 679 1825 amico
696 1802 788 1830 meo,
812 1791 886 1823 dum
905 1791 994 1822 vive·

119 1848 191 1878 ret,
207 1840 330 1881 legere,
350 1838 474 1870 Puberes
485 1835 549 1875 fine
564 1835 742 1866 curatoribus
755 1834 817 1871 suis
828 1831 994 1878 poffuntex

114 1879 261 1921 stipulatu
274 1880 330 1912 obli
349 1889 407 1911 are.
430 1879 579 1919 idemque
594 1883 666 1908 ante
682 1873 824 1907 incidiss‘e
839 1873 960 1905 Simoni
978 1882 996 1904 a

119 1922 307 1961 Leeuwen,
326 1889 422 1953 &Votis
435 1921 472 1952 ad
489 1921 518 1951 d.
538 1919 558 1949 l.
579 1926 654 1956 101,
671 1925 723 1948 me
744 1916 869 1948 monuit
886 1914 994 1947 Colle-

121 1973 161 2005 ga
181 1973 290 2003 meus,
313 1963 371 1995 Vir
388 1961 447 1994 CL.
466 1960 510 1993 D.
527 1959 637 1998 Voet,
660 1959 697 1990 ad
713 1959 759 1989 tit.
777 1957 873 1988 Pand.
892 1957 925 1987 de
942 1956 995 1987 mi-

122 2006 239 2036 noribus
254 2005 283 2047 §.
304 2014 353 2045 52.
391 2003 458 2042 Ac,
483 2009 582 2042 put0‚
605 2000 693 2032 addit
711 1998 786 2030 huic
805 1997 994 2037 conjecturae

121 2047 249 2086 pondus
265 2047 329 2078 loci
348 2044 535 2085 Inscriptio,
552 2039 735 2086 Modestinus
751 2040 799 2071 lib.
809 2048 837 2078 4.
864 2038 911 2084 De
923 2045 995 2078 prae·

114 2087 329 2128 scriptionibus,
347 2086 466 2118 indicat
476 2085 528 2117 illa
539 2108 548 2123 ,
562 2093 579 2115 a
590 2081 778 2114 Modestino
793 2079 907 2111 adferri
919 2089 995 2118 prae-

120 2127 327 2168 scriptionem
337 2137 353 2158 a
363 2128 445 2166 Juris
460 2126 567 2168 regula
581 2123 652 2166 post
662 2121 933 2158 Constitutionem
949 2119 992 2152 D.

120 2168 227 2201 Marci
251 2177 391 2209 recepta.
422 2177 458 2199 ea
473 2168 579 2208 regula
596 2165 674 2197 fuit:
695 2164 782 2205 quod
799 2164 920 2201 minor,
943 2170 994 2193 ac-

121 2218 221 2250 cepto
245 2219 411 2247 curatore,
435 2209 503 2240 aliis
529 2208 559 2240 se
582 2207 645 2239 sine
668 2206 734 2246 eius
759 2202 912 2236 consensu
935 2203 993 2234 ob-

120 2251 220 2292 ligare
241 2260 305 2283 non
325 2249 440 2291 potest.
471 2258 606 2289 nempe,
629 2257 669 2278 ne
687 2246 879 2278 deteriorem
896 2244 993 2276 faciat

122 2291 207 2324 suam
225 2292 464 2324 conditionem:
482 2291 569 2326 quod
580 2288 709 2320 nolebat
724 2286 766 2319 D.
778 2286 917 2318 Marcus.
936 2295 993 2317 cae-

123 2342 226 2367 terum
249 2332 357 2375 potest
381 2333 459 2365 alios
482 2331 538 2365 fibi
556 2330 651 2363 etiam
667 2328 731 2362 fine
749 2336 896 2361 curatore
913 2327 994 2361 obli-

816 2440 1028 2478 CAPUT

736 144 1043 180 GERARDI
1099 142 1332 179 Noonr

1045 242 1137 274 gare:
1160 232 1298 265 facturus
1324 230 1365 263 fic
1390 227 1610 262 conditionem
1634 227 1717 260 suam
1735 230 1912 265 meliorem.

1047 275 1134 313 quod
1151 275 1179 305 ei
1197 282 1326 312 vetare,
1349 272 1392 304 D.
1412 271 1527 303 Marco
1545 279 1609 301 non
1627 269 1690 301 fuit
1705 272 1913 311 propositum.

1046 314 1123 347 Non
1142 314 1186 347 est
1203 315 1290 356 quod
1308 323 1403 354 quem
1422 312 1564 344 offendat
1581 311 1754 342 Modestini
1772 313 1914 352 locutio,

1048 357 1173 387 Puberes
1180 355 1244 394 fine
1261 356 1441 386 curatoribus
1451 354 1517 393 sitis
1529 352 1646 393 poffunt
1664 362 1700 384 ex
1712 350 1855 392 stipulatu
1870 355 1914 385 ob-

1047 397 1148 438 ligare.
1179 406 1237 436 pro
1255 397 1396 438 obligare
1413 395 1500 426 alios.
1547 394 1697 425 Similiter
1714 393 1827 425 Paulus
1845 394 1864 425 l.
1885 404 1915 427 2.

1046 438 1075 479 ᾗ.
1094 444 1156 477 pen.
1176 437 1218 469 D.
1235 439 1268 469 de
1283 439 1365 468 rebus
1381 437 1512 473 creditis,
1536 435 1573 466 In
1589 437 1701 473 mutui,
1718 435 1840 474 inquit,
1863 437 1914 467 da-

1047 481 1122 509 tione
1145 485 1251 519 oportet
1270 477 1486 517 dominum-effe
1503 477 1638 513 dantem,
1661 485 1711 507 nec
1727 474 1817 516 obesi,
1839 478 1914 517 quod

1042 519 1255 560 filiusfamilias
1270 519 1307 554 ἐξ
1314 520 1422 558 servus
1438 521 1537 549 dantes
1550 518 1709 558 peculiares
1724 526 1852 548 nummos
1869 519 1915 549 ob-

1048 562 1153 602 ligant.
1176 570 1255 601 pro,
1275 561 1419 601 obligant
1435 560 1522 591 alios.
1548 560 1640 599 Apud
1658 557 1771 598 Gajum
1787 568 1917 599 quoque

1053 603 1083 633 in
1100 602 1120 632 l.
1129 611 1160 638 9.
1177 601 1218 632 D.
1238 603 1271 632 de
1286 600 1455 633 auctoritate
1472 600 1508 635 ἐξ
1524 601 1657 638 consensu
1670 607 1797 631 tutorum
1813 600 1849 634 ὅ)
1866 610 1917 631 cu-

1047 649 1175 675 ratorum
1191 641 1233 673 fic
1247 642 1372 683 legitur.
1405 642 1540 683 Obligari
1556 651 1592 672 ex
1607 643 1684 672 omni
1701 640 1847 672 coniraau
1861 647 1917 681 pu·

1044 685 1134 725 pillus
1149 682 1214 722 fine
1235 684 1339 714 tutoris
1362 682 1533 714 auctoritate
1555 693 1611 713 non
1630 681 1744 723 potest.-
1765 684 1915 723 adquirere

1047 731 1144 757 autem
1159 723 1215 762 fibi
1233 722 1402 764 stipulando
1426 723 1462 758 ὅ)
1480 732 1534 764 per
1556 725 1738 755 traditionem
1752 725 1914 764 accipiendo

1046 765 1207 803 etiamfine
1223 766 1327 796 tutoris
1344 764 1514 796 aue'toritate
1527 763 1632 805 potest.-
1652 766 1702 802 Jed
1719 766 1852 805 credendo
1868 767 1915 795 ob—

1046 808 1137 849 ligare
1147 805 1206 844 fibi
1222 816 1280 837 non
1291 804 1390 846 potest.
1415 806 1447 836 id
1463 805 1529 843 est,
1553 807 1716 837 credendo
1738 807 1815 838 alios
1833 806 1916 837 obli-

1045 858 1121 889 gare
1136 847 1191 879 fibi
1207 856 1271 878 non
1290 846 1406 887 potest.
1451 845 1575 878 Eodem
1593 847 1691 877 modo
1712 846 1865 886 Ulpianus
1882 848 1915 878 in

1045 890 1065 921 l.
1087 899 1134 928 14.
1154 888 1198 920 D.
1215 889 1249 919 de
1265 888 1483 929 obligationibus
1499 887 1535 921 &f
1552 887 1729 925 ustionibus,
1747 888 1850 925 Servi,
1867 889 1914 919 in-

1045 931 1133 971 quit,
1155 939 1192 962 ex
1210 928 1320 960 delictis
1334 930 1447 970 quidem
1463 928 1640 969 obligantur,
1665 928 1701 962 &²
1712 927 1741 966 fi
1756 930 1912 959 manumit-

1045 977 1168 1009 tantur,
1191 971 1309 1011 obligati
1323 975 1489 1001 remanent.-
1509 979 1545 1000 ex
1560 969 1748 1000 contraitibus
1763 975 1859 1001 autem
1876 970 1915 1001 ci-

1043 1014 1141 1044 viliter
1157 1013 1272 1054 quidem
1288 1021 1345 1042 non
1361 1011 1545 1051 obligantur3
1560 1011 1612 1050 sed
1628 1011 1804 1042 naturaliter
1819 1010 1855 1044 &2⁹
1870 1012 1914 1042 ob-

1043 1054 1176 1096 ligantur
1193 1052 1230 1088 δ’
1245 1052 1382 1094 obligant.
1413 1053 1576 1090 Accedat,
1592 1051 1715 1092 inquiet
1729 1052 1858 1092 aliquis,
1874 1052 1915 1084 ad

1044 1095 1212 1135 probabile
1236 1093 1413 1125 Modestini
1438 1093 1633 1125 emendatio.
1662 1101 1693 1123 at
1715 1102 1780 1124 non
1798 1092 1843 1124 est
1859 1102 1914 1124 ne-

1044 1135 1187 1168 cessaria:
1213 1134 1234 1168 fi
1249 1135 1383 1175 perinde
1400 1135 1572 1174 accipiatur
1595 1133 1817 1173 Modestinus;
1840 1143 1876 1165 ac
1891 1134 1914 1167 fi

1044 1178 1143 1216 velit,
1166 1176 1229 1208 effe
1253 1175 1375 1214 casum,
1399 1175 1452 1207 ubi
1475 1177 1613 1206 minores
1631 1175 1745 1214 poflint
1764 1185 1803 1206 ex
1820 1175 1915 1215 stipu-

1040 1218 1105 1250 latu
1123 1217 1284 1258 obligari?
1308 1215 1412 1257 finge,
1428 1226 1445 1247 a
1461 1217 1584 1248 minore
1602 1216 1744 1247 contrahi
1764 1216 1914 1256 sponsalia

1039 1268 1094 1290 aut
1108 1260 1244 1297 nuptias.
1262 1258 1331 1298 quis
1347 1257 1464 1295 nescit,
1481 1258 1635 1288 curatoris
1651 1257 1791 1289 officium
1807 1267 1915 1290 rerum

1040 1299 1310 1332 administratione
1335 1297 1564 1330 circumscribi:
1590 1299 1627 1329 ad
1648 1299 1779 1330 minoris
1804 1308 1912 1332 autem

1041 1340 1286 1381 personam-non
1303 1339 1446 1380 porrigi?
1469 1340 1639 1380 nonigitur
1654 1341 1792 1380 pertinet
1809 1341 1847 1372 ad
1859 1350 1913 1372 cu-

1040 1389 1200 1419 ratorem,
1223 1389 1330 1412 utrum
1355 1378 1506 1421 sponsalia
1527 1388 1580 1411 aut
1601 1381 1724 1420 nuptias
1739 1382 1910 1413 contrahat

1041 1423 1166 1461 minor,
1188 1431 1226 1453 an
1253 1431 1315 1453 non
1334 1422 1352 1452 l.
1372 1430 1421 1453 20.
1442 1421 1483 1452 D.
1506 1423 1539 1452 de
1554 1422 1615 1452 rita
1630 1424 1819 1462 nuptiarum,
1842 1424 1862 1454 l.
1879 1427 1909 1457 8.

1043 1463 1076 1494 C.
1093 1464 1126 1494 dc
1141 1464 1267 1503 nuptiis.-
1289 1462 1439 1502 recteque
1457 1462 1564 1493 scribit
1579 1462 1797 1502 Modestinus,
1815 1463 1909 1495 Pube-

1041 1514 1084 1535 res
1095 1503 1159 1542 fine
1176 1504 1357 1536 curatoribus
1366 1504 1431 1542 suis
1443 1502 1558 1542 poffunt
1573 1512 1608 1534 ex
1616 1501 1764 1544 stipulatu
1779 1504 1910 1545 obligari.

1039 1545 1102 1577 Sed
1118 1552 1246 1577 metuo:
1265 1554 1304 1575 ne
1320 1554 1336 1575 a
1353 1544 1526 1576 Modestini
1544 1552 1650 1576 mente
1666 1545 1741 1576 absit
1759 1554 1794 1576 ea
1811 1546 1910 1577 colle-

1041 1586 1112 1618 etio.
1130 1594 1164 1618 ut
1180 1586 1265 1617 enim
1280 1586 1456 1617 concedam
1469 1608 1477 1623 ,
1494 1585 1651 1616 minorum
1666 1585 1818 1625 sponsalia
1833 1595 1911 1627 nup-

1040 1628 1165 1668 tiasque
1181 1627 1339 1658 excedere
1358 1627 1513 1658 curatoris
1530 1625 1739 1666 potestatem:
1762 1636 1800 1658 an
1817 1628 1911 1660 idcir-

1040 1678 1081 1700 co
1101 1668 1176 1700 mihi
1194 1667 1414 1708 persuadeam,
1437 1666 1676 1706 Moctestinum,
1699 1677 1770 1700 cum
1786 1669 1826 1702 de
1847 1670 1907 1701 mi-

1038 1719 1153 1742 norum
1177 1709 1375 1750 obligatione
1400 1718 1439 1740 ex
1455 1707 1602 1748 stipulatu
1617 1708 1770 1748 disputat,
1793 1711 1833 1741 de
1852 1720 1908 1742 eo-

1037 1761 1106 1782 rum
1124 1749 1317 1792 sponsalibus
1338 1757 1391 1781 aut
1409 1751 1526 1790 nuptiis
1543 1750 1719 1791 cogitasse?
1734 1751 1764 1782 ·&
1782 1753 1835 1790 qui
1851 1761 1909 1792 po-

1039 1793 1121 1831 tuit,
1145 1791 1269 1833 quaes03
1292 1791 1313 1823 fi
1338 1790 1511 1832 spectamus
1530 1792 1568 1823 ad
1587 1792 1667 1830 Juris
1686 1791 1772 1824 usum
1788 1792 1907 1825 Mode-

1037 1833 1109 1865 stini
1136 1833 1307 1874 tempore?
1331 1840 1397 1864 erat
1421 1841 1486 1864 tum
1511 1842 1547 1864 ea
1573 1832 1727 1865 Veterum
1747 1835 1843 1866 ratio:
1871 1842 1906 1866 ut

1038 1873 1101 1906 five
1119 1874 1278 1915 simplice,
1302 1873 1364 1905 five
1381 1875 1496 1915 poenali
1515 1874 1717 1915 stipulatione
1735 1874 1904 1916 adstringe-

1037 1923 1146 1947 rentur
1164 1916 1365 1948 matrimonia
1383 1924 1435 1946 aut
1453 1915 1558 1947 futura
1574 1923 1626 1947 aut
1643 1916 1824 1956 contraCta3
1840 1917 1907 1949 nol-

1038 1957 1124 1996 lent,
1148 1966 1164 1988 a
1187 1957 1327 1990 Praetore
1352 1957 1416 1988 dari
1441 1966 1481 1988 ex
1497 1957 1643 1998 stipulatu
1660 1957 1833 1990 astionem:
1855 1959 1901 1998 in-

1039 2005 1236 2039 terpretante
1259 1999 1465 2039 repudiorum
1487 1998 1763 2040 divortiorumque
1778 1996 1903 2031 licentia

1039 2048 1210 2080 quamtum
1220 2040 1495 2071 matrimoniorum
1505 2039 1683 2072 libertatern
1693 2040 1903 2080 appellabant,

1039 2090 1103 2111 non
1130 2082 1305 2112 convenire
1333 2079 1489 2112 honestati
1508 2090 1652 2119 morum,
1675 2090 1734 2122 pro
1749 2081 1903 2113 servandis

1038 2121 1232 2161 sponsalibus
1256 2129 1309 2153 aut
1332 2122 1448 2161 nuptiis
1467 2122 1531 2153 dari
1551 2122 1708 2154 actionem
1724 2132 1763 2154 ex
1779 2122 1904 2163 stipula-

1038 2163 1107 2194 tul.
1131 2171 1157 2194 1.
1176 2162 1209 2193 C.
1227 2163 1467 2202 desponsalibus,
1486 2163 1504 2193 l.
1523 2174 1553 2196 2.
1572 2163 1604 2194 C.
1621 2164 1654 2194 de
1669 2164 1809 2204 repudiis,
1832 2164 1851 2196 l.
1869 2173 1901 2195 2.

1038 2203 1071 2234 C.
1090 2204 1122 2234 de
1145 2204 1297 2235 inutilibus
1309 2201 1564 2244 stipulationibus,
1589 2204 1609 2235 l.
1633 2214 1681 2246 71.
1703 2205 1731 2247 §.
1758 2214 1783 2238 1.
1806 2203 1849 2236 D.
1870 2206 1904 2235 de

1035 2245 1244 2276 conditionibus
1266 2245 1302 2280 &³
1324 2243 1608 2285 demonstrationibus
1622 2269 1632 2285 ‚
1662 2246 1682 2277 l.
1711 2256 1775 2286 134.
1798 2245 1840 2277 D.
1868 2248 1902 2277 de

1037 2287 1189 2317 verborum
1202 2287 1429 2327 obligationibus.
1461 2286 1522 2318 Sed
1538 2287 1569 2318 id
1588 2287 1706 2319 dudum
1724 2286 1903 2320 observavit

1033 2326 1218 2361 Franciscus
1234 2327 1414 2362 Hotmanus
1430 2327 1477 2361 De
1485 2328 1669 2370 sponsalibus
1685 2339 1709 2361 c.
1727 2339 1756 2369 4.

1086 2439 1198 2476 XXI.

121 2530 282 2566 Neminem
299 2531 382 2576 Jure
401 2529 494 2565 Civili
505 2527 653 2577 pqffesua
667 2529 805 2575 pastione
823 2528 914 2563 alteri
927 2539 1030 2563 nocere
1047 2534 1101 2561 aut
1112 2524 1252 2572 prodcffi.
1295 2526 1346 2561 An
1359 2525 1467 2572 jussit
1481 2526 1622 2560 debitoris
1639 2524 1815 2568 heredibus,
1840 2535 1896 2570 pa-

169 2580 278 2625 iiosao
293 2591 394 2614 nocere
418 2581 483 2626 ojus
510 2577 732 2613 creditoribus?
757 2578 843 2612 Num
866 2578 1059 2622 quorumdam
1085 2575 1269 2610 creditorum
1292 2577 1415 2620 paetum
1437 2586 1504 2609 cum
1523 2574 1672 2607 communi
1690 2574 1819 2608 debitore
1835 2573 1897 2620 fa-

169 2630 269 2667 ἂιιιη,
295 2636 397 2661 noceat
417 2629 488 2661 aliis
504 2629 554 2673 qui
570 2638 627 2661 non
643 2624 870 2671 consenserint?
893 2626 942 2661 De
957 2626 1043 2672 patio
1059 2625 1186 2670 majoris
1196 2624 1299 2668 partis
1315 2624 1492 2658 creditorum
1499 2620 1590 2667 fabio
1605 2633 1673 2657 cum
1687 2622 1826 2656 debitoris
1848 2623 1898 2657 he-

167 2676 235 2712 rede
242 2674 416 2722 suspectam
435 2677 559 2711 habente
577 2677 643 2722 ejus
660 2676 866 2710 hereditatem.

119 2785 223 2863 Ne
245 2784 464 2826 praetereunda
487 2786 615 2824 quidem
640 2784 765 2817 silentio
789 2783 834 2816 est
857 2783 989 2822 sequens

214 2827 337 2869 regula:
355 2826 420 2857 Nec
432 2827 612 2865 pacilcendo,
626 2836 676 2857 nec
691 2827 778 2868 legem
788 2826 904 2857 dicendo
914 2849 923 2864 ,
938 2834 988 2856 nec

113 2868 280 2912 stipulando
294 2868 446 2909 quisquam
461 2866 543 2897 alteri
557 2876 655 2897 cavere
669 2866 765 2908 potest.
810 2866 918 2898 Exstat
933 2867 986 2898 illa

119 2914 150 2944 in
169 2913 189 2943 l.
209 2920 255 2951 73.
274 2909 303 2952 §.
320 2919 348 2947 4.
367 2907 409 2939 D.
428 2908 460 2938 de
477 2908 583 2947 regulis
593 2908 671 2948 Juris
688 2918 728 2939 ex
751 2908 862 2950 Quinti
881 2907 984 2939 Mucii

117 2952 270 2984 Scaevolae
287 2950 367 2982 libro
382 2948 525 2990 singulari
541 2949 618 2991 ἐρῶ-νε
637 2948 666 2979 &
683 2948 727 2980 est
742 2958 828 2980 certa
845 2949 875 2980 in
892 2947 984 2988 stipu-

117 2996 248 3026 latione.
279 3000 311 3023 at
333 2992 372 3023 de
397 2989 490 3030 pacto
515 2988 662 3027 ambigas.
698 2989 743 3020 est
769 2991 852 3021 enim
874 2989 985 3021 anastor

115 3036 252 3074 Paulus,
277 3034 295 3064 l.
313 3031 397 3073 27.§
426 3040 454 3062 2.
470 3029 512 3061 D.
535 3030 568 3059 de
588 3027 699 3067 pastis,
722 3031 752 3060 in
778 3030 984 3070 stipulationi·

114 3078 174 3108 bus
187 3078 234 3116 jus
250 3074 427 3111 contineri;
442 3072 472 3102 in
487 3070 583 3111 pactis
598 3068 716 3115 safilum
733 3071 862 3102 versari:
879 3072 909 3103 id
920 3071 984 3110 est,

120 3126 155 3148 ut
171 3117 298 3156 quidem
318 3114 394 3147 mihi
415 3113 558 3149 videtur,
574 3108 807 3149 stipulationem
825 3111 885 3142 effe
900 3112 982 3151 Juris

116 3158 247 3194 Civilis3
270 3157 394 3197 pastum
413 3154 494 3195 Juris
510 3151 678 3184 Naturalis.
711 3151 912 3183 Modestinus
931 3163 982 3184 ve·

117 3210 153 3232 ro
170 3200 188 3230 l.
208 3208 255 3239 53.
276 3198 318 3229 D.
340 3198 372 3228 de
395 3195 568 3237 adquirendo
589 3202 686 3238 rerum
704 3192 826 3223 dominio
852 3200 921 3236 quae
939 3194 983 3236 est

118 3251 157 3274 cx
173 3240 256 3274 libro
279 3248 326 3279 14·
349 3238 398 3271 Ad
413 3237 572 3280 Quintum
587 3233 756 3275 Mucium,
778 3233 843 3273 Ea,
863 3241 984 3273 mqmt,

1031 2791 1093 2823 quae
1118 2781 1242 2813 civiliter
1265 2782 1485 2822 adquiruntur,
1504 2787 1555 2821 per
1575 2789 1618 2811 eos
1642 2780 1693 2821 qui
1716 2780 1747 2811 in
1764 2779 1895 2819 potestate

1030 2821 1126 2863 nostra
1134 2823 1229 2863 sunt,
1252 2823 1450 2863 adquirimus,
1469 2823 1560 2852 veluti
1568 2820 1799 2862 stipulationem:
1821 2823 1895 2862 quod.

1029 2864 1202 2895 naturaliter
1218 2865 1399 2905 adquiritur,
1415 2861 1505 2900 sicuti
1522 2861 1560 2904 eft
1575 2861 1716 2903 paffeffio‚
1734 2870 1786 2903 per
1801 2872 1896 2902 quem-

1026 2905 1093 2936 libet
1106 2905 1266 2936 volentibus
1281 2906 1361 2936 nobis
1374 2903 1525 2944 poffidere,
1541 2904 1731 2945 adquirimus.
1755 2903 1815 2934 Sed
1828 2903 1892 2943 jam

1027 2945 1194 2977 observavi
1211 2946 1299 2987 supra
1316 2955 1344 2976 c.
1364 2955 1443 2977 V111
1458 2969 1467 2984 ,
1492 2954 1561 2984 quae
1585 2945 1664 2984 Juris
1681 2944 1791 2976 Civilis
1807 2943 1894 2981 sunt,

1027 2988 1197 3028 aliquando
1214 2987 1287 3027 Jure
1305 2986 1448 3018 Naturali
1467 2989 1550 3028 regi:
1574 2987 1602 3018 &
1621 2995 1688 3025 quae
1706 2984 1783 3023 Juris
1801 2982 1888 3027 Gen-

1027 3029 1104 3059 tium
1121 3028 1186 3060 sunt
1198 3027 1251 3067 Jus
1260 3027 1364 3059 Civile
1376 3028 1500 3059 imitari.
1525 3035 1644 3059 tantum
1661 3026 1744 3056 valet
1759 3024 1890 3054 utilitas!

1025 3069 1149 3109 pactum
1168 3070 1262 3110 igitur
1281 3068 1336 3101 etsi
1350 3069 1429 3108 Juris
1447 3067 1600 3100 Gentium
1617 3067 1671 3104 sit,
1694 3065 1774 3110 hanc
1791 3063 1888 3095 debet

1024 3110 1088 3150 Juri
1106 3110 1200 3143 Civili
1218 3110 1373 3148 formam,
1402 3119 1442 3141 ne
1459 3111 1527 3150 quis
1544 3109 1635 3149 poffit
1652 3106 1739 3137 alteri
1755 3114 1887 3135 cavere:

1024 3153 1057 3183 id
1073 3151 1117 3183 est
1128 3175 1138 3191 ‚
1155 3152 1243 3184 alteri
1256 3150 1438 3189 consulere,
1456 3150 1506 3181 vel
1521 3149 1608 3181 alteri
1625 3147 1790 3190 providere
1806 3145 1825 3176 l.
1836 3155 1888 3186 33.

1025 3192 1068 3225 D.
1085 3194 1118 3224 de
1129 3192 1242 3234 pastis,
1258 3192 1294 3227 δ’
1309 3192 1328 3223 l.
1343 3201 1373 3232 3.
1389 3191 1432 3222 D.
1450 3192 1483 3222 de
1498 3188 1744 3221 transactionibus.
1763 3187 1793 3218 id
1810 3196 1887 3218 vero

1024 3232 1045 3266 si
1063 3233 1124 3267 est:
1147 3241 1315 3275 putemus,
1331 3232 1432 3266 multo
1449 3231 1552 3264 minus
1570 3228 1658 3263 alteri
1675 3235 1804 3261 nocere.
1841 3266 1872 3297 S·

1863 3274 1887 3297 it
