<?xml version="1.0" encoding="UTF-8"?>
<!DOCTYPE html PUBLIC "-//W3C//DTD XHTML 1.0 Transitional//EN"
    "http://www.w3.org/TR/xhtml1/DTD/xhtml1-transitional.dtd">
<html xmlns="http://www.w3.org/1999/xhtml" xml:lang="en" lang="en">
 <head>
  <title>
</title>
<meta http-equiv="Content-Type" content="text/html;charset=utf-8" />
  <meta name='ocr-system' content='tesseract 3.04.00' />
  <meta name='ocr-capabilities' content='ocr_page ocr_carea ocr_par ocr_line ocrx_word'/>
</head>
<body>
  <div class='ocr_page' id='page_1' title='image "./gerardinoodtnovi00nood_1012.png"; bbox 0 0 2036 3495; ppageno 0'>
   <div class='ocr_carea' id='block_1_1' title="bbox 146 134 216 170">
    <p class='ocr_par' dir='ltr' id='par_1_1' title="bbox 146 134 216 170">
     <span class='ocr_line' id='line_1_1' title="bbox 146 134 216 170; baseline -0.014 -11"><span class='ocrx_word' id='word_1_1' title='bbox 146 134 216 170; x_wconf 50' lang='lat' dir='ltr'>,Ji-ge</span> 
     </span>
    </p>
   </div>
   <div class='ocr_carea' id='block_1_2' title="bbox 132 197 1049 3256">
    <p class='ocr_par' dir='ltr' id='par_1_2' title="bbox 132 197 1033 904">
     <span class='ocr_line' id='line_1_2' title="bbox 153 197 1022 247; baseline -0.018 -2"><span class='ocrx_word' id='word_1_2' title='bbox 153 211 316 245; x_wconf 74' lang='lat' dir='ltr'>adferrent</span> <span class='ocrx_word' id='word_1_3' title='bbox 331 232 340 247; x_wconf 92' lang='lat'><strong>‚</strong></span> <span class='ocrx_word' id='word_1_4' title='bbox 366 215 430 240; x_wconf 88' lang='lat' dir='ltr'>non</span> <span class='ocrx_word' id='word_1_5' title='bbox 450 203 606 237; x_wconf 84' lang='lat' dir='ltr'>inficiatur</span> <span class='ocrx_word' id='word_1_6' title='bbox 628 199 834 243; x_wconf 68' lang='lat' dir='ltr'>Papinianu53</span> <span class='ocrx_word' id='word_1_7' title='bbox 858 197 888 229; x_wconf 73' lang='grc' dir='ltr'>δε</span> <span class='ocrx_word' id='word_1_8' title='bbox 914 205 1022 229; x_wconf 83' lang='lat' dir='ltr'>exem·</span> 
     </span>
     <span class='ocr_line' id='line_1_3' title="bbox 153 240 1022 295; baseline -0.021 -9"><span class='ocrx_word' id='word_1_9' title='bbox 153 253 211 295; x_wconf 82' lang='lat' dir='ltr'>plis</span> <span class='ocrx_word' id='word_1_10' title='bbox 228 254 258 285; x_wconf 88' lang='lat' dir='ltr'>in</span> <span class='ocrx_word' id='word_1_11' title='bbox 277 253 350 283; x_wconf 91' lang='lat' dir='ltr'>loco</span> <span class='ocrx_word' id='word_1_12' title='bbox 366 244 639 281; x_wconf 79' lang='lat' dir='ltr'>demonstrabitur.</span> <span class='ocrx_word' id='word_1_13' title='bbox 684 240 782 273; x_wconf 85' lang='lat' dir='ltr'>Pollit</span> <span class='ocrx_word' id='word_1_14' title='bbox 798 240 936 279; x_wconf 85' lang='lat' dir='ltr'>aliquem</span> <span class='ocrx_word' id='word_1_15' title='bbox 952 247 1022 269; x_wconf 83' lang='lat' dir='ltr'>mo·</span> 
     </span>
     <span class='ocr_line' id='line_1_4' title="bbox 153 281 1022 333; baseline -0.017 -6"><span class='ocrx_word' id='word_1_16' title='bbox 153 297 211 327; x_wconf 81' lang='lat' dir='ltr'>rari</span> <span class='ocrx_word' id='word_1_17' title='bbox 229 303 235 325; x_wconf 94' lang='lat'>:</span> <span class='ocrx_word' id='word_1_18' title='bbox 259 292 346 333; x_wconf 86' lang='lat' dir='ltr'>quod</span> <span class='ocrx_word' id='word_1_19' title='bbox 363 287 506 320; x_wconf 79' lang='lat' dir='ltr'>Praesides</span> <span class='ocrx_word' id='word_1_20' title='bbox 526 281 865 326; x_wconf 77' lang='lat' dir='ltr'>provinciaruin‚eum</span> <span class='ocrx_word' id='word_1_21' title='bbox 882 288 1022 312; x_wconf 83' lang='lat' dir='ltr'>tutorem</span> 
     </span>
     <span class='ocr_line' id='line_1_5' title="bbox 154 320 1026 372; baseline -0.017 -4"><span class='ocrx_word' id='word_1_22' title='bbox 154 338 248 372; x_wconf 84' lang='lat' dir='ltr'>dant,</span> <span class='ocrx_word' id='word_1_23' title='bbox 274 334 354 365; x_wconf 78' lang='lat' dir='ltr'>lia&#39;nc</span> <span class='ocrx_word' id='word_1_24' title='bbox 369 330 469 362; x_wconf 84' lang='lat' dir='ltr'>solent</span> <span class='ocrx_word' id='word_1_25' title='bbox 486 325 594 357; x_wconf 88' lang='lat' dir='ltr'>facere</span> <span class='ocrx_word' id='word_1_26' title='bbox 617 323 844 367; x_wconf 60' lang='lat' dir='ltr'>adjectionem:</span> <span class='ocrx_word' id='word_1_27' title='bbox 866 320 1026 353; x_wconf 80' lang='lat' dir='ltr'>Tutorem</span> 
     </span>
     <span class='ocr_line' id='line_1_6' title="bbox 154 361 1026 414; baseline -0.017 -5"><span class='ocrx_word' id='word_1_28' title='bbox 154 378 217 414; x_wconf 82' lang='lat' dir='ltr'>dn,</span> <span class='ocrx_word' id='word_1_29' title='bbox 240 373 259 406; x_wconf 85' lang='grc'>11</span> <span class='ocrx_word' id='word_1_30' title='bbox 276 369 480 405; x_wconf 81' lang='lat' dir='ltr'>satisdederit.</span> <span class='ocrx_word' id='word_1_31' title='bbox 523 366 586 398; x_wconf 85' lang='lat' dir='ltr'>Sed</span> <span class='ocrx_word' id='word_1_32' title='bbox 604 374 666 397; x_wconf 88' lang='lat' dir='ltr'>non</span> <span class='ocrx_word' id='word_1_33' title='bbox 685 363 818 396; x_wconf 86' lang='lat' dir='ltr'>difficilis</span> <span class='ocrx_word' id='word_1_34' title='bbox 838 362 882 394; x_wconf 89' lang='lat' dir='ltr'>est</span> <span class='ocrx_word' id='word_1_35' title='bbox 898 361 1026 402; x_wconf 82' lang='lat' dir='ltr'>respon-</span> 
     </span>
     <span class='ocr_line' id='line_1_7' title="bbox 154 404 1024 455; baseline -0.018 -5"><span class='ocrx_word' id='word_1_36' title='bbox 154 417 219 450; x_wconf 86' lang='lat' dir='ltr'>fio:</span> <span class='ocrx_word' id='word_1_37' title='bbox 243 415 326 455; x_wconf 83' lang='lat' dir='ltr'>quod</span> <span class='ocrx_word' id='word_1_38' title='bbox 345 411 534 451; x_wconf 87' lang='lat' dir='ltr'>supervacua</span> <span class='ocrx_word' id='word_1_39' title='bbox 551 416 587 438; x_wconf 89' lang='lat' dir='ltr'>ca</span> <span class='ocrx_word' id='word_1_40' title='bbox 606 406 741 447; x_wconf 70' lang='lat' dir='ltr'>adjectio</span> <span class='ocrx_word' id='word_1_41' title='bbox 758 404 813 437; x_wconf 89' lang='lat' dir='ltr'>est.</span> <span class='ocrx_word' id='word_1_42' title='bbox 837 413 910 448; x_wconf 80' lang='lat' dir='ltr'>nam</span> <span class='ocrx_word' id='word_1_43' title='bbox 926 411 1024 450; x_wconf 63' lang='grc'><strong>111011-</strong></span> 
     </span>
     <span class='ocr_line' id='line_1_8' title="bbox 156 448 1024 499; baseline -0.015 -11"><span class='ocrx_word' id='word_1_44' title='bbox 156 456 253 499; x_wconf 68' lang='lat' dir='ltr'>prelia</span> <span class='ocrx_word' id='word_1_45' title='bbox 272 462 336 485; x_wconf 90' lang='lat' dir='ltr'>non</span> <span class='ocrx_word' id='word_1_46' title='bbox 355 451 408 489; x_wconf 85' lang='lat' dir='ltr'>fit,</span> <span class='ocrx_word' id='word_1_47' title='bbox 432 459 523 487; x_wconf 74' lang='lat' dir='ltr'>acque</span> <span class='ocrx_word' id='word_1_48' title='bbox 547 448 650 480; x_wconf 81' lang='lat' dir='ltr'>forma</span> <span class='ocrx_word' id='word_1_49' title='bbox 664 448 740 488; x_wconf 88' lang='lat' dir='ltr'>juris</span> <span class='ocrx_word' id='word_1_50' title='bbox 763 452 956 477; x_wconf 85' lang='lat' dir='ltr'>continetur.</span> <span class='ocrx_word' id='word_1_51' title='bbox 980 452 1024 475; x_wconf 87' lang='lat' dir='ltr'>ita</span> 
     </span>
     <span class='ocr_line' id='line_1_9' title="bbox 155 486 1024 533; baseline -0.016 -3"><span class='ocrx_word' id='word_1_52' title='bbox 155 496 235 530; x_wconf 83' lang='lat' dir='ltr'>inest</span> <span class='ocrx_word' id='word_1_53' title='bbox 250 492 370 527; x_wconf 87' lang='lat' dir='ltr'>dationi</span> <span class='ocrx_word' id='word_1_54' title='bbox 386 492 405 523; x_wconf 85' lang='lat' dir='ltr'><strong><em>l.</em></strong></span> <span class='ocrx_word' id='word_1_55' title='bbox 423 501 447 522; x_wconf 93' lang='lat' dir='ltr'>i.</span> <span class='ocrx_word' id='word_1_56' title='bbox 464 490 501 526; x_wconf 76' lang='lat'>&amp;³</span> <span class='ocrx_word' id='word_1_57' title='bbox 520 500 549 522; x_wconf 87' lang='lat'>2.</span> <span class='ocrx_word' id='word_1_58' title='bbox 572 490 604 520; x_wconf 90' lang='lat' dir='ltr'>C.</span> <span class='ocrx_word' id='word_1_59' title='bbox 620 489 653 520; x_wconf 79' lang='lat' dir='ltr'>de</span> <span class='ocrx_word' id='word_1_60' title='bbox 676 493 732 520; x_wconf 71' lang='lat' dir='ltr'>tut.</span> <span class='ocrx_word' id='word_1_61' title='bbox 750 489 796 518; x_wconf 79' lang='lat' dir='ltr'>vel</span> <span class='ocrx_word' id='word_1_62' title='bbox 819 496 884 533; x_wconf 61' lang='lat' dir='ltr'>cur.¹</span> <span class='ocrx_word' id='word_1_63' title='bbox 897 486 1024 531; x_wconf 64' lang='lat' dir='ltr'>quisap.</span> 
     </span>
     <span class='ocr_line' id='line_1_10' title="bbox 155 527 1023 574; baseline -0.015 -4"><span class='ocrx_word' id='word_1_64' title='bbox 155 548 214 570; x_wconf 77' lang='lat' dir='ltr'>non</span> <span class='ocrx_word' id='word_1_65' title='bbox 232 538 292 568; x_wconf 81' lang='lat' dir='ltr'>decl.</span> <span class='ocrx_word' id='word_1_66' title='bbox 317 534 433 566; x_wconf 85' lang='lat' dir='ltr'>deinde</span> <span class='ocrx_word' id='word_1_67' title='bbox 448 533 490 564; x_wconf 85' lang='lat' dir='ltr'>ait</span> <span class='ocrx_word' id='word_1_68' title='bbox 506 531 657 570; x_wconf 83' lang='lat' dir='ltr'>Ulpianus</span> <span class='ocrx_word' id='word_1_69' title='bbox 673 531 701 560; x_wconf 84' lang='lat' dir='ltr'>cl.</span> <span class='ocrx_word' id='word_1_70' title='bbox 713 529 768 559; x_wconf 86' lang='lat' dir='ltr'><strong><em>l.6.</em></strong></span> <span class='ocrx_word' id='word_1_71' title='bbox 785 527 804 570; x_wconf 87' lang='lat'>§</span> <span class='ocrx_word' id='word_1_72' title='bbox 825 536 852 574; x_wconf 87' lang='lat'>.¹·</span> <span class='ocrx_word' id='word_1_73' title='bbox 872 536 935 567; x_wconf 71' lang='lat' dir='ltr'>jam</span> <span class='ocrx_word' id='word_1_74' title='bbox 950 535 1023 572; x_wconf 33' lang='grc'><strong>13111-</strong></span> 
     </span>
     <span class='ocr_line' id='line_1_11' title="bbox 157 567 1028 614; baseline -0.015 -3"><span class='ocrx_word' id='word_1_75' title='bbox 157 576 358 612; x_wconf 80' lang='lat' dir='ltr'>madvertiffe</span> <span class='ocrx_word' id='word_1_76' title='bbox 377 573 612 614; x_wconf 84' lang='lat' dir='ltr'>Pomponium,</span> <span class='ocrx_word' id='word_1_77' title='bbox 624 571 704 602; x_wconf 83' lang='lat' dir='ltr'>banc</span> <span class='ocrx_word' id='word_1_78' title='bbox 720 570 931 614; x_wconf 73' lang='lat' dir='ltr'>adjectionem</span> <span class='ocrx_word' id='word_1_79' title='bbox 948 576 980 599; x_wconf 91' lang='lat' dir='ltr'>in</span> <span class='ocrx_word' id='word_1_80' title='bbox 998 567 1028 599; x_wconf 90' lang='lat' dir='ltr'>se</span> 
     </span>
     <span class='ocr_line' id='line_1_12' title="bbox 157 610 1028 653; baseline -0.015 -1"><span class='ocrx_word' id='word_1_81' title='bbox 157 629 224 652; x_wconf 90' lang='lat' dir='ltr'>non</span> <span class='ocrx_word' id='word_1_82' title='bbox 249 619 367 649; x_wconf 86' lang='lat' dir='ltr'>habere</span> <span class='ocrx_word' id='word_1_83' title='bbox 389 615 611 647; x_wconf 87' lang='lat' dir='ltr'>conditionem</span> <span class='ocrx_word' id='word_1_84' title='bbox 629 633 640 650; x_wconf 86' lang='lat'>,</span> <span class='ocrx_word' id='word_1_85' title='bbox 671 610 724 643; x_wconf 90' lang='lat' dir='ltr'>sed</span> <span class='ocrx_word' id='word_1_86' title='bbox 749 611 1028 653; x_wconf 78' lang='lat' dir='ltr'>admonitionem,</span> 
     </span>
     <span class='ocr_line' id='line_1_13' title="bbox 157 649 1030 694; baseline -0.015 -1"><span class='ocrx_word' id='word_1_87' title='bbox 157 670 225 694; x_wconf 89' lang='lat' dir='ltr'>non</span> <span class='ocrx_word' id='word_1_88' title='bbox 241 660 332 691; x_wconf 83' lang='lat' dir='ltr'>aliter</span> <span class='ocrx_word' id='word_1_89' title='bbox 347 658 375 691; x_wconf 92' lang='lat' dir='ltr'>ei</span> <span class='ocrx_word' id='word_1_90' title='bbox 394 654 552 689; x_wconf 77' lang='lat' dir='ltr'>committi</span> <span class='ocrx_word' id='word_1_91' title='bbox 570 653 702 685; x_wconf 86' lang='lat' dir='ltr'>tutelam</span> <span class='ocrx_word' id='word_1_92' title='bbox 714 676 723 691; x_wconf 95' lang='lat'>,</span> <span class='ocrx_word' id='word_1_93' title='bbox 746 660 840 692; x_wconf 83' lang='lat' dir='ltr'>quam</span> <span class='ocrx_word' id='word_1_94' title='bbox 862 650 882 683; x_wconf 84' lang='lat' dir='ltr'><strong>fi</strong></span> <span class='ocrx_word' id='word_1_95' title='bbox 907 649 1030 681; x_wconf 83' lang='lat' dir='ltr'>satisde-</span> 
     </span>
     <span class='ocr_line' id='line_1_14' title="bbox 158 690 1032 740; baseline -0.017 -5"><span class='ocrx_word' id='word_1_96' title='bbox 158 703 262 740; x_wconf 88' lang='lat' dir='ltr'>derit,</span> <span class='ocrx_word' id='word_1_97' title='bbox 284 701 348 732; x_wconf 86' lang='lat' dir='ltr'>hoc</span> <span class='ocrx_word' id='word_1_98' title='bbox 366 698 428 737; x_wconf 89' lang='lat' dir='ltr'>est,</span> <span class='ocrx_word' id='word_1_99' title='bbox 452 706 516 729; x_wconf 91' lang='lat' dir='ltr'>non</span> <span class='ocrx_word' id='word_1_100' title='bbox 535 695 625 726; x_wconf 87' lang='lat' dir='ltr'>aliter</span> <span class='ocrx_word' id='word_1_101' title='bbox 648 694 677 724; x_wconf 86' lang='lat' dir='ltr'>ei</span> <span class='ocrx_word' id='word_1_102' title='bbox 704 690 953 734; x_wconf 87' lang='lat' dir='ltr'>permittendum</span> <span class='ocrx_word' id='word_1_103' title='bbox 978 699 1032 730; x_wconf 89' lang='lat' dir='ltr'>ge-</span> 
     </span>
     <span class='ocr_line' id='line_1_15' title="bbox 132 731 1033 783; baseline -0.017 -6"><span class='ocrx_word' id='word_1_104' title='bbox 132 738 144 747; x_wconf 80' lang='grc'><strong><em>’</em></strong></span> <span class='ocrx_word' id='word_1_105' title='bbox 158 751 249 782; x_wconf 87' lang='lat' dir='ltr'>rere,</span> <span class='ocrx_word' id='word_1_106' title='bbox 274 750 367 783; x_wconf 87' lang='lat' dir='ltr'>quam</span> <span class='ocrx_word' id='word_1_107' title='bbox 385 739 406 772; x_wconf 87' lang='lat' dir='ltr'>fi</span> <span class='ocrx_word' id='word_1_108' title='bbox 420 747 485 770; x_wconf 87' lang='lat' dir='ltr'>rem</span> <span class='ocrx_word' id='word_1_109' title='bbox 505 736 619 767; x_wconf 85' lang='lat' dir='ltr'>salvam</span> <span class='ocrx_word' id='word_1_110' title='bbox 636 734 706 765; x_wconf 81' lang='lat' dir='ltr'>fore</span> <span class='ocrx_word' id='word_1_111' title='bbox 723 733 855 764; x_wconf 82' lang='lat' dir='ltr'>caverit.</span> <span class='ocrx_word' id='word_1_112' title='bbox 878 731 1033 763; x_wconf 85' lang='lat' dir='ltr'>Proculus</span> 
     </span>
     <span class='ocr_line' id='line_1_16' title="bbox 160 772 1032 821; baseline -0.017 -4"><span class='ocrx_word' id='word_1_113' title='bbox 160 786 180 817; x_wconf 81' lang='lat' dir='ltr'>l.</span> <span class='ocrx_word' id='word_1_114' title='bbox 196 789 247 821; x_wconf 90' lang='lat'>69.</span> <span class='ocrx_word' id='word_1_115' title='bbox 271 785 317 815; x_wconf 89' lang='lat' dir='ltr'>D.</span> <span class='ocrx_word' id='word_1_116' title='bbox 335 784 368 813; x_wconf 85' lang='lat' dir='ltr'>de</span> <span class='ocrx_word' id='word_1_117' title='bbox 383 780 529 812; x_wconf 77' lang='lat' dir='ltr'><em>heredibus</em></span> <span class='ocrx_word' id='word_1_118' title='bbox 552 773 735 819; x_wconf 71' lang='lat' dir='ltr'>instituendis</span> <span class='ocrx_word' id='word_1_119' title='bbox 758 774 854 812; x_wconf 88' lang='lat' dir='ltr'>dicit,</span> <span class='ocrx_word' id='word_1_120' title='bbox 868 772 957 818; x_wconf 22' lang='lat' dir='ltr'>*tales</span> <span class='ocrx_word' id='word_1_121' title='bbox 981 772 1032 816; x_wconf 77' lang='lat' dir='ltr'>ad·</span> 
     </span>
     <span class='ocr_line' id='line_1_17' title="bbox 155 816 1033 868; baseline -0.015 -10"><span class='ocrx_word' id='word_1_122' title='bbox 155 826 313 868; x_wconf 67' lang='lat' dir='ltr'>jectiones</span> <span class='ocrx_word' id='word_1_123' title='bbox 344 821 475 863; x_wconf 77' lang='lat' dir='ltr'>figuram</span> <span class='ocrx_word' id='word_1_124' title='bbox 495 816 691 850; x_wconf 88' lang='lat' dir='ltr'>conditionis</span> <span class='ocrx_word' id='word_1_125' title='bbox 705 839 716 856; x_wconf 91' lang='lat'>‚</span> <span class='ocrx_word' id='word_1_126' title='bbox 753 821 820 847; x_wconf 88' lang='lat' dir='ltr'>tion</span> <span class='ocrx_word' id='word_1_127' title='bbox 845 823 909 847; x_wconf 85' lang='lat' dir='ltr'>vim</span> <span class='ocrx_word' id='word_1_128' title='bbox 932 820 1033 846; x_wconf 88' lang='lat' dir='ltr'>conti-</span> 
     </span>
     <span class='ocr_line' id='line_1_18' title="bbox 157 876 611 904; baseline -0.02 -3"><span class='ocrx_word' id='word_1_129' title='bbox 157 876 244 901; x_wconf 87' lang='lat' dir='ltr'>nere.</span> <span class='ocrx_word' id='word_1_130' title='bbox 604 899 611 904; x_wconf 37' lang='grc' dir='ltr'>ι</span> 
     </span>
    </p>

    <p class='ocr_par' dir='ltr' id='par_1_3' title="bbox 157 894 1040 2301">
     <span class='ocr_line' id='line_1_19' title="bbox 201 894 1033 941; baseline -0.014 -2"><span class='ocrx_word' id='word_1_131' title='bbox 201 908 360 939; x_wconf 84' lang='lat' dir='ltr'>Praeterea</span> <span class='ocrx_word' id='word_1_132' title='bbox 385 900 486 934; x_wconf 81' lang='lat' dir='ltr'>refert</span> <span class='ocrx_word' id='word_1_133' title='bbox 504 900 691 941; x_wconf 84' lang='lat' dir='ltr'>Justimanus</span> <span class='ocrx_word' id='word_1_134' title='bbox 714 898 743 940; x_wconf 54' lang='grc' dir='ltr'>ἓ.</span> <span class='ocrx_word' id='word_1_135' title='bbox 756 906 786 937; x_wconf 88' lang='lat'>4.</span> <span class='ocrx_word' id='word_1_136' title='bbox 804 894 876 937; x_wconf 77' lang='lat' dir='ltr'><strong><em>Infl.</em></strong></span> <span class='ocrx_word' id='word_1_137' title='bbox 898 896 927 928; x_wconf 89' lang='lat' dir='ltr'>b.</span> <span class='ocrx_word' id='word_1_138' title='bbox 946 901 969 927; x_wconf 77' lang='lat' dir='ltr'>t.</span> <span class='ocrx_word' id='word_1_139' title='bbox 993 896 1033 928; x_wconf 85' lang='lat' dir='ltr'>ad</span> 
     </span>
     <span class='ocr_line' id='line_1_20' title="bbox 157 937 1030 983; baseline -0.016 -2"><span class='ocrx_word' id='word_1_140' title='bbox 157 948 291 982; x_wconf 88' lang='lat' dir='ltr'>modum</span> <span class='ocrx_word' id='word_1_141' title='bbox 307 944 402 977; x_wconf 87' lang='lat' dir='ltr'>dandi</span> <span class='ocrx_word' id='word_1_142' title='bbox 416 945 552 981; x_wconf 89' lang='lat' dir='ltr'>tutoris,</span> <span class='ocrx_word' id='word_1_143' title='bbox 575 942 662 983; x_wconf 91' lang='lat' dir='ltr'>quod</span> <span class='ocrx_word' id='word_1_144' title='bbox 678 941 815 978; x_wconf 83' lang='lat' dir='ltr'>Praetor,</span> <span class='ocrx_word' id='word_1_145' title='bbox 838 945 892 970; x_wconf 84' lang='lat' dir='ltr'>aut</span> <span class='ocrx_word' id='word_1_146' title='bbox 916 937 1030 970; x_wconf 80' lang='lat' dir='ltr'>Praefe·</span> 
     </span>
     <span class='ocr_line' id='line_1_21' title="bbox 160 980 1031 1027; baseline -0.015 -6"><span class='ocrx_word' id='word_1_147' title='bbox 160 991 228 1022; x_wconf 59' lang='lat' dir='ltr'>etus</span> <span class='ocrx_word' id='word_1_148' title='bbox 246 987 347 1025; x_wconf 90' lang='lat' dir='ltr'>Urbi,</span> <span class='ocrx_word' id='word_1_149' title='bbox 369 985 465 1017; x_wconf 88' lang='lat' dir='ltr'>debet</span> <span class='ocrx_word' id='word_1_150' title='bbox 491 991 632 1016; x_wconf 87' lang='lat' dir='ltr'>tutorem</span> <span class='ocrx_word' id='word_1_151' title='bbox 654 982 729 1013; x_wconf 87' lang='lat' dir='ltr'>dare</span> <span class='ocrx_word' id='word_1_152' title='bbox 751 980 922 1027; x_wconf 79' lang='lat' dir='ltr'>secundum</span> <span class='ocrx_word' id='word_1_153' title='bbox 947 980 1031 1024; x_wconf 75' lang='grc'><strong>1113111</strong></span> 
     </span>
     <span class='ocr_line' id='line_1_22' title="bbox 157 1020 1032 1074; baseline -0.016 -11"><span class='ocrx_word' id='word_1_154' title='bbox 157 1029 419 1074; x_wconf 61' lang='lat' dir='ltr'>iurisdietionem.</span> <span class='ocrx_word' id='word_1_155' title='bbox 475 1024 655 1067; x_wconf 88' lang='lat' dir='ltr'>Imperator</span> <span class='ocrx_word' id='word_1_156' title='bbox 683 1020 923 1063; x_wconf 66' lang='lat' dir='ltr'>Jurisdzerzonem</span> <span class='ocrx_word' id='word_1_157' title='bbox 952 1020 1032 1050; x_wconf 86' lang='lat' dir='ltr'>dicit</span> 
     </span>
     <span class='ocr_line' id='line_1_23' title="bbox 158 1061 1031 1114; baseline -0.016 -10"><span class='ocrx_word' id='word_1_158' title='bbox 158 1082 220 1114; x_wconf 90' lang='lat' dir='ltr'>pro</span> <span class='ocrx_word' id='word_1_159' title='bbox 246 1072 321 1104; x_wconf 93' lang='lat' dir='ltr'>loco</span> <span class='ocrx_word' id='word_1_160' title='bbox 344 1070 425 1100; x_wconf 87' lang='lat' dir='ltr'>intra</span> <span class='ocrx_word' id='word_1_161' title='bbox 448 1075 545 1108; x_wconf 85' lang='lat' dir='ltr'>quem</span> <span class='ocrx_word' id='word_1_162' title='bbox 570 1075 607 1097; x_wconf 82' lang='lat' dir='ltr'>ea</span> <span class='ocrx_word' id='word_1_163' title='bbox 630 1070 817 1096; x_wconf 85' lang='lat' dir='ltr'>exercetur:</span> <span class='ocrx_word' id='word_1_164' title='bbox 840 1071 905 1106; x_wconf 79' lang='lat' dir='ltr'>quo</span> <span class='ocrx_word' id='word_1_165' title='bbox 931 1061 1031 1104; x_wconf 86' lang='lat' dir='ltr'>modo</span> 
     </span>
     <span class='ocr_line' id='line_1_24' title="bbox 159 1101 1030 1155; baseline -0.017 -9"><span class='ocrx_word' id='word_1_166' title='bbox 159 1113 313 1155; x_wconf 86' lang='lat' dir='ltr'>accipitur</span> <span class='ocrx_word' id='word_1_167' title='bbox 327 1108 501 1150; x_wconf 63' lang='lat' dir='ltr'>iurisdictio</span> <span class='ocrx_word' id='word_1_168' title='bbox 519 1107 549 1140; x_wconf 89' lang='lat' dir='ltr'>in</span> <span class='ocrx_word' id='word_1_169' title='bbox 565 1107 718 1147; x_wconf 88' lang='lat' dir='ltr'>sequente</span> <span class='ocrx_word' id='word_1_170' title='bbox 739 1103 886 1135; x_wconf 83' lang='lat' dir='ltr'>Praetoris</span> <span class='ocrx_word' id='word_1_171' title='bbox 914 1101 1030 1133; x_wconf 67' lang='lat' dir='ltr'>Emere</span> 
     </span>
     <span class='ocr_line' id='line_1_25' title="bbox 160 1144 1032 1197; baseline -0.017 -10"><span class='ocrx_word' id='word_1_172' title='bbox 160 1156 245 1197; x_wconf 85' lang='lat' dir='ltr'>apud</span> <span class='ocrx_word' id='word_1_173' title='bbox 264 1153 301 1185; x_wconf 77' lang='lat' dir='ltr'>A.</span> <span class='ocrx_word' id='word_1_174' title='bbox 319 1150 460 1183; x_wconf 85' lang='lat' dir='ltr'>Gellium</span> <span class='ocrx_word' id='word_1_175' title='bbox 476 1150 524 1181; x_wconf 84' lang='lat' dir='ltr'>lib.</span> <span class='ocrx_word' id='word_1_176' title='bbox 545 1158 591 1181; x_wconf 85' lang='lat'>10.</span> <span class='ocrx_word' id='word_1_177' title='bbox 608 1145 698 1179; x_wconf 67' lang='lat' dir='ltr'>Noe.</span> <span class='ocrx_word' id='word_1_178' title='bbox 715 1145 811 1178; x_wconf 78' lang='lat' dir='ltr'>Aiiic.</span> <span class='ocrx_word' id='word_1_179' title='bbox 829 1154 853 1176; x_wconf 88' lang='lat' dir='ltr'>c.</span> <span class='ocrx_word' id='word_1_180' title='bbox 867 1152 914 1184; x_wconf 86' lang='lat'>15.</span> <span class='ocrx_word' id='word_1_181' title='bbox 933 1144 1032 1190; x_wconf 62' lang='lat' dir='ltr'>Sacer-</span> 
     </span>
     <span class='ocr_line' id='line_1_26' title="bbox 160 1186 1033 1234; baseline -0.017 -6"><span class='ocrx_word' id='word_1_182' title='bbox 160 1199 261 1229; x_wconf 77' lang='lat' dir='ltr'>dotem.</span> <span class='ocrx_word' id='word_1_183' title='bbox 286 1191 439 1234; x_wconf 71' lang='lat' dir='ltr'>Vestalem.</span> <span class='ocrx_word' id='word_1_184' title='bbox 471 1190 509 1227; x_wconf 62' lang='grc' dir='ltr'>ὅ)</span> <span class='ocrx_word' id='word_1_185' title='bbox 531 1189 697 1221; x_wconf 82' lang='lat' dir='ltr'>Flamz‘nem.</span> <span class='ocrx_word' id='word_1_186' title='bbox 720 1186 852 1218; x_wconf 79' lang='lat' dir='ltr'><strong><em>Dialem.</em></strong></span> <span class='ocrx_word' id='word_1_187' title='bbox 883 1194 924 1216; x_wconf 86' lang='lat' dir='ltr'>zn.</span> <span class='ocrx_word' id='word_1_188' title='bbox 947 1193 1033 1214; x_wconf 75' lang='lat' dir='ltr'>omni.</span> 
     </span>
     <span class='ocr_line' id='line_1_27' title="bbox 161 1224 1032 1277; baseline -0.017 -7"><span class='ocrx_word' id='word_1_189' title='bbox 161 1248 232 1270; x_wconf 87' lang='lat' dir='ltr'>mea.</span> <span class='ocrx_word' id='word_1_190' title='bbox 254 1234 481 1277; x_wconf 66' lang='lat' dir='ltr'>iurisdictione.</span> <span class='ocrx_word' id='word_1_191' title='bbox 498 1232 614 1274; x_wconf 84' lang='lat' dir='ltr'>jurare.</span> <span class='ocrx_word' id='word_1_192' title='bbox 630 1238 701 1273; x_wconf 64' lang='lat' dir='ltr'>non.</span> <span class='ocrx_word' id='word_1_193' title='bbox 720 1237 828 1269; x_wconf 83' lang='lat' dir='ltr'><em>cogam.</em></span> <span class='ocrx_word' id='word_1_194' title='bbox 871 1225 979 1271; x_wconf 37' lang='lat' dir='ltr'>Quod·</span> <span class='ocrx_word' id='word_1_195' title='bbox 993 1224 1032 1256; x_wconf 90' lang='lat' dir='ltr'>de</span> 
     </span>
     <span class='ocr_line' id='line_1_28' title="bbox 161 1269 1033 1312; baseline -0.018 -1"><span class='ocrx_word' id='word_1_196' title='bbox 161 1279 305 1312; x_wconf 81' lang='lat' dir='ltr'>Praetore</span> <span class='ocrx_word' id='word_1_197' title='bbox 322 1276 353 1308; x_wconf 86' lang='lat'>&amp;</span> <span class='ocrx_word' id='word_1_198' title='bbox 370 1273 526 1307; x_wconf 63' lang='lat' dir='ltr'>Praefeeto</span> <span class='ocrx_word' id='word_1_199' title='bbox 543 1271 623 1304; x_wconf 92' lang='lat' dir='ltr'>Urbi</span> <span class='ocrx_word' id='word_1_200' title='bbox 640 1271 719 1303; x_wconf 81' lang='lat' dir='ltr'>dixit</span> <span class='ocrx_word' id='word_1_201' title='bbox 736 1269 1033 1312; x_wconf 77' lang='lat' dir='ltr'>Imperator‚etiam</span> 
     </span>
     <span class='ocr_line' id='line_1_29' title="bbox 161 1309 1034 1356; baseline -0.016 -4"><span class='ocrx_word' id='word_1_202' title='bbox 161 1321 202 1352; x_wconf 91' lang='lat' dir='ltr'>de</span> <span class='ocrx_word' id='word_1_203' title='bbox 219 1316 352 1351; x_wconf 83' lang='lat' dir='ltr'>Praefide</span> <span class='ocrx_word' id='word_1_204' title='bbox 367 1315 542 1356; x_wconf 81' lang='lat' dir='ltr'>provinciae</span> <span class='ocrx_word' id='word_1_205' title='bbox 556 1336 567 1352; x_wconf 95' lang='lat'><em>‚</em></span> <span class='ocrx_word' id='word_1_206' title='bbox 590 1313 621 1344; x_wconf 77' lang='grc' dir='ltr'>ὅτ.</span> <span class='ocrx_word' id='word_1_207' title='bbox 639 1312 680 1343; x_wconf 85' lang='lat' dir='ltr'>de</span> <span class='ocrx_word' id='word_1_208' title='bbox 698 1309 885 1351; x_wconf 79' lang='lat' dir='ltr'>Magistratu</span> <span class='ocrx_word' id='word_1_209' title='bbox 903 1316 1034 1340; x_wconf 90' lang='lat' dir='ltr'>munici-</span> 
     </span>
     <span class='ocr_line' id='line_1_30' title="bbox 161 1349 1031 1403; baseline -0.016 -10"><span class='ocrx_word' id='word_1_210' title='bbox 161 1361 226 1403; x_wconf 84' lang='lat' dir='ltr'>pali</span> <span class='ocrx_word' id='word_1_211' title='bbox 247 1359 290 1391; x_wconf 91' lang='lat' dir='ltr'>ait</span> <span class='ocrx_word' id='word_1_212' title='bbox 319 1358 472 1398; x_wconf 85' lang='lat' dir='ltr'>Ulpianus</span> <span class='ocrx_word' id='word_1_213' title='bbox 493 1355 512 1387; x_wconf 74' lang='lat' dir='ltr'>i.</span> <span class='ocrx_word' id='word_1_214' title='bbox 538 1363 565 1386; x_wconf 88' lang='lat'>1.</span> <span class='ocrx_word' id='word_1_215' title='bbox 587 1354 617 1396; x_wconf 83' lang='lat'>§.</span> <span class='ocrx_word' id='word_1_216' title='bbox 644 1352 700 1384; x_wconf 80' lang='lat' dir='ltr'>ult.</span> <span class='ocrx_word' id='word_1_217' title='bbox 724 1350 760 1386; x_wconf 65' lang='grc' dir='ltr'>δ’</span> <span class='ocrx_word' id='word_1_218' title='bbox 783 1350 807 1400; x_wconf 42' lang='grc' dir='ltr'>Ι..</span> <span class='ocrx_word' id='word_1_219' title='bbox 829 1359 859 1391; x_wconf 83' lang='lat'>3.</span> <span class='ocrx_word' id='word_1_220' title='bbox 891 1349 938 1396; x_wconf 93' lang='lat' dir='ltr'>D.</span> <span class='ocrx_word' id='word_1_221' title='bbox 963 1349 992 1380; x_wconf 86' lang='lat' dir='ltr'>b.</span> <span class='ocrx_word' id='word_1_222' title='bbox 1009 1354 1031 1380; x_wconf 77' lang='lat' dir='ltr'>r.</span> 
     </span>
     <span class='ocr_line' id='line_1_31' title="bbox 160 1390 1036 1436; baseline -0.018 -1"><span class='ocrx_word' id='word_1_223' title='bbox 160 1402 236 1436; x_wconf 89' lang='lat' dir='ltr'>Nec</span> <span class='ocrx_word' id='word_1_224' title='bbox 259 1399 362 1432; x_wconf 89' lang='lat' dir='ltr'>obstat</span> <span class='ocrx_word' id='word_1_225' title='bbox 387 1398 451 1429; x_wconf 84' lang='lat' dir='ltr'>hoc</span> <span class='ocrx_word' id='word_1_226' title='bbox 473 1396 493 1428; x_wconf 85' lang='lat' dir='ltr'>l.</span> <span class='ocrx_word' id='word_1_227' title='bbox 523 1405 569 1428; x_wconf 91' lang='lat'>10.</span> <span class='ocrx_word' id='word_1_228' title='bbox 594 1395 643 1426; x_wconf 89' lang='lat' dir='ltr'>D.</span> <span class='ocrx_word' id='word_1_229' title='bbox 666 1394 700 1424; x_wconf 86' lang='lat' dir='ltr'>de</span> <span class='ocrx_word' id='word_1_230' title='bbox 723 1391 831 1423; x_wconf 68' lang='lat' dir='ltr'>tutelis.</span> <span class='ocrx_word' id='word_1_231' title='bbox 855 1390 957 1422; x_wconf 75' lang='lat' dir='ltr'>Etiam</span> <span class='ocrx_word' id='word_1_232' title='bbox 978 1399 1036 1421; x_wconf 83' lang='lat' dir='ltr'>non</span> 
     </span>
     <span class='ocr_line' id='line_1_32' title="bbox 162 1432 1036 1481; baseline -0.017 -5"><span class='ocrx_word' id='word_1_233' title='bbox 162 1444 310 1481; x_wconf 81' lang='lat' dir='ltr'>municeps</span> <span class='ocrx_word' id='word_1_234' title='bbox 334 1445 413 1471; x_wconf 76' lang='lat' dir='ltr'>tutor</span> <span class='ocrx_word' id='word_1_235' title='bbox 436 1438 501 1468; x_wconf 80' lang='lat' dir='ltr'>dari</span> <span class='ocrx_word' id='word_1_236' title='bbox 518 1433 628 1476; x_wconf 71' lang='lat' dir='ltr'>potest,</span> <span class='ocrx_word' id='word_1_237' title='bbox 662 1433 811 1464; x_wconf 76' lang='lat' dir='ltr'>dummodo</span> <span class='ocrx_word' id='word_1_238' title='bbox 833 1432 973 1478; x_wconf 67' lang='lat' dir='ltr'>muniqipi</span> <span class='ocrx_word' id='word_1_239' title='bbox 989 1433 1036 1462; x_wconf 83' lang='lat' dir='ltr'>de·</span> 
     </span>
     <span class='ocr_line' id='line_1_33' title="bbox 163 1472 1038 1517; baseline -0.017 0"><span class='ocrx_word' id='word_1_240' title='bbox 163 1491 226 1517; x_wconf 77' lang='lat' dir='ltr'>tur.</span> <span class='ocrx_word' id='word_1_241' title='bbox 268 1481 351 1515; x_wconf 90' lang='lat' dir='ltr'>Nam</span> <span class='ocrx_word' id='word_1_242' title='bbox 367 1479 467 1511; x_wconf 88' lang='lat' dir='ltr'>sensus</span> <span class='ocrx_word' id='word_1_243' title='bbox 488 1478 553 1516; x_wconf 87' lang='lat' dir='ltr'>est,</span> <span class='ocrx_word' id='word_1_244' title='bbox 577 1474 797 1515; x_wconf 80' lang='lat' dir='ltr'>Magistratum</span> <span class='ocrx_word' id='word_1_245' title='bbox 812 1472 1038 1513; x_wconf 79' lang='lat' dir='ltr'>municipalem</span> 
     </span>
     <span class='ocr_line' id='line_1_34' title="bbox 164 1512 1038 1559; baseline -0.014 -1"><span class='ocrx_word' id='word_1_246' title='bbox 164 1535 232 1559; x_wconf 89' lang='lat' dir='ltr'>non</span> <span class='ocrx_word' id='word_1_247' title='bbox 251 1529 373 1555; x_wconf 88' lang='lat' dir='ltr'>tantum</span> <span class='ocrx_word' id='word_1_248' title='bbox 389 1518 584 1559; x_wconf 86' lang='lat' dir='ltr'>municipem</span> <span class='ocrx_word' id='word_1_249' title='bbox 600 1514 689 1557; x_wconf 75' lang='lat' dir='ltr'>posse</span> <span class='ocrx_word' id='word_1_250' title='bbox 705 1521 845 1546; x_wconf 88' lang='lat' dir='ltr'>tutorem</span> <span class='ocrx_word' id='word_1_251' title='bbox 867 1514 961 1553; x_wconf 81' lang='lat' dir='ltr'>dare3</span> <span class='ocrx_word' id='word_1_252' title='bbox 985 1512 1038 1546; x_wconf 90' lang='lat' dir='ltr'>sed</span> 
     </span>
     <span class='ocr_line' id='line_1_35' title="bbox 164 1554 1038 1601; baseline -0.013 -3"><span class='ocrx_word' id='word_1_253' title='bbox 164 1566 260 1599; x_wconf 87' lang='lat' dir='ltr'>etiam</span> <span class='ocrx_word' id='word_1_254' title='bbox 277 1571 341 1596; x_wconf 88' lang='lat' dir='ltr'>non</span> <span class='ocrx_word' id='word_1_255' title='bbox 360 1560 572 1600; x_wconf 83' lang='lat' dir='ltr'>municipem:</span> <span class='ocrx_word' id='word_1_256' title='bbox 595 1557 696 1590; x_wconf 84' lang='lat' dir='ltr'>modo</span> <span class='ocrx_word' id='word_1_257' title='bbox 718 1554 756 1601; x_wconf 74' lang='grc'>111</span> <span class='ocrx_word' id='word_1_258' title='bbox 779 1555 885 1588; x_wconf 88' lang='lat' dir='ltr'>incola</span> <span class='ocrx_word' id='word_1_259' title='bbox 910 1555 962 1587; x_wconf 91' lang='lat' dir='ltr'>vel</span> <span class='ocrx_word' id='word_1_260' title='bbox 986 1555 1038 1587; x_wconf 86' lang='lat' dir='ltr'>ad·</span> 
     </span>
     <span class='ocr_line' id='line_1_36' title="bbox 163 1596 1038 1641; baseline -0.016 -1"><span class='ocrx_word' id='word_1_261' title='bbox 163 1616 247 1640; x_wconf 84' lang='lat' dir='ltr'>-vena</span> <span class='ocrx_word' id='word_1_262' title='bbox 263 1604 315 1637; x_wconf 88' lang='lat' dir='ltr'>vel</span> <span class='ocrx_word' id='word_1_263' title='bbox 338 1612 381 1635; x_wconf 85' lang='lat' dir='ltr'>ex</span> <span class='ocrx_word' id='word_1_264' title='bbox 399 1599 574 1641; x_wconf 90' lang='lat' dir='ltr'>municipio</span> <span class='ocrx_word' id='word_1_265' title='bbox 592 1606 707 1636; x_wconf 82' lang='lat' dir='ltr'>natus3</span> <span class='ocrx_word' id='word_1_266' title='bbox 729 1597 806 1629; x_wconf 89' lang='lat' dir='ltr'>licet</span> <span class='ocrx_word' id='word_1_267' title='bbox 828 1605 893 1629; x_wconf 89' lang='lat' dir='ltr'>non</span> <span class='ocrx_word' id='word_1_268' title='bbox 917 1596 953 1627; x_wconf 88' lang='lat' dir='ltr'>sit</span> <span class='ocrx_word' id='word_1_269' title='bbox 973 1604 1038 1628; x_wconf 88' lang='lat' dir='ltr'>mu-</span> 
     </span>
     <span class='ocr_line' id='line_1_37' title="bbox 163 1637 1038 1688; baseline -0.015 -7"><span class='ocrx_word' id='word_1_270' title='bbox 163 1647 248 1682; x_wconf 85' lang='lat' dir='ltr'>neris</span> <span class='ocrx_word' id='word_1_271' title='bbox 269 1643 389 1688; x_wconf 86' lang='lat' dir='ltr'>publici</span> <span class='ocrx_word' id='word_1_272' title='bbox 407 1643 588 1685; x_wconf 82' lang='lat' dir='ltr'>particeps,</span> <span class='ocrx_word' id='word_1_273' title='bbox 609 1640 642 1672; x_wconf 89' lang='lat' dir='ltr'>id</span> <span class='ocrx_word' id='word_1_274' title='bbox 664 1638 728 1677; x_wconf 88' lang='lat' dir='ltr'>est,</span> <span class='ocrx_word' id='word_1_275' title='bbox 752 1647 819 1670; x_wconf 91' lang='lat' dir='ltr'>non</span> <span class='ocrx_word' id='word_1_276' title='bbox 838 1646 914 1669; x_wconf 88' lang='lat' dir='ltr'>vere</span> <span class='ocrx_word' id='word_1_277' title='bbox 939 1637 1038 1670; x_wconf 90' lang='lat' dir='ltr'>muni-</span> 
     </span>
     <span class='ocr_line' id='line_1_38' title="bbox 163 1678 1039 1731; baseline -0.015 -9"><span class='ocrx_word' id='word_1_278' title='bbox 163 1699 241 1731; x_wconf 81' lang='lat' dir='ltr'>ceps</span> <span class='ocrx_word' id='word_1_279' title='bbox 255 1688 275 1719; x_wconf 88' lang='lat' dir='ltr'>l.</span> <span class='ocrx_word' id='word_1_280' title='bbox 292 1695 363 1728; x_wconf 81' lang='lat'><strong><em>239.</em></strong></span> <span class='ocrx_word' id='word_1_281' title='bbox 387 1684 415 1727; x_wconf 59' lang='grc' dir='ltr'>ἓ.</span> <span class='ocrx_word' id='word_1_282' title='bbox 433 1694 462 1717; x_wconf 92' lang='lat'>2.</span> <span class='ocrx_word' id='word_1_283' title='bbox 480 1684 527 1715; x_wconf 94' lang='lat' dir='ltr'>D.</span> <span class='ocrx_word' id='word_1_284' title='bbox 543 1684 577 1715; x_wconf 83' lang='lat' dir='ltr'>de</span> <span class='ocrx_word' id='word_1_285' title='bbox 590 1682 670 1714; x_wconf 82' lang='lat' dir='ltr'>verb.</span> <span class='ocrx_word' id='word_1_286' title='bbox 679 1678 787 1721; x_wconf 73' lang='lat' dir='ltr'>fignif-</span> <span class='ocrx_word' id='word_1_287' title='bbox 810 1678 842 1712; x_wconf 87' lang='lat'>&amp;</span> <span class='ocrx_word' id='word_1_288' title='bbox 858 1678 1039 1725; x_wconf 66' lang='lat' dir='ltr'>habet-hoc</span> 
     </span>
     <span class='ocr_line' id='line_1_39' title="bbox 162 1719 1039 1768; baseline -0.016 -4"><span class='ocrx_word' id='word_1_289' title='bbox 162 1731 320 1766; x_wconf 82' lang='lat' dir='ltr'>rationein</span> <span class='ocrx_word' id='word_1_290' title='bbox 330 1739 338 1760; x_wconf 89' lang='lat'>:</span> <span class='ocrx_word' id='word_1_291' title='bbox 349 1729 421 1768; x_wconf 83' lang='lat' dir='ltr'>quia</span> <span class='ocrx_word' id='word_1_292' title='bbox 439 1725 545 1758; x_wconf 86' lang='lat' dir='ltr'>incola</span> <span class='ocrx_word' id='word_1_293' title='bbox 560 1731 625 1756; x_wconf 87' lang='lat' dir='ltr'>tam</span> <span class='ocrx_word' id='word_1_294' title='bbox 641 1722 739 1756; x_wconf 88' lang='lat' dir='ltr'>debet</span> <span class='ocrx_word' id='word_1_295' title='bbox 755 1719 1039 1766; x_wconf 20' lang='lat' dir='ltr'>parerechagistra—</span> 
     </span>
     <span class='ocr_line' id='line_1_40' title="bbox 162 1761 1038 1811; baseline -0.015 -6"><span class='ocrx_word' id='word_1_296' title='bbox 162 1772 248 1806; x_wconf 79' lang='lat' dir='ltr'>tibus</span> <span class='ocrx_word' id='word_1_297' title='bbox 264 1769 313 1803; x_wconf 88' lang='lat' dir='ltr'>his</span> <span class='ocrx_word' id='word_1_298' title='bbox 327 1768 412 1811; x_wconf 89' lang='lat' dir='ltr'>apud</span> <span class='ocrx_word' id='word_1_299' title='bbox 427 1775 509 1809; x_wconf 88' lang='lat' dir='ltr'>quos</span> <span class='ocrx_word' id='word_1_300' title='bbox 533 1764 639 1798; x_wconf 90' lang='lat' dir='ltr'>incola</span> <span class='ocrx_word' id='word_1_301' title='bbox 657 1762 722 1802; x_wconf 86' lang='lat' dir='ltr'>est3</span> <span class='ocrx_word' id='word_1_302' title='bbox 745 1770 839 1811; x_wconf 72' lang='lat' dir='ltr'>quarn</span> <span class='ocrx_word' id='word_1_303' title='bbox 870 1761 931 1794; x_wconf 81' lang='lat' dir='ltr'>illis</span> <span class='ocrx_word' id='word_1_304' title='bbox 953 1761 1038 1802; x_wconf 88' lang='lat' dir='ltr'>apud</span> 
     </span>
     <span class='ocr_line' id='line_1_41' title="bbox 163 1801 1038 1856; baseline -0.015 -10"><span class='ocrx_word' id='word_1_305' title='bbox 163 1822 248 1856; x_wconf 90' lang='lat' dir='ltr'>quos</span> <span class='ocrx_word' id='word_1_306' title='bbox 264 1810 344 1844; x_wconf 87' lang='lat' dir='ltr'>civis</span> <span class='ocrx_word' id='word_1_307' title='bbox 361 1808 407 1842; x_wconf 89' lang='lat' dir='ltr'>est</span> <span class='ocrx_word' id='word_1_308' title='bbox 428 1809 449 1841; x_wconf 91' lang='lat' dir='ltr'>l.</span> <span class='ocrx_word' id='word_1_309' title='bbox 466 1816 515 1846; x_wconf 88' lang='lat'>29.</span> <span class='ocrx_word' id='word_1_310' title='bbox 540 1808 588 1839; x_wconf 91' lang='lat' dir='ltr'>D.</span> <span class='ocrx_word' id='word_1_311' title='bbox 605 1806 656 1839; x_wconf 79' lang='lat' dir='ltr'>Ad</span> <span class='ocrx_word' id='word_1_312' title='bbox 678 1802 890 1845; x_wconf 69' lang='lat' dir='ltr'>municipalem.</span> <span class='ocrx_word' id='word_1_313' title='bbox 937 1801 1038 1844; x_wconf 86' lang='lat' dir='ltr'>Quod</span> 
     </span>
     <span class='ocr_line' id='line_1_42' title="bbox 162 1844 1037 1893; baseline -0.016 -4"><span class='ocrx_word' id='word_1_314' title='bbox 162 1861 240 1888; x_wconf 87' lang='lat' dir='ltr'>cum</span> <span class='ocrx_word' id='word_1_315' title='bbox 254 1852 282 1885; x_wconf 78' lang='lat' dir='ltr'>d.</span> <span class='ocrx_word' id='word_1_316' title='bbox 299 1853 320 1885; x_wconf 81' lang='lat' dir='ltr'>i.</span> <span class='ocrx_word' id='word_1_317' title='bbox 343 1861 371 1885; x_wconf 90' lang='lat'>1.</span> <span class='ocrx_word' id='word_1_318' title='bbox 395 1850 426 1893; x_wconf 86' lang='lat'>§.</span> <span class='ocrx_word' id='word_1_319' title='bbox 442 1849 497 1882; x_wconf 80' lang='lat' dir='ltr'>ult.</span> <span class='ocrx_word' id='word_1_320' title='bbox 513 1847 551 1884; x_wconf 53' lang='grc' dir='ltr'>ἐξ</span> <span class='ocrx_word' id='word_1_321' title='bbox 564 1848 585 1880; x_wconf 77' lang='grc' dir='ltr'>Ι.</span> <span class='ocrx_word' id='word_1_322' title='bbox 606 1857 653 1890; x_wconf 85' lang='lat'>13.</span> <span class='ocrx_word' id='word_1_323' title='bbox 672 1848 705 1879; x_wconf 84' lang='lat' dir='ltr'>in</span> <span class='ocrx_word' id='word_1_324' title='bbox 714 1844 774 1892; x_wconf 64' lang='lat' dir='ltr'>fin.</span> <span class='ocrx_word' id='word_1_325' title='bbox 791 1845 841 1878; x_wconf 90' lang='lat' dir='ltr'><strong><em>D.</em></strong></span> <span class='ocrx_word' id='word_1_326' title='bbox 865 1845 900 1891; x_wconf 68' lang='lat' dir='ltr'>de</span> <span class='ocrx_word' id='word_1_327' title='bbox 921 1844 1037 1891; x_wconf 65' lang='lat' dir='ltr'>exeusa-</span> 
     </span>
     <span class='ocr_line' id='line_1_43' title="bbox 162 1885 1039 1932; baseline -0.015 -2"><span class='ocrx_word' id='word_1_328' title='bbox 162 1896 290 1931; x_wconf 76' lang='lat' dir='ltr'>tionibus</span> <span class='ocrx_word' id='word_1_329' title='bbox 312 1893 358 1926; x_wconf 91' lang='lat' dir='ltr'>est</span> <span class='ocrx_word' id='word_1_330' title='bbox 371 1891 630 1924; x_wconf 84' lang='lat' dir='ltr'>consentaneum.</span> <span class='ocrx_word' id='word_1_331' title='bbox 648 1887 713 1921; x_wconf 85' lang='lat' dir='ltr'>Ita:</span> <span class='ocrx_word' id='word_1_332' title='bbox 728 1886 750 1920; x_wconf 91' lang='lat' dir='ltr'><strong>fi</strong></span> <span class='ocrx_word' id='word_1_333' title='bbox 766 1885 873 1919; x_wconf 86' lang='lat' dir='ltr'>idonei</span> <span class='ocrx_word' id='word_1_334' title='bbox 890 1885 1039 1932; x_wconf 85' lang='lat' dir='ltr'>homines</span> 
     </span>
     <span class='ocr_line' id='line_1_44' title="bbox 160 1928 1039 1974; baseline -0.015 -3"><span class='ocrx_word' id='word_1_335' title='bbox 160 1939 224 1973; x_wconf 79' lang='lat' dir='ltr'>fiat</span> <span class='ocrx_word' id='word_1_336' title='bbox 239 1936 321 1969; x_wconf 86' lang='lat' dir='ltr'>intra</span> <span class='ocrx_word' id='word_1_337' title='bbox 338 1932 533 1971; x_wconf 76' lang='lat' dir='ltr'>territorium</span> <span class='ocrx_word' id='word_1_338' title='bbox 552 1929 756 1973; x_wconf 79' lang='lat' dir='ltr'>Magistratus</span> <span class='ocrx_word' id='word_1_339' title='bbox 772 1928 983 1974; x_wconf 81' lang='lat' dir='ltr'>municipalis.</span> <span class='ocrx_word' id='word_1_340' title='bbox 1006 1934 1039 1959; x_wconf 88' lang='lat' dir='ltr'>at</span> 
     </span>
     <span class='ocr_line' id='line_1_45' title="bbox 164 1968 1039 2013; baseline -0.015 0"><span class='ocrx_word' id='word_1_341' title='bbox 164 1980 188 2013; x_wconf 86' lang='lat' dir='ltr'><strong>fi</strong></span> <span class='ocrx_word' id='word_1_342' title='bbox 203 1988 267 2011; x_wconf 89' lang='lat' dir='ltr'>non</span> <span class='ocrx_word' id='word_1_343' title='bbox 285 1976 363 2010; x_wconf 87' lang='lat' dir='ltr'>fint:</span> <span class='ocrx_word' id='word_1_344' title='bbox 385 1973 483 2013; x_wconf 86' lang='lat' dir='ltr'>Divi,</span> <span class='ocrx_word' id='word_1_345' title='bbox 507 1972 640 2006; x_wconf 82' lang='lat' dir='ltr'>Marcus</span> <span class='ocrx_word' id='word_1_346' title='bbox 658 1972 688 2005; x_wconf 73' lang='grc' dir='ltr'>ἂ</span> <span class='ocrx_word' id='word_1_347' title='bbox 707 1969 829 2009; x_wconf 85' lang='lat' dir='ltr'>Verus,</span> <span class='ocrx_word' id='word_1_348' title='bbox 850 1975 894 2001; x_wconf 88' lang='lat' dir='ltr'>ita</span> <span class='ocrx_word' id='word_1_349' title='bbox 916 1968 1039 2002; x_wconf 90' lang='lat' dir='ltr'>Corne-</span> 
     </span>
     <span class='ocr_line' id='line_1_46' title="bbox 162 2010 1037 2059; baseline -0.015 -4"><span class='ocrx_word' id='word_1_350' title='bbox 162 2022 208 2056; x_wconf 82' lang='lat' dir='ltr'>lio</span> <span class='ocrx_word' id='word_1_351' title='bbox 225 2018 364 2053; x_wconf 86' lang='lat' dir='ltr'>Proculo</span> <span class='ocrx_word' id='word_1_352' title='bbox 381 2015 474 2048; x_wconf 89' lang='lat' dir='ltr'>rescri</span> <span class='ocrx_word' id='word_1_353' title='bbox 499 2015 584 2054; x_wconf 91' lang='lat' dir='ltr'>sere,</span> <span class='ocrx_word' id='word_1_354' title='bbox 608 2014 692 2055; x_wconf 91' lang='lat' dir='ltr'>apud</span> <span class='ocrx_word' id='word_1_355' title='bbox 715 2011 848 2044; x_wconf 88' lang='lat' dir='ltr'>Paulum</span> <span class='ocrx_word' id='word_1_356' title='bbox 871 2011 892 2044; x_wconf 90' lang='lat' dir='ltr'><strong><em>l.</em></strong></span> <span class='ocrx_word' id='word_1_357' title='bbox 917 2020 967 2059; x_wconf 70' lang='lat'>24.</span> <span class='ocrx_word' id='word_1_358' title='bbox 984 2010 1037 2058; x_wconf 29' lang='grc' dir='ltr'>ΠΙ).</span> 
     </span>
     <span class='ocr_line' id='line_1_47' title="bbox 164 2025 1039 2102; baseline -0.015 -7"><span class='ocrx_word' id='word_1_359' title='bbox 164 2064 193 2095; x_wconf 81' lang='lat' dir='ltr'>h.</span> <span class='ocrx_word' id='word_1_360' title='bbox 210 2068 231 2094; x_wconf 78' lang='lat' dir='ltr'>t.</span> <span class='ocrx_word' id='word_1_361' title='bbox 255 2061 288 2092; x_wconf 84' lang='lat' dir='ltr'>Si</span> <span class='ocrx_word' id='word_1_362' title='bbox 304 2059 418 2102; x_wconf 80' lang='lat' dir='ltr'>quando</span> <span class='ocrx_word' id='word_1_363' title='bbox 435 2025 525 2096; x_wconf 43' lang='lat' dir='ltr'>defsm</span> <span class='ocrx_word' id='word_1_364' title='bbox 541 2057 573 2088; x_wconf 84' lang='lat' dir='ltr'>in</span> <span class='ocrx_word' id='word_1_365' title='bbox 589 2057 726 2093; x_wconf 76' lang='lat' dir='ltr'>civitate,</span> <span class='ocrx_word' id='word_1_366' title='bbox 750 2059 788 2085; x_wconf 74' lang='lat' dir='ltr'>ex</span> <span class='ocrx_word' id='word_1_367' title='bbox 808 2062 867 2095; x_wconf 81' lang='lat' dir='ltr'>qua</span> <span class='ocrx_word' id='word_1_368' title='bbox 882 2053 988 2093; x_wconf 73' lang='lat' dir='ltr'>pupilli</span> <span class='ocrx_word' id='word_1_369' title='bbox 1011 2061 1039 2082; x_wconf 87' lang='grc' dir='ltr'>ο-</span> 
     </span>
     <span class='ocr_line' id='line_1_48' title="bbox 164 2091 1039 2141; baseline -0.016 -4"><span class='ocrx_word' id='word_1_370' title='bbox 164 2103 367 2141; x_wconf 51' lang='lat' dir='ltr'>mundaum,</span> <span class='ocrx_word' id='word_1_371' title='bbox 390 2100 442 2141; x_wconf 83' lang='lat' dir='ltr'>qui</span> <span class='ocrx_word' id='word_1_372' title='bbox 459 2099 553 2130; x_wconf 75' lang='lat' dir='ltr'>idonei</span> <span class='ocrx_word' id='word_1_373' title='bbox 575 2099 735 2129; x_wconf 79' lang='lat' dir='ltr'>videantur</span> <span class='ocrx_word' id='word_1_374' title='bbox 749 2093 802 2135; x_wconf 85' lang='lat' dir='ltr'>effe</span> <span class='ocrx_word' id='word_1_375' title='bbox 825 2099 950 2140; x_wconf 48' lang='lat' dir='ltr'>tutore&amp;</span> <span class='ocrx_word' id='word_1_376' title='bbox 979 2091 1039 2140; x_wconf 84' lang='lat' dir='ltr'>offi-</span> 
     </span>
     <span class='ocr_line' id='line_1_49' title="bbox 165 2136 1038 2184; baseline -0.015 -6"><span class='ocrx_word' id='word_1_377' title='bbox 165 2147 243 2178; x_wconf 81' lang='lat' dir='ltr'>cium</span> <span class='ocrx_word' id='word_1_378' title='bbox 254 2142 294 2184; x_wconf 79' lang='lat' dir='ltr'>fit</span> <span class='ocrx_word' id='word_1_379' title='bbox 313 2139 567 2181; x_wconf 58' lang='lat' dir='ltr'>Magistratuum,</span> <span class='ocrx_word' id='word_1_380' title='bbox 589 2139 736 2180; x_wconf 79' lang='lat' dir='ltr'>inquirere</span> <span class='ocrx_word' id='word_1_381' title='bbox 755 2145 793 2168; x_wconf 81' lang='lat' dir='ltr'>ex</span> <span class='ocrx_word' id='word_1_382' title='bbox 807 2136 915 2167; x_wconf 77' lang='lat' dir='ltr'>vicinis</span> <span class='ocrx_word' id='word_1_383' title='bbox 933 2136 1038 2166; x_wconf 77' lang='lat' dir='ltr'>civita-</span> 
     </span>
     <span class='ocr_line' id='line_1_50' title="bbox 163 2175 1040 2225; baseline -0.016 -6"><span class='ocrx_word' id='word_1_384' title='bbox 163 2188 242 2219; x_wconf 74' lang='lat' dir='ltr'>tibus</span> <span class='ocrx_word' id='word_1_385' title='bbox 264 2181 482 2225; x_wconf 67' lang='lat' dir='ltr'>boneliiffimum</span> <span class='ocrx_word' id='word_1_386' title='bbox 513 2189 652 2222; x_wconf 83' lang='lat' dir='ltr'>quemque</span> <span class='ocrx_word' id='word_1_387' title='bbox 672 2202 683 2219; x_wconf 92' lang='lat'>,</span> <span class='ocrx_word' id='word_1_388' title='bbox 722 2176 760 2212; x_wconf 70' lang='lat' dir='ltr'>ft?</span> <span class='ocrx_word' id='word_1_389' title='bbox 782 2177 901 2224; x_wconf 63' lang='lat' dir='ltr'>nomina</span> <span class='ocrx_word' id='word_1_390' title='bbox 922 2175 1040 2223; x_wconf 65' lang='lat' dir='ltr'>Praefidi</span> 
     </span>
     <span class='ocr_line' id='line_1_51' title="bbox 162 2216 1039 2269; baseline -0.014 -10"><span class='ocrx_word' id='word_1_391' title='bbox 162 2228 321 2269; x_wconf 77' lang='lat' dir='ltr'>provinciae</span> <span class='ocrx_word' id='word_1_392' title='bbox 346 2226 457 2257; x_wconf 73' lang='lat' dir='ltr'>mittere</span> <span class='ocrx_word' id='word_1_393' title='bbox 473 2245 484 2263; x_wconf 90' lang='lat'>,</span> <span class='ocrx_word' id='word_1_394' title='bbox 513 2231 571 2254; x_wconf 77' lang='lat' dir='ltr'>mn</span> <span class='ocrx_word' id='word_1_395' title='bbox 592 2222 663 2262; x_wconf 58' lang='lat' dir='ltr'>ips&amp;</span> <span class='ocrx_word' id='word_1_396' title='bbox 688 2219 846 2252; x_wconf 71' lang='lat' dir='ltr'>arbitrium</span> <span class='ocrx_word' id='word_1_397' title='bbox 869 2218 959 2249; x_wconf 74' lang='lat' dir='ltr'>dandi</span> <span class='ocrx_word' id='word_1_398' title='bbox 981 2216 1039 2256; x_wconf 82' lang='lat' dir='ltr'>filn</span> 
     </span>
     <span class='ocr_line' id='line_1_52' title="bbox 165 2270 645 2301; baseline -0.015 0"><span class='ocrx_word' id='word_1_399' title='bbox 165 2270 326 2301; x_wconf 74' lang='lat' dir='ltr'>vindicare.</span> <span class='ocrx_word' id='word_1_400' title='bbox 642 2276 645 2278; x_wconf 89' lang='lat'>·</span> 
     </span>
    </p>

    <p class='ocr_par' dir='ltr' id='par_1_4' title="bbox 166 2298 1049 3256">
     <span class='ocr_line' id='line_1_53' title="bbox 209 2298 1038 2350; baseline -0.013 -8"><span class='ocrx_word' id='word_1_401' title='bbox 209 2309 337 2350; x_wconf 86' lang='lat' dir='ltr'>Insuper</span> <span class='ocrx_word' id='word_1_402' title='bbox 358 2306 401 2339; x_wconf 87' lang='lat' dir='ltr'>ait</span> <span class='ocrx_word' id='word_1_403' title='bbox 419 2304 606 2347; x_wconf 76' lang='lat' dir='ltr'>justinianus</span> <span class='ocrx_word' id='word_1_404' title='bbox 621 2304 640 2335; x_wconf 83' lang='lat' dir='ltr'>d</span> <span class='ocrx_word' id='word_1_405' title='bbox 673 2303 750 2350; x_wconf 23' lang='lat'><strong><em>§.⁵4.</em></strong></span> <span class='ocrx_word' id='word_1_406' title='bbox 774 2299 846 2342; x_wconf 77' lang='lat' dir='ltr'>Infl.</span> <span class='ocrx_word' id='word_1_407' title='bbox 871 2300 901 2348; x_wconf 61' lang='lat' dir='ltr'>b.</span> <span class='ocrx_word' id='word_1_408' title='bbox 925 2307 948 2332; x_wconf 79' lang='lat' dir='ltr'>t.</span> <span class='ocrx_word' id='word_1_409' title='bbox 971 2298 1038 2341; x_wconf 87' lang='lat' dir='ltr'>spe-</span> 
     </span>
     <span class='ocr_line' id='line_1_54' title="bbox 168 2342 1040 2383; baseline -0.013 0"><span class='ocrx_word' id='word_1_410' title='bbox 168 2351 252 2383; x_wconf 70' lang='lat' dir='ltr'>rstare</span> <span class='ocrx_word' id='word_1_411' title='bbox 275 2351 315 2382; x_wconf 83' lang='lat' dir='ltr'>ad</span> <span class='ocrx_word' id='word_1_412' title='bbox 336 2349 470 2382; x_wconf 88' lang='lat' dir='ltr'>modurn</span> <span class='ocrx_word' id='word_1_413' title='bbox 503 2347 597 2379; x_wconf 88' lang='lat' dir='ltr'>dandi</span> <span class='ocrx_word' id='word_1_414' title='bbox 621 2352 757 2377; x_wconf 82' lang='lat' dir='ltr'>tutoris:</span> <span class='ocrx_word' id='word_1_415' title='bbox 781 2343 869 2383; x_wconf 90' lang='lat' dir='ltr'>quod</span> <span class='ocrx_word' id='word_1_416' title='bbox 893 2351 918 2374; x_wconf 89' lang='lat' dir='ltr'>is</span> <span class='ocrx_word' id='word_1_417' title='bbox 941 2342 1040 2373; x_wconf 90' lang='lat' dir='ltr'>debet</span> 
     </span>
     <span class='ocr_line' id='line_1_55' title="bbox 166 2382 1040 2430; baseline -0.01 -7"><span class='ocrx_word' id='word_1_418' title='bbox 166 2392 266 2423; x_wconf 82' lang='lat' dir='ltr'>creari</span> <span class='ocrx_word' id='word_1_419' title='bbox 282 2401 322 2422; x_wconf 85' lang='lat' dir='ltr'>ex</span> <span class='ocrx_word' id='word_1_420' title='bbox 337 2389 556 2430; x_wconf 78' lang='lat' dir='ltr'>inquisitione:</span> <span class='ocrx_word' id='word_1_421' title='bbox 578 2388 690 2427; x_wconf 87' lang='lat' dir='ltr'>utique</span> <span class='ocrx_word' id='word_1_422' title='bbox 706 2395 723 2417; x_wconf 88' lang='lat' dir='ltr'>a</span> <span class='ocrx_word' id='word_1_423' title='bbox 740 2384 899 2430; x_wconf 66' lang='lat' dir='ltr'>Praetore,</span> <span class='ocrx_word' id='word_1_424' title='bbox 923 2382 1040 2430; x_wconf 65' lang='lat' dir='ltr'>Fra-fe-</span> 
     </span>
     <span class='ocr_line' id='line_1_56' title="bbox 170 2423 1043 2471; baseline -0.009 -6"><span class='ocrx_word' id='word_1_425' title='bbox 170 2433 223 2465; x_wconf 68' lang='lat' dir='ltr'>eto</span> <span class='ocrx_word' id='word_1_426' title='bbox 245 2433 340 2471; x_wconf 89' lang='lat' dir='ltr'>Urbi,</span> <span class='ocrx_word' id='word_1_427' title='bbox 364 2439 418 2463; x_wconf 89' lang='lat' dir='ltr'>aut</span> <span class='ocrx_word' id='word_1_428' title='bbox 438 2429 588 2463; x_wconf 80' lang='lat' dir='ltr'>Praeside:</span> <span class='ocrx_word' id='word_1_429' title='bbox 611 2437 682 2460; x_wconf 83' lang='lat' dir='ltr'>nam</span> <span class='ocrx_word' id='word_1_430' title='bbox 708 2427 749 2459; x_wconf 91' lang='lat' dir='ltr'>de</span> <span class='ocrx_word' id='word_1_431' title='bbox 771 2425 820 2457; x_wconf 79' lang='lat' dir='ltr'>his</span> <span class='ocrx_word' id='word_1_432' title='bbox 840 2426 870 2457; x_wconf 76' lang='grc' dir='ltr'>δι</span> <span class='ocrx_word' id='word_1_433' title='bbox 892 2423 1043 2457; x_wconf 76' lang='lat' dir='ltr'>similibus</span> 
     </span>
     <span class='ocr_line' id='line_1_57' title="bbox 168 2466 1043 2514; baseline -0.011 -8"><span class='ocrx_word' id='word_1_434' title='bbox 168 2474 322 2514; x_wconf 87' lang='lat' dir='ltr'>loquitur.</span> <span class='ocrx_word' id='word_1_435' title='bbox 365 2472 412 2504; x_wconf 85' lang='lat' dir='ltr'>Ex</span> <span class='ocrx_word' id='word_1_436' title='bbox 430 2470 630 2512; x_wconf 78' lang='lat' dir='ltr'>inquisitione</span> <span class='ocrx_word' id='word_1_437' title='bbox 647 2476 754 2500; x_wconf 85' lang='lat' dir='ltr'>autem</span> <span class='ocrx_word' id='word_1_438' title='bbox 770 2473 805 2498; x_wconf 91' lang='lat' dir='ltr'>ut</span> <span class='ocrx_word' id='word_1_439' title='bbox 828 2466 865 2498; x_wconf 87' lang='lat' dir='ltr'>fit</span> <span class='ocrx_word' id='word_1_440' title='bbox 881 2466 967 2498; x_wconf 74' lang='lat' dir='ltr'>recte</span> <span class='ocrx_word' id='word_1_441' title='bbox 993 2467 1043 2498; x_wconf 86' lang='lat' dir='ltr'>da-</span> 
     </span>
     <span class='ocr_line' id='line_1_58' title="bbox 167 2508 1044 2553; baseline -0.011 -6"><span class='ocrx_word' id='word_1_442' title='bbox 167 2523 243 2553; x_wconf 81' lang='lat' dir='ltr'>tus,</span> <span class='ocrx_word' id='word_1_443' title='bbox 265 2522 377 2545; x_wconf 89' lang='lat' dir='ltr'>monet</span> <span class='ocrx_word' id='word_1_444' title='bbox 400 2513 697 2553; x_wconf 85' lang='lat' dir='ltr'>Hermogenianus‚</span> <span class='ocrx_word' id='word_1_445' title='bbox 719 2508 785 2553; x_wconf 81' lang='lat' dir='ltr'>esse</span> <span class='ocrx_word' id='word_1_446' title='bbox 806 2514 944 2549; x_wconf 85' lang='lat' dir='ltr'>quatuor</span> <span class='ocrx_word' id='word_1_447' title='bbox 963 2516 1044 2539; x_wconf 90' lang='lat' dir='ltr'>con-</span> 
     </span>
     <span class='ocr_line' id='line_1_59' title="bbox 169 2549 1044 2596; baseline -0.011 -7"><span class='ocrx_word' id='word_1_448' title='bbox 169 2555 351 2590; x_wconf 79' lang='lat' dir='ltr'>fideranda:</span> <span class='ocrx_word' id='word_1_449' title='bbox 374 2556 529 2594; x_wconf 89' lang='lat' dir='ltr'>primum,</span> <span class='ocrx_word' id='word_1_450' title='bbox 552 2562 589 2584; x_wconf 88' lang='lat' dir='ltr'>an</span> <span class='ocrx_word' id='word_1_451' title='bbox 608 2553 661 2584; x_wconf 78' lang='lat' dir='ltr'>liic</span> <span class='ocrx_word' id='word_1_452' title='bbox 678 2551 801 2596; x_wconf 77' lang='lat' dir='ltr'>dederit</span> <span class='ocrx_word' id='word_1_453' title='bbox 817 2550 871 2589; x_wconf 87' lang='lat' dir='ltr'>qui</span> <span class='ocrx_word' id='word_1_454' title='bbox 888 2549 963 2580; x_wconf 89' lang='lat' dir='ltr'>dare</span> <span class='ocrx_word' id='word_1_455' title='bbox 988 2558 1044 2589; x_wconf 89' lang='lat' dir='ltr'>po-</span> 
     </span>
     <span class='ocr_line' id='line_1_60' title="bbox 172 2589 1044 2637; baseline -0.009 -7"><span class='ocrx_word' id='word_1_456' title='bbox 172 2599 251 2630; x_wconf 86' lang='lat' dir='ltr'>tuit:</span> <span class='ocrx_word' id='word_1_457' title='bbox 271 2595 449 2633; x_wconf 82' lang='lat' dir='ltr'>deinde‚an</span> <span class='ocrx_word' id='word_1_458' title='bbox 467 2593 628 2635; x_wconf 88' lang='lat' dir='ltr'>acceperit</span> <span class='ocrx_word' id='word_1_459' title='bbox 645 2593 698 2625; x_wconf 91' lang='lat' dir='ltr'>ille</span> <span class='ocrx_word' id='word_1_460' title='bbox 714 2601 764 2623; x_wconf 92' lang='lat' dir='ltr'>cui</span> <span class='ocrx_word' id='word_1_461' title='bbox 779 2589 883 2622; x_wconf 83' lang='lat' dir='ltr'>fuerat</span> <span class='ocrx_word' id='word_1_462' title='bbox 899 2590 1017 2637; x_wconf 76' lang='lat' dir='ltr'>dandus</span> <span class='ocrx_word' id='word_1_463' title='bbox 1032 2611 1044 2628; x_wconf 87' lang='lat'>,</span> 
     </span>
     <span class='ocr_line' id='line_1_61' title="bbox 173 2633 1043 2679; baseline -0.009 -10"><span class='ocrx_word' id='word_1_464' title='bbox 173 2648 240 2679; x_wconf 82' lang='lat' dir='ltr'>quo</span> <span class='ocrx_word' id='word_1_465' title='bbox 256 2636 396 2677; x_wconf 81' lang='lat' dir='ltr'>pertinet</span> <span class='ocrx_word' id='word_1_466' title='bbox 411 2636 430 2666; x_wconf 87' lang='lat' dir='ltr'>l.</span> <span class='ocrx_word' id='word_1_467' title='bbox 449 2640 496 2666; x_wconf 84' lang='lat'>26.</span> <span class='ocrx_word' id='word_1_468' title='bbox 512 2637 540 2667; x_wconf 78' lang='lat' dir='ltr'>h.</span> <span class='ocrx_word' id='word_1_469' title='bbox 558 2641 580 2666; x_wconf 84' lang='lat' dir='ltr'>t.</span> <span class='ocrx_word' id='word_1_470' title='bbox 607 2635 725 2673; x_wconf 90' lang='lat' dir='ltr'>terti0‚</span> <span class='ocrx_word' id='word_1_471' title='bbox 748 2641 787 2664; x_wconf 87' lang='lat' dir='ltr'>an</span> <span class='ocrx_word' id='word_1_472' title='bbox 803 2633 896 2663; x_wconf 90' lang='lat' dir='ltr'>detur</span> <span class='ocrx_word' id='word_1_473' title='bbox 912 2640 937 2662; x_wconf 89' lang='lat' dir='ltr'>is</span> <span class='ocrx_word' id='word_1_474' title='bbox 955 2640 1043 2671; x_wconf 68' lang='lat' dir='ltr'>cujus</span> 
     </span>
     <span class='ocr_line' id='line_1_62' title="bbox 173 2673 1043 2717; baseline -0.01 -5"><span class='ocrx_word' id='word_1_475' title='bbox 173 2679 268 2712; x_wconf 86' lang='lat' dir='ltr'>dandi</span> <span class='ocrx_word' id='word_1_476' title='bbox 284 2676 418 2708; x_wconf 81' lang='lat' dir='ltr'>facultas</span> <span class='ocrx_word' id='word_1_477' title='bbox 436 2684 517 2708; x_wconf 86' lang='lat' dir='ltr'>erat:</span> <span class='ocrx_word' id='word_1_478' title='bbox 541 2675 723 2717; x_wconf 83' lang='lat' dir='ltr'>postremo,</span> <span class='ocrx_word' id='word_1_479' title='bbox 745 2682 784 2704; x_wconf 93' lang='lat' dir='ltr'>an</span> <span class='ocrx_word' id='word_1_480' title='bbox 801 2673 966 2704; x_wconf 88' lang='lat' dir='ltr'>decretum</span> <span class='ocrx_word' id='word_1_481' title='bbox 984 2681 1043 2712; x_wconf 89' lang='lat' dir='ltr'>pro</span> 
     </span>
     <span class='ocr_line' id='line_1_63' title="bbox 174 2712 1043 2758; baseline -0.01 -5"><span class='ocrx_word' id='word_1_482' title='bbox 174 2718 324 2753; x_wconf 86' lang='lat' dir='ltr'>tribunali</span> <span class='ocrx_word' id='word_1_483' title='bbox 339 2716 375 2749; x_wconf 90' lang='lat' dir='ltr'>fit</span> <span class='ocrx_word' id='word_1_484' title='bbox 389 2717 606 2756; x_wconf 78' lang='lat' dir='ltr'>interpositum</span> <span class='ocrx_word' id='word_1_485' title='bbox 624 2716 644 2748; x_wconf 81' lang='lat' dir='ltr'>i.</span> <span class='ocrx_word' id='word_1_486' title='bbox 665 2724 694 2756; x_wconf 78' lang='lat'>7.</span> <span class='ocrx_word' id='word_1_487' title='bbox 711 2715 741 2758; x_wconf 88' lang='lat'>§.</span> <span class='ocrx_word' id='word_1_488' title='bbox 762 2723 786 2745; x_wconf 86' lang='lat'>1.</span> <span class='ocrx_word' id='word_1_489' title='bbox 805 2714 846 2744; x_wconf 89' lang='lat' dir='ltr'>D.</span> <span class='ocrx_word' id='word_1_490' title='bbox 865 2714 899 2744; x_wconf 83' lang='lat' dir='ltr'>de</span> <span class='ocrx_word' id='word_1_491' title='bbox 912 2712 1043 2753; x_wconf 86' lang='lat' dir='ltr'>confirm.</span> 
     </span>
     <span class='ocr_line' id='line_1_64' title="bbox 174 2752 1045 2797; baseline -0.011 -3"><span class='ocrx_word' id='word_1_492' title='bbox 174 2768 265 2795; x_wconf 77' lang='lat' dir='ltr'>tutor.</span> <span class='ocrx_word' id='word_1_493' title='bbox 308 2758 396 2791; x_wconf 76' lang='lat' dir='ltr'>Bene</span> <span class='ocrx_word' id='word_1_494' title='bbox 412 2757 472 2796; x_wconf 84' lang='lat' dir='ltr'>ait,</span> <span class='ocrx_word' id='word_1_495' title='bbox 491 2764 542 2797; x_wconf 76' lang='lat' dir='ltr'>pro</span> <span class='ocrx_word' id='word_1_496' title='bbox 559 2758 710 2789; x_wconf 79' lang='lat' dir='ltr'>tribunali.</span> <span class='ocrx_word' id='word_1_497' title='bbox 734 2763 806 2788; x_wconf 87' lang='lat' dir='ltr'>nam</span> <span class='ocrx_word' id='word_1_498' title='bbox 831 2754 883 2785; x_wconf 87' lang='lat' dir='ltr'>ubi</span> <span class='ocrx_word' id='word_1_499' title='bbox 907 2752 1045 2786; x_wconf 83' lang='lat' dir='ltr'>necessa-</span> 
     </span>
     <span class='ocr_line' id='line_1_65' title="bbox 172 2796 1046 2840; baseline -0.011 -4"><span class='ocrx_word' id='word_1_500' title='bbox 172 2803 254 2837; x_wconf 84' lang='lat' dir='ltr'>rium</span> <span class='ocrx_word' id='word_1_501' title='bbox 276 2799 322 2832; x_wconf 88' lang='lat' dir='ltr'>est</span> <span class='ocrx_word' id='word_1_502' title='bbox 338 2799 522 2834; x_wconf 78' lang='lat' dir='ltr'>decretum:</span> <span class='ocrx_word' id='word_1_503' title='bbox 546 2807 610 2830; x_wconf 91' lang='lat' dir='ltr'>non</span> <span class='ocrx_word' id='word_1_504' title='bbox 627 2797 733 2840; x_wconf 85' lang='lat' dir='ltr'>potest</span> <span class='ocrx_word' id='word_1_505' title='bbox 752 2797 818 2828; x_wconf 84' lang='lat' dir='ltr'>hoc</span> <span class='ocrx_word' id='word_1_506' title='bbox 834 2796 965 2840; x_wconf 27' lang='lat' dir='ltr'>*Praetor</span> <span class='ocrx_word' id='word_1_507' title='bbox 988 2803 1046 2836; x_wconf 86' lang='lat' dir='ltr'>per</span> 
     </span>
     <span class='ocr_line' id='line_1_66' title="bbox 174 2837 1047 2880; baseline -0.011 -2"><span class='ocrx_word' id='word_1_508' title='bbox 174 2843 336 2880; x_wconf 87' lang='lat' dir='ltr'>libellum,</span> <span class='ocrx_word' id='word_1_509' title='bbox 353 2839 417 2872; x_wconf 81' lang='lat' dir='ltr'>five</span> <span class='ocrx_word' id='word_1_510' title='bbox 434 2839 472 2870; x_wconf 90' lang='lat' dir='ltr'>de</span> <span class='ocrx_word' id='word_1_511' title='bbox 487 2839 601 2879; x_wconf 84' lang='lat' dir='ltr'>plano,</span> <span class='ocrx_word' id='word_1_512' title='bbox 618 2839 786 2879; x_wconf 81' lang='lat' dir='ltr'>expedire:</span> <span class='ocrx_word' id='word_1_513' title='bbox 810 2837 955 2870; x_wconf 88' lang='lat' dir='ltr'>nimirum</span> <span class='ocrx_word' id='word_1_514' title='bbox 972 2837 1047 2876; x_wconf 80' lang='lat' dir='ltr'>quia</span> 
     </span>
     <span class='ocr_line' id='line_1_67' title="bbox 166 2878 1045 2923; baseline -0.01 -5"><span class='ocrx_word' id='word_1_515' title='bbox 166 2886 286 2918; x_wconf 82' lang='lat' dir='ltr'>¹omnia</span> <span class='ocrx_word' id='word_1_516' title='bbox 310 2889 520 2923; x_wconf 72' lang='lat' dir='ltr'>quaecumque</span> <span class='ocrx_word' id='word_1_517' title='bbox 544 2880 640 2910; x_wconf 78' lang='lat' dir='ltr'>causae</span> <span class='ocrx_word' id='word_1_518' title='bbox 673 2879 896 2921; x_wconf 83' lang='lat' dir='ltr'>cognitionem</span> <span class='ocrx_word' id='word_1_519' title='bbox 927 2878 1045 2910; x_wconf 82' lang='lat' dir='ltr'>deside-</span> 
     </span>
     <span class='ocr_line' id='line_1_68' title="bbox 173 2919 1047 2963; baseline -0.009 -5"><span class='ocrx_word' id='word_1_520' title='bbox 173 2935 264 2963; x_wconf 83' lang='lat' dir='ltr'>rant,</span> <span class='ocrx_word' id='word_1_521' title='bbox 288 2933 355 2956; x_wconf 89' lang='lat' dir='ltr'>non</span> <span class='ocrx_word' id='word_1_522' title='bbox 373 2921 500 2963; x_wconf 80' lang='lat' dir='ltr'>possunt</span> <span class='ocrx_word' id='word_1_523' title='bbox 516 2919 588 2952; x_wconf 91' lang='lat' dir='ltr'>alibi</span> <span class='ocrx_word' id='word_1_524' title='bbox 604 2919 670 2951; x_wconf 91' lang='lat' dir='ltr'>fieri</span> <span class='ocrx_word' id='word_1_525' title='bbox 683 2943 693 2958; x_wconf 92' lang='lat'>,</span> <span class='ocrx_word' id='word_1_526' title='bbox 717 2930 809 2960; x_wconf 82' lang='lat' dir='ltr'>quam</span> <span class='ocrx_word' id='word_1_527' title='bbox 827 2929 885 2960; x_wconf 89' lang='lat' dir='ltr'>pro</span> <span class='ocrx_word' id='word_1_528' title='bbox 908 2920 1047 2951; x_wconf 86' lang='lat' dir='ltr'>tribuna-</span> 
     </span>
     <span class='ocr_line' id='line_1_69' title="bbox 175 2960 1048 3005; baseline -0.009 -5"><span class='ocrx_word' id='word_1_529' title='bbox 175 2969 217 3000; x_wconf 85' lang='lat' dir='ltr'>li:</span> <span class='ocrx_word' id='word_1_530' title='bbox 243 2974 276 2998; x_wconf 82' lang='lat' dir='ltr'>ut</span> <span class='ocrx_word' id='word_1_531' title='bbox 292 2966 412 2996; x_wconf 84' lang='lat' dir='ltr'>dudum</span> <span class='ocrx_word' id='word_1_532' title='bbox 429 2962 553 2994; x_wconf 87' lang='lat' dir='ltr'>ostendi</span> <span class='ocrx_word' id='word_1_533' title='bbox 578 2960 626 2991; x_wconf 80' lang='lat' dir='ltr'>lib.</span> <span class='ocrx_word' id='word_1_534' title='bbox 648 2969 673 3005; x_wconf 79' lang='lat'>¹:</span> <span class='ocrx_word' id='word_1_535' title='bbox 698 2962 748 2991; x_wconf 86' lang='lat' dir='ltr'>De</span> <span class='ocrx_word' id='word_1_536' title='bbox 768 2960 915 3002; x_wconf 65' lang='lat' dir='ltr'>jurisdist.</span> <span class='ocrx_word' id='word_1_537' title='bbox 941 2960 978 2996; x_wconf 55' lang='grc' dir='ltr'>ἐξ</span> <span class='ocrx_word' id='word_1_538' title='bbox 995 2962 1048 2992; x_wconf 86' lang='lat' dir='ltr'>im-</span> 
     </span>
     <span class='ocr_line' id='line_1_70' title="bbox 171 3000 1049 3050; baseline -0.007 -12"><span class='ocrx_word' id='word_1_539' title='bbox 171 3015 234 3050; x_wconf 75' lang='lat' dir='ltr'>per.</span> <span class='ocrx_word' id='word_1_540' title='bbox 279 3005 401 3038; x_wconf 81' lang='lat' dir='ltr'>Pofl&#39;em</span> <span class='ocrx_word' id='word_1_541' title='bbox 428 3004 528 3035; x_wconf 88' lang='lat' dir='ltr'>videri</span> <span class='ocrx_word' id='word_1_542' title='bbox 552 3000 714 3033; x_wconf 81' lang='lat' dir='ltr'>absolviffe</span> <span class='ocrx_word' id='word_1_543' title='bbox 742 3003 873 3040; x_wconf 83' lang='lat' dir='ltr'>primam</span> <span class='ocrx_word' id='word_1_544' title='bbox 901 3002 1049 3034; x_wconf 79' lang='lat' dir='ltr'>Rubricae</span> 
     </span>
     <span class='ocr_line' id='line_1_71' title="bbox 176 3042 1049 3091; baseline -0.015 -11"><span class='ocrx_word' id='word_1_545' title='bbox 176 3056 298 3091; x_wconf 83' lang='lat' dir='ltr'>partem</span> <span class='ocrx_word' id='word_1_546' title='bbox 310 3058 322 3086; x_wconf 80' lang='lat'>3-</span> <span class='ocrx_word' id='word_1_547' title='bbox 343 3045 397 3078; x_wconf 84' lang='lat' dir='ltr'>nisi</span> <span class='ocrx_word' id='word_1_548' title='bbox 413 3045 453 3076; x_wconf 87' lang='lat' dir='ltr'>ab</span> <span class='ocrx_word' id='word_1_549' title='bbox 467 3042 665 3084; x_wconf 70' lang='lat' dir='ltr'>inquisitione</span> <span class='ocrx_word' id='word_1_550' title='bbox 683 3050 811 3082; x_wconf 84' lang='lat' dir='ltr'>quoque</span> <span class='ocrx_word' id='word_1_551' title='bbox 829 3044 985 3083; x_wconf 85' lang='lat' dir='ltr'>penderet</span> <span class='ocrx_word' id='word_1_552' title='bbox 1007 3043 1049 3079; x_wconf 71' lang='lat' dir='ltr'>a}-</span> 
     </span>
     <span class='ocr_line' id='line_1_72' title="bbox 176 3083 1047 3128; baseline -0.008 -7"><span class='ocrx_word' id='word_1_553' title='bbox 176 3098 262 3127; x_wconf 83' lang='lat' dir='ltr'>tcra‚</span> <span class='ocrx_word' id='word_1_554' title='bbox 286 3088 339 3128; x_wconf 88' lang='lat' dir='ltr'>qui</span> <span class='ocrx_word' id='word_1_555' title='bbox 362 3087 478 3128; x_wconf 77' lang='lat' dir='ltr'>possint</span> <span class='ocrx_word' id='word_1_556' title='bbox 492 3093 610 3117; x_wconf 79' lang='lat' dir='ltr'>tutores</span> <span class='ocrx_word' id='word_1_557' title='bbox 627 3084 708 3114; x_wconf 87' lang='lat' dir='ltr'>dari:</span> <span class='ocrx_word' id='word_1_558' title='bbox 731 3091 803 3113; x_wconf 89' lang='lat' dir='ltr'>cum</span> <span class='ocrx_word' id='word_1_559' title='bbox 827 3083 912 3116; x_wconf 88' lang='lat' dir='ltr'>enim</span> <span class='ocrx_word' id='word_1_560' title='bbox 935 3084 1047 3117; x_wconf 83' lang='lat' dir='ltr'>Praeto-</span> 
     </span>
     <span class='ocr_line' id='line_1_73' title="bbox 175 3123 1049 3170; baseline -0.011 -7"><span class='ocrx_word' id='word_1_561' title='bbox 175 3132 219 3163; x_wconf 89' lang='lat' dir='ltr'>ris</span> <span class='ocrx_word' id='word_1_562' title='bbox 238 3129 424 3170; x_wconf 83' lang='lat' dir='ltr'>cognitione</span> <span class='ocrx_word' id='word_1_563' title='bbox 442 3126 584 3163; x_wconf 86' lang='lat' dir='ltr'>constet;</span> <span class='ocrx_word' id='word_1_564' title='bbox 610 3133 647 3156; x_wconf 90' lang='lat' dir='ltr'>an</span> <span class='ocrx_word' id='word_1_565' title='bbox 666 3123 796 3155; x_wconf 88' lang='lat' dir='ltr'>dubium</span> <span class='ocrx_word' id='word_1_566' title='bbox 812 3123 875 3160; x_wconf 84' lang='lat' dir='ltr'>est,</span> <span class='ocrx_word' id='word_1_567' title='bbox 896 3132 1049 3165; x_wconf 81' lang='lat' dir='ltr'>oportere</span> 
     </span>
     <span class='ocr_line' id='line_1_74' title="bbox 177 3164 1049 3208; baseline -0.007 -6"><span class='ocrx_word' id='word_1_568' title='bbox 177 3180 250 3203; x_wconf 89' lang='lat' dir='ltr'>eum</span> <span class='ocrx_word' id='word_1_569' title='bbox 271 3179 341 3200; x_wconf 85' lang='lat' dir='ltr'>cuin</span> <span class='ocrx_word' id='word_1_570' title='bbox 360 3170 487 3208; x_wconf 83' lang='lat' dir='ltr'>reliquis</span> <span class='ocrx_word' id='word_1_571' title='bbox 511 3168 541 3199; x_wconf 85' lang='lat'>&amp;</span> <span class='ocrx_word' id='word_1_572' title='bbox 568 3175 673 3198; x_wconf 88' lang='lat' dir='ltr'>mores</span> <span class='ocrx_word' id='word_1_573' title='bbox 695 3164 902 3197; x_wconf 80' lang='lat' dir='ltr'>creandorum</span> <span class='ocrx_word' id='word_1_574' title='bbox 925 3166 1049 3197; x_wconf 83' lang='lat' dir='ltr'>investi-</span> 
     </span>
     <span class='ocr_line' id='line_1_75' title="bbox 177 3205 1047 3256; baseline -0.006 -12"><span class='ocrx_word' id='word_1_575' title='bbox 177 3211 277 3256; x_wconf 70' lang='lat' dir='ltr'>gare?</span> <span class='ocrx_word' id='word_1_576' title='bbox 300 3217 332 3243; x_wconf 81' lang='lat' dir='ltr'>at</span> <span class='ocrx_word' id='word_1_577' title='bbox 348 3219 453 3250; x_wconf 85' lang='lat' dir='ltr'>neque</span> <span class='ocrx_word' id='word_1_578' title='bbox 471 3208 657 3248; x_wconf 81' lang='lat' dir='ltr'>facultates,</span> <span class='ocrx_word' id='word_1_579' title='bbox 673 3215 781 3248; x_wconf 86' lang='lat' dir='ltr'>neque</span> <span class='ocrx_word' id='word_1_580' title='bbox 795 3205 952 3247; x_wconf 84' lang='lat' dir='ltr'>dignitas,</span> <span class='ocrx_word' id='word_1_581' title='bbox 967 3206 1047 3239; x_wconf 77' lang='lat' dir='ltr'>adeo</span> 
     </span>
    </p>
   </div>
   <div class='ocr_carea' id='block_1_3' title="bbox 563 102 1245 150">
    <p class='ocr_par' dir='ltr' id='par_1_5' title="bbox 563 102 1245 150">
     <span class='ocr_line' id='line_1_76' title="bbox 563 102 1245 150; baseline -0.012 0"><span class='ocrx_word' id='word_1_582' title='bbox 563 115 921 150; x_wconf 72' lang='lat' dir='ltr'>GERARDI</span> <span class='ocrx_word' id='word_1_583' title='bbox 978 102 1245 143; x_wconf 66' lang='lat' dir='ltr'>Noonr</span> 
     </span>
    </p>
   </div>
   <div class='ocr_carea' id='block_1_4' title="bbox 1300 107 1512 143">
    <p class='ocr_par' dir='ltr' id='par_1_6' title="bbox 1300 107 1512 143">
     <span class='ocr_line' id='line_1_77' title="bbox 1300 107 1512 143; baseline 0.005 -1"><span class='ocrx_word' id='word_1_584' title='bbox 1300 107 1512 143; x_wconf 69' lang='grc'><strong>(301111.</strong></span> 
     </span>
    </p>
   </div>
   <div class='ocr_carea' id='block_1_5' title="bbox 1064 195 1954 2094">
    <p class='ocr_par' dir='ltr' id='par_1_7' title="bbox 1064 195 1954 2094">
     <span class='ocr_line' id='line_1_78' title="bbox 1064 195 1933 235; baseline 0.001 -8"><span class='ocrx_word' id='word_1_585' title='bbox 1064 195 1221 230; x_wconf 89' lang='lat' dir='ltr'>sufficiens</span> <span class='ocrx_word' id='word_1_586' title='bbox 1237 195 1281 228; x_wconf 90' lang='lat' dir='ltr'>est</span> <span class='ocrx_word' id='word_1_587' title='bbox 1296 197 1334 228; x_wconf 84' lang='lat' dir='ltr'>ad</span> <span class='ocrx_word' id='word_1_588' title='bbox 1350 196 1466 235; x_wconf 88' lang='lat' dir='ltr'>fidem,</span> <span class='ocrx_word' id='word_1_589' title='bbox 1488 203 1523 228; x_wconf 86' lang='lat' dir='ltr'>ut</span> <span class='ocrx_word' id='word_1_590' title='bbox 1537 195 1625 228; x_wconf 83' lang='lat' dir='ltr'>bona</span> <span class='ocrx_word' id='word_1_591' title='bbox 1647 195 1781 235; x_wconf 70' lang='lat' dir='ltr'>eiectio,</span> <span class='ocrx_word' id='word_1_592' title='bbox 1805 196 1857 229; x_wconf 80' lang='lat' dir='ltr'>vel</span> <span class='ocrx_word' id='word_1_593' title='bbox 1876 206 1933 228; x_wconf 73' lang='lat' dir='ltr'>vo-</span> 
     </span>
     <span class='ocr_line' id='line_1_79' title="bbox 1064 237 1934 280; baseline 0.001 -12"><span class='ocrx_word' id='word_1_594' title='bbox 1064 238 1168 269; x_wconf 81' lang='lat' dir='ltr'>luntas</span> <span class='ocrx_word' id='word_1_595' title='bbox 1193 237 1223 268; x_wconf 83' lang='lat'>&amp;</span> <span class='ocrx_word' id='word_1_596' title='bbox 1238 237 1365 280; x_wconf 84' lang='lat' dir='ltr'>benigni</span> <span class='ocrx_word' id='word_1_597' title='bbox 1384 247 1490 270; x_wconf 85' lang='lat' dir='ltr'>mores</span> <span class='ocrx_word' id='word_1_598' title='bbox 1505 240 1525 268; x_wconf 85' lang='lat' dir='ltr'>l.</span> <span class='ocrx_word' id='word_1_599' title='bbox 1548 247 1597 269; x_wconf 87' lang='lat'>21.</span> <span class='ocrx_word' id='word_1_600' title='bbox 1619 237 1648 280; x_wconf 88' lang='lat'>§.</span> <span class='ocrx_word' id='word_1_601' title='bbox 1666 248 1696 279; x_wconf 87' lang='lat'><strong><em>5.</em></strong></span> <span class='ocrx_word' id='word_1_602' title='bbox 1722 238 1769 269; x_wconf 89' lang='lat' dir='ltr'>D.</span> <span class='ocrx_word' id='word_1_603' title='bbox 1788 237 1816 270; x_wconf 85' lang='lat' dir='ltr'>h.</span> <span class='ocrx_word' id='word_1_604' title='bbox 1835 244 1857 269; x_wconf 76' lang='grc' dir='ltr'>ε.</span> <span class='ocrx_word' id='word_1_605' title='bbox 1898 237 1934 269; x_wconf 84' lang='grc'>111</span> 
     </span>
     <span class='ocr_line' id='line_1_80' title="bbox 1064 277 1937 320; baseline 0.002 -11"><span class='ocrx_word' id='word_1_606' title='bbox 1064 279 1174 320; x_wconf 87' lang='lat' dir='ltr'>primis</span> <span class='ocrx_word' id='word_1_607' title='bbox 1191 277 1286 319; x_wconf 84' lang='lat' dir='ltr'>igitur</span> <span class='ocrx_word' id='word_1_608' title='bbox 1300 287 1431 320; x_wconf 82' lang='lat' dir='ltr'>oportet</span> <span class='ocrx_word' id='word_1_609' title='bbox 1453 279 1625 312; x_wconf 70' lang='lat' dir='ltr'>Praetorem</span> <span class='ocrx_word' id='word_1_610' title='bbox 1647 286 1721 311; x_wconf 84' lang='lat' dir='ltr'>ante</span> <span class='ocrx_word' id='word_1_611' title='bbox 1743 279 1855 311; x_wconf 76' lang='lat' dir='ltr'>oculos</span> <span class='ocrx_word' id='word_1_612' title='bbox 1883 278 1937 310; x_wconf 74' lang='lat' dir='ltr'>ha-</span> 
     </span>
     <span class='ocr_line' id='line_1_81' title="bbox 1070 319 1936 362; baseline -0.001 -10"><span class='ocrx_word' id='word_1_613' title='bbox 1070 321 1146 352; x_wconf 91' lang='lat' dir='ltr'>bere</span> <span class='ocrx_word' id='word_1_614' title='bbox 1170 319 1238 351; x_wconf 71' lang='lat' dir='ltr'>hinc</span> <span class='ocrx_word' id='word_1_615' title='bbox 1263 319 1439 352; x_wconf 84' lang='lat' dir='ltr'>Modestini</span> <span class='ocrx_word' id='word_1_616' title='bbox 1463 322 1482 352; x_wconf 79' lang='lat' dir='ltr'>l.</span> <span class='ocrx_word' id='word_1_617' title='bbox 1511 329 1559 352; x_wconf 85' lang='lat'>21.</span> <span class='ocrx_word' id='word_1_618' title='bbox 1585 320 1613 362; x_wconf 56' lang='grc' dir='ltr'>ᾖ.</span> <span class='ocrx_word' id='word_1_619' title='bbox 1642 321 1697 352; x_wconf 72' lang='lat' dir='ltr'>ult.</span> <span class='ocrx_word' id='word_1_620' title='bbox 1721 321 1768 353; x_wconf 92' lang='lat' dir='ltr'>D.</span> <span class='ocrx_word' id='word_1_621' title='bbox 1795 321 1823 352; x_wconf 76' lang='lat' dir='ltr'>b.</span> <span class='ocrx_word' id='word_1_622' title='bbox 1848 325 1871 352; x_wconf 82' lang='lat' dir='ltr'>t.</span> <span class='ocrx_word' id='word_1_623' title='bbox 1894 329 1936 352; x_wconf 84' lang='lat' dir='ltr'>ne</span> 
     </span>
     <span class='ocr_line' id='line_1_82' title="bbox 1068 360 1939 402; baseline 0.001 -11"><span class='ocrx_word' id='word_1_624' title='bbox 1068 367 1157 392; x_wconf 85' lang='lat' dir='ltr'>creet</span> <span class='ocrx_word' id='word_1_625' title='bbox 1172 370 1228 393; x_wconf 88' lang='lat' dir='ltr'>eos</span> <span class='ocrx_word' id='word_1_626' title='bbox 1245 360 1299 401; x_wconf 88' lang='lat' dir='ltr'>qui</span> <span class='ocrx_word' id='word_1_627' title='bbox 1316 360 1347 393; x_wconf 88' lang='lat' dir='ltr'>se</span> <span class='ocrx_word' id='word_1_628' title='bbox 1363 361 1447 402; x_wconf 80' lang='lat' dir='ltr'>ipsos</span> <span class='ocrx_word' id='word_1_629' title='bbox 1463 362 1573 393; x_wconf 89' lang='lat' dir='ltr'>volunt</span> <span class='ocrx_word' id='word_1_630' title='bbox 1589 371 1752 402; x_wconf 85' lang='lat' dir='ltr'>ingerere,</span> <span class='ocrx_word' id='word_1_631' title='bbox 1775 369 1809 393; x_wconf 88' lang='lat' dir='ltr'>ut</span> <span class='ocrx_word' id='word_1_632' title='bbox 1828 371 1939 393; x_wconf 88' lang='lat' dir='ltr'>creeu-</span> 
     </span>
     <span class='ocr_line' id='line_1_83' title="bbox 1067 402 1938 444; baseline -0.001 -10"><span class='ocrx_word' id='word_1_633' title='bbox 1067 409 1136 434; x_wconf 86' lang='lat' dir='ltr'>tur:</span> <span class='ocrx_word' id='word_1_634' title='bbox 1160 410 1242 442; x_wconf 83' lang='lat' dir='ltr'>quos</span> <span class='ocrx_word' id='word_1_635' title='bbox 1258 403 1289 434; x_wconf 73' lang='grc' dir='ltr'>ἀ</span> <span class='ocrx_word' id='word_1_636' title='bbox 1307 411 1409 442; x_wconf 84' lang='lat' dir='ltr'>poenae</span> <span class='ocrx_word' id='word_1_637' title='bbox 1425 402 1585 435; x_wconf 86' lang='lat' dir='ltr'>obnoxios</span> <span class='ocrx_word' id='word_1_638' title='bbox 1602 403 1683 442; x_wconf 82' lang='lat' dir='ltr'>eise,</span> <span class='ocrx_word' id='word_1_639' title='bbox 1702 403 1938 444; x_wconf 88' lang='lat' dir='ltr'>promulgatum</span> 
     </span>
     <span class='ocr_line' id='line_1_84' title="bbox 1066 442 1937 483; baseline 0.001 -8"><span class='ocrx_word' id='word_1_640' title='bbox 1066 442 1121 475; x_wconf 89' lang='lat' dir='ltr'>est.</span> <span class='ocrx_word' id='word_1_641' title='bbox 1143 443 1251 482; x_wconf 84' lang='lat' dir='ltr'>aitque</span> <span class='ocrx_word' id='word_1_642' title='bbox 1267 442 1451 477; x_wconf 87' lang='lat' dir='ltr'>Marcianus</span> <span class='ocrx_word' id='word_1_643' title='bbox 1467 445 1487 477; x_wconf 85' lang='lat' dir='ltr'>l.</span> <span class='ocrx_word' id='word_1_644' title='bbox 1505 455 1535 483; x_wconf 87' lang='lat'>9.</span> <span class='ocrx_word' id='word_1_645' title='bbox 1560 445 1608 476; x_wconf 92' lang='lat' dir='ltr'>D.</span> <span class='ocrx_word' id='word_1_646' title='bbox 1624 445 1658 475; x_wconf 81' lang='lat' dir='ltr'>cle</span> <span class='ocrx_word' id='word_1_647' title='bbox 1679 443 1797 483; x_wconf 76' lang='lat' dir='ltr'>tutelis,</span> <span class='ocrx_word' id='word_1_648' title='bbox 1818 443 1849 476; x_wconf 93' lang='lat' dir='ltr'>in</span> <span class='ocrx_word' id='word_1_649' title='bbox 1877 443 1937 476; x_wconf 73' lang='lat' dir='ltr'>hos</span> 
     </span>
     <span class='ocr_line' id='line_1_85' title="bbox 1067 483 1938 518; baseline -0.001 -1"><span class='ocrx_word' id='word_1_650' title='bbox 1067 484 1097 517; x_wconf 67' lang='grc' dir='ltr'>ἃ</span> <span class='ocrx_word' id='word_1_651' title='bbox 1112 483 1226 516; x_wconf 85' lang='lat' dir='ltr'>similes</span> <span class='ocrx_word' id='word_1_652' title='bbox 1243 484 1450 518; x_wconf 88' lang='lat' dir='ltr'>animadverti</span> <span class='ocrx_word' id='word_1_653' title='bbox 1466 494 1555 518; x_wconf 88' lang='lat' dir='ltr'>extra</span> <span class='ocrx_word' id='word_1_654' title='bbox 1580 486 1736 518; x_wconf 89' lang='lat' dir='ltr'>ordinem.</span> <span class='ocrx_word' id='word_1_655' title='bbox 1780 487 1844 517; x_wconf 73' lang='lat' dir='ltr'>sed</span> <span class='ocrx_word' id='word_1_656' title='bbox 1867 485 1897 516; x_wconf 74' lang='grc' dir='ltr'>δι</span> <span class='ocrx_word' id='word_1_657' title='bbox 1915 483 1938 516; x_wconf 82' lang='grc'>11</span> 
     </span>
     <span class='ocr_line' id='line_1_86' title="bbox 1066 525 1937 568; baseline 0.001 -12"><span class='ocrx_word' id='word_1_658' title='bbox 1066 526 1137 566; x_wconf 87' lang='lat' dir='ltr'>quis</span> <span class='ocrx_word' id='word_1_659' title='bbox 1162 534 1179 556; x_wconf 87' lang='lat' dir='ltr'>a</span> <span class='ocrx_word' id='word_1_660' title='bbox 1203 526 1386 565; x_wconf 85' lang='lat' dir='ltr'>parentibus</span> <span class='ocrx_word' id='word_1_661' title='bbox 1409 528 1587 568; x_wconf 84' lang='lat' dir='ltr'>prohibitus</span> <span class='ocrx_word' id='word_1_662' title='bbox 1617 526 1715 558; x_wconf 84' lang='lat' dir='ltr'>fuerit</span> <span class='ocrx_word' id='word_1_663' title='bbox 1743 533 1832 558; x_wconf 82' lang='lat' dir='ltr'>tutor</span> <span class='ocrx_word' id='word_1_664' title='bbox 1852 525 1937 565; x_wconf 79' lang='lat' dir='ltr'>else3</span> 
     </span>
     <span class='ocr_line' id='line_1_87' title="bbox 1071 567 1939 611; baseline -0.001 -12"><span class='ocrx_word' id='word_1_665' title='bbox 1071 567 1156 599; x_wconf 90' lang='lat' dir='ltr'>hunc</span> <span class='ocrx_word' id='word_1_666' title='bbox 1171 575 1276 611; x_wconf 85' lang='lat' dir='ltr'>neque</span> <span class='ocrx_word' id='word_1_667' title='bbox 1295 567 1393 599; x_wconf 84' lang='lat' dir='ltr'>creari</span> <span class='ocrx_word' id='word_1_668' title='bbox 1409 576 1562 609; x_wconf 82' lang='lat' dir='ltr'>oportet3</span> <span class='ocrx_word' id='word_1_669' title='bbox 1585 568 1614 600; x_wconf 73' lang='grc' dir='ltr'>ἀ</span> <span class='ocrx_word' id='word_1_670' title='bbox 1631 568 1651 600; x_wconf 87' lang='grc'>11</span> <span class='ocrx_word' id='word_1_671' title='bbox 1669 577 1794 600; x_wconf 85' lang='lat' dir='ltr'>creatus</span> <span class='ocrx_word' id='word_1_672' title='bbox 1813 568 1939 607; x_wconf 66' lang='lat' dir='ltr'>sit5nec</span> 
     </span>
     <span class='ocr_line' id='line_1_88' title="bbox 1071 606 1940 652; baseline -0.001 -12"><span class='ocrx_word' id='word_1_673' title='bbox 1071 606 1285 646; x_wconf 86' lang='lat' dir='ltr'>recusaverit,</span> <span class='ocrx_word' id='word_1_674' title='bbox 1303 617 1379 652; x_wconf 28' lang='lat' dir='ltr'>‘eum</span> <span class='ocrx_word' id='word_1_675' title='bbox 1403 608 1583 648; x_wconf 87' lang='lat' dir='ltr'>prohiberi,</span> <span class='ocrx_word' id='word_1_676' title='bbox 1604 608 1668 641; x_wconf 78' lang='lat' dir='ltr'>ess&#39;e</span> <span class='ocrx_word' id='word_1_677' title='bbox 1690 617 1851 649; x_wconf 85' lang='lat' dir='ltr'>tutorem,</span> <span class='ocrx_word' id='word_1_678' title='bbox 1874 617 1940 640; x_wconf 86' lang='lat' dir='ltr'>ina-</span> 
     </span>
     <span class='ocr_line' id='line_1_89' title="bbox 1073 648 1939 691; baseline -0.001 -10"><span class='ocrx_word' id='word_1_679' title='bbox 1073 657 1171 681; x_wconf 90' lang='lat' dir='ltr'>nente</span> <span class='ocrx_word' id='word_1_680' title='bbox 1187 648 1346 689; x_wconf 83' lang='lat' dir='ltr'>epitimia,</span> <span class='ocrx_word' id='word_1_681' title='bbox 1370 648 1573 682; x_wconf 83' lang='lat' dir='ltr'>Modestinus</span> <span class='ocrx_word' id='word_1_682' title='bbox 1589 649 1694 682; x_wconf 78' lang='lat' dir='ltr'>scribit</span> <span class='ocrx_word' id='word_1_683' title='bbox 1706 652 1736 682; x_wconf 82' lang='lat' dir='ltr'>d.</span> <span class='ocrx_word' id='word_1_684' title='bbox 1752 651 1772 683; x_wconf 85' lang='lat' dir='ltr'>l.</span> <span class='ocrx_word' id='word_1_685' title='bbox 1791 660 1840 682; x_wconf 79' lang='lat'>21.</span> <span class='ocrx_word' id='word_1_686' title='bbox 1864 649 1894 691; x_wconf 84' lang='lat'>§.</span> <span class='ocrx_word' id='word_1_687' title='bbox 1910 659 1939 681; x_wconf 84' lang='lat'>2..</span> 
     </span>
     <span class='ocr_line' id='line_1_90' title="bbox 1073 689 1941 732; baseline -0.001 -10"><span class='ocrx_word' id='word_1_688' title='bbox 1073 689 1225 722; x_wconf 86' lang='lat' dir='ltr'>Similiter</span> <span class='ocrx_word' id='word_1_689' title='bbox 1244 689 1288 721; x_wconf 85' lang='lat' dir='ltr'>est</span> <span class='ocrx_word' id='word_1_690' title='bbox 1303 689 1446 722; x_wconf 82' lang='lat' dir='ltr'>officium</span> <span class='ocrx_word' id='word_1_691' title='bbox 1463 689 1685 732; x_wconf 84' lang='lat' dir='ltr'>Magistratus:</span> <span class='ocrx_word' id='word_1_692' title='bbox 1709 699 1746 723; x_wconf 89' lang='lat' dir='ltr'>ut</span> <span class='ocrx_word' id='word_1_693' title='bbox 1762 701 1802 724; x_wconf 82' lang='lat' dir='ltr'>ex</span> <span class='ocrx_word' id='word_1_694' title='bbox 1820 692 1868 724; x_wconf 87' lang='lat' dir='ltr'>his</span> <span class='ocrx_word' id='word_1_695' title='bbox 1885 692 1941 730; x_wconf 79' lang='lat' dir='ltr'>qui</span> 
     </span>
     <span class='ocr_line' id='line_1_91' title="bbox 1073 730 1943 771; baseline 0 -9"><span class='ocrx_word' id='word_1_696' title='bbox 1073 740 1139 763; x_wconf 91' lang='lat' dir='ltr'>non</span> <span class='ocrx_word' id='word_1_697' title='bbox 1156 730 1370 771; x_wconf 86' lang='lat' dir='ltr'>prohibentur</span> <span class='ocrx_word' id='word_1_698' title='bbox 1389 731 1475 770; x_wconf 87' lang='lat' dir='ltr'>dari,</span> <span class='ocrx_word' id='word_1_699' title='bbox 1498 739 1637 765; x_wconf 89' lang='lat' dir='ltr'>tutorem</span> <span class='ocrx_word' id='word_1_700' title='bbox 1649 733 1705 764; x_wconf 86' lang='lat' dir='ltr'>det</span> <span class='ocrx_word' id='word_1_701' title='bbox 1719 732 1856 765; x_wconf 85' lang='lat' dir='ltr'>maxime</span> <span class='ocrx_word' id='word_1_702' title='bbox 1871 733 1943 763; x_wconf 86' lang='lat' dir='ltr'>ido·</span> 
     </span>
     <span class='ocr_line' id='line_1_92' title="bbox 1073 771 1943 813; baseline 0.002 -9"><span class='ocrx_word' id='word_1_703' title='bbox 1073 781 1188 804; x_wconf 87' lang='lat' dir='ltr'>neum:</span> <span class='ocrx_word' id='word_1_704' title='bbox 1212 772 1250 804; x_wconf 83' lang='lat'>&amp;·</span> <span class='ocrx_word' id='word_1_705' title='bbox 1264 771 1328 803; x_wconf 88' lang='lat' dir='ltr'>hoc</span> <span class='ocrx_word' id='word_1_706' title='bbox 1343 773 1475 813; x_wconf 90' lang='lat' dir='ltr'>inquirit</span> <span class='ocrx_word' id='word_1_707' title='bbox 1490 782 1555 805; x_wconf 91' lang='lat' dir='ltr'>non</span> <span class='ocrx_word' id='word_1_708' title='bbox 1573 773 1670 805; x_wconf 81' lang='lat' dir='ltr'>modo</span> <span class='ocrx_word' id='word_1_709' title='bbox 1685 774 1716 805; x_wconf 89' lang='lat' dir='ltr'>in</span> <span class='ocrx_word' id='word_1_710' title='bbox 1734 773 1943 813; x_wconf 87' lang='lat' dir='ltr'>caeteris‚scd</span> 
     </span>
     <span class='ocr_line' id='line_1_93' title="bbox 1074 813 1944 853; baseline 0.002 -8"><span class='ocrx_word' id='word_1_711' title='bbox 1074 813 1171 845; x_wconf 89' lang='lat' dir='ltr'>ctiam</span> <span class='ocrx_word' id='word_1_712' title='bbox 1187 814 1230 844; x_wconf 75' lang='lat' dir='ltr'>&lt;in</span> <span class='ocrx_word' id='word_1_713' title='bbox 1254 822 1296 844; x_wconf 91' lang='lat' dir='ltr'>eo</span> <span class='ocrx_word' id='word_1_714' title='bbox 1320 814 1374 853; x_wconf 87' lang='lat' dir='ltr'>qui</span> <span class='ocrx_word' id='word_1_715' title='bbox 1396 814 1532 846; x_wconf 87' lang='lat' dir='ltr'>Senator</span> <span class='ocrx_word' id='word_1_716' title='bbox 1553 814 1599 846; x_wconf 88' lang='lat' dir='ltr'>est</span> <span class='ocrx_word' id='word_1_717' title='bbox 1621 814 1641 845; x_wconf 84' lang='lat' dir='ltr'>l.</span> <span class='ocrx_word' id='word_1_718' title='bbox 1661 819 1706 849; x_wconf 85' lang='lat'>18.</span> <span class='ocrx_word' id='word_1_719' title='bbox 1725 814 1767 846; x_wconf 92' lang='lat' dir='ltr'>D.</span> <span class='ocrx_word' id='word_1_720' title='bbox 1783 815 1811 846; x_wconf 86' lang='lat' dir='ltr'>h.</span> <span class='ocrx_word' id='word_1_721' title='bbox 1827 821 1849 847; x_wconf 83' lang='lat' dir='ltr'>t.</span> <span class='ocrx_word' id='word_1_722' title='bbox 1892 816 1944 847; x_wconf 80' lang='lat' dir='ltr'>Ab</span> 
     </span>
     <span class='ocr_line' id='line_1_94' title="bbox 1074 854 1943 897; baseline 0.001 -10"><span class='ocrx_word' id='word_1_723' title='bbox 1074 857 1186 887; x_wconf 82' lang='lat' dir='ltr'>eadem</span> <span class='ocrx_word' id='word_1_724' title='bbox 1205 854 1294 886; x_wconf 85' lang='lat' dir='ltr'>causa</span> <span class='ocrx_word' id='word_1_725' title='bbox 1316 854 1361 886; x_wconf 93' lang='lat' dir='ltr'>est</span> <span class='ocrx_word' id='word_1_726' title='bbox 1375 854 1480 887; x_wconf 81' lang='lat' dir='ltr'>forte:</span> <span class='ocrx_word' id='word_1_727' title='bbox 1502 856 1611 896; x_wconf 87' lang='lat' dir='ltr'>(quod</span> <span class='ocrx_word' id='word_1_728' title='bbox 1633 854 1788 897; x_wconf 86' lang='lat' dir='ltr'>Ulpianus</span> <span class='ocrx_word' id='word_1_729' title='bbox 1812 856 1830 886; x_wconf 80' lang='lat'>1.</span> <span class='ocrx_word' id='word_1_730' title='bbox 1848 865 1876 894; x_wconf 70' lang='lat'>4.</span> <span class='ocrx_word' id='word_1_731' title='bbox 1899 856 1943 888; x_wconf 90' lang='lat' dir='ltr'>D.</span> 
     </span>
     <span class='ocr_line' id='line_1_95' title="bbox 1074 895 1943 938; baseline 0.001 -11"><span class='ocrx_word' id='word_1_732' title='bbox 1074 896 1103 928; x_wconf 76' lang='lat' dir='ltr'>d.</span> <span class='ocrx_word' id='word_1_733' title='bbox 1118 903 1140 927; x_wconf 78' lang='lat' dir='ltr'>t.</span> <span class='ocrx_word' id='word_1_734' title='bbox 1161 896 1222 935; x_wconf 82' lang='lat' dir='ltr'>ait)</span> <span class='ocrx_word' id='word_1_735' title='bbox 1247 904 1281 927; x_wconf 84' lang='lat' dir='ltr'>ut</span> <span class='ocrx_word' id='word_1_736' title='bbox 1305 895 1428 928; x_wconf 80' lang='lat' dir='ltr'>Praetor</span> <span class='ocrx_word' id='word_1_737' title='bbox 1451 896 1481 929; x_wconf 88' lang='lat' dir='ltr'>se</span> <span class='ocrx_word' id='word_1_738' title='bbox 1505 895 1570 938; x_wconf 89' lang='lat' dir='ltr'>ipse</span> <span class='ocrx_word' id='word_1_739' title='bbox 1594 906 1659 929; x_wconf 88' lang='lat' dir='ltr'>non</span> <span class='ocrx_word' id='word_1_740' title='bbox 1683 896 1776 938; x_wconf 86' lang='lat' dir='ltr'>poffit</span> <span class='ocrx_word' id='word_1_741' title='bbox 1801 904 1943 928; x_wconf 85' lang='lat' dir='ltr'>tutorem</span> 
     </span>
     <span class='ocr_line' id='line_1_96' title="bbox 1075 937 1943 979; baseline 0.003 -12"><span class='ocrx_word' id='word_1_742' title='bbox 1075 938 1168 968; x_wconf 87' lang='lat' dir='ltr'>dare:</span> <span class='ocrx_word' id='word_1_743' title='bbox 1192 946 1311 977; x_wconf 87' lang='lat' dir='ltr'>cogere</span> <span class='ocrx_word' id='word_1_744' title='bbox 1334 946 1422 970; x_wconf 90' lang='lat' dir='ltr'>certe</span> <span class='ocrx_word' id='word_1_745' title='bbox 1439 937 1469 969; x_wconf 88' lang='lat' dir='ltr'>se</span> <span class='ocrx_word' id='word_1_746' title='bbox 1492 938 1532 970; x_wconf 82' lang='lat' dir='ltr'>ad</span> <span class='ocrx_word' id='word_1_747' title='bbox 1555 937 1781 979; x_wconf 80' lang='lat' dir='ltr'>suscipiendam</span> <span class='ocrx_word' id='word_1_748' title='bbox 1810 938 1943 970; x_wconf 87' lang='lat' dir='ltr'>tutelam</span> 
     </span>
     <span class='ocr_line' id='line_1_97' title="bbox 1073 977 1947 1020; baseline 0.001 -11"><span class='ocrx_word' id='word_1_749' title='bbox 1073 986 1141 1010; x_wconf 89' lang='lat' dir='ltr'>non</span> <span class='ocrx_word' id='word_1_750' title='bbox 1158 977 1275 1018; x_wconf 87' lang='lat' dir='ltr'>potest.</span> <span class='ocrx_word' id='word_1_751' title='bbox 1299 987 1401 1017; x_wconf 80' lang='lat' dir='ltr'>eaque</span> <span class='ocrx_word' id='word_1_752' title='bbox 1421 979 1546 1011; x_wconf 80' lang='lat' dir='ltr'>ratione</span> <span class='ocrx_word' id='word_1_753' title='bbox 1566 989 1627 1011; x_wconf 89' lang='lat' dir='ltr'>nec</span> <span class='ocrx_word' id='word_1_754' title='bbox 1646 981 1806 1020; x_wconf 87' lang='lat' dir='ltr'>pedaneus</span> <span class='ocrx_word' id='word_1_755' title='bbox 1826 979 1947 1019; x_wconf 85' lang='lat' dir='ltr'>judex,</span> 
     </span>
     <span class='ocr_line' id='line_1_98' title="bbox 1074 1018 1945 1061; baseline 0.002 -11"><span class='ocrx_word' id='word_1_756' title='bbox 1074 1029 1135 1051; x_wconf 89' lang='lat' dir='ltr'>nec</span> <span class='ocrx_word' id='word_1_757' title='bbox 1151 1018 1461 1060; x_wconf 83' lang='lat' dir='ltr'>compromiffarius,</span> <span class='ocrx_word' id='word_1_758' title='bbox 1485 1029 1526 1052; x_wconf 85' lang='lat' dir='ltr'>ex</span> <span class='ocrx_word' id='word_1_759' title='bbox 1544 1019 1596 1053; x_wconf 86' lang='lat' dir='ltr'>sua</span> <span class='ocrx_word' id='word_1_760' title='bbox 1621 1020 1775 1053; x_wconf 87' lang='lat' dir='ltr'>sententia</span> <span class='ocrx_word' id='word_1_761' title='bbox 1801 1020 1868 1052; x_wconf 89' lang='lat' dir='ltr'>fieri</span> <span class='ocrx_word' id='word_1_762' title='bbox 1886 1029 1945 1061; x_wconf 87' lang='lat' dir='ltr'>po-</span> 
     </span>
     <span class='ocr_line' id='line_1_99' title="bbox 1073 1060 1947 1104; baseline 0.003 -13"><span class='ocrx_word' id='word_1_763' title='bbox 1073 1060 1143 1092; x_wconf 88' lang='lat' dir='ltr'>test.</span> <span class='ocrx_word' id='word_1_764' title='bbox 1167 1061 1240 1101; x_wconf 90' lang='lat' dir='ltr'>quia</span> <span class='ocrx_word' id='word_1_765' title='bbox 1257 1061 1287 1092; x_wconf 79' lang='lat'>&amp;</span> <span class='ocrx_word' id='word_1_766' title='bbox 1310 1069 1458 1102; x_wconf 89' lang='lat' dir='ltr'>recepta,</span> <span class='ocrx_word' id='word_1_767' title='bbox 1482 1062 1661 1102; x_wconf 83' lang='lat' dir='ltr'>&amp;judicia‚</span> <span class='ocrx_word' id='word_1_768' title='bbox 1685 1062 1715 1094; x_wconf 73' lang='grc' dir='ltr'><strong>ἃ</strong></span> <span class='ocrx_word' id='word_1_769' title='bbox 1739 1062 1866 1101; x_wconf 84' lang='lat' dir='ltr'>tutelae,</span> <span class='ocrx_word' id='word_1_770' title='bbox 1890 1071 1947 1104; x_wconf 82' lang='lat' dir='ltr'>pu-</span> 
     </span>
     <span class='ocr_line' id='line_1_100' title="bbox 1074 1101 1946 1145; baseline 0.002 -13"><span class='ocrx_word' id='word_1_771' title='bbox 1074 1102 1165 1133; x_wconf 86' lang='lat' dir='ltr'>blicis</span> <span class='ocrx_word' id='word_1_772' title='bbox 1180 1101 1388 1135; x_wconf 85' lang='lat' dir='ltr'>accensentur</span> <span class='ocrx_word' id='word_1_773' title='bbox 1404 1104 1604 1136; x_wconf 84' lang='lat' dir='ltr'>muneribus:</span> <span class='ocrx_word' id='word_1_774' title='bbox 1626 1105 1667 1136; x_wconf 86' lang='lat' dir='ltr'>ad</span> <span class='ocrx_word' id='word_1_775' title='bbox 1684 1112 1753 1143; x_wconf 83' lang='lat' dir='ltr'>quae</span> <span class='ocrx_word' id='word_1_776' title='bbox 1777 1102 1946 1145; x_wconf 84' lang='lat' dir='ltr'>suscipien-</span> 
     </span>
     <span class='ocr_line' id='line_1_101' title="bbox 1075 1143 1946 1186; baseline 0.003 -13"><span class='ocrx_word' id='word_1_777' title='bbox 1075 1143 1114 1174; x_wconf 88' lang='lat' dir='ltr'>da</span> <span class='ocrx_word' id='word_1_778' title='bbox 1129 1151 1182 1174; x_wconf 90' lang='lat' dir='ltr'>aut</span> <span class='ocrx_word' id='word_1_779' title='bbox 1198 1145 1386 1184; x_wconf 88' lang='lat' dir='ltr'>exequenda</span> <span class='ocrx_word' id='word_1_780' title='bbox 1402 1145 1617 1185; x_wconf 90' lang='lat' dir='ltr'>unusquisque</span> <span class='ocrx_word' id='word_1_781' title='bbox 1633 1145 1738 1176; x_wconf 60' lang='lat' dir='ltr'>‘debet</span> <span class='ocrx_word' id='word_1_782' title='bbox 1762 1146 1847 1186; x_wconf 86' lang='lat' dir='ltr'>cogi.</span> <span class='ocrx_word' id='word_1_783' title='bbox 1892 1144 1946 1177; x_wconf 81' lang='lat' dir='ltr'>De</span> 
     </span>
     <span class='ocr_line' id='line_1_102' title="bbox 1073 1184 1946 1227; baseline 0.002 -11"><span class='ocrx_word' id='word_1_784' title='bbox 1073 1194 1116 1216; x_wconf 87' lang='lat' dir='ltr'>eo</span> <span class='ocrx_word' id='word_1_785' title='bbox 1133 1186 1302 1225; x_wconf 83' lang='lat' dir='ltr'>quaeritur,</span> <span class='ocrx_word' id='word_1_786' title='bbox 1324 1194 1362 1216; x_wconf 90' lang='lat' dir='ltr'>an</span> <span class='ocrx_word' id='word_1_787' title='bbox 1381 1184 1501 1217; x_wconf 82' lang='lat' dir='ltr'>Praetor</span> <span class='ocrx_word' id='word_1_788' title='bbox 1517 1185 1603 1218; x_wconf 90' lang='lat' dir='ltr'>suum</span> <span class='ocrx_word' id='word_1_789' title='bbox 1618 1185 1785 1227; x_wconf 80' lang='lat' dir='ltr'>Collegam</span> <span class='ocrx_word' id='word_1_790' title='bbox 1803 1193 1946 1218; x_wconf 85' lang='lat' dir='ltr'>tutorem</span> 
     </span>
     <span class='ocr_line' id='line_1_103' title="bbox 1076 1225 1950 1267; baseline 0.001 -9"><span class='ocrx_word' id='word_1_791' title='bbox 1076 1226 1150 1258; x_wconf 84' lang='lat' dir='ltr'>dare</span> <span class='ocrx_word' id='word_1_792' title='bbox 1175 1225 1292 1267; x_wconf 77' lang='lat' dir='ltr'>poffit?</span> <span class='ocrx_word' id='word_1_793' title='bbox 1321 1226 1401 1258; x_wconf 87' lang='lat' dir='ltr'>ficut</span> <span class='ocrx_word' id='word_1_794' title='bbox 1423 1225 1625 1259; x_wconf 88' lang='lat' dir='ltr'>Decuriones</span> <span class='ocrx_word' id='word_1_795' title='bbox 1650 1227 1734 1260; x_wconf 68' lang='lat' dir='ltr'>reste</span> <span class='ocrx_word' id='word_1_796' title='bbox 1752 1236 1848 1259; x_wconf 88' lang='lat' dir='ltr'>unum</span> <span class='ocrx_word' id='word_1_797' title='bbox 1873 1228 1950 1260; x_wconf 87' lang='lat' dir='ltr'>dant</span> 
     </span>
     <span class='ocr_line' id='line_1_104' title="bbox 1075 1265 1947 1310; baseline 0.003 -12"><span class='ocrx_word' id='word_1_798' title='bbox 1075 1276 1115 1298; x_wconf 87' lang='lat' dir='ltr'>ex</span> <span class='ocrx_word' id='word_1_799' title='bbox 1139 1265 1194 1298; x_wconf 90' lang='lat' dir='ltr'>suo</span> <span class='ocrx_word' id='word_1_800' title='bbox 1219 1266 1378 1307; x_wconf 88' lang='lat' dir='ltr'>Corpore.</span> <span class='ocrx_word' id='word_1_801' title='bbox 1410 1268 1488 1300; x_wconf 88' lang='lat' dir='ltr'>item</span> <span class='ocrx_word' id='word_1_802' title='bbox 1510 1267 1713 1310; x_wconf 87' lang='lat' dir='ltr'>Magistratus</span> <span class='ocrx_word' id='word_1_803' title='bbox 1739 1269 1947 1309; x_wconf 84' lang='lat' dir='ltr'>municipales</span> 
     </span>
     <span class='ocr_line' id='line_1_105' title="bbox 1074 1306 1946 1352; baseline 0.006 -14"><span class='ocrx_word' id='word_1_804' title='bbox 1074 1306 1204 1348; x_wconf 78' lang='lat' dir='ltr'>poss&#39;unt</span> <span class='ocrx_word' id='word_1_805' title='bbox 1229 1308 1394 1350; x_wconf 85' lang='lat' dir='ltr'>Collegam</span> <span class='ocrx_word' id='word_1_806' title='bbox 1420 1309 1508 1341; x_wconf 88' lang='lat' dir='ltr'>suum</span> <span class='ocrx_word' id='word_1_807' title='bbox 1531 1317 1673 1342; x_wconf 89' lang='lat' dir='ltr'>tutorem</span> <span class='ocrx_word' id='word_1_808' title='bbox 1698 1311 1771 1343; x_wconf 86' lang='lat' dir='ltr'>dare</span> <span class='ocrx_word' id='word_1_809' title='bbox 1795 1311 1815 1342; x_wconf 83' lang='lat' dir='ltr'>l.</span> <span class='ocrx_word' id='word_1_810' title='bbox 1840 1319 1946 1352; x_wconf 75' lang='lat' dir='ltr'>19.pr.</span> 
     </span>
     <span class='ocr_line' id='line_1_106' title="bbox 1078 1348 1948 1400; baseline 0.003 -20"><span class='ocrx_word' id='word_1_811' title='bbox 1078 1348 1115 1384; x_wconf 58' lang='grc' dir='ltr'>ὅ)</span> <span class='ocrx_word' id='word_1_812' title='bbox 1130 1348 1157 1400; x_wconf 54' lang='grc' dir='ltr'>ᾗ.</span> <span class='ocrx_word' id='word_1_813' title='bbox 1178 1358 1204 1380; x_wconf 88' lang='grc'>1.</span> <span class='ocrx_word' id='word_1_814' title='bbox 1223 1349 1264 1381; x_wconf 92' lang='lat' dir='ltr'>D.</span> <span class='ocrx_word' id='word_1_815' title='bbox 1288 1350 1317 1381; x_wconf 82' lang='lat' dir='ltr'>h.</span> <span class='ocrx_word' id='word_1_816' title='bbox 1335 1356 1355 1381; x_wconf 78' lang='lat' dir='ltr'>t.</span> <span class='ocrx_word' id='word_1_817' title='bbox 1397 1349 1461 1382; x_wconf 89' lang='lat' dir='ltr'>Sed</span> <span class='ocrx_word' id='word_1_818' title='bbox 1485 1359 1551 1382; x_wconf 92' lang='lat' dir='ltr'>non</span> <span class='ocrx_word' id='word_1_819' title='bbox 1579 1351 1705 1383; x_wconf 91' lang='lat' dir='ltr'>videtur</span> <span class='ocrx_word' id='word_1_820' title='bbox 1725 1359 1948 1392; x_wconf 85' lang='lat' dir='ltr'>argumentum</span> 
     </span>
     <span class='ocr_line' id='line_1_107' title="bbox 1079 1389 1949 1432; baseline 0.003 -11"><span class='ocrx_word' id='word_1_821' title='bbox 1079 1399 1096 1421; x_wconf 84' lang='lat' dir='ltr'>a</span> <span class='ocrx_word' id='word_1_822' title='bbox 1119 1391 1254 1431; x_wconf 63' lang='lat' dir='ltr'>Collega</span> <span class='ocrx_word' id='word_1_823' title='bbox 1272 1389 1475 1431; x_wconf 85' lang='lat' dir='ltr'>Magistratus</span> <span class='ocrx_word' id='word_1_824' title='bbox 1491 1392 1688 1432; x_wconf 87' lang='lat' dir='ltr'>municipalis</span> <span class='ocrx_word' id='word_1_825' title='bbox 1713 1393 1891 1432; x_wconf 86' lang='lat' dir='ltr'>procedere</span> <span class='ocrx_word' id='word_1_826' title='bbox 1906 1393 1949 1424; x_wconf 85' lang='lat' dir='ltr'>ad</span> 
     </span>
     <span class='ocr_line' id='line_1_108' title="bbox 1080 1430 1948 1474; baseline 0.003 -12"><span class='ocrx_word' id='word_1_827' title='bbox 1080 1430 1247 1473; x_wconf 88' lang='lat' dir='ltr'>Collegam</span> <span class='ocrx_word' id='word_1_828' title='bbox 1265 1431 1411 1464; x_wconf 84' lang='lat' dir='ltr'>Praetoris</span> <span class='ocrx_word' id='word_1_829' title='bbox 1426 1443 1434 1465; x_wconf 90' lang='lat'><strong>:</strong></span> <span class='ocrx_word' id='word_1_830' title='bbox 1459 1442 1500 1464; x_wconf 91' lang='lat' dir='ltr'>eo</span> <span class='ocrx_word' id='word_1_831' title='bbox 1518 1433 1606 1472; x_wconf 86' lang='lat' dir='ltr'>quod</span> <span class='ocrx_word' id='word_1_832' title='bbox 1623 1442 1687 1464; x_wconf 89' lang='lat' dir='ltr'>non</span> <span class='ocrx_word' id='word_1_833' title='bbox 1706 1440 1768 1465; x_wconf 91' lang='lat' dir='ltr'>tam</span> <span class='ocrx_word' id='word_1_834' title='bbox 1786 1433 1851 1474; x_wconf 87' lang='lat' dir='ltr'>ipse</span> <span class='ocrx_word' id='word_1_835' title='bbox 1875 1433 1948 1465; x_wconf 84' lang='lat' dir='ltr'>Ma-</span> 
     </span>
     <span class='ocr_line' id='line_1_109' title="bbox 1079 1472 1948 1515; baseline 0.003 -12"><span class='ocrx_word' id='word_1_836' title='bbox 1079 1472 1224 1514; x_wconf 86' lang='lat' dir='ltr'>gistratus</span> <span class='ocrx_word' id='word_1_837' title='bbox 1241 1472 1441 1513; x_wconf 86' lang='lat' dir='ltr'>municipalis</span> <span class='ocrx_word' id='word_1_838' title='bbox 1456 1474 1597 1505; x_wconf 90' lang='lat' dir='ltr'>creditur</span> <span class='ocrx_word' id='word_1_839' title='bbox 1615 1473 1782 1515; x_wconf 88' lang='lat' dir='ltr'>Collegam</span> <span class='ocrx_word' id='word_1_840' title='bbox 1797 1476 1872 1505; x_wconf 88' lang='lat' dir='ltr'>dare</span> <span class='ocrx_word' id='word_1_841' title='bbox 1897 1482 1948 1506; x_wconf 93' lang='lat' dir='ltr'>tu-</span> 
     </span>
     <span class='ocr_line' id='line_1_110' title="bbox 1080 1512 1951 1554; baseline 0.002 -9"><span class='ocrx_word' id='word_1_842' title='bbox 1080 1521 1183 1545; x_wconf 88' lang='lat' dir='ltr'>torem</span> <span class='ocrx_word' id='word_1_843' title='bbox 1196 1535 1207 1553; x_wconf 90' lang='lat'>,</span> <span class='ocrx_word' id='word_1_844' title='bbox 1227 1522 1322 1553; x_wconf 88' lang='lat' dir='ltr'>quam</span> <span class='ocrx_word' id='word_1_845' title='bbox 1341 1512 1457 1546; x_wconf 85' lang='lat' dir='ltr'>Praeses</span> <span class='ocrx_word' id='word_1_846' title='bbox 1474 1513 1562 1553; x_wconf 86' lang='lat' dir='ltr'>cujus</span> <span class='ocrx_word' id='word_1_847' title='bbox 1575 1513 1654 1554; x_wconf 82' lang='lat' dir='ltr'>juffu</span> <span class='ocrx_word' id='word_1_848' title='bbox 1669 1514 1708 1545; x_wconf 88' lang='lat' dir='ltr'>ab</span> <span class='ocrx_word' id='word_1_849' title='bbox 1725 1524 1767 1545; x_wconf 91' lang='lat' dir='ltr'>eo</span> <span class='ocrx_word' id='word_1_850' title='bbox 1783 1516 1875 1546; x_wconf 84' lang='lat' dir='ltr'>datus</span> <span class='ocrx_word' id='word_1_851' title='bbox 1898 1523 1951 1547; x_wconf 88' lang='lat' dir='ltr'>tu-</span> 
     </span>
     <span class='ocr_line' id='line_1_111' title="bbox 1080 1553 1947 1602; baseline 0.001 -16"><span class='ocrx_word' id='word_1_852' title='bbox 1080 1562 1152 1594; x_wconf 90' lang='lat' dir='ltr'>tor,</span> <span class='ocrx_word' id='word_1_853' title='bbox 1178 1556 1207 1586; x_wconf 71' lang='grc' dir='ltr'>ὅ(</span> <span class='ocrx_word' id='word_1_854' title='bbox 1223 1555 1262 1586; x_wconf 88' lang='lat' dir='ltr'>ad</span> <span class='ocrx_word' id='word_1_855' title='bbox 1282 1553 1513 1595; x_wconf 86' lang='lat' dir='ltr'>suscipiendam</span> <span class='ocrx_word' id='word_1_856' title='bbox 1528 1555 1661 1587; x_wconf 89' lang='lat' dir='ltr'>tutelam</span> <span class='ocrx_word' id='word_1_857' title='bbox 1679 1556 1754 1596; x_wconf 82' lang='lat' dir='ltr'>cogi</span> <span class='ocrx_word' id='word_1_858' title='bbox 1770 1555 1889 1596; x_wconf 87' lang='lat' dir='ltr'>potest.</span> <span class='ocrx_word' id='word_1_859' title='bbox 1912 1564 1947 1602; x_wconf 55' lang='lat'>²*</span> 
     </span>
     <span class='ocr_line' id='line_1_112' title="bbox 1080 1594 1950 1639; baseline 0.002 -12"><span class='ocrx_word' id='word_1_860' title='bbox 1080 1595 1145 1627; x_wconf 90' lang='lat' dir='ltr'>hoc</span> <span class='ocrx_word' id='word_1_861' title='bbox 1175 1604 1272 1637; x_wconf 88' lang='lat' dir='ltr'>quem</span> <span class='ocrx_word' id='word_1_862' title='bbox 1299 1595 1385 1628; x_wconf 89' lang='lat' dir='ltr'>usum</span> <span class='ocrx_word' id='word_1_863' title='bbox 1413 1594 1512 1628; x_wconf 84' lang='lat' dir='ltr'>habet</span> <span class='ocrx_word' id='word_1_864' title='bbox 1541 1597 1572 1627; x_wconf 91' lang='lat' dir='ltr'>in</span> <span class='ocrx_word' id='word_1_865' title='bbox 1603 1595 1748 1629; x_wconf 81' lang='lat' dir='ltr'>Praetore</span> <span class='ocrx_word' id='word_1_866' title='bbox 1780 1595 1950 1639; x_wconf 89' lang='lat' dir='ltr'>Collegam</span> 
     </span>
     <span class='ocr_line' id='line_1_113' title="bbox 1080 1635 1951 1671; baseline 0.003 -3"><span class='ocrx_word' id='word_1_867' title='bbox 1080 1636 1167 1669; x_wconf 87' lang='lat' dir='ltr'>suum</span> <span class='ocrx_word' id='word_1_868' title='bbox 1198 1643 1337 1669; x_wconf 85' lang='lat' dir='ltr'>tutorem</span> <span class='ocrx_word' id='word_1_869' title='bbox 1373 1636 1503 1669; x_wconf 77' lang='lat' dir='ltr'>dante?</span> <span class='ocrx_word' id='word_1_870' title='bbox 1532 1635 1646 1669; x_wconf 82' lang='lat' dir='ltr'>frustra</span> <span class='ocrx_word' id='word_1_871' title='bbox 1669 1639 1696 1669; x_wconf 87' lang='lat' dir='ltr'>is</span> <span class='ocrx_word' id='word_1_872' title='bbox 1720 1638 1777 1670; x_wconf 91' lang='lat' dir='ltr'>det</span> <span class='ocrx_word' id='word_1_873' title='bbox 1808 1645 1951 1671; x_wconf 87' lang='lat' dir='ltr'>tutorem</span> 
     </span>
     <span class='ocr_line' id='line_1_114' title="bbox 1080 1677 1954 1721; baseline 0.006 -11"><span class='ocrx_word' id='word_1_874' title='bbox 1080 1685 1176 1718; x_wconf 85' lang='lat' dir='ltr'>quein</span> <span class='ocrx_word' id='word_1_875' title='bbox 1199 1687 1264 1711; x_wconf 91' lang='lat' dir='ltr'>non</span> <span class='ocrx_word' id='word_1_876' title='bbox 1288 1677 1395 1720; x_wconf 89' lang='lat' dir='ltr'>potest</span> <span class='ocrx_word' id='word_1_877' title='bbox 1411 1687 1551 1720; x_wconf 88' lang='lat' dir='ltr'>cogere,</span> <span class='ocrx_word' id='word_1_878' title='bbox 1586 1686 1622 1711; x_wconf 85' lang='lat' dir='ltr'>ut</span> <span class='ocrx_word' id='word_1_879' title='bbox 1645 1679 1775 1712; x_wconf 90' lang='lat' dir='ltr'>tutelam</span> <span class='ocrx_word' id='word_1_880' title='bbox 1797 1678 1954 1721; x_wconf 60' lang='lat' dir='ltr'>suscipiam</span> 
     </span>
     <span class='ocr_line' id='line_1_115' title="bbox 1080 1719 1952 1764; baseline 0.002 -12"><span class='ocrx_word' id='word_1_881' title='bbox 1080 1719 1213 1752; x_wconf 83' lang='lat' dir='ltr'>Praetori</span> <span class='ocrx_word' id='word_1_882' title='bbox 1238 1721 1323 1752; x_wconf 86' lang='lat' dir='ltr'>enim</span> <span class='ocrx_word' id='word_1_883' title='bbox 1346 1720 1377 1752; x_wconf 91' lang='lat' dir='ltr'>in</span> <span class='ocrx_word' id='word_1_884' title='bbox 1402 1719 1578 1753; x_wconf 87' lang='lat' dir='ltr'>Praetorem</span> <span class='ocrx_word' id='word_1_885' title='bbox 1594 1743 1605 1761; x_wconf 93' lang='lat'>,</span> <span class='ocrx_word' id='word_1_886' title='bbox 1635 1720 1719 1760; x_wconf 88' lang='lat' dir='ltr'>quafi</span> <span class='ocrx_word' id='word_1_887' title='bbox 1741 1722 1809 1762; x_wconf 88' lang='lat' dir='ltr'>pari</span> <span class='ocrx_word' id='word_1_888' title='bbox 1836 1722 1867 1754; x_wconf 90' lang='lat' dir='ltr'>in</span> <span class='ocrx_word' id='word_1_889' title='bbox 1896 1732 1952 1764; x_wconf 88' lang='lat' dir='ltr'>pa-</span> 
     </span>
     <span class='ocr_line' id='line_1_116' title="bbox 1079 1760 1951 1805; baseline 0.001 -11"><span class='ocrx_word' id='word_1_890' title='bbox 1079 1770 1167 1801; x_wconf 86' lang='lat' dir='ltr'>rem,</span> <span class='ocrx_word' id='word_1_891' title='bbox 1190 1761 1279 1803; x_wconf 89' lang='lat' dir='ltr'>quod</span> <span class='ocrx_word' id='word_1_892' title='bbox 1294 1760 1340 1794; x_wconf 87' lang='lat' dir='ltr'>est</span> <span class='ocrx_word' id='word_1_893' title='bbox 1356 1762 1552 1803; x_wconf 75' lang='lat' dir='ltr'>imperium?</span> <span class='ocrx_word' id='word_1_894' title='bbox 1567 1761 1587 1795; x_wconf 81' lang='lat' dir='ltr'>l.</span> <span class='ocrx_word' id='word_1_895' title='bbox 1603 1771 1633 1803; x_wconf 82' lang='lat'>3.</span> <span class='ocrx_word' id='word_1_896' title='bbox 1650 1761 1679 1804; x_wconf 83' lang='lat'>§.</span> <span class='ocrx_word' id='word_1_897' title='bbox 1696 1762 1750 1794; x_wconf 71' lang='lat' dir='ltr'>ult.</span> <span class='ocrx_word' id='word_1_898' title='bbox 1769 1762 1806 1798; x_wconf 65' lang='grc' dir='ltr'>ὅ)</span> <span class='ocrx_word' id='word_1_899' title='bbox 1822 1763 1841 1794; x_wconf 90' lang='lat' dir='ltr'>l.</span> <span class='ocrx_word' id='word_1_900' title='bbox 1858 1773 1888 1805; x_wconf 82' lang='grc'>4.</span> <span class='ocrx_word' id='word_1_901' title='bbox 1906 1763 1951 1798; x_wconf 87' lang='lat' dir='ltr'>D.-</span> 
     </span>
     <span class='ocr_line' id='line_1_117' title="bbox 1080 1802 1868 1846; baseline 0 -10"><span class='ocrx_word' id='word_1_902' title='bbox 1080 1805 1113 1836; x_wconf 81' lang='lat' dir='ltr'>de</span> <span class='ocrx_word' id='word_1_903' title='bbox 1127 1809 1230 1846; x_wconf 80' lang='lat' dir='ltr'>recept.</span> <span class='ocrx_word' id='word_1_904' title='bbox 1249 1803 1270 1835; x_wconf 82' lang='grc'>1.</span> <span class='ocrx_word' id='word_1_905' title='bbox 1288 1811 1333 1845; x_wconf 83' lang='grc'>13.</span> <span class='ocrx_word' id='word_1_906' title='bbox 1358 1803 1388 1845; x_wconf 82' lang='lat'>§.</span> <span class='ocrx_word' id='word_1_907' title='bbox 1406 1812 1437 1843; x_wconf 78' lang='lat'>4.</span> <span class='ocrx_word' id='word_1_908' title='bbox 1459 1802 1500 1836; x_wconf 92' lang='lat' dir='ltr'>D.</span> <span class='ocrx_word' id='word_1_909' title='bbox 1520 1803 1573 1836; x_wconf 77' lang='lat' dir='ltr'>Ad</span> <span class='ocrx_word' id='word_1_910' title='bbox 1586 1803 1732 1836; x_wconf 82' lang='lat' dir='ltr'>Senaturc.</span> <span class='ocrx_word' id='word_1_911' title='bbox 1749 1803 1868 1837; x_wconf 76' lang='lat' dir='ltr'>Treben.</span> 
     </span>
     <span class='ocr_line' id='line_1_118' title="bbox 1119 1843 1951 1886; baseline 0.004 -9"><span class='ocrx_word' id='word_1_912' title='bbox 1119 1843 1201 1877; x_wconf 89' lang='lat' dir='ltr'>Illud</span> <span class='ocrx_word' id='word_1_913' title='bbox 1215 1843 1337 1886; x_wconf 87' lang='lat' dir='ltr'>semper</span> <span class='ocrx_word' id='word_1_914' title='bbox 1352 1844 1512 1886; x_wconf 84' lang='lat' dir='ltr'>constitit,</span> <span class='ocrx_word' id='word_1_915' title='bbox 1524 1844 1689 1878; x_wconf 82' lang='lat' dir='ltr'>Praefidem</span> <span class='ocrx_word' id='word_1_916' title='bbox 1707 1845 1795 1885; x_wconf 79' lang='lat' dir='ltr'>poss&#39;e</span> <span class='ocrx_word' id='word_1_917' title='bbox 1808 1852 1951 1880; x_wconf 86' lang='lat' dir='ltr'>tutorem</span> 
     </span>
     <span class='ocr_line' id='line_1_119' title="bbox 1080 1884 1950 1929; baseline 0.003 -12"><span class='ocrx_word' id='word_1_918' title='bbox 1080 1884 1154 1918; x_wconf 89' lang='lat' dir='ltr'>dare</span> <span class='ocrx_word' id='word_1_919' title='bbox 1171 1893 1234 1918; x_wconf 89' lang='lat' dir='ltr'>tarn</span> <span class='ocrx_word' id='word_1_920' title='bbox 1250 1885 1414 1918; x_wconf 87' lang='lat' dir='ltr'>absentem</span> <span class='ocrx_word' id='word_1_921' title='bbox 1430 1909 1441 1926; x_wconf 92' lang='lat'>,</span> <span class='ocrx_word' id='word_1_922' title='bbox 1464 1895 1558 1928; x_wconf 90' lang='lat' dir='ltr'>quam</span> <span class='ocrx_word' id='word_1_923' title='bbox 1574 1886 1758 1927; x_wconf 79' lang='lat' dir='ltr'>praesentem</span> <span class='ocrx_word' id='word_1_924' title='bbox 1775 1887 1794 1918; x_wconf 88' lang='grc'>1.</span> <span class='ocrx_word' id='word_1_925' title='bbox 1811 1898 1842 1929; x_wconf 86' lang='lat'>5.</span> <span class='ocrx_word' id='word_1_926' title='bbox 1861 1887 1902 1919; x_wconf 91' lang='lat' dir='ltr'>D.</span> <span class='ocrx_word' id='word_1_927' title='bbox 1917 1889 1950 1921; x_wconf 81' lang='lat' dir='ltr'>b.</span> 
     </span>
     <span class='ocr_line' id='line_1_120' title="bbox 1080 1927 1952 1970; baseline 0.003 -11"><span class='ocrx_word' id='word_1_928' title='bbox 1080 1933 1103 1960; x_wconf 77' lang='lat' dir='ltr'>t.</span> <span class='ocrx_word' id='word_1_929' title='bbox 1128 1927 1158 1960; x_wconf 72' lang='grc' dir='ltr'><strong>ἃ</strong></span> <span class='ocrx_word' id='word_1_930' title='bbox 1181 1927 1227 1960; x_wconf 91' lang='lat' dir='ltr'>est</span> <span class='ocrx_word' id='word_1_931' title='bbox 1245 1929 1346 1960; x_wconf 82' lang='lat' dir='ltr'>ratio:</span> <span class='ocrx_word' id='word_1_932' title='bbox 1375 1928 1464 1969; x_wconf 90' lang='lat' dir='ltr'>quod</span> <span class='ocrx_word' id='word_1_933' title='bbox 1489 1927 1589 1960; x_wconf 90' lang='lat' dir='ltr'>tutela</span> <span class='ocrx_word' id='word_1_934' title='bbox 1612 1928 1715 1960; x_wconf 86' lang='lat' dir='ltr'>invito</span> <span class='ocrx_word' id='word_1_935' title='bbox 1731 1928 1875 1961; x_wconf 85' lang='lat' dir='ltr'>defertur</span> <span class='ocrx_word' id='word_1_936' title='bbox 1889 1938 1952 1970; x_wconf 86' lang='lat' dir='ltr'>pro</span> 
     </span>
     <span class='ocr_line' id='line_1_121' title="bbox 1079 1968 1952 2011; baseline 0.002 -10"><span class='ocrx_word' id='word_1_937' title='bbox 1079 1978 1212 2001; x_wconf 89' lang='lat' dir='ltr'>munere</span> <span class='ocrx_word' id='word_1_938' title='bbox 1229 1969 1380 2009; x_wconf 87' lang='lat' dir='ltr'>publico;</span> <span class='ocrx_word' id='word_1_939' title='bbox 1402 1978 1464 2002; x_wconf 89' lang='lat' dir='ltr'>nec</span> <span class='ocrx_word' id='word_1_940' title='bbox 1478 1968 1523 2001; x_wconf 90' lang='lat' dir='ltr'>est</span> <span class='ocrx_word' id='word_1_941' title='bbox 1538 1978 1619 2010; x_wconf 85' lang='lat' dir='ltr'>opus</span> <span class='ocrx_word' id='word_1_942' title='bbox 1636 1968 1799 2010; x_wconf 86' lang='lat' dir='ltr'>praesentia</span> <span class='ocrx_word' id='word_1_943' title='bbox 1814 1970 1879 2011; x_wconf 86' lang='lat' dir='ltr'>ejus</span> <span class='ocrx_word' id='word_1_944' title='bbox 1896 1980 1952 2003; x_wconf 91' lang='lat' dir='ltr'>cu-</span> 
     </span>
     <span class='ocr_line' id='line_1_122' title="bbox 1077 2009 1952 2052; baseline 0.003 -11"><span class='ocrx_word' id='word_1_945' title='bbox 1077 2010 1127 2052; x_wconf 82' lang='lat' dir='ltr'>jus</span> <span class='ocrx_word' id='word_1_946' title='bbox 1143 2009 1311 2043; x_wconf 88' lang='lat' dir='ltr'>consensus</span> <span class='ocrx_word' id='word_1_947' title='bbox 1328 2020 1392 2043; x_wconf 91' lang='lat' dir='ltr'>non</span> <span class='ocrx_word' id='word_1_948' title='bbox 1412 2010 1614 2043; x_wconf 85' lang='lat' dir='ltr'>desideratur.</span> <span class='ocrx_word' id='word_1_949' title='bbox 1637 2012 1680 2042; x_wconf 89' lang='lat' dir='ltr'>ita</span> <span class='ocrx_word' id='word_1_950' title='bbox 1697 2013 1768 2051; x_wconf 84' lang='lat' dir='ltr'>quia</span> <span class='ocrx_word' id='word_1_951' title='bbox 1786 2011 1952 2052; x_wconf 67' lang='lat' dir='ltr'>iudicandi</span> 
     </span>
     <span class='ocr_line' id='line_1_123' title="bbox 1079 2052 1949 2094; baseline 0.002 -11"><span class='ocrx_word' id='word_1_952' title='bbox 1079 2061 1194 2084; x_wconf 86' lang='lat' dir='ltr'>munus</span> <span class='ocrx_word' id='word_1_953' title='bbox 1217 2052 1380 2093; x_wconf 83' lang='lat' dir='ltr'>publicum</span> <span class='ocrx_word' id='word_1_954' title='bbox 1406 2052 1556 2084; x_wconf 84' lang='lat' dir='ltr'>habetur:</span> <span class='ocrx_word' id='word_1_955' title='bbox 1586 2059 1680 2094; x_wconf 81' lang='lat' dir='ltr'>negat</span> <span class='ocrx_word' id='word_1_956' title='bbox 1702 2052 1907 2092; x_wconf 85' lang='lat' dir='ltr'>Papinianus,</span> <span class='ocrx_word' id='word_1_957' title='bbox 1929 2053 1949 2085; x_wconf 74' lang='lat' dir='ltr'>l.</span> 
     </span>
    </p>
   </div>
   <div class='ocr_carea' id='block_1_6' title="bbox 1079 2093 2036 2136">
    <p class='ocr_par' dir='ltr' id='par_1_8' title="bbox 1079 2093 2036 2136">
     <span class='ocr_line' id='line_1_124' title="bbox 1079 2093 2036 2136; baseline 0.002 -11"><span class='ocrx_word' id='word_1_958' title='bbox 1079 2102 1130 2135; x_wconf 74' lang='lat'>39.</span> <span class='ocrx_word' id='word_1_959' title='bbox 1149 2093 1190 2125; x_wconf 91' lang='lat' dir='ltr'>D.</span> <span class='ocrx_word' id='word_1_960' title='bbox 1209 2095 1242 2124; x_wconf 83' lang='lat' dir='ltr'>de</span> <span class='ocrx_word' id='word_1_961' title='bbox 1266 2094 1406 2136; x_wconf 83' lang='lat' dir='ltr'>judiciis,</span> <span class='ocrx_word' id='word_1_962' title='bbox 1430 2094 1461 2125; x_wconf 90' lang='lat' dir='ltr'>in</span> <span class='ocrx_word' id='word_1_963' title='bbox 1484 2094 1665 2126; x_wconf 89' lang='lat' dir='ltr'>addicendo</span> <span class='ocrx_word' id='word_1_964' title='bbox 1688 2093 1801 2134; x_wconf 86' lang='lat' dir='ltr'>Judice</span> <span class='ocrx_word' id='word_1_965' title='bbox 1817 2094 1951 2134; x_wconf 84' lang='lat' dir='ltr'>praesen-</span> <span class='ocrx_word' id='word_1_966' title='bbox 2004 2106 2006 2110; x_wconf 66' lang='grc'>’</span> <span class='ocrx_word' id='word_1_967' title='bbox 2033 2101 2036 2114; x_wconf 70' lang='lat'><strong>¹</strong></span> 
     </span>
    </p>
   </div>
   <div class='ocr_carea' id='block_1_7' title="bbox 1080 2134 1967 3275">
    <p class='ocr_par' dir='ltr' id='par_1_9' title="bbox 1080 2134 1842 2175">
     <span class='ocr_line' id='line_1_125' title="bbox 1080 2134 1842 2175; baseline 0.001 -9"><span class='ocrx_word' id='word_1_968' title='bbox 1080 2136 1156 2167; x_wconf 85' lang='lat' dir='ltr'>tiam</span> <span class='ocrx_word' id='word_1_969' title='bbox 1172 2135 1223 2166; x_wconf 91' lang='lat' dir='ltr'>vel</span> <span class='ocrx_word' id='word_1_970' title='bbox 1239 2134 1402 2167; x_wconf 86' lang='lat' dir='ltr'>scientiam</span> <span class='ocrx_word' id='word_1_971' title='bbox 1416 2134 1536 2175; x_wconf 82' lang='lat' dir='ltr'>judicis</span> <span class='ocrx_word' id='word_1_972' title='bbox 1551 2134 1615 2167; x_wconf 82' lang='lat' dir='ltr'>effe</span> <span class='ocrx_word' id='word_1_973' title='bbox 1630 2134 1842 2167; x_wconf 79' lang='lat' dir='ltr'>necessariam.</span> 
     </span>
    </p>

    <p class='ocr_par' dir='ltr' id='par_1_10' title="bbox 1080 2175 1957 2910">
     <span class='ocr_line' id='line_1_126' title="bbox 1123 2175 1950 2219; baseline 0.002 -12"><span class='ocrx_word' id='word_1_974' title='bbox 1123 2176 1240 2208; x_wconf 83' lang='lat' dir='ltr'>Adhuc</span> <span class='ocrx_word' id='word_1_975' title='bbox 1263 2177 1459 2208; x_wconf 89' lang='lat' dir='ltr'>monendum</span> <span class='ocrx_word' id='word_1_976' title='bbox 1485 2175 1555 2214; x_wconf 82' lang='lat' dir='ltr'>est,</span> <span class='ocrx_word' id='word_1_977' title='bbox 1586 2177 1673 2217; x_wconf 81' lang='lat' dir='ltr'>quod</span> <span class='ocrx_word' id='word_1_978' title='bbox 1696 2175 1853 2217; x_wconf 88' lang='lat' dir='ltr'>Ulpianus</span> <span class='ocrx_word' id='word_1_979' title='bbox 1882 2176 1901 2210; x_wconf 89' lang='lat' dir='ltr'>l.</span> <span class='ocrx_word' id='word_1_980' title='bbox 1920 2186 1950 2219; x_wconf 79' lang='grc'>3.</span> 
     </span>
     <span class='ocr_line' id='line_1_127' title="bbox 1080 2216 1952 2259; baseline -0.001 -9"><span class='ocrx_word' id='word_1_981' title='bbox 1080 2218 1125 2250; x_wconf 86' lang='lat' dir='ltr'>D.</span> <span class='ocrx_word' id='word_1_982' title='bbox 1142 2219 1176 2249; x_wconf 81' lang='lat' dir='ltr'>de</span> <span class='ocrx_word' id='word_1_983' title='bbox 1191 2218 1290 2249; x_wconf 73' lang='lat' dir='ltr'>tutelis</span> <span class='ocrx_word' id='word_1_984' title='bbox 1308 2219 1339 2249; x_wconf 89' lang='lat' dir='ltr'>in</span> <span class='ocrx_word' id='word_1_985' title='bbox 1356 2218 1442 2250; x_wconf 87' lang='lat' dir='ltr'>hunc</span> <span class='ocrx_word' id='word_1_986' title='bbox 1463 2217 1571 2249; x_wconf 87' lang='lat' dir='ltr'>scribit</span> <span class='ocrx_word' id='word_1_987' title='bbox 1593 2218 1743 2250; x_wconf 88' lang='lat' dir='ltr'>modum:</span> <span class='ocrx_word' id='word_1_988' title='bbox 1765 2216 1831 2259; x_wconf 82' lang='lat' dir='ltr'>Qui</span> <span class='ocrx_word' id='word_1_989' title='bbox 1853 2218 1952 2250; x_wconf 81' lang='lat' dir='ltr'>habet</span> 
     </span>
     <span class='ocr_line' id='line_1_128' title="bbox 1081 2259 1953 2300; baseline 0 -10"><span class='ocrx_word' id='word_1_990' title='bbox 1081 2267 1222 2291; x_wconf 88' lang='lat' dir='ltr'>tutorem</span> <span class='ocrx_word' id='word_1_991' title='bbox 1242 2259 1376 2300; x_wconf 90' lang='lat' dir='ltr'>pupillus</span> <span class='ocrx_word' id='word_1_992' title='bbox 1392 2259 1443 2290; x_wconf 89' lang='lat' dir='ltr'>vel</span> <span class='ocrx_word' id='word_1_993' title='bbox 1461 2259 1596 2300; x_wconf 86' lang='lat' dir='ltr'>pupilla,</span> <span class='ocrx_word' id='word_1_994' title='bbox 1614 2259 1636 2291; x_wconf 87' lang='lat' dir='ltr'>fi</span> <span class='ocrx_word' id='word_1_995' title='bbox 1652 2259 1758 2291; x_wconf 87' lang='lat' dir='ltr'>furere</span> <span class='ocrx_word' id='word_1_996' title='bbox 1774 2260 1953 2300; x_wconf 77' lang='lat' dir='ltr'>coeperint,</span> 
     </span>
     <span class='ocr_line' id='line_1_129' title="bbox 1080 2300 1951 2338; baseline -0.001 -6"><span class='ocrx_word' id='word_1_997' title='bbox 1080 2302 1112 2333; x_wconf 85' lang='lat' dir='ltr'>in</span> <span class='ocrx_word' id='word_1_998' title='bbox 1135 2309 1173 2332; x_wconf 83' lang='lat' dir='ltr'>ea</span> <span class='ocrx_word' id='word_1_999' title='bbox 1190 2300 1279 2332; x_wconf 86' lang='lat' dir='ltr'>causa</span> <span class='ocrx_word' id='word_1_1000' title='bbox 1304 2300 1391 2338; x_wconf 84' lang='lat' dir='ltr'>sunt,</span> <span class='ocrx_word' id='word_1_1001' title='bbox 1416 2308 1449 2332; x_wconf 91' lang='lat' dir='ltr'>ut</span> <span class='ocrx_word' id='word_1_1002' title='bbox 1479 2301 1508 2332; x_wconf 91' lang='lat' dir='ltr'>in</span> <span class='ocrx_word' id='word_1_1003' title='bbox 1534 2301 1635 2332; x_wconf 87' lang='lat' dir='ltr'>tutela</span> <span class='ocrx_word' id='word_1_1004' title='bbox 1665 2301 1872 2332; x_wconf 81' lang='lat' dir='ltr'>nihilominus</span> <span class='ocrx_word' id='word_1_1005' title='bbox 1894 2301 1951 2330; x_wconf 88' lang='lat' dir='ltr'>du·</span> 
     </span>
     <span class='ocr_line' id='line_1_130' title="bbox 1082 2339 1950 2383; baseline -0.003 -9"><span class='ocrx_word' id='word_1_1006' title='bbox 1082 2349 1170 2374; x_wconf 83' lang='lat' dir='ltr'>rent:</span> <span class='ocrx_word' id='word_1_1007' title='bbox 1196 2351 1265 2382; x_wconf 86' lang='lat' dir='ltr'>quae</span> <span class='ocrx_word' id='word_1_1008' title='bbox 1281 2341 1437 2373; x_wconf 88' lang='lat' dir='ltr'>sententia</span> <span class='ocrx_word' id='word_1_1009' title='bbox 1460 2340 1502 2383; x_wconf 86' lang='lat' dir='ltr'>Q.</span> <span class='ocrx_word' id='word_1_1010' title='bbox 1520 2341 1623 2373; x_wconf 88' lang='lat' dir='ltr'>Mucii</span> <span class='ocrx_word' id='word_1_1011' title='bbox 1639 2351 1769 2382; x_wconf 88' lang='lat' dir='ltr'>quoque</span> <span class='ocrx_word' id='word_1_1012' title='bbox 1785 2340 1863 2379; x_wconf 89' lang='lat' dir='ltr'>fuit,</span> <span class='ocrx_word' id='word_1_1013' title='bbox 1884 2339 1916 2371; x_wconf 75' lang='grc' dir='ltr'>ἀ</span> <span class='ocrx_word' id='word_1_1014' title='bbox 1929 2348 1950 2371; x_wconf 83' lang='lat' dir='ltr'>a</span> 
     </span>
     <span class='ocr_line' id='line_1_131' title="bbox 1082 2380 1950 2424; baseline -0.003 -10"><span class='ocrx_word' id='word_1_1015' title='bbox 1082 2384 1207 2424; x_wconf 83' lang='lat' dir='ltr'>Juliano</span> <span class='ocrx_word' id='word_1_1016' title='bbox 1235 2383 1408 2423; x_wconf 86' lang='lat' dir='ltr'>probatur:</span> <span class='ocrx_word' id='word_1_1017' title='bbox 1432 2392 1538 2424; x_wconf 80' lang='lat' dir='ltr'>eoque</span> <span class='ocrx_word' id='word_1_1018' title='bbox 1560 2384 1627 2423; x_wconf 84' lang='lat' dir='ltr'>jure</span> <span class='ocrx_word' id='word_1_1019' title='bbox 1651 2383 1781 2414; x_wconf 88' lang='lat' dir='ltr'>utimur:</span> <span class='ocrx_word' id='word_1_1020' title='bbox 1802 2389 1835 2412; x_wconf 90' lang='lat' dir='ltr'>ut</span> <span class='ocrx_word' id='word_1_1021' title='bbox 1851 2380 1950 2412; x_wconf 78' lang='lat' dir='ltr'>cess‘ee</span> 
     </span>
     <span class='ocr_line' id='line_1_132' title="bbox 1084 2421 1952 2466; baseline -0.002 -10"><span class='ocrx_word' id='word_1_1022' title='bbox 1084 2433 1176 2463; x_wconf 90' lang='lat' dir='ltr'>cura,</span> <span class='ocrx_word' id='word_1_1023' title='bbox 1199 2424 1220 2456; x_wconf 88' lang='lat' dir='ltr'><strong>fi</strong></span> <span class='ocrx_word' id='word_1_1024' title='bbox 1238 2425 1345 2456; x_wconf 85' lang='lat' dir='ltr'>tutelae</span> <span class='ocrx_word' id='word_1_1025' title='bbox 1362 2432 1436 2456; x_wconf 71' lang='lat' dir='ltr'>aetas</span> <span class='ocrx_word' id='word_1_1026' title='bbox 1458 2425 1611 2466; x_wconf 85' lang='lat' dir='ltr'>indigeat.</span> <span class='ocrx_word' id='word_1_1027' title='bbox 1656 2423 1764 2466; x_wconf 81' lang='lat' dir='ltr'>Quare</span> <span class='ocrx_word' id='word_1_1028' title='bbox 1786 2421 1807 2454; x_wconf 88' lang='lat' dir='ltr'><strong>fi</strong></span> <span class='ocrx_word' id='word_1_1029' title='bbox 1826 2429 1952 2454; x_wconf 77' lang='lat' dir='ltr'>tutores</span> 
     </span>
     <span class='ocr_line' id='line_1_133' title="bbox 1085 2463 1952 2504; baseline -0.002 -7"><span class='ocrx_word' id='word_1_1030' title='bbox 1085 2465 1221 2498; x_wconf 86' lang='lat' dir='ltr'>habent:</span> <span class='ocrx_word' id='word_1_1031' title='bbox 1245 2474 1302 2503; x_wconf 86' lang='lat' dir='ltr'>per</span> <span class='ocrx_word' id='word_1_1032' title='bbox 1317 2465 1459 2497; x_wconf 87' lang='lat' dir='ltr'>furorem</span> <span class='ocrx_word' id='word_1_1033' title='bbox 1477 2466 1508 2497; x_wconf 90' lang='lat' dir='ltr'>in</span> <span class='ocrx_word' id='word_1_1034' title='bbox 1530 2472 1636 2497; x_wconf 85' lang='lat' dir='ltr'>curam</span> <span class='ocrx_word' id='word_1_1035' title='bbox 1659 2473 1722 2495; x_wconf 90' lang='lat' dir='ltr'>non</span> <span class='ocrx_word' id='word_1_1036' title='bbox 1746 2463 1952 2504; x_wconf 72' lang='lat' dir='ltr'>redigunturs</span> 
     </span>
     <span class='ocr_line' id='line_1_134' title="bbox 1084 2503 1954 2544; baseline -0.005 -5"><span class='ocrx_word' id='word_1_1037' title='bbox 1084 2507 1149 2540; x_wconf 78' lang='lat' dir='ltr'>five</span> <span class='ocrx_word' id='word_1_1038' title='bbox 1166 2516 1231 2538; x_wconf 91' lang='lat' dir='ltr'>non</span> <span class='ocrx_word' id='word_1_1039' title='bbox 1249 2506 1385 2544; x_wconf 84' lang='lat' dir='ltr'>habent,</span> <span class='ocrx_word' id='word_1_1040' title='bbox 1409 2507 1439 2538; x_wconf 72' lang='grc' dir='ltr'>ἃ</span> <span class='ocrx_word' id='word_1_1041' title='bbox 1454 2505 1545 2538; x_wconf 87' lang='lat' dir='ltr'>furor</span> <span class='ocrx_word' id='word_1_1042' title='bbox 1567 2506 1611 2537; x_wconf 88' lang='lat' dir='ltr'>eis</span> <span class='ocrx_word' id='word_1_1043' title='bbox 1634 2503 1814 2542; x_wconf 82' lang='lat' dir='ltr'>accesserit,</span> <span class='ocrx_word' id='word_1_1044' title='bbox 1836 2504 1954 2536; x_wconf 88' lang='lat' dir='ltr'>nihilo·</span> 
     </span>
     <span class='ocr_line' id='line_1_135' title="bbox 1087 2544 1953 2588; baseline -0.005 -8"><span class='ocrx_word' id='word_1_1045' title='bbox 1087 2550 1190 2580; x_wconf 83' lang='lat' dir='ltr'>minus</span> <span class='ocrx_word' id='word_1_1046' title='bbox 1215 2556 1338 2579; x_wconf 88' lang='lat' dir='ltr'>tutores</span> <span class='ocrx_word' id='word_1_1047' title='bbox 1354 2548 1500 2588; x_wconf 88' lang='lat' dir='ltr'>accipere</span> <span class='ocrx_word' id='word_1_1048' title='bbox 1517 2554 1685 2586; x_wconf 87' lang='lat' dir='ltr'>poterunt:</span> <span class='ocrx_word' id='word_1_1049' title='bbox 1707 2547 1782 2586; x_wconf 84' lang='lat' dir='ltr'>quia</span> <span class='ocrx_word' id='word_1_1050' title='bbox 1807 2544 1874 2577; x_wconf 86' lang='lat' dir='ltr'>Lex</span> <span class='ocrx_word' id='word_1_1051' title='bbox 1891 2554 1953 2577; x_wconf 80' lang='lat' dir='ltr'>xit.</span> 
     </span>
     <span class='ocr_line' id='line_1_136' title="bbox 1086 2586 1954 2627; baseline -0.002 -7"><span class='ocrx_word' id='word_1_1052' title='bbox 1086 2589 1284 2621; x_wconf 87' lang='lat' dir='ltr'>Tabularum</span> <span class='ocrx_word' id='word_1_1053' title='bbox 1310 2589 1353 2620; x_wconf 85' lang='lat' dir='ltr'>ita</span> <span class='ocrx_word' id='word_1_1054' title='bbox 1367 2595 1500 2627; x_wconf 88' lang='lat' dir='ltr'>accepta</span> <span class='ocrx_word' id='word_1_1055' title='bbox 1521 2586 1585 2624; x_wconf 89' lang='lat' dir='ltr'>est,</span> <span class='ocrx_word' id='word_1_1056' title='bbox 1615 2594 1651 2618; x_wconf 85' lang='lat' dir='ltr'>ut</span> <span class='ocrx_word' id='word_1_1057' title='bbox 1674 2587 1711 2617; x_wconf 89' lang='lat' dir='ltr'>ad</span> <span class='ocrx_word' id='word_1_1058' title='bbox 1739 2586 1877 2627; x_wconf 87' lang='lat' dir='ltr'>pupillos</span> <span class='ocrx_word' id='word_1_1059' title='bbox 1902 2586 1954 2618; x_wconf 81' lang='lat' dir='ltr'>vel</span> 
     </span>
     <span class='ocr_line' id='line_1_137' title="bbox 1085 2626 1954 2672; baseline -0.001 -11"><span class='ocrx_word' id='word_1_1060' title='bbox 1085 2630 1219 2672; x_wconf 82' lang='lat' dir='ltr'>pupillas</span> <span class='ocrx_word' id='word_1_1061' title='bbox 1236 2640 1300 2661; x_wconf 90' lang='lat' dir='ltr'>non</span> <span class='ocrx_word' id='word_1_1062' title='bbox 1325 2629 1514 2669; x_wconf 86' lang='lat' dir='ltr'>pertineant.</span> <span class='ocrx_word' id='word_1_1063' title='bbox 1547 2626 1626 2659; x_wconf 87' lang='lat' dir='ltr'>Inde</span> <span class='ocrx_word' id='word_1_1064' title='bbox 1643 2637 1741 2667; x_wconf 83' lang='lat' dir='ltr'>porro</span> <span class='ocrx_word' id='word_1_1065' title='bbox 1758 2627 1879 2666; x_wconf 86' lang='lat' dir='ltr'>subjicit</span> <span class='ocrx_word' id='word_1_1066' title='bbox 1897 2626 1954 2660; x_wconf 90' lang='lat' dir='ltr'>Ul·</span> 
     </span>
     <span class='ocr_line' id='line_1_138' title="bbox 1087 2668 1956 2712; baseline -0.001 -9"><span class='ocrx_word' id='word_1_1067' title='bbox 1087 2672 1195 2711; x_wconf 83' lang='lat' dir='ltr'>pianus</span> <span class='ocrx_word' id='word_1_1068' title='bbox 1211 2671 1239 2712; x_wconf 84' lang='lat'>§.</span> <span class='ocrx_word' id='word_1_1069' title='bbox 1263 2679 1287 2701; x_wconf 86' lang='lat'>1.</span> <span class='ocrx_word' id='word_1_1070' title='bbox 1304 2671 1331 2700; x_wconf 85' lang='lat' dir='ltr'>d.</span> <span class='ocrx_word' id='word_1_1071' title='bbox 1352 2670 1370 2700; x_wconf 77' lang='lat' dir='ltr'>l.</span> <span class='ocrx_word' id='word_1_1072' title='bbox 1386 2678 1416 2709; x_wconf 85' lang='lat'>3.</span> <span class='ocrx_word' id='word_1_1073' title='bbox 1461 2668 1546 2711; x_wconf 83' lang='lat' dir='ltr'>Quia</span> <span class='ocrx_word' id='word_1_1074' title='bbox 1566 2677 1673 2700; x_wconf 80' lang='lat' dir='ltr'>autern</span> <span class='ocrx_word' id='word_1_1075' title='bbox 1703 2669 1733 2700; x_wconf 90' lang='lat' dir='ltr'>in</span> <span class='ocrx_word' id='word_1_1076' title='bbox 1759 2669 1956 2710; x_wconf 81' lang='lat' dir='ltr'>pupillorum.</span> 
     </span>
     <span class='ocr_line' id='line_1_139' title="bbox 1086 2709 1954 2754; baseline -0.001 -12"><span class='ocrx_word' id='word_1_1077' title='bbox 1086 2711 1217 2754; x_wconf 87' lang='lat' dir='ltr'>persona</span> <span class='ocrx_word' id='word_1_1078' title='bbox 1234 2719 1366 2752; x_wconf 85' lang='lat' dir='ltr'>agnatos</span> <span class='ocrx_word' id='word_1_1079' title='bbox 1391 2718 1554 2741; x_wconf 84' lang='lat' dir='ltr'>curatores</span> <span class='ocrx_word' id='word_1_1080' title='bbox 1579 2719 1644 2741; x_wconf 90' lang='lat' dir='ltr'>non</span> <span class='ocrx_word' id='word_1_1081' title='bbox 1670 2709 1884 2749; x_wconf 89' lang='lat' dir='ltr'>admittimus,</span> <span class='ocrx_word' id='word_1_1082' title='bbox 1907 2710 1954 2741; x_wconf 90' lang='lat' dir='ltr'>id-</span> 
     </span>
     <span class='ocr_line' id='line_1_140' title="bbox 1086 2751 1955 2793; baseline -0.003 -8"><span class='ocrx_word' id='word_1_1083' title='bbox 1086 2754 1176 2785; x_wconf 79' lang='lat' dir='ltr'>circo</span> <span class='ocrx_word' id='word_1_1084' title='bbox 1200 2751 1328 2792; x_wconf 86' lang='lat' dir='ltr'>putavi,</span> <span class='ocrx_word' id='word_1_1085' title='bbox 1355 2751 1412 2783; x_wconf 80' lang='lat' dir='ltr'>etii</span> <span class='ocrx_word' id='word_1_1086' title='bbox 1436 2751 1540 2783; x_wconf 87' lang='lat' dir='ltr'>minor</span> <span class='ocrx_word' id='word_1_1087' title='bbox 1562 2752 1675 2793; x_wconf 87' lang='lat' dir='ltr'>viginti</span> <span class='ocrx_word' id='word_1_1088' title='bbox 1698 2752 1839 2792; x_wconf 84' lang='lat' dir='ltr'>quinque</span> <span class='ocrx_word' id='word_1_1089' title='bbox 1865 2751 1955 2783; x_wconf 78' lang='lat' dir='ltr'>annis</span> 
     </span>
     <span class='ocr_line' id='line_1_141' title="bbox 1086 2791 1954 2832; baseline -0.002 -6"><span class='ocrx_word' id='word_1_1090' title='bbox 1086 2793 1222 2826; x_wconf 80' lang='lat' dir='ltr'>furiosus</span> <span class='ocrx_word' id='word_1_1091' title='bbox 1248 2793 1302 2832; x_wconf 89' lang='grc'><strong>111,</strong></span> <span class='ocrx_word' id='word_1_1092' title='bbox 1326 2801 1508 2824; x_wconf 87' lang='lat' dir='ltr'>curatorem</span> <span class='ocrx_word' id='word_1_1093' title='bbox 1532 2793 1560 2824; x_wconf 91' lang='lat' dir='ltr'>ei</span> <span class='ocrx_word' id='word_1_1094' title='bbox 1584 2801 1648 2824; x_wconf 91' lang='lat' dir='ltr'>non</span> <span class='ocrx_word' id='word_1_1095' title='bbox 1672 2800 1705 2824; x_wconf 87' lang='grc'>111</span> <span class='ocrx_word' id='word_1_1096' title='bbox 1728 2791 1870 2831; x_wconf 80' lang='lat' dir='ltr'>furio-so,</span> <span class='ocrx_word' id='word_1_1097' title='bbox 1901 2791 1954 2824; x_wconf 84' lang='lat' dir='ltr'>sed</span> 
     </span>
     <span class='ocr_line' id='line_1_142' title="bbox 1088 2833 1957 2875; baseline -0.002 -7"><span class='ocrx_word' id='word_1_1098' title='bbox 1088 2843 1123 2868; x_wconf 83' lang='lat' dir='ltr'>ut</span> <span class='ocrx_word' id='word_1_1099' title='bbox 1147 2834 1340 2867; x_wconf 86' lang='lat' dir='ltr'>adulescenti</span> <span class='ocrx_word' id='word_1_1100' title='bbox 1364 2834 1457 2873; x_wconf 87' lang='lat' dir='ltr'>dari,</span> <span class='ocrx_word' id='word_1_1101' title='bbox 1487 2833 1571 2875; x_wconf 79' lang='lat' dir='ltr'>quasi</span> <span class='ocrx_word' id='word_1_1102' title='bbox 1593 2835 1693 2865; x_wconf 85' lang='lat' dir='ltr'>aetatis</span> <span class='ocrx_word' id='word_1_1103' title='bbox 1716 2833 1793 2866; x_wconf 80' lang='lat' dir='ltr'>eiset</span> <span class='ocrx_word' id='word_1_1104' title='bbox 1821 2834 1957 2875; x_wconf 85' lang='lat' dir='ltr'>impedi·</span> 
     </span>
     <span class='ocr_line' id='line_1_143' title="bbox 1088 2884 1243 2910; baseline -0.019 0"><span class='ocrx_word' id='word_1_1105' title='bbox 1088 2884 1243 2910; x_wconf 86' lang='lat' dir='ltr'>mentum.</span> 
     </span>
    </p>

    <p class='ocr_par' dir='ltr' id='par_1_11' title="bbox 1091 2913 1959 3081">
     <span class='ocr_line' id='line_1_144' title="bbox 1130 2913 1959 2958; baseline -0.001 -9"><span class='ocrx_word' id='word_1_1106' title='bbox 1130 2916 1272 2958; x_wconf 87' lang='lat' dir='ltr'>Exposui</span> <span class='ocrx_word' id='word_1_1107' title='bbox 1304 2916 1434 2949; x_wconf 83' lang='lat' dir='ltr'>modurn</span> <span class='ocrx_word' id='word_1_1108' title='bbox 1462 2917 1575 2948; x_wconf 74' lang='lat' dir='ltr'>dandae</span> <span class='ocrx_word' id='word_1_1109' title='bbox 1600 2916 1710 2948; x_wconf 84' lang='lat' dir='ltr'>tutelae</span> <span class='ocrx_word' id='word_1_1110' title='bbox 1731 2913 1842 2956; x_wconf 64' lang='lat' dir='ltr'>pamm</span> <span class='ocrx_word' id='word_1_1111' title='bbox 1869 2924 1959 2948; x_wconf 90' lang='lat' dir='ltr'>rece-</span> 
     </span>
     <span class='ocr_line' id='line_1_145' title="bbox 1091 2957 1958 2998; baseline -0.003 -7"><span class='ocrx_word' id='word_1_1112' title='bbox 1091 2967 1192 2998; x_wconf 86' lang='lat' dir='ltr'>ptum.</span> <span class='ocrx_word' id='word_1_1113' title='bbox 1217 2968 1287 2991; x_wconf 82' lang='lat' dir='ltr'>uam</span> <span class='ocrx_word' id='word_1_1114' title='bbox 1305 2960 1390 2998; x_wconf 82' lang='lat' dir='ltr'>quod</span> <span class='ocrx_word' id='word_1_1115' title='bbox 1407 2959 1445 2989; x_wconf 78' lang='lat' dir='ltr'>ad</span> <span class='ocrx_word' id='word_1_1116' title='bbox 1463 2957 1596 2989; x_wconf 87' lang='lat' dir='ltr'>illustres</span> <span class='ocrx_word' id='word_1_1117' title='bbox 1611 2958 1750 2998; x_wconf 82' lang='lat' dir='ltr'>pupillos</span> <span class='ocrx_word' id='word_1_1118' title='bbox 1765 2959 1895 2988; x_wconf 85' lang='lat' dir='ltr'>attinet:</span> <span class='ocrx_word' id='word_1_1119' title='bbox 1916 2958 1958 2988; x_wconf 86' lang='lat' dir='ltr'>de</span> 
     </span>
     <span class='ocr_line' id='line_1_146' title="bbox 1092 2997 1959 3040; baseline -0.003 -8"><span class='ocrx_word' id='word_1_1120' title='bbox 1092 3001 1140 3032; x_wconf 87' lang='lat' dir='ltr'>his</span> <span class='ocrx_word' id='word_1_1121' title='bbox 1158 3000 1276 3040; x_wconf 89' lang='lat' dir='ltr'>placuit</span> <span class='ocrx_word' id='word_1_1122' title='bbox 1292 2999 1432 3039; x_wconf 85' lang='lat' dir='ltr'>specialis</span> <span class='ocrx_word' id='word_1_1123' title='bbox 1447 2998 1554 3030; x_wconf 83' lang='lat' dir='ltr'>forma</span> <span class='ocrx_word' id='word_1_1124' title='bbox 1570 2997 1666 3031; x_wconf 79' lang='lat' dir='ltr'>&#39;I&#39;z’tulo</span> <span class='ocrx_word' id='word_1_1125' title='bbox 1683 2999 1716 3032; x_wconf 90' lang='lat' dir='ltr'>C.</span> <span class='ocrx_word' id='word_1_1126' title='bbox 1743 3000 1777 3030; x_wconf 79' lang='lat' dir='ltr'>de</span> <span class='ocrx_word' id='word_1_1127' title='bbox 1799 3004 1886 3030; x_wconf 81' lang='lat' dir='ltr'>tutor.</span> <span class='ocrx_word' id='word_1_1128' title='bbox 1909 2998 1959 3029; x_wconf 65' lang='lat' dir='ltr'>vei.</span> 
     </span>
     <span class='ocr_line' id='line_1_147' title="bbox 1093 3039 1614 3081; baseline -0.008 -8"><span class='ocrx_word' id='word_1_1129' title='bbox 1093 3047 1189 3073; x_wconf 70' lang='lat' dir='ltr'>curat.</span> <span class='ocrx_word' id='word_1_1130' title='bbox 1213 3039 1323 3081; x_wconf 79' lang='lat' dir='ltr'>Illuftr.</span> <span class='ocrx_word' id='word_1_1131' title='bbox 1349 3041 1397 3072; x_wconf 84' lang='lat' dir='ltr'>vel</span> <span class='ocrx_word' id='word_1_1132' title='bbox 1416 3039 1526 3080; x_wconf 80' lang='lat' dir='ltr'>Clciriff</span> <span class='ocrx_word' id='word_1_1133' title='bbox 1544 3040 1614 3079; x_wconf 85' lang='lat' dir='ltr'>pers.</span> 
     </span>
    </p>

    <p class='ocr_par' dir='ltr' id='par_1_12' title="bbox 1090 3079 1959 3275">
     <span class='ocr_line' id='line_1_148' title="bbox 1136 3079 1958 3122; baseline -0.004 -8"><span class='ocrx_word' id='word_1_1134' title='bbox 1136 3083 1243 3114; x_wconf 89' lang='lat' dir='ltr'>Venio</span> <span class='ocrx_word' id='word_1_1135' title='bbox 1258 3083 1296 3113; x_wconf 82' lang='lat' dir='ltr'>ad</span> <span class='ocrx_word' id='word_1_1136' title='bbox 1313 3081 1436 3113; x_wconf 87' lang='lat' dir='ltr'>tertiam</span> <span class='ocrx_word' id='word_1_1137' title='bbox 1460 3081 1606 3112; x_wconf 87' lang='lat' dir='ltr'>Rubricae</span> <span class='ocrx_word' id='word_1_1138' title='bbox 1625 3087 1744 3122; x_wconf 87' lang='lat' dir='ltr'>partem</span> <span class='ocrx_word' id='word_1_1139' title='bbox 1761 3103 1770 3118; x_wconf 88' lang='lat'>‚</span> <span class='ocrx_word' id='word_1_1140' title='bbox 1793 3079 1825 3111; x_wconf 86' lang='lat' dir='ltr'>ln</span> <span class='ocrx_word' id='word_1_1141' title='bbox 1843 3080 1958 3118; x_wconf 79' lang='lat' dir='ltr'>quibus</span> 
     </span>
     <span class='ocr_line' id='line_1_149' title="bbox 1090 3121 1958 3156; baseline -0.005 0"><span class='ocrx_word' id='word_1_1142' title='bbox 1090 3124 1188 3156; x_wconf 81' lang='lat' dir='ltr'>causis</span> <span class='ocrx_word' id='word_1_1143' title='bbox 1212 3131 1333 3155; x_wconf 88' lang='lat' dir='ltr'>tutores</span> <span class='ocrx_word' id='word_1_1144' title='bbox 1351 3123 1381 3154; x_wconf 76' lang='lat' dir='ltr'>dt</span> <span class='ocrx_word' id='word_1_1145' title='bbox 1399 3130 1562 3154; x_wconf 89' lang='lat' dir='ltr'>curatores</span> <span class='ocrx_word' id='word_1_1146' title='bbox 1578 3124 1702 3153; x_wconf 83' lang='lat' dir='ltr'>dentur.</span> <span class='ocrx_word' id='word_1_1147' title='bbox 1745 3121 1780 3152; x_wconf 84' lang='lat' dir='ltr'>In</span> <span class='ocrx_word' id='word_1_1148' title='bbox 1799 3122 1958 3153; x_wconf 82' lang='lat' dir='ltr'>tutoribus</span> 
     </span>
     <span class='ocr_line' id='line_1_150' title="bbox 1091 3162 1958 3203; baseline -0.005 -7"><span class='ocrx_word' id='word_1_1149' title='bbox 1091 3166 1156 3196; x_wconf 89' lang='lat' dir='ltr'>duo</span> <span class='ocrx_word' id='word_1_1150' title='bbox 1174 3164 1315 3196; x_wconf 87' lang='lat' dir='ltr'>notabo:</span> <span class='ocrx_word' id='word_1_1151' title='bbox 1339 3165 1473 3203; x_wconf 85' lang='lat' dir='ltr'>primurn</span> <span class='ocrx_word' id='word_1_1152' title='bbox 1489 3164 1558 3195; x_wconf 85' lang='lat' dir='ltr'>dari.</span> <span class='ocrx_word' id='word_1_1153' title='bbox 1572 3162 1722 3202; x_wconf 85' lang='lat' dir='ltr'>personae.</span> <span class='ocrx_word' id='word_1_1154' title='bbox 1748 3171 1812 3193; x_wconf 85' lang='lat' dir='ltr'>non</span> <span class='ocrx_word' id='word_1_1155' title='bbox 1830 3162 1873 3193; x_wconf 87' lang='lat' dir='ltr'>rei</span> <span class='ocrx_word' id='word_1_1156' title='bbox 1891 3172 1958 3193; x_wconf 81' lang='lat' dir='ltr'>cer-</span> 
     </span>
     <span class='ocr_line' id='line_1_151' title="bbox 1091 3203 1959 3275; baseline -0.006 -37"><span class='ocrx_word' id='word_1_1157' title='bbox 1091 3214 1142 3239; x_wconf 80' lang='lat' dir='ltr'>tae.</span> <span class='ocrx_word' id='word_1_1158' title='bbox 1159 3206 1190 3239; x_wconf 85' lang='lat'>&amp;</span> <span class='ocrx_word' id='word_1_1159' title='bbox 1208 3214 1313 3241; x_wconf 80' lang='lat' dir='ltr'>tamen</span> <span class='ocrx_word' id='word_1_1160' title='bbox 1330 3205 1394 3238; x_wconf 84' lang='lat' dir='ltr'>hoc</span> <span class='ocrx_word' id='word_1_1161' title='bbox 1408 3204 1490 3239; x_wconf 72' lang='lat' dir='ltr'>fallit</span> <span class='ocrx_word' id='word_1_1162' title='bbox 1505 3214 1545 3237; x_wconf 75' lang='lat' dir='ltr'>ex</span> <span class='ocrx_word' id='word_1_1163' title='bbox 1562 3203 1647 3246; x_wconf 73' lang='lat' dir='ltr'>Lege</span> <span class='ocrx_word' id='word_1_1164' title='bbox 1662 3203 1741 3244; x_wconf 73' lang='lat' dir='ltr'>‚Iulia</span> <span class='ocrx_word' id='word_1_1165' title='bbox 1756 3204 1796 3236; x_wconf 85' lang='lat' dir='ltr'>dc</span> <span class='ocrx_word' id='word_1_1166' title='bbox 1813 3203 1959 3275; x_wconf 39' lang='lat' dir='ltr'>maritas}-</span> 
     </span>
    </p>

    <p class='ocr_par' dir='ltr' id='par_1_13' title="bbox 1926 3253 1967 3275">
     <span class='ocr_line' id='line_1_152' title="bbox 1926 3253 1967 3275; baseline -0.049 0"><span class='ocrx_word' id='word_1_1167' title='bbox 1926 3253 1967 3275; x_wconf 55' lang='lat' dir='ltr'>‚xz</span> 
     </span>
    </p>
   </div>
  </div>
 </body>
</html>
