2036 3495
153 101 226 140 320
573 85 932 121 Genann1

157 189 202 213 ex
217 176 306 212 libris
328 176 378 211 Ad
398 175 557 208 Edictum.
582 172 645 205 Sed
662 172 727 202 hoc
743 179 793 202 me
809 179 874 214 non
893 167 1030 207 confun-

156 222 220 254 dit:
243 219 497 253 existimantem,
520 213 595 252 quid
616 213 729 245 Paulus
747 211 893 248 senserit,
911 211 1032 249 liquere

159 272 201 300 ex
217 263 283 302 ejus
300 261 405 297 libris,
430 264 605 294 utcumque
631 252 770 284 diverfis.
796 252 856 285 illo
882 260 913 282 te
931 250 1032 283 offen-

991 79 1258 116 Noonr
1314 78 1529 116 Coun.

1074 171 1113 201 tio
1126 168 1253 210 placere,
1276 169 1319 199 ita
1333 166 1662 214 enzptori-praestandum
1678 171 1753 212 quoti
1767 170 1901 212 interest,
1918 166 1946 210 fi

1075 213 1212 252 ignorans
1226 210 1364 250 interpola
1379 216 1482 241 emerit.
1495 212 1582 251 qaam
1595 213 1763 252 [triremium
1778 211 1813 246 ἐξ
1830 212 1948 253 Pompo-

1076 254 1148 283 nius
1160 252 1272 291 probat.
1297 253 1326 282 in
1345 261 1402 292 qua
1418 250 1454 285 ὃ)
1472 250 1616 292 Jztlianus
1633 252 1688 294 est:
1702 263 1750 295 qui
1767 255 1827 292 ait,
1846 252 1873 291 si
1888 255 1949 294 qai-

158 303 190 335 di
204 304 319 335 nolim:
345 297 438 342 quo-d.
457 296 569 328 Paulus
587 296 618 326 in
639 296 666 326 d.
684 295 704 326 l.
722 302 775 340 21..
789 293 818 335 §.
836 303 865 325 2.
883 292 943 331 ait,
967 292 1033 324 nul·
1080 294 1142 324 aeni
1162 294 1313 333 ignorabat
1330 293 1463 323 venditor
1475 316 1484 332 ,
1509 291 1596 333 ipfins
1618 297 1658 325 rei
1672 296 1783 326 nomine
1800 301 1888 325 teneri
1897 293 1954 336 ,ιβ

157 345 220 376 lam
240 342 300 374 effe
321 339 560 374 venditionem,
584 337 613 368 &
630 336 836 368 nihilominus
857 335 944 373 vult,
960 343 1036 365 ven·
1071 335 1201 375 sciebat,
1232 334 1318 364 etiam
1335 334 1451 372 damni,
1475 336 1550 375 quoti
1566 344 1601 366 ex
1617 345 1645 366 eo
1669 337 1825 378 contingit:
1854 345 1950 376 quem-

160 386 300 417 ditorem
318 378 439 418 teneri,
456 379 564 417 quanti
583 378 738 418 emptoris
753 374 882 408 interest
894 399 903 414 ‚
919 375 950 406 se
970 384 1036 406 non

159 425 222 456 effe
240 426 423 461 deceptum.
449 419 532 451 Nam
559 420 622 450 hoc
647 418 741 450 facile
760 417 932 448 extricatur
950 415 1040 448 fimili

159 462 337 497 Modestini
357 463 432 493 loco
449 465 480 493 in
496 461 515 492 l.
532 464 582 492 62.
608 461 637 502 §.
666 469 690 491 1.
712 460 755 490 D.
776 462 808 489 cie
823 459 953 490 contrab.
972 465 1039 488 emt.

162 506 213 538 ubi
242 514 305 536 non
330 504 416 536 valet
443 502 565 543 emptio
588 501 732 541 respettu
751 499 946 538 venditoris,
968 498 989 530 fi
1007 499 1039 529 id

160 546 244 579 nolit
269 553 419 584 emptor;
443 545 473 576 &
497 544 582 575 valet
609 542 753 580 respectu
777 540 932 582 emptoris
951 540 991 571 ad
1007 540 1039 571 id

162 588 250 629 quod
271 585 401 618 interest
425 585 455 618 se
481 594 544 616 non
571 583 633 615 effe
650 585 833 623 deceptum.
861 581 966 623 Magis
984 590 1037 611 ve-

161 637 220 661 xat
235 637 287 660 me
303 627 413 659 versus
439 626 572 666 sequens
595 626 627 656 in
650 625 679 656 d.
694 624 722 666 §.
740 634 768 655 2.
788 624 806 654 l.
825 632 872 655 2¹.
890 622 957 664 Etsi
968 631 1038 653 ven-

165 671 242 702 ditor
265 679 375 711 qaoque
398 670 515 700 nesciat.
539 676 610 699 nam
636 666 661 696 is
688 665 796 706 (quod
819 665 917 695 miror
934 671 1038 703 neque

163 711 330 752 Cujacium
356 709 483 748 vidiss'e,
516 717 576 740 nec
602 708 697 738 alium
730 706 871 737 Doctum
903 704 1040 743 Virum)

163 752 332 785 manifeste
354 751 447 783 falsus
470 748 532 787 est,
555 747 737 788 simpliciter
760 747 840 779 ficut
857 746 900 777 ibi
911 747 1041 787 ponitur

163 792 362 826 intellectus:
384 802 425 824 eo
449 791 534 832 quod
562 789 711 821 venditor
736 789 908 829 ignorans,
934 785 1040 826 potest

166 834 295 877 quidem
314 834 502 871 conveniri,
520 839 553 862 ut
572 831 610 862 ab
627 830 790 870 emptione
807 829 837 861 &
852 829 1040 860 venditione

165 877 354 909 recedatur;
376 880 428 905 aut
451 874 591 913 alioquin
621 873 730 913 quanti
758 871 889 902 minoris
904 893 912 904 ,
938 869 959 901 fi
977 869 1040 900 hoc

166 918 258 950 malit
275 923 413 956 emptor.
439 914 489 946 sed
509 914 594 946 adid
608 914 696 953 quod
711 912 841 944 interest
857 912 958 943 teneri
977 920 1040 941 non

165 957 284 999 potest.
332 957 430 998 Igitur
457 966 513 997 per
538 965 588 987 me
612 955 684 986 licet
702 978 710 993 ‚
736 962 898 994 expungas
927 952 1041 997 verpa,

169 1009 243 1031 cum
264 997 475 1039 superioribus
491 1007 554 1029 non
565 996 779 1033 cohaerentia,
797 1002 955 1034 tamquam
975 994 1042 1031 ipu-

171 1040 234 1073 1ia:
258 1048 328 1077 aut,
353 1039 373 1071 fi
391 1040 454 1070 hoc
471 1048 567 1080 grave
582 1039 640 1069 tibi
659 1036 713 1075 fit3
737 1044 848 1076 putes,
873 1034 933 1066 csse
960 1034 1044 1076 Syn·

170 1081 298 1119 chufln,
324 1081 434 1121 saepius
451 1080 524 1112 alibi
542 1089 557 1110 a
576 1089 626 1110 me
644 1086 786 1110 notatam
804 1078 887 1116 apud
900 1076 1043 1107 Veteres.

171 1123 203 1155 Si
228 1123 296 1154 haec
312 1124 419 1164 placet
445 1121 643 1161 conjectura:
667 1128 730 1150 non
747 1127 840 1149 erunt
858 1117 952 1148 verba
971 1115 1043 1154 ista,

170 1163 252 1202 Etsi
269 1164 404 1195 venditor
427 1172 535 1204 qaoque
558 1162 685 1200 nesciet,
716 1160 849 1201 aptanda
875 1158 919 1189 liis
939 1157 1043 1198 poste-

169 1206 307 1238 rioribus
324 1229 333 1244 ,
366 1204 475 1235 Tamen
512 1205 645 1234 venditor
683 1203 772 1232 teneri
807 1202 884 1231 debet
903 1223 910 1237 ,
941 1198 1046 1240 quanti

171 1245 287 1287 interest
320 1256 376 1278 non
408 1244 458 1285 effe
489 1247 658 1277 defentam.-
686 1243 738 1274 sed
764 1242 822 1273 illis
858 1241 1016 1281 prioribus
1035 1263 1045 1279 ‚

174 1288 322 1332 Quamvis
339 1290 424 1327 supra
450 1287 596 1324 diximus,
620 1295 684 1316 cum
701 1285 731 1314 in
759 1290 868 1323 corpore
887 1283 1044 1320 consentia·

171 1339 236 1361 onas
256 1353 265 1368 ‚
295 1331 327 1359 cie
343 1328 484 1369 qualitate
508 1333 602 1358 antem
634 1326 847 1365 difformari-ins,
879 1325 1045 1363 emptionem

174 1369 281 1412 [non]
309 1369 369 1410 effe.
397 1368 465 1400 Erit
489 1377 568 1399 vero
593 1369 631 1398 iic
654 1367 739 1398 Pauli
767 1365 884 1397 senius:
911 1365 992 1396 Cum
1012 1364 1041 1394 in

173 1421 311 1451 corpore
325 1411 452 1451 quidem
462 1410 694 1445 consentimus,
714 1409 752 1438 ‹ie
771 1407 920 1446 qualitate
937 1415 1042 1436 autem

173 1452 371 1486 diffentimus
385 1475 392 1489 ,
410 1451 507 1481 veluti
524 1449 543 1481 fi
563 1449 681 1481 mensas
700 1448 782 1488 quali
800 1447 1045 1487 citi-eas(p1·eti-

173 1493 320 1526 ofiffimas
339 1492 392 1523 has
411 1490 521 1527 fuisse,
546 1493 582 1520 ad
600 1490 685 1521 hunc
700 1490 922 1520 locummultis
944 1488 1047 1519 osten-

173 1535 220 1567 dit
238 1532 411 1573 Dionysius
435 1530 682 1571 Gotliofredus)
707 1537 790 1561 emat
808 1529 876 1569 quis
894 1538 963 1569 quae
980 1537 1045 1561 non

172 1576 243 1607 sunt
267 1575 394 1605 citreae:
418 1583 482 1604 non
508 1573 634 1603 videtur
656 1573 797 1612 emptio:
819 1571 882 1602 five
899 1571 1047 1602 venditor

172 1616 319 1653 sciverit,
342 1615 404 1646 five
422 1613 634 1655 ignoraverit:
652 1622 725 1644 cum
742 1612 806 1643 hoc
824 1621 928 1644 tamen
947 1611 1048 1643 discri-

173 1657 279 1696 mine3
303 1664 355 1695 ut,
381 1655 401 1687 sl
418 1656 547 1695 quidem
569 1655 713 1692 sciverit,
739 1662 882 1685 teneatur
904 1655 942 1684 ad
957 1653 1048 1684 resol-

174 1698 313 1730 vendam
329 1697 548 1737 emptionem3
574 1696 602 1726 ὅ(
628 1703 780 1736 praeterea
794 1718 802 1731 ,
828 1695 937 1734 quanti
954 1695 1049 1725 inter-

176 1739 223 1771 est
238 1740 411 1780 emptoris,
438 1736 467 1769 se
483 1747 547 1769 non
566 1737 628 1768 ess'e
644 1738 815 1776 deceptum
836 1745 841 1766 :
865 1737 883 1772 fi
902 1745 979 1766 vero
996 1745 1049 1767 ne·

174 1780 324 1819 sciverit,
348 1789 413 1811 non
434 1779 582 1816 ulterius,
607 1787 699 1818 quam
716 1785 748 1809 ut
766 1776 910 1808 restituto
927 1778 1049 1817 pretio,

176 1822 208 1854 ἀ
228 1828 356 1862 recepta
377 1820 498 1859 mensa,
515 1820 553 1851 ab
570 1821 736 1859 emptione
755 1820 784 1850 ἂι
803 1818 988 1850 venditione
1005 1827 1050 1848 re-

176 1865 317 1895 cedatur.
334 1862 414 1894 Satis
433 1864 472 1893 de
488 1862 589 1902 prima
605 1860 802 1893 difficultate.
825 1860 961 1891 Alteram
982 1869 1049 1891 mo-

178 1912 235 1936 vet
251 1904 388 1944 Julianus
406 1903 424 1934 l.
442 1912 490 1942 41.
507 1902 534 1945 §.
557 1912 581 1934 1.
600 1903 645 1934 D.
664 1904 696 1933 de
711 1902 840 1933 contrab.
859 1908 923 1932 emt.
943 1901 1050 1932 Verba

179 1946 313 1987 Iuliani:
340 1944 478 1986 Mensam
501 1950 618 1986 argento
644 1950 801 1984 coopertam
815 1943 884 1974 mibi
900 1943 1051 1985 ignoranti

175 1994 230 2029 pro
244 1987 338 2028 solida
363 1984 519 2026 vendidisti
542 1988 727 2026 imprudens.-
751 1984 834 2015 nulla
861 1981 900 2023 est
928 1985 1048 2024 emptio,

174 2029 359 2070 pecuniaque
379 2037 407 2059 eo
429 2028 541 2059 nomine
565 2029 635 2058 tiata
651 2028 820 2057 confricetur.
847 2025 986 2056 Vendita
1007 2024 1051 2055 est

178 2069 285 2102 mensa
311 2078 470 2111 argentea.
497 2078 536 2100 ex
561 2068 659 2100 solido
684 2077 748 2099 non
775 2067 820 2099 est
837 2067 920 2098 talis:
946 2066 1053 2097 saltem

181 2121 223 2143 ex
239 2118 329 2152 parte
354 2111 407 2142 est.
430 2110 634 2141 nihilominus
658 2110 767 2150 (quod
789 2117 882 2149 negat
906 2107 1017 2139 Paulus
1035 2107 1053 2138 l.

182 2162 232 2185 10.
248 2152 343 2183 etiam
369 2153 520 2191 Ulpianus
536 2152 553 2182 l.
581 2160 625 2190 14,
653 2151 694 2183 D.
710 2152 738 2182 d.
757 2150 807 2190 t.)
831 2149 913 2181 nulla
940 2151 1055 2181 dicitur

180 2195 234 2227 illa
252 2193 397 2234 empti03
420 2192 590 2232 potestque
615 2193 750 2232 pecunia
775 2201 814 2222 eo
831 2192 960 2222 nomine
983 2191 1054 2221 data

182 2237 308 2267 condici
322 2243 373 2266 :ut
391 2234 469 2265 solet
486 2234 648 2265 condictio
665 2233 727 2264 fine
744 2232 853 2270 causa,
874 2232 903 2263 ἃ
921 2231 1052 2270 ssmiles,

183 2286 258 2309 cum
275 2275 341 2308 aliis
357 2275 535 2307 actionibus
554 2284 760 2306 concurrere:
784 2282 818 2305 ut
839 2275 947 2304 notavi
966 2274 1053 2304 alibi:

182 2327 245 2349 nec
263 2318 389 2355 fallam,
414 2317 433 2348 fi
454 2318 484 2348 in
503 2317 665 2357 praelentia
685 2316 746 2347 liuc
764 2315 900 2347 referam
918 2324 956 2346 ex
974 2315 991 2345 l.
1004 2324 1054 2355 23.

185 2358 227 2390 D.
241 2361 269 2390 d.
282 2366 302 2390 t.
320 2359 384 2390 hoc
403 2358 487 2390 Pauli
506 2358 599 2398 plane
617 2357 759 2389 similiter
775 2356 963 2388 dietum-Et
982 2357 1057 2397 quod

181 2400 299 2440 solverit
313 2410 343 2430 eo
358 2401 469 2431 nomine
486 2405 592 2439 emptor
608 2400 751 2430 condicere
768 2396 864 2438 potest.
900 2397 960 2429 Sed
980 2397 1056 2436 quid

185 2440 258 2472 est?
281 2441 359 2473 mihi
377 2442 481 2481 placet
499 2440 679 2472 observatio
695 2439 733 2470 D.
747 2439 865 2479 Cujacii
882 2439 929 2469 lib.
951 2449 978 2470 2.
999 2440 1055 2469 Ob-

180 2482 263 2523 serv.
289 2492 313 2513 c.
338 2492 366 2521 4.
391 2482 547 2522 julianum
574 2482 617 2513 nil
642 2480 750 2512 facere
775 2482 813 2511 ad
840 2479 1010 2518 Ulpianum
1028 2479 1057 2510 &

185 2522 336 2555 Paulum:
360 2533 432 2555 nam
454 2524 652 2564 inargentata
678 2523 729 2553 vel
746 2522 907 2563 argentolii
933 2522 971 2552 de
990 2520 1058 2561 qui-

188 2563 247 2595 bus
265 2563 296 2593 hi
310 2563 485 2604 disputant,
509 2564 571 2596 esse
595 2563 764 2604 separanda
782 2573 799 2594 a
816 2563 980 2603 coopertis
1006 2562 1058 2593 sal-

189 2611 256 2635 tem
272 2613 418 2647 argento:
441 2607 481 2637 de
501 2606 616 2644 quibus
638 2609 701 2646 agit
719 2605 867 2643 Julianus.
891 2604 1002 2635 mensae
1022 2614 1060 2634 ae-

190 2654 259 2692 neae
284 2653 452 2684 argentatae
471 2648 521 2679 vel
549 2645 723 2687 argentosae
749 2645 846 2677 inesse
872 2653 1059 2686 argentum,

192 2695 301 2727 ejusve
323 2692 444 2726 partem
467 2687 574 2719 facere
597 2687 754 2719 infusione
772 2710 781 2725 ‚
813 2693 866 2717 aut
892 2686 1060 2717 admixtio·

191 2737 243 2759 ne.
267 2734 299 2758 at
322 2725 459 2757 mensam
481 2728 613 2768 ligneam
639 2737 770 2769 argento
788 2735 976 2767 coopertam
995 2737 1059 2758 non

193 2768 257 2816 effe
284 2771 483 2808 argenteam,
505 2778 543 2799 ne
557 2780 625 2813 ⁸pro
644 2778 732 2810 parte
749 2770 897 2809 quidem:
922 2769 973 2800 sed
998 2768 1060 2799 ess'e

191 2810 350 2850 ligneam3
372 2817 444 2840 cum
471 2810 597 2840 vendita
622 2811 658 2842 fit
683 2819 851 2850 argentea3
885 2820 1002 2850 eaque,
1027 2817 1061 2840 ut

190 2851 312 2884 Plinius
339 2850 483 2889 loquitur
505 2849 553 2879 lib.
586 2859 631 2890 13.
665 2852 745 2892 Hlfl.
771 2859 833 2883 nat.
860 2862 884 2882 c.
920 2861 966 2891 15.
994 2859 1060 2882 tan-

191 2899 260 2924 tum
283 2891 320 2923 iit
347 2892 550 2932 operimento
574 2890 692 2923 laminae
718 2893 840 2924 vestita.
882 2891 1061 2932 Utramque

194 2932 238 2965 fic
263 2932 424 2973 distinguit
450 2931 635 2972 Papinianus
658 2933 676 2962 l.
704 2934 775 2975 9.§›
808 2943 832 2965 1.
858 2933 897 2964 D,
916 2933 1060 2974 desumit,

192 2974 278 3016 legat.
305 2972 494 3014 Supelleftilis
516 2972 627 3010 mensas
652 2973 701 3012 effe
732 2976 936 3016 cujuscumque
971 2983 1058 3005 maze-

1083 377 1238 407 ammodum
1247 374 1277 412 fi
1287 384 1339 406 vas
1358 375 1554 407 aurichalcum
1566 383 1620 417 pro
1637 387 1706 408 auro
1724 377 1891 416 ventiidi'ffet
1905 377 1949 417 ig*-

1081 426 1205 448 noram.
1229 421 1362 463 tenetur,
1385 423 1418 447 ut
1433 427 1554 457 aarum,
1571 419 1646 459 qaod
1660 419 1808 456 vendidit,
1829 411 1950 458 prastet.

1083 457 1117 489 In
1137 457 1200 489 fine
1216 457 1306 496 hujus
1324 458 1388 501 loci
1412 458 1506 499 (inde
1522 460 1607 491 enim
1626 458 1749 491 initium
1768 458 1951 500 explicandi

1083 498 1221 538 sumam)
1239 506 1429 544 proponitur
1447 501 1660 532 aurichalcum
1678 510 1736 541 pro
1754 509 1828 531 auro
1845 500 1953 532 vendi-

1084 548 1163 572 tum.
1189 546 1325 570 erratum
1341 547 1434 584 igitur
1451 541 1480 571 in
1498 542 1627 573 materia
1639 566 1647 579 ‚
1663 542 1691 573 &
1712 542 1839 582 quidem
1857 541 1886 572 in
1904 548 1954 572 to·

1084 589 1166 614 tum.
1191 590 1264 613 nam
1287 579 1498 613 aurichalcum
1523 593 1588 615 non
1611 583 1655 615 est
1673 591 1800 614 aurum:
1825 583 1874 613 led
1892 591 1954 622 aes,
1985 599 1988 603 ·

1082 630 1204 654 tantum
1232 630 1341 652 aurum
1363 622 1473 653 colore
1498 624 1689 663 praeferens3
1714 625 1853 665 ideoque
1879 633 1954 664 prae·-

1082 663 1213 695 stantius
1230 673 1292 694 aere
1309 661 1447 701 vulgari:
1477 673 1517 695 aes
1537 673 1661 704 tamen,
1686 675 1747 696 non
1762 675 1869 696 aurum
1882 689 1891 703 ‚
1915 664 1954 696 ne
1987 665 1990 670 “

1084 715 1125 736 ex
1145 713 1233 750 parte
1252 704 1401 749 quidem,
1426 703 1480 735 etfi
1505 705 1709 737 existimarint
1728 709 1875 747 quidam,
1901 706 1954 737 de-¹

1085 754 1189 786 cepti,
1214 753 1248 777 ut
1276 746 1419 783 videtur,
1444 744 1520 777 sono
1546 747 1633 777 verbi
1658 747 1677 778 l.
1701 757 1729 786 4.
1762 751 1800 778 l).
1822 750 1853 778 tie
1870 748 1956 787 legat.
1986 767 1991 780 ,

1083 788 1130 819 lib.
1153 797 1177 820 1.
1196 786 1336 819 ficcine‘?
1354 789 1481 826 proprie
1499 787 1687 818 orichalcum
1703 787 1816 819 dicitur
1836 799 1851 819 a
1871 784 1959 819 mon·
1992 795 1995 801 '

1085 836 1117 861 te
1132 831 1186 869 qui
1204 827 1326 860 Graecis
1342 827 1430 866 b¹g&‚
1457 828 1539 860 unde
1565 828 1733 860 effoditur:
1757 831 1884 861 auctore
1904 830 1959 860 Fc-
1993 817 2006 859 s'·

1085 870 1143 902 sto.
1168 870 1268 911 Igitur
1292 869 1473 900 aurichalco
1492 879 1550 909 pro
1567 880 1643 901 auro
1662 870 1815 909 vendito,
1840 872 1958 903 nullam
1988 880 1989 884 ¹

1086 911 1147 944 effe
1173 912 1412 948 venditionem,
1437 912 1558 942 diceret
1582 910 1745 950 Ulpianus.
1781 911 1843 942 Sed
1874 911 1958 942 Mar·
1986 919 1992 949 J

1087 955 1194 997 cianus
1215 953 1246 983 in
1266 954 1294 983 h.
1322 953 1340 983 l.
1359 952 1497 993 emptori
1516 947 1661 984 adversus
1681 954 1882 984 venditorem
1907 954 1959 984 dat

1087 995 1246 1025 athonem
1271 1003 1312 1024 ex
1338 1002 1530 1035 emptotut
1555 1004 1661 1025 aurum
1687 995 1772 1034 quod
1799 995 1958 1025 vendidit:
1998 1002 2004 1008 ⁴

1088 1035 1226 1075 praestet.
1274 1035 1350 1066 Vult
1374 1034 1468 1076 igitur
1492 1037 1597 1067 valere
1622 1036 1820 1074 emptionem
1843 1045 1880 1066 ex
1899 1039 1960 1075 qua

1089 1077 1158 1108 vult
1176 1085 1363 1116 competere
1383 1077 1482 1117 empti
1502 1077 1667 1108 actionem.
1700 1076 1759 1109 Sed
1777 1087 1839 1108 non
1860 1084 1958 1117 puto,

1085 1117 1197 1158 sequi:
1228 1128 1268 1150 ex
1292 1125 1402 1158 empto
1427 1122 1518 1149 datur
1545 1119 1645 1157 εξὶίος
1679 1128 1754 1159 ergo
1777 1119 1865 1149 'valet
1892 1127 1958 1150 em6

1088 1162 1168 1200 ptio.
1193 1159 1258 1190 imo
1276 1159 1364 1204 supra
1382 1159 1522 1198 ostendi,
1540 1159 1571 1191 id
1589 1160 1700 1191 fallere
1724 1162 1753 1190 in
1774 1159 1791 1190 l.
1810 1163 1859 1190 62.
1880 1159 1907 1200 ᾗ.
1932 1162 1958 1190 τ’.

1089 1202 1136 1232 D.
1165 1201 1193 1232 b.
1224 1207 1246 1233 t.
1278 1210 1321 1231 ita
1345 1202 1516 1241 aliquando
1543 1202 1625 1233 valet
1650 1201 1773 1241 emptio
1807 1211 1845 1232 ex
1871 1208 1959 1240 parte

1088 1243 1263 1281 emptoris;
1291 1251 1362 1273 cum
1383 1252 1446 1274 non
1464 1243 1567 1274 valeat
1584 1253 1623 1274 ex
1643 1251 1730 1282 parte
1750 1241 1957 1274 venditorisi.

1089 1287 1118 1314 6.
1138 1284 1167 1325 §.
1189 1293 1216 1315 1.
1235 1285 1264 1314 d.
1285 1289 1304 1314 t.
1324 1283 1388 1317 &L
1410 1283 1501 1325 13.-§.
1520 1294 1566 1320 29-
1587 1286 1630 1315 l).
1648 1285 1688 1314 tle.
1708 1283 1762 1315 aa.
1782 1290 1864 1323 enipi.
1884 1283 1958 1314 Hoc

1093 1334 1146 1369 aut
1164 1324 1260 1355 [imile
1279 1324 1416 1357 intendit
1436 1327 1633 1356 Marcianus:
1656 1324 1680 1356 is
1699 1325 1749 1355 ubi
1769 1325 1865 1362 dicit,
1891 1335 1965 1355 ven-

1096 1366 1232 1397 ditorem
1252 1367 1371 1404 teneri3
1389 1374 1421 1396 ut
1439 1366 1561 1405 praestet
1579 1375 1686 1396 aurum
1700 1366 1962 1405 quotlvtntiiqiu
2004 1362 2008 1368 '

1099 1406 1278 1447 proximum
1304 1406 1422 1447 fignurn
1447 1407 1509 1445 est,
1534 1417 1598 1438 non
1627 1407 1770 1437 constare
1785 1406 1960 1437 atrocitati

1089 1449 1320 1479 venditionem.
1347 1458 1418 1479 nam
1444 1448 1487 1479 est
1513 1448 1697 1479 consensum
1716 1448 1745 1479 in
1763 1455 1887 1478 aurum:
1910 1457 1960 1477 au·

1088 1490 1262 1521 richalcum
1287 1497 1391 1520 autem
1412 1488 1456 1519 est
1472 1499 1512 1519 ως
1531 1491 1559 1520 in
1580 1491 1666 1528 quod
1686 1497 1751 1520 non
1769 1488 1813 1519 est
1830 1487 1959 1519 consen-

1090 1531 1166 1561 sum.
1185 1531 1386 1568 'emptionem
1403 1538 1480 1570 ergo
1504 1531 1564 1561 line
1581 1529 1732 1560 consensu
1748 1529 1829 1566 esse,
1854 1538 1890 1559 an
1910 1538 1961 1568 pa·

1092 1572 1168 1603 titur
1185 1571 1263 1601 fiaes
1279 1571 1388 1602 bona?
1412 1570 1485 1601 Non
1508 1572 1603 1602 dices.
1622 1569 1691 1609 Ego
1709 1580 1786 1600 vero
1804 1573 1871 1608 plus
1885 1579 1962 1600 cen-

1092 1613 1162 1651 seo,
1186 1612 1431 1652 inaequalitatem
1466 1622 1503 1643 ex
1530 1613 1580 1642 tali
1608 1621 1715 1642 errore
1739 1619 1862 1645 natam.
1898 1619 1963 1642 non

1094 1654 1253 1685 emendari
1272 1654 1414 1691 actione,
1440 1653 1547 1693 quanti
1567 1654 1714 1684 minoris:
1739 1660 1833 1688 prout
1853 1651 1961 1689 fieret,

1092 1696 1113 1727 fi
1130 1696 1158 1726 in
1186 1693 1314 1726 materia
1333 1704 1396 1725 non
1425 1694 1557 1726 omnino
1579 1702 1713 1725 erratum
1733 1693 1835 1732 foret3
1859 1702 1964 1731 eoque

1095 1738 1215 1768 valeret
1237 1737 1370 1772 emptio.
1397 1738 1470 1776 quid
1504 1745 1580 1774 crgo
1601 1736 1617 1766 ‘2
1653 1744 1721 1766 mea
1746 1734 1806 1764 fert
1833 1735 1961 1774 opinio,v

1094 1777 1155 1809 esse
1172 1778 1264 1808 bonae
1282 1776 1353 1808 fidei
1379 1777 1646 1814 consentaneum,
1672 1783 1704 1806 ut
1732 1775 1894 1816 praa-stetui·
1911 1785 1964 1806 au·

1093 1829 1161 1851 rum
1179 1819 1363 1850 venditum:
1378 1818 1419 1850 fin
1433 1819 1533 1850 minus
1551 1820 1588 1849 ab
1600 1819 1764 1857 emptione
1782 1819 1966 1856 rsccdarur,

1094 1862 1123 1892 ὅ(
1142 1860 1287 1892 restituto
1306 1861 1428 1900 pretio,
1453 1860 1665 1891 aurichalcum
1685 1860 1864 1898 recipiatur.
1888 1858 1965 1890 Hoc

1095 1902 1222 1943 quidem
1235 1902 1416 1933 Marcianus
1428 1925 1436 1940 ‚
1450 1902 1468 1933 si
1479 1911 1541 1933 tam
1555 1902 1701 1932 venditor
1712 1924 1720 1938 ‚
1738 1910 1831 1940 quam
1842 1908 1967 1939 emptor

1095 1943 1305 1974 aurichalcum
1323 1943 1383 1974 esse
1407 1944 1586 1984 ignoravit:
1610 1951 1640 1973 at
1659 1942 1677 1973 ii
1701 1941 1762 1973 esse
1780 1942 1868 1972 scivit
1891 1951 1965 1971 zen-

1096 1987 1200 2017 ditor:
1225 1985 1347 2027 longius
1366 1986 1390 2015 it
1409 1985 1588 2015 Marcianus
1623 1993 1683 2014 non
1696 1984 1778 2014 enim
1798 1983 1882 2019 vult,
1900 1991 1964 2012 em·

1096 2034 1223 2067 ptorem
1244 2034 1311 2057 tum
1329 2025 1500 2066 emptionis
1518 2025 1720 2056 dissblutione
1738 2023 1798 2055 effe
1830 2031 1965 2053 conten-

1097 2076 1163 2098 tum
1185 2079 1192 2099 :
1225 2067 1274 2099 sed
1299 2076 1451 2108 praeterea
1475 2066 1591 2107 patitur
1607 2089 1616 2104 ‚
1649 2075 1720 2097 eum
1747 2074 1839 2106 agere
1867 2065 1905 2094 ad
1930 2064 1964 2094 id

1097 2109 1183 2149 quod
1204 2110 1267 2149 ejus
1287 2108 1435 2147 interest,
1460 2108 1488 2140 se
1505 2109 1674 2146 deceptum
1693 2115 1755 2138 non
1774 2105 1844 2137 effe.
1868 2104 1919 2134 Sic
1935 2103 1967 2135 in

1099 2150 1280 2181 aurichalco
1309 2159 1368 2190 pro
1400 2159 1477 2181 auro
1503 2150 1636 2180 vendito
1668 2147 1860 2179 Marcianus.
1894 2143 1966 2176 Nec

1098 2192 1189 2223 aliter
1211 2190 1346 2230 censet3
1376 2190 1396 2223 fi
1420 2190 1488 2228 quis
1519 2189 1704 2222 vestimenta
1729 2187 1885 2229 interpola
1909 2193 1967 2227 pro

1098 2233 1190 2264 novis
1207 2233 1337 2264 emerit:
1354 2232 1385 2263 id
1400 2232 1493 2270 est‚ss
1511 2232 1578 2272 quis
1591 2230 1726 2262 voluerit
1742 2239 1849 2261 emere
1866 2236 1968 2266 nova;

1099 2274 1127 2305 ἀ
1153 2274 1302 2305 venditor
1329 2273 1536 2314 profiteatur,
1568 2272 1597 2303 se
1617 2273 1754 2303 vendere
1779 2271 1869 2307 talia;
1894 2277 1968 2301 cum

1098 2314 1155 2347 {int
1173 2315 1339 2357 interpola.
1359 2323 1448 2354 putat
1465 2316 1567 2352 enim,
1584 2313 1644 2354 (iic
1656 2313 1730 2344 inihi
1743 2312 1886 2350 videtur)
1900 2310 1968 2341 nul-

1099 2357 1159 2388 lam
1178 2356 1239 2388 effe
1265 2365 1331 2387 tum
1356 2359 1570 2397 emptionem:
1594 2355 1665 2395 quia
1689 2363 1751 2385 non
1770 2353 1813 2384 est
1839 2352 1971 2382 consen·
2005 2381 2008 2386 ,

1099 2398 1163 2429 sum
1179 2399 1209 2429 in
1227 2397 1402 2436 interpola:
1428 2406 1488 2428 nec
1505 2396 1571 2427 sunt
1597 2405 1678 2427 nova
1705 2395 1735 2425 in
1754 2404 1821 2433 quae
1839 2394 1970 2423 consen·
1998 2400 1999 2405 ¹

1100 2439 1163 2471 sum
1174 2438 1227 2470 est.
1239 2440 1330 2480 igitur
1340 2437 1407 2469 finit
1425 2437 1662 2476 Marcizinus‚&
1675 2435 1780 2475 hicagi
1793 2445 1831 2466 ex
1842 2441 1970 2473 empto:

1100 2489 1134 2511 ut
1152 2487 1204 2512 aut
1221 2490 1305 2511 nova
1323 2479 1526 2518 praelientur,
1552 2487 1603 2508 aut
1629 2478 1750 2517 emptio
1776 2476 1970 2513 resolvatur,

1101 2523 1129 2553 ἃ
1146 2521 1293 2553 restituto
1313 2522 1418 2561 pretio
1443 2519 1628 2550 vestimenta
1642 2517 1798 2555 interpola
1818 2516 1973 2555 recipian-

1101 2571 1161 2593 tur.
1208 2562 1280 2594 Huc
1299 2562 1461 2599 pertinent
1488 2560 1647 2599 sequente
1671 2559 1784 2589 rerba:
1809 2558 1968 2599 Siquidem

1102 2605 1250 2645 ignorabat
1274 2603 1420 2640 venditor,
1447 2600 1532 2641 ipfias
1563 2603 1603 2631 rei
1626 2601 1738 2631 nomine
1761 2602 1858 2629 teneri.
1883 2597 1971 2640 Quid

1103 2647 1187 2676 enim
1207 2644 1396 2684 significant:
1419 2642 1490 2680 nili,
1521 2651 1554 2673 ut
1580 2641 1728 2673 venditor
1748 2650 1830 2671 nova
1846 2640 1971 2681 praestet
1998 2669 2003 2673 ,
2035 2639 2036 2677 3

1103 2684 1335 2717 vestimenta'in
1353 2693 1421 2723 quae
1439 2683 1482 2715 est
1502 2683 1706 2714 consensum:
1722 2681 1762 2713 fin
1783 2682 1903 2720 minus,
1919 2690 1972 2720 pe-

1103 2727 1228 2758 cuniam
1249 2725 1390 2757 restituat
1408 2749 1416 2763 ‚
1450 2726 1477 2754 ἃ
1499 2724 1686 2756 vestimenta
1717 2723 1873 2762 recipiat?
1906 2723 1977 2752 hoc?

1103 2769 1203 2800 modo
1220 2767 1311 2808 ipsius
1329 2767 1371 2798 rei
1397 2765 1526 2797 nomine
1547 2774 1690 2797 tenetur:
1704 2765 1722 2796 si
1740 2765 1866 2804 quidem
1884 2763 1973 2803 igno·

1103 2819 1173 2841 rans
1190 2808 1334 2839 vendidit
1353 2806 1517 2848 interpola.
1536 2816 1565 2837 at
1582 2807 1602 2839 fi
1620 2807 1718 2837 sciens
1734 2804 1895 2837 vendidit:
1910 2805 1972 2844 jzim

1105 2850 1265 2881 tenebitur
1281 2848 1375 2879 etiam
1392 2850 1428 2879 ad
1445 2850 1475 2879 id
1502 2849 1582 2883 <mod
1602 2847 1753 2886 emptoris
1771 2845 1917 2883 interest,
1942 2843 1973 2875 l'e

1105 2893 1277 2932 deceptum
1292 2899 1355 2920 non
1375 2890 1449 2921 esse.
1469 2890 1613 2928 Aliquem
1624 2890 1728 2920 adhuc
1746 2889 1858 2919 morari
1880 2885 1971 2926 poffit

1105 2933 1216 2964 Paulus
1234 2932 1264 2963 in
1283 2931 1300 2961 l.
1323 2941 1371 2963 22.
1386 2932 1430 2962 I).
1450 2933 1482 2962 (Ie
1496 2933 1574 2962 verb.
1584 2931 1666 2970 oblig.
1683 2930 1721 2960 ad
1737 2929 1822 2960 hunc
1838 2927 1973 2970 scribens

1104 2975 1252 3005 modum:
1276 2973 1309 3002 Si
1327 2974 1357 3002 isi
1372 2975 1445 3014 quoti
1463 2982 1567 3003 aarum
1580 2973 1735 3012 putabam.
1754 2981 1819 3001 cnm
1833 2978 1870 2999 aes
1887 2966 1972 3005 estet,

189 3017 240 3048 rite
256 3039 266 3054 ,
287 3016 400 3055 scilicet
430 3015 476 3045 vel
504 3019 649 3054 argenteas
667 3036 676 3051 ‚
716 3016 761 3044 ‘vei
792 3024 909 3056 argento
934 3014 1059 3056 inclusas
1094 3014 1256 3055 stipulatus
1280 3015 1312 3044 de
1336 3021 1362 3043 te
1386 3015 1482 3050 suero:
1506 3015 1638 3044 teneberis
1653 3013 1722 3042 mibi
1737 3012 1823 3052 hujus
1838 3009 1901 3038 ceris
1919 3016 1969 3036 ⁷:0-

181 3057 290 3097 placet.
315 3055 433 3089 Tertio
457 3055 583 3086 videtur
608 3054 743 3093 Ulpiano
773 3056 800 3085 ὅ(
825 3058 923 3087 Paulo
946 3059 1056 3088 adver-

191 3096 246 3128 sari
271 3097 405 3138 sequens
431 3095 585 3127 Marciani
609 3095 696 3127 locus
718 3093 748 3125 in
766 3096 784 3124 l.
804 3107 852 3134 45.
881 3097 919 3126 D.
937 3099 970 3128 de
991 3108 1057 3128 con-

191 3139 267 3169 trab,
287 3145 368 3177 emoti
392 3138 484 3169 Labeo
514 3137 584 3167 libro
613 3134 803 3176 Postertomm
820 3138 941 3175 scribit,
958 3138 985 3173 fi
1009 3149 1057 3169 ve.

182 3177 324 3221 stimenta
354 3179 494 3220 interpola
530 3179 596 3219 qais
615 3184 669 3218 pro
691 3177 774 3209 novis
796 3178 893 3207 emerit
913 3199 924 3215 ‚
957 3177 1059 3211 Treba.

1101 3059 1176 3086 mine
1185 3066 1194 3085 :
1218 3058 1353 3096 quoniam
1371 3057 1402 3085 in
1421 3064 1532 3094 corpore
1556 3055 1780 3091 consenserimus.
1796 3050 1847 3088 sed
1864 3057 1898 3077 ex
1916 3047 1972 3077 doti

1100 3099 1170 3128 niati
1194 3097 1322 3135 claujula
1347 3101 1438 3126 tecum
1460 3106 1544 3135 again
1561 3120 1569 3132 ,
1603 3093 1631 3133 fi
1645 3095 1738 3135 stiens
1761 3100 1802 3120 nie
1818 3089 1971 3133 fhfclleriL

1101 3139 1163 3169 Sed
1195 3139 1240 3168 est
1274 3136 1451 3168 differentia
1483 3140 1566 3168 inter
1590 3136 1784 3176 emptionem
1821 3132 1848 3160 ot
1879 3130 1973 3175 ilipu-

1101 3181 1341 3225 lationem2an
1372 3179 1457 3219 quod
1489 3176 1647 3218 stipulatio
1677 3173 1720 3205 est
1747 3171 1842 3203 striCti
1876 3180 1971 3216 juris,

1848 3219 1969 3251 empcio
