2036 3495
518 74 606 111 DE
669 72 918 111 UsuFrt

54 179 117 212 que
131 169 215 203 enim
231 167 428 200 cicatricibus
444 173 515 198 eum
533 163 712 196 deformat:
730 164 805 196 illud
822 165 917 197 etiam

48 212 190 245 membra
210 221 275 251 ejus
293 210 416 241 divellit
430 217 466 239 ac
482 208 589 240 luxat:
614 212 648 236 ut
665 205 855 237 Prudentius
872 210 916 238 in-

49 256 153 292 dicat,
179 252 373 293 Peristepban.
398 250 516 291 Hgymrzo
534 248 670 279 Vincam.
690 246 786 278 Mart.
813 247 843 278 <St
859 247 917 278 Im-

46 303 211 336 peratores
227 293 245 324 l.
267 303 295 333 7.
315 293 346 324 C.
367 293 399 323 de
413 290 548 329 maleficis
562 288 832 333 &yriaihemaiicin
873 289 919 320 lta

48 337 136 368 licita
154 335 188 367 fit
205 334 377 365 fructuario
394 336 520 364 modica
538 330 614 361 serw
632 329 814 361 coercitio:
839 338 870 361 at
886 339 916 361 a·

50 384 122 409 trox
135 401 144 416 ‚
160 386 193 407 ut
206 375 403 416 flagellorum
418 382 455 404 ac
471 378 704 404 tormentorum
715 394 724 408 ‚
740 379 804 401 non
826 371 871 402 est
887 372 915 402 d.

47 418 66 449 l.
84 428 130 458 23.
149 418 177 460 §.
200 427 225 449 1.
253 416 369 458 ipe-ctat
390 416 473 446 enim
495 415 532 444 ad
561 413 686 452 plenam
704 421 773 452 quae
791 422 854 444 non
871 411 917 444 est

47 458 228 497 fructuarii,
253 459 303 489 sed
332 457 470 489 domini:
490 455 589 486 modo
614 453 634 485 ss
657 453 720 484 fine
736 453 814 485 dolo
831 454 915 485 malo

46 503 145 536 faciat
160 505 186 534 d.
204 502 222 533 l.
243 510 286 540 17v
306 499 335 541 §.
355 507 379 544 1.

93 547 132 577 At
149 542 391 580 frustuariijuris
407 534 442 570 fit
457 546 521 569 non
539 542 659 569 tanturn
677 535 766 575 quod
783 545 824 567 ex
838 546 914 578 ope-

48 588 91 619 ris
117 586 193 622 suis,
217 591 324 614 vei-um
351 581 444 612 etiarn
467 581 553 620 quod
580 587 619 609 ex
639 587 671 608 re
686 576 847 609 fructuarii
866 580 916 610 ad-

51 628 149 668 quirit
175 623 359 656 fructuarius
384 621 486 653 servus
510 622 536 651 d.
554 620 572 650 l.
595 629 638 651 10.
660 618 689 659 ἓ.
708 628 737 658 3.
759 618 789 649 D
817 620 849 649 de
866 621 914 651 ad-

49 668 183 712 quirendo
202 675 296 696 rerum
317 663 458 694 dominio:
482 670 535 699 ut,
558 660 577 693 fi
594 662 681 702 quod
700 660 814 691 fecerit
830 670 916 692 com-

48 711 198 753 pendium
215 716 254 737 ex
279 703 548 736 administratione
573 702 689 742 peculii
706 711 722 731 a
740 700 914 732 fructuario

49 752 78 784 ei
105 748 262 784 coricess'13
285 755 337 777 aut
361 756 400 777 cx
423 744 692 776 administratione
718 752 821 774 rerum
849 745 915 782 ejus

49 794 70 825 l.
86 801 134 833 3¹·
154 790 193 821 D.
216 792 247 820 (le
271 787 446 828 usufruclu:
469 787 554 826 cujus
579 784 745 824 complura
768 785 915 824 exempla

50 834 154 867 adfert
168 830 374 870 Theophilus
390 830 425 860 acl
442 828 461 869 §
481 839 509 865 4.
528 826 599 867 lust.
626 826 682 857 Per
698 835 768 866 quas
782 832 917 870 personas

48 876 149 915 cuique
166 873 343 914 adquiritur.
367 870 411 901 est
430 879 505 901 vero
523 870 552 899 id
569 867 765 912 consequens
783 876 916 912 rationi:

50 926 119 957 qua:
138 916 255 951 voluit,
281 912 431 943 distinctis
451 911 619 946 dominiis,
644 907 663 940 si
684 908 759 947 quid
776 908 917 952 utilitatis

51 967 91 990 ex
107 956 234 996 alicujus
248 964 281 985 re
294 953 494 994 periencrit,
511 951 574 991 ejus
593 948 670 980 fieri.
694 948 735 979 Et
751 956 855 980 tamen
876 957 918 978 ita

51 998 114 1030 est:
136 996 190 1029 iiiii
210 997 313 1027 servus
331 994 518 1026 nominatim
545 991 756 1032 proprietario
779 998 831 1020 aut
853 990 919 1035 ejus

51 1039 128 1081 juffu
149 1040 302 1077 adquirat.
322 1046 392 1067 nam
412 1043 477 1065 tuni
495 1034 590 1074 magis
608 1032 670 1069 est,
687 1039 917 1071 proprietario,

52 1090 146 1121 quam
172 1078 364 1115 fructuario,
387 1077 552 1114 adquirere
577 1075 594 1104 l.
616 1083 663 1113 25.
683 1072 711 1114 ᾗ.
731 1082 757 1113 3.
781 1071 820 1102 D.
839 1073 872 1102 a'e
887 1081 917 1101 u-

47 1121 212 1164 sufruffla,
230 1121 248 1150 l.
265 1129 313 1160 37.
333 1118 360 1159 §.
378 1129 406 1159 5.
428 1117 467 1148 1).
486 1119 518 1147 de
533 1115 706 1157 adquirendo
723 1123 818 1158 rerum
834 1113 918 1143 domi-

53 1165 110 1195 m‘o.
135 1163 166 1193 id
183 1171 222 1192 eo
241 1162 358 1192 certius
376 1159 508 1190 dixero:
526 1160 597 1196 quia
615 1156 644 1186 ἃ
660 1153 682 1200 fi.
698 1162 842 1194 proprius
862 1153 919 1184 sei·-

54 1214 113 1238 vus
140 1203 174 1235 sit
201 1203 263 1233 hoc
288 1201 413 1238 animo,
438 1208 470 1230 ut
492 1198 573 1229 nolit
597 1198 728 1227 domino
753 1203 918 1234 quaerere,

52 1255 120 1279 non
137 1245 272 1283 adquirit
291 1243 421 1273 domino
437 1242 464 1270 d.
483 1240 501 1269 l.
520 1240 569 1279 37.
585 1236 614 1278 §.
633 1248 661 1274 4.
679 1235 715 1270 ἐξ
733 1235 756 1274 l.
777 1245 800 1266 1.
819 1235 845 1276 §.
872 1244 917 1271 19.

54 1287 98 1322 D.
114 1287 146 1316 de
162 1284 335 1325 adquirenda
346 1279 519 1322 poffefflone:
544 1281 571 1309 dt
589 1282 609 1309 11
625 1280 760 1308 duorum
778 1285 919 1307 commu-

54 1329 103 1361 nis
122 1325 227 1357 servus
247 1323 432 1355 nominatim
461 1322 511 1352 uni
535 1318 828 1362 stipuletur,·quod
855 1327 919 1349 non

52 1369 121 1401 vult
144 1368 232 1398 alteri
258 1363 463 1405 adquisitum,
486 1362 537 1393 uni
562 1361 617 1391 soli
639 1360 775 1399 adquirit
791 1359 857 1405 μς.
875 1357 918 1390 D.

53 1412 85 1442 de
99 1407 286 1450 stipulatione
303 1409 465 1447 servorum.
490 1406 638 1434 miramur
661 1403 756 1441 igitur
772 1423 781 1438 ,
811 1400 831 1431 ss
855 1409 919 1445 non

52 1448 226 1483 fructuario
243 1446 429 1487 adquisitum
450 1445 527 1476 velit
540 1442 725 1488 fructuarius
743 1442 860 1479 servus,
871 1441 922 1472 ied

55 1493 188 1526 domino
206 1488 428 1530 proprietatis;
451 1496 516 1518 non
534 1484 705 1516 fruetuamo
717 1507 726 1521 ,
751 1483 802 1514 sed
819 1484 920 1514 domi-

54 1543 98 1566 no
126 1531 273 1572 adquiri?
297 1530 406 1569 utique
426 1527 511 1560 recto
529 1527 607 1567 jure.
636 1534 708 1557 narn
725 1533 765 1556 ne
780 1524 921 1570 locuple-

55 1574 118 1607 tior
134 1583 174 1605 eo
192 1580 347 1613 praetextu
367 1570 460 1602 fieret
476 1568 713 1603 dominussscum
732 1567 840 1605 injuria
856 1565 919 1596 fru-

57 1615 183 1651 ctuarii:
201 1613 304 1655 potest
320 1613 350 1643 id
369 1611 500 1643 domino
515 1609 641 1641 condici
658 1610 795 1647 utroque
809 1605 931 1644 in'casu

55 1657 76 1690 l.
95 1667 145 1698 39.
163 1655 206 1687 D.
224 1656 256 1687 de
265 1650 453 1695 stipulatione
461 1655 631 1691 servorum:
652 1649 928 1690 quemadmodum,

53 1698 76 1733 fi
92 1706 270 1730 communis
295 1703 398 1735 iervus
422 1690 602 1732 adquisierit
621 1684 660 1724 ei(
677 1699 709 1721 re
727 1691 853 1721 alterius
868 1691 933 1721 do-v

55 1740 153 1777 mini,
169 1737 213 1769 est
229 1737 356 1777 quidem
373 1735 402 1766 id
419 1742 590 1765 commune
601 1733 784 1771 utriusque3
800 1730 850 1762 sed
868 1732 929 1775 'poj

56 1779 115 1814 test
138 1782 163 1810 is
188 1788 228 1810 cx
252 1779 336 1817 cujus
361 1786 394 1807 re
411 1774 598 1815 adquisitum
614 1772 731 1811 fuerit,
753 1781 822 1817 eam
846 1772 922 1803 surn-

55 1830 137 1854 mam
157 1828 329 1859 praecipere
341 1817 502 1848 communi
518 1815 693 1848 dividundo
708 1815 828 1853 judicio
843 1813 861 1844 l.
874 1819 923 1847 28.

59 1860 87 1904 ᾗ.
104 1871 128 1894 r.
140 1861 181 1892 D.
193 1862 246 1892 eorl.
260 1867 305 1890 ῑιι.
316 1859 333 1889 l.
347 1870 395 1899 45.
411 1857 447 1888 D.
461 1859 493 1888 de
502 1854 674 1897 adquirendo
684 1864 775 1885 rerum
789 1856 923 1886 dominio.

100 1903 198 1943 igitui-
213 1902 299 1939 quod
314 1910 351 1931 ex
370 1899 474 1940 operis·
494 1899 551 1930 suis
564 1921 574 1936 ,
592 1897 641 1928 vel
658 1905 696 1927 ex
715 1906 747 1927 re
758 1895 924 1928 ,fructuarii

57 1937 195 1984 adquirit
220 1942 405 1974 fructuarius
432 1941 535 1970 servus
552 1962 561 1977 ,
596 1936 801 1969 fructuarium
826 1936 929 1977 sequb

57 1994 117 2018 tur.
141 1984 160 2015 fi
178 1992 267 2015 extra
283 1983 337 2014 has
354 1980 458 2013 causas
476 1981 553 2020 quid
570 1980 714 2019 adquirat
730 1979 783 2009 ille
801 1977 923 2010 servus:

57 2028 96 2065 ad
122 2024 363 2065 proprietarium
392 2023 531 2062 pertinet
555 2021 574 2051 l.
599 2030 642 2052 10.
669 2019 698 2061 ὃ.
714 2030 744 2061 3.
762 2019 803 2050 D.
828 2021 859 2050 de
876 2020 924 2050 cid—
947 2021 957 2032 ⁴

56 2069 190 2109 quirenv’o
207 2076 302 2097 rerum
318 2065 450 2095 dominio.
469 2063 539 2103 quia
556 2063 640 2099 enim
658 2062 762 2092 iervus
777 2061 923 2092 naturali-

58 2117 106 2144 ter
132 2108 268 2145 adquirit
293 2106 426 2138 doinino
450 2105 480 2135 in
508 2106 596 2143 qu‘us
622 2102 778 2142 potestate
802 2101 865 2140 est3
889 2101 925 2133 fit

58 2149 298 2191 quodammodo
314 2145 514 2179 necessitate:
532 2153 565 2176 ut
583 2145 670 2184 quod
685 2143 858 2175 fruCtuario
876 2144 922 2174 ad-

59 2192 139 2231 quiri
157 2191 284 2229 nequit,
309 2190 442 2220 domino
459 2187 641 2233 adquiratur
663 2185 682 2215 l.
705 2195 752 2231 25.
776 2184 803 2226 §.
824 2195 853 2225 3.
884 2183 947 2228 Des
969 2198 1031 2228 que
1059 2188 1141 2218 enini
1167 2188 1197 2218 in
1218 2184 1324 2219 fructu
1349 2186 1486 2221 hominis
1512 2190 1613 2223 homo
1637 2191 1700 2222 esse
1723 2191 1841 2232 potest.

59 2235 92 2268 de
117 2230 281 2270 usufrutiu.
312 2229 355 2261 est
385 2230 447 2260 hoc
471 2236 600 2259 rationis
626 2236 657 2258 ln
683 2226 730 2257 his
749 2235 818 2265 quae
835 2235 874 2257 ex
891 2235 935 2258 re.

57 2267 257 2313 proprietarii
284 2271 418 2310 adquirit
450 2269 638 2301 fructuarius
663 2267 779 2299 servuS.
818 2265 935 2309 finge,s

60 2315 226 2347 hominem
241 2310 346 2344 emiss‘e
362 2312 391 2344 ἃ.
409 2313 557 2342 traditum
574 2308 935 2355 accepisse,antequain‘

59 2356 180 2387 solvat:
204 2355 234 2386 in
252 2353 401 2393 pendenti
429 2352 490 2392 est,
514 2353 563 2383 cui
588 2353 731 2390 adquirat
751 2359 926 2390 propi-ieta-

61 2406 136 2429 tem.
169 2405 239 2427 nam
256 2394 277 2426 fi
296 2394 424 2425 solverit
440 2403 480 2424 ex
503 2392 630 2433 peculio
655 2391 836 2429 fructuarii,
861 2392 936 2431 ejus*

57 2435 150 2470 fuisse
177 2438 277 2468 homo
302 2435 515 2476 intelligitur:
538 2434 558 2466 fi
583 2432 712 2464 solverit
734 2444 774 2464 ex
800 2434 934 2473 peculio

59 2474 285 2521 proprietarii,
308 2477 435 2508 videtui·
457 2476 545 2516 hujus
568 2484 607 2506 ex
634 2474 703 2514 post
726 2473 813 2506 fatto
837 2473 927 2505 fuisse

61 2522 88 2553 d.
109 2520 127 2551 l.
149 2530 198 2559 25.
213 2517 242 2560 ἓ.
264 2528 289 2550 1.
307 2518 328 2549 l.
345 2528 394 2558 43.
412 2517 439 2559 ἓ.
467 2527 496 2548 2.
520 2517 560 2548 D.
585 2518 618 2547 de
636 2517 811 2557 adquirendo
833 2518 928 2557 rerum

61 2563 195 2593 dominio.
240 2560 328 2591 idem
347 2559 408 2590 est:
431 2558 451 2590 si
468 2559 545 2599 quid
566 2557 709 2598 adquirat
726 2557 849 2594 servus,
874 2555 935 2595 etsi¹

64 2610 130 2636 non
155 2611 194 2633 ex
221 2611 253 2632 re
277 2600 495 2641 proprietarii,
519 2608 623 2630 tamen
649 2598 776 2630 aliunde
793 2621 802 2636 ‚
835 2607 928 2638 quain

64 2652 104 2674 ex
127 2652 161 2673 re
184 2641 364 2680 fructuarii,
387 2648 440 2672 aut
457 2642 562 2681 operis
582 2638 662 2671 fuis:
687 2648 720 2670 ut
743 2638 764 2670 fi
786 2639 877 2670 heres
894 2637 929 2669 fit

65 2682 243 2724 institutus,
267 2690 319 2713 aut
335 2682 356 2713 ii
372 2683 446 2722 quid
469 2682 497 2713 ei
514 2681 549 2713 fit
566 2682 718 2712 donatum
735 2681 927 2721 legatumve.

66 2733 132 2756 non
151 2723 235 2753 enim
252 2723 386 2763 adquirit
403 2722 466 2753 hoc
483 2732 522 2753 ex
539 2723 646 2762 operis
666 2723 745 2760 iuis,
767 2731 872 2762 neque
888 2731 929 2752 ex

66 2774 101 2796 re
117 2763 294 2795 fructuarii:
320 2764 371 2794 sed
396 2773 435 2794 ex
453 2762 726 2795 benevolentia&
745 2763 932 2794 liberalitate

71 2804 229 2837 testatoris
246 2812 298 2835 aut
308 2805 482 2836 donatoris.
499 2814 562 2835 non
578 2805 672 2844 igitur
687 2800 938 2835 fructuario'adss

67 2846 184 2886 quirit,
210 2844 261 2875 sed
286 2845 507 2885 proprietario.
538 2853 769 2885 praeterquam,
792 2845 813 2877 fi
837 2844 933 2876 illisit

66 2886 228 2920 fructuarii
254 2886 528 2923 contemplatione
546 2886 698 2917 donatum
715 2887 894 2926 legatumve
911 2885 931 2916 l.

67 2927 117 2961 21.
137 2928 155 2958 l.
171 2938 219 2959 22.
237 2926 277 2957 D.
294 2927 327 2956 de
343 2925 505 2965 usufruftu.
529 2935 600 2957 narn
618 2934 684 2957 tum
701 2927 860 2958 sruCtuarii
879 2925 933 2957 fit:

69 2970 142 3011 quia
159 2967 213 2999 etfi
230 2977 294 2999 non
313 2976 353 2998 ex
369 2966 446 2997 servi
464 2976 582 3005 opera,
598 2975 701 3006 neque
714 2978 731 2998 e
747 2979 779 2999 re
795 2967 934 2999 frutina-

69 3012 108 3043 rii
127 3009 331 3050 provenerit3
356 3015 460 3038 tamen
479 3008 550 3047 quia
567 3006 657 3045 servo
682 3009 790 3040 datum
808 3009 851 3040 est
869 3007 938 3039 fni-¹

73 3051 181 3086 &uarii
198 3049 492 3089 contemplatione,
516 3056 617 3089 prope
632 3057 649 3079 e
666 3058 700 3079 re
717 3049 781 3089 ejus
804 3048 934 3090 adquifi-

71 3091 137 3123 'tum
155 3091 216 3123 esse
236 3091 423 3130 intelligitur
439 3090 457 3120 l.
469 3100 519 3128 45.
535 3089 564 3130 §.
581 3089 634 3120 ult.
651 3088 693 3120 D.
711 3091 743 3120 de
759 3091 938 3131 adquirenda,

72 3132 231 3164 hereditare.
262 3133 322 3170 ita,
345 3130 366 3162 fi
384 3131 522 3172 liqueat,
546 3130 636 3162 servo
653 3131 805 3163 donatum
822 3140 874 3163 aut
893 3132 934 3164 le-

72 3182 178 3247 ga‘iim
201 3173 263 3247 effe
287 3172 447 3208 fraretum-ii
465 3172 575 3214 gratia.
608 3179 640 3205 at
655 3170 677 3207 fi
692 3171 868 3208 indistincte
885 3174 936 3208 da·

142 3223 194 3247 om.
234 3237 243 3248 .

74 3251 82 3264 f

953 85 1142 113 UGTU
1204 77 1364 116 Lial.

962 173 1027 198 tuni
1040 190 1048 206 ,
1063 166 1245 208 legatur-rive
1263 167 1325 199 est:
1348 168 1446 210 magis
1464 167 1529 207 est,
1545 168 1758 210 proprietario
1775 170 1830 203 ad-

963 210 1053 249 quiri.
1079 209 1142 240 hoc
1160 209 1272 241 Paulus
1292 210 1358 240 vult
1376 210 1395 241 l.
1414 219 1463 250 49.
1482 209 1523 241 D.
1542 213 1576 241 de
1596 212 1770 252 adquirendo
1787 222 1832 243 ren

962 260 1027 281 rum
1046 250 1167 281 dominio
1179 274 1188 289 ‚
1212 250 1260 281 his
1287 252 1400 283 verbis.
1445 250 1732 295 Quodfrutluarius
1746 263 1783 285 ex
1798 261 1829 285 re

952 292 1011 332 suci
1026 293 1129 329 donat,
1153 301 1189 322 ex
1205 301 1235 322 re
1246 292 1308 334 ejus
1324 291 1373 333 cst.
1396 297 1451 332 sed
1465 292 1492 330 li
1506 303 1534 323 eo
1551 294 1645 324 animo
1664 296 1693 325 id
1701 295 1829 334 fecerit,

960 338 994 364 ut
1015 335 1051 364 ad
1065 335 1249 373 proprietatis
1273 335 1422 365 dominum
1436 335 1599 374 pertineat.-
1622 336 1774 367 <licendum
1787 334 1828 377 ess

960 373 1004 405 illi
1018 376 1142 415 adquiri.
1160 374 1188 412 Ji
1203 380 1299 405 autem
1326 382 1481 406 extraneus
1498 376 1523 406 ei
1537 377 1640 415 donet,
1663 376 1829 418 indistinete

951 415 1009 456 soli
1020 416 1209 455 proprietario
1225 417 1399 457 adquiritur.
1415 417 1467 447 Sic
1483 417 1650 449 b'iorentiae
1666 426 1828 460 interpun-

959 458 1007 498 git
1030 455 1237 488 Taurellius:
1276 459 1305 489 dt
1328 466 1440 488 omnes
1466 458 1621 490 exhibent
1646 460 1827 500 editiones,

959 506 1111 537 quantum
1129 496 1203 529 scio.
1236 497 1287 530 sed
1305 498 1428 538 praestat
1448 498 1556 537 scribi,
1573 499 1601 537 fi
1618 506 1714 532 autem
1730 509 1829 532 extra-

958 549 1029 571 neus
1044 541 1068 570 ei
1083 541 1166 570 donet
1182 537 1631 580 indistinffe‚stilzsspropriemrio
1647 543 1826 583 adquiritur.

959 580 1081 612 Sensus.
1126 579 1156 611 Si
1183 589 1368 619 extraneus,
1391 581 1420 612 id
1444 581 1507 620 est,
1531 582 1626 620 alius,
1650 592 1743 622 quam
1762 583 1828 615 fru-

961 622 1113 659 tium-ius,
1140 621 1230 653 servo
1254 621 1428 653 fructuario
1453 622 1649 662 indistincte,
1674 624 1737 655 hoc
1762 624 1828 663 est,

960 663 1142 706 simpliciter
1165 663 1290 702 donet:
1322 671 1388 695 tum
1410 672 1474 695 non
1499 662 1670 696 fructuario
1693 666 1830 707 adquiri-

961 713 1028 743 tur,
1054 705 1104 736 ied
1123 703 1179 735 soli
1197 706 1418 744 proprietario.

1001 746 1106 785 Atque
1125 745 1188 775 hoc
1204 747 1333 786 quidem
1350 756 1380 778 in
1400 747 1576 778 donatione
1594 747 1623 779 δι
1641 748 1747 788 legato
1764 747 1829 780 fine

958 787 1057 817 dubio
1082 785 1137 816 est.
1174 786 1214 816 de
1235 787 1413 819 hereditate
1438 797 1543 820 autem
1569 790 1684 830 ambigi
1713 789 1831 829 possit,

959 827 1133 859 fructuario
1144 825 1233 857 servo
1245 827 1361 860 herede
1374 828 1516 860 instituto
1530 840 1539 868 ;
1559 840 1596 861 an
1612 829 1787 862 fructuario
1800 840 1833 861 a·

960 869 1083 900 ditione
1099 868 1472 906 adquirathercditatein.
1499 870 1550 902 sed
1567 881 1670 902 verius
1686 871 1750 910 est,
1767 881 1833 904 non

961 910 1126 948 adquirere
1153 908 1327 940 fructuario
1348 911 1366 942 l.
1386 921 1434 950 25.
1455 910 1495 943 D.
1515 916 1548 943 ae
1564 915 1742 954 adquirenda
1757 914 1836 944 here-

961 952 1059 981 ditate.
1084 951 1169 988 atqui
1188 950 1345 981 hereditas
1370 961 1425 992 pei·
1450 952 1570 984 servum
1590 955 1691 986 aditur
1710 955 1728 986 l.
1749 965 1777 994 q.
1796 954 1831 986 C.

961 994 994 1022 de
1017 991 1163 1022 heredibus
1187 990 1378 1030 instituendis.
1413 993 1463 1024 sed
1493 995 1632 1034 placuit,
1655 995 1833 1027 aditionem

962 1033 1146 1064 hereditatis
1161 1041 1224 1062 non
1245 1031 1306 1062 effe
1323 1033 1354 1064 in
1372 1036 1479 1072 operis
1496 1035 1604 1067 servrl.
1614 1047 1662 1075 45.
1682 1036 1723 1068 D.
1740 1039 1773 1068 (le
1782 1038 1835 1068 ad-

961 1074 1104 1114 quirenda
1125 1073 1297 1119 hereditate,
1324 1073 1342 1104 l.
1361 1085 1409 1115 47.
1430 1075 1469 1107 D.
1498 1078 1532 1107 de
1548 1078 1721 1117 adquirendo
1737 1088 1835 1110 rerum

963 1115 1105 1150 αωηῑηίος
1130 1117 1184 1145 etii
1203 1123 1310 1145 verum
1328 1114 1381 1153 fit,
1407 1117 1471 1156 ejus
1488 1117 1573 1149 fatu»
1594 1117 1671 1151 fieri.

1004 1156 1118 1187 Similis
1135 1154 1266 1196 quaestio
1283 1156 1326 1186 est
1343 1158 1425 1200 apud
1443 1157 1693 1199 Tryphoninum
1712 1161 1728 1190 l.
1743 1166 1782 1202 63
1804 1161 1836 1203 §.

962 1207 992 1238 ξς.
1021 1196 1063 1227 D.
1087 1200 1145 1227 eorl.
1170 1199 1216 1226 m.
1242 1195 1262 1226 fi
1287 1197 1465 1230 thesaurum
1483 1200 1622 1231 inveniat
1644 1200 1835 1233 fructuarius

963 1240 1068 1269 servus
1087 1238 1116 1268 in
1136 1237 1210 1283 loco
1235 1236 1299 1276 ejus
1323 1240 1374 1277 qui
1394 1239 1489 1270 haber
1510 1240 1571 1271 serr
1581 1251 1631 1272 um
1652 1244 1834 1283 propriumz

964 1290 1001 1311 an
1026 1287 1113 1310 totus
1136 1279 1217 1309 iliius
1237 1278 1298 1310 sit?
1324 1281 1352 1311 ἃ
1372 1280 1390 1311 ii
1411 1285 1441 1311 in
1462 1280 1585 1319 aliem),
1610 1291 1712 1314 utrum
1731 1285 1840 1316 eidem

964 1321 1307 1366 adquiratparteinaean
1319 1319 1518 1354 fructuario?
1536 1323 1689 1364 inipectio
1705 1325 1755 1356 illa
1771 1324 1838 1364 est,

965 1372 1039 1394 nuin
1064 1371 1104 1392 ex
1127 1371 1233 1402 operis
1256 1363 1333 1393 ietvi
1357 1364 1548 1404 adquiratur.
1580 1364 1665 1404 finge
1684 1389 1693 1403 ‚
1719 1374 1838 1398 terram

964 1403 1145 1435 fodientem
1167 1402 1319 1434 inveniffe
1337 1427 1347 1442 ,
1379 1414 1413 1435 ut
1440 1405 1503 1436 hoc
1528 1405 1650 1437 dicatur
1673 1406 1841 1439 fructuarii

965 1444 1035 1476 effe.
1061 1445 1148 1485 quod
1166 1454 1243 1475 vero
1261 1443 1363 1476 subito
1379 1445 1408 1476 ὅ(
1429 1446 1458 1477 in
1477 1448 1588 1478 abdito
1605 1449 1681 1480 loco
1699 1448 1840 1489 positum

966 1486 1168 1526 nihilagens,
1185 1484 1237 1517 sed
1254 1486 1345 1517 aliter
1357 1487 1519 1518 ambulans
1537 1489 1678 1527 invenit,
1696 1490 1841 1531 proprie-

966 1528 1038 1558 tatis
1054 1527 1176 1558 domini
1194 1526 1238 1557 fit.
1273 1527 1442 1559 arbitratui·
1460 1536 1566 1560 tamen
1583 1528 1843 1571 Tryphonin'us,

966 1578 1070 1613 neque
1097 1568 1178 1599 illius
1206 1576 1328 1613 partem
1362 1570 1400 1600 ad
1425 1569 1632 1606 fructuarium
1659 1573 1841 1611 pertinere:

966 1611 1296 1654 cauiatus‚nemi·nem
1315 1608 1476 1642 servorum
1493 1620 1589 1651 opera
1608 1620 1751 1652 quaerere
1769 1613 1844 1644 the-

965 1649 1105 1689 saurum3
1131 1660 1191 1682 nec
1210 1651 1334 1682 iervum
1359 1661 1393 1683 ea
1419 1661 1550 1693 propter
1569 1660 1635 1684 tum
1654 1661 1768 1693 terram
1785 1653 1842 1685 fo-

966 1693 1063 1732 diffe3
1081 1692 1196 1737 sedfialii
1216 1693 1258 1724 rei
1270 1691 1619 1735 operaminsuinpfiffe,
1636 1693 1846 1728 &fortunam

966 1735 1049 1771 aliud
1074 1731 1203 1766 dedisse.
1238 1737 1374 1774 proinde
1391 1734 1410 1767 fi
1431 1734 1608 1768 thesaurum
1628 1735 1732 1768 servus
1751 1738 1844 1768 inve-

967 1776 1049 1807 nerit
1067 1775 1097 1805 in
1114 1774 1207 1814 ipsius
1224 1774 1382 1807 fructuarii
1400 1786 1495 1817 agro,
1514 1786 1585 1808 eum
1603 1785 1724 1818 partem
1744 1777 1847 1811 solam

968 1816 1166 1859 habiturum:
1183 1815 1235 1846 secl
1252 1825 1315 1847 non
1333 1825 1366 1847 ut
1382 1815 1607 1857 frussuarium3
1629 1820 1754 1859 (quiaa
1771 1818 1843 1851 for->

968 1866 1043 1889 tuna
1067 1858 1130 1888 dari
1158 1857 1282 1899 Videtur
1309 1857 1490 1899 thesaurus)
1514 1859 1565 1891 sed
1589 1869 1623 1891 ut
1646 1861 1710 1901 agri
1737 1860 1857 1892 domi--.

968 1908 1061 1930 num:
1080 1898 1211 1938 alteram
1229 1906 1350 1938 partem
1364 1900 1403 1931 ad
1418 1910 1491 1933 eum
1508 1902 1595 1942 cujus
1611 1902 1643 1933 in
1660 1903 1751 1934 servo
1763 1910 1842 1944 pro-

969 1941 1083 1981 prietas
1101 1940 1163 1978 est,
1189 1949 1422 1980 perventuram.
1444 1963 1447 1968 -
1541 1968 1543 1970 .

1010 1980 1128 2025 Fuitq&
1147 1983 1186 2013 de
1198 1981 1319 2013 aricium
1337 1992 1535 2023 partuvetus
1552 1984 1702 2024 quaessio:
1726 1985 1757 2017 in
1778 1993 1841 2025 qua

967 2022 1101 2054 Brutum
1119 2031 1135 2052 a
1153 2022 1297 2054 Scaevola
1322 2024 1350 2055 ἃ
1378 2023 1514 2057 Manilio
1533 2025 1716 2065 diffenfisse,
1740 2026 1852 2058 referc-

969 2063 1105 2101 Cicero,
1130 2062 1176 2107 De
1186 2063 1294 2103 finibus
1314 2065 1361 2095 lib.
1386 2075 1410 2096 1.
1430 2074 1491 2107 cap.
1507 2079 1537 2105 4.
1562 2068 1624 2108 Sed
1641 2066 1798 2108 Ulpianus
1815 2067 1838 2099 l.

969 2109 1019 2139 68.
1040 2105 1080 2136 D.
1098 2104 1131 2135 de'
1150 2105 1327 2144 usufrutlu,
1346 2105 1455 2147 Bruti,
1473 2108 1595 2148 inquit,
1613 2108 1768 2144 sententia
1781 2110 1842 2141 ob-

970 2148 1082 2185 tinuit,
1101 2145 1308 2178 fructuarium
1325 2147 1354 2178 in
1373 2157 1413 2180 eo
1429 2149 1538 2181 locum
1556 2160 1620 2182 non
1640 2149 1768 2182 habere.
1788 2160 1843 2182 ne-

969 2229 1028 2260 hac
1045 2229 1172 2274 ratione
1188 2238 1249 2262 nec
1273 2230 1499 2263 uiumfruttum
1520 2232 1551 2263 in
1568 2242 1609 2263 eo
1625 2232 1757 2267 habebit
1775 2232 1841 2264 fru-

969 2270 1112 2302 eruamus.
1135 2277 1290 2302 caeteruirr
1302 2270 1356 2302 etsi
1372 2272 1492 2304 ancillae
1532 2282 1636 2312 artus,
1651 2274 1772 2305 ancillae
1790 2274 1844 2306 da-

969 2320 1004 2342 to
1031 2310 1207 2352 usufructu,
1230 2310 1389 2344 fructuarii
1412 2312 1476 2349 non
1505 2322 1548 2351 it,
1572 2323 1769 2354 repugnante
1787 2324 1843 2346 na-

970 2361 1038 2384 tura
1063 2351 1273 2386 ususfructus:
1298 2361 1402 2386 tamen
1426 2349 1447 2387 si
1463 2355 1589 2396 reliCtus
1612 2355 1647 2387 fit
1664 2355 1755 2395 ipsius
1775 2365 1843 2395 pai·-

971 2403 1019 2425 tus
1036 2392 1246 2431 ususfructus,
1268 2395 1376 2434 placet
1394 2394 1535 2436 Ulpiano
1550 2398 1577 2427 d.
1596 2398 1615 2427 l.
1634 2395 1850 2430 fructuarium,

972 2435 1088 2466 habere
1099 2441 1204 2475 partus
1213 2435 1452 2468 usumfructum.
1478 2447 1550 2468 cum
1561 2438 1645 2469 enim
1661 2438 1756 2478 legari
1771 2438 1852 2477 pos-¹

971 2475 1007 2507 {it
1024 2484 1149 2515 partus,
1162 2477 1284 2519 idest,
1302 2478 1481 2518 proprietas
1501 2487 1627 2520 partus:
1652 2481 1728 2520 quid
1751 2481 1782 2511 ni
1799 2480 1845 2512 leo

971 2518 1035 2559 gari
1053 2519 1173 2557 poterit
1190 2516 1382 2549 ususfructus
1403 2517 1512 2559 ejus?-

1016 2558 1063 2589 Ex
1080 2558 1168 2590 hisce
1182 2567 1332 2603 apparet,
1357 2557 1509 2599 quidquid
1532 2571 1573 2593 ex
1589 2563 1695 2602 operis
1714 2561 1772 2594 suis
1791 2563 1850 2596 vel.

972 2609 1012 2639 cx
1038 2609 1070 2631 re
1092 2599 1256 2631 fructuarii
1279 2601 1416 2640 adquirit
1429 2601 1614 2635 fructuarius
1631 2603 1757 2643 servus,
1781 2604 1848 2641 fru-

974 2640 1180 2687 &uarii-effe:
1204 2640 1332 2686 fi-extra
1349 2651 1398 2674 eas
1414 2642 1519 2676 causas
1533 2643 1735 2684 adquisiverit
1746 2669 1755 2682 ,
1773 2655 1848 2686 pro-

973 2683 1123 2722 prietario
1144 2691 1251 2722 quaeri.
1285 2683 1382 2722 idque
1401 2685 1431 2722 iri
1456 2692 1578 2717 tantum
1597 2695 1705 2718 verum
1725 2686 1788 2718 est:
1811 2695 1847 2718 ut

973 2720 995 2755 si
1014 2723 1038 2753 is
1065 2723 1170 2754 servus
1196 2719 1293 2762 velit,
1316 2723 1380 2755 hoc
1396 2724 1567 2757 nuenario
1583 2726 1739 2767 stipulari,
1766 2729 1845 2760 nihil

975 2773 1067 2804 agere
1092 2762 1285 2805 intelligatur
1307 2764 1326 2796 l.
1353 2775 1400 2807 25.
1420 2766 1448 2809 §.
1467 2777 1495 2806 3.
1515 2765 1558 2799 D.
1576 2769 1610 2799 de
1625 2769 1800 2807 αωῐηιὲῐα,
1823 2769 1845 2799 ί.

975 2815 1024 2844 22.
1042 2804 1086 2835 D.
1104 2805 1136 2835 de
1145 2802 1507 2846 stipulationeservorum.
1525 2818 1595 2841 nam
1615 2817 1650 2840 ut
1661 2810 1777 2841 dictum
1797 2809 1845 2840 su-

975 2845 1180 2891 pra,·potest
1205 2845 1376 2880 fructuario
1405 2857 1524 2881 tantum
1551 2860 1592 2882 ex
1610 2851 1729 2882 duabus
1746 2849 1844 2882 causis

975 2888 1140 2927 adquirere
1154 2897 1161 2918 :
1174 2886 1318 2928 scilicet,
1335 2899 1374 2921 ex
1391 2900 1424 2922 re
1440 2891 1526 2932 ejus,
1542 2892 1623 2923 &ex
1640 2892 1697 2922 suis
1715 2892 1845 2930 operis:

938 2960 940 2965 ,
977 2927 1032 2959 etii
1057 2929 1150 2968 poffit
1175 2929 1307 2971 domino
1333 2933 1534 2972 proprietatis
1552 2942 1592 2964 ex
1608 2932 1755 2963 omnibus
1772 2941 1846 2962 cau-

976 2968 1032 3007 fiS,
1056 2970 1087 3015 id
1112 2969 1175 3008 est,
1198 2965 1291 3003 etiam
1315 2972 1461 3014 aliunde,
1485 2982 1577 3014 quarn
1593 2982 1634 3004 ex
1649 2981 1684 3003 re
1702 2973 1789 3012 ejus,
1812 2973 1844 3006 δί

978 3019 1018 3041 ex
1034 3010 1091 3043 suis
1107 3011 1211 3051 operis
1226 3010 1418 3054 adquirere..
1439 3040 1441 3042 .
1737 3050 1739 3054 ,
1783 3041 1786 3044 ,

992 3053 996 3056 ”
1021 3051 1096 3091 inde
1117 3052 1307 3085 subnascitur
1328 3055 1386 3086 alia
1403 3055 1533 3096 quaestio
1550 3053 1632 3094 apud
1649 3052 1807 3092 julianum
1822 3054 1845 3087 l.

981 3095 1006 3124 1'.
1023 3091 1051 3134 §.
1063 3104 1092 3134 5.
1109 3093 1151 3125 D.
1169 3093 1579 3136 destipulaiioneftrvorzim,
1593 3094 1699 3126 verbis
1715 3095 1846 3134 sequen·

978 3134 1070 3174 tibus.
1094 3134 1128 3167 Si
1137 3135 1329 3175 frustucirius
1345 3139 1444 3174 servus
1453 3134 1615 3176 stipulatus
1628 3134 1846 3176 effitfrustuan

975 3176 1017 3210 rio
1031 3182 1084 3210 aui
1094 3179 1284 3250 proquam-rio
1294 3189 1304 3212 .-
1311 3177 1340 3220 fi
1354 3179 1466 3221 quidem
1482 3186 1518 3211 ea·
1531 3186 1561 3210 re
1568 3174 1738 3223 fructuarii
1745 3175 1845 3250 qipa-

1186 3228 1209 3260 y
1778 3222 1846 3251 atus
