2036 3495
361 183 1066 259 GERARDI
1204 194 1708 280 NOODT

558 382 603 422 In
631 380 880 436 posteriorem
910 382 1192 426 Commentarii
1221 386 1434 431 editionem
1463 389 1512 431 ad

135 553 998 634 ERUDITUM
1077 548 1919 646 LECTOREM

684 755 1359 811 PRAEFATIO.

220 1158 244 1170 ,ἱ
372 1115 377 1123 ·’
430 1108 438 1148 ’ἰ
486 1116 579 1172 gavi
633 1115 968 1157 Commentariun]
1011 1114 1053 1156 in
1097 1126 1262 1171 quatuor
1303 1118 1450 1172 priores
1485 1121 1600 1164 libros
1632 1125 1915 1171 pandectarum

280 1166 296 1176 „
420 1167 439 1199 ³¹³
482 1177 559 1221 five
591 1177 840 1234 Digestorum
872 1177 975 1235 Juris
1008 1178 1235 1229 enucleati,
1277 1194 1325 1221 ex
1368 1183 1478 1225 omni
1510 1195 1641 1228 vetere
1672 1187 1766 1245 Jure
1798 1193 1913 1234 colle-

423 1262 434 1271 ,
483 1241 536 1283 ffl
567 1255 591 1282 a
622 1242 673 1282 D.
706 1239 950 1297 justiniano,
993 1241 1255 1285 Sacratisfimo
1286 1244 1490 1300 Principe,
1536 1258 1626 1291 eum
1660 1245 1915 1297 Commenta-

481 1304 580 1346 rium
613 1303 758 1360 exiguo
791 1300 1006 1344 admodum
1037 1315 1216 1360 tempore
1247 1305 1414 1358 absolvi,
1457 1306 1508 1352 fic
1550 1310 1764 1356 ferentibus
1801 1317 1914 1360 rebus

120 1367 228 1409 meis.
292 1368 382 1421 Ejus
428 1380 533 1409 nunc
580 1380 669 1409 ecce
702 1364 889 1408 secundas
921 1380 1063 1409 curas:
1107 1368 1243 1423 quibus
1276 1366 1417 1421 volui,
1462 1373 1619 1430 aliquod
1660 1376 1712 1418 illi
1752 1376 1916 1432 adjicere

118 1443 267 1476 novum
300 1430 442 1473 decus:
474 1427 583 1472 fimul
614 1429 783 1485 pluribus
816 1431 1007 1472 Veterum
1034 1430 1134 1479 >locis
1165 1436 1286 1485 majus
1329 1445 1398 1476 aut
1430 1447 1522 1478 ante
1554 1452 1639 1481 non
1672 1440 1915 1485 animadver-ss-

118 1498 200 1539 sum
233 1493 414 1550 praeferre
446 1495 588 1535 lumen.
620 1491 648 1535 fi
681 1493 824 1547 placuit
858 1493 963 1548 prior
994 1490 1126 1551 labor,
1171 1495 1388 1538 coaretatus
1419 1498 1522 1540 intra
1556 1511 1722 1555 quatuor
1753 1505 1838 1547 illos
1871 1506 1915 1548 li-

117 1561 233 1610 br083
277 1572 361 1600 non
394 1554 604 1611 displicebit
635 1556 796 1611 praesens
817 1585 831 1606 ,
875 1569 994 1611 usque
1036 1554 1087 1599 ad
1128 1557 1310 1601 ocstavum
1352 1559 1395 1601 Sc
1438 1560 1668 1618 vigesimum
1700 1567 1913 1621 porrectus.

120 1619 322 1665 confilium
355 1628 462 1668 erat,
495 1628 635 1673 praeter
666 1618 764 1669 hos,
797 1619 916 1661 etiam
949 1620 1115 1675 reliquos
1152 1635 1271 1677 usque
1303 1620 1354 1664 ad
1386 1621 1508 1666 finem
1541 1627 1623 1680 pari
1654 1641 1746 1670 cura
1777 1629 1822 1672 &
1853 1629 1913 1674 di-

120 1685 286 1742 ligentia
318 1692 539 1737 exponere,
573 1680 804 1732 emendare,
838 1681 1047 1725 restituere.
1101 1682 1166 1725 sed
1199 1684 1293 1727 dum
1334 1683 1411 1728 hoc
1443 1686 1645 1743 meditor3
1688 1690 1786 1734 mihi
1820 1707 1915 1739 eve-

120 1749 206 1798 nit,
238 1743 346 1802 quod
377 1745 578 1800 plerisque.
611 1746 696 1800 plus
728 1745 875 1800 speravi
907 1743 957 1788 de
988 1744 1236 1789 facultatibus
1267 1748 1364 1790 meis
1382 1777 1396 1799 ,
1439 1765 1553 1806 quam
1585 1751 1627 1795 in
1657 1752 1716 1795 his
1748 1755 1812 1798 est.
1855 1757 1916 1800 ni-

120 1811 264 1854 mirum
295 1801 593 1851 blandiebantur
624 1806 721 1849 mihi
751 1806 911 1850 indultae
942 1808 1092 1851 Divina
1126 1809 1374 1872 benignitate
1404 1813 1506 1856 vires
1538 1815 1735 1871 aliquanto
1766 1817 1913 1863 firmio-

119 1888 206 1924 τες,
240 1887 355 1928 quam
388 1871 450 1913 illa
481 1877 598 1913 aetate
631 1868 706 1913 fint
739 1871 912 1914 aliorum.
946 1885 998 1913 ne
1029 1870 1221 1915 habebam
1254 1873 1412 1930 quidem
1444 1877 1551 1932 queri
1592 1884 1661 1921 aut
1692 1879 1745 1923 de
1778 1883 1916 1940 vigore

118 1936 240 1992 qualis
274 1934 393 1991 qualis
426 1934 502 1978 mei
535 1931 691 1986 judicii,
723 1944 792 1976 aut
825 1932 875 1976 de
906 1932 985 1976 fide
1016 1937 1237 1988 memoriae,
1280 1936 1449 1981 subsidiis
1492 1941 1545 1982 illi
1576 1940 1647 1984 fini
1678 1946 1914 2000 opportunis

119 2000 162 2042 δε
193 1995 419 2041 necessariis.
451 1994 693 2053 gaudebam&
727 1997 849 2048 visus,
881 1997 941 2039 his
972 1998 1104 2048 salvis,
1137 2013 1223 2054 quae
1255 1997 1466 2052 destinavi,
1498 2003 1737 2049 absoluturus
1768 2009 1912 2051 omnia.

115 2061 196 2106 Sed
229 2076 255 2105 ο
287 2062 370 2116 spes
402 2060 574 2102 fallaces!
608 2074 696 2103 curn
730 2059 825 2102 mihi
856 2061 1106 2116 suppeterent
1139 2062 1200 2104 illa
1233 2064 1395 2107 Naturae
1426 2064 1555 2118 bona,
1587 2081 1660 2111 nec
1693 2067 1785 2113 esset
1819 2069 1913 2127 quid

120 2125 247 2182 magis
278 2125 318 2168 in
351 2123 480 2173 votis,
514 2137 628 2179 quam
661 2137 733 2178 pro
765 2123 952 2178 portione
983 2124 1138 2182 longius
1170 2126 1397 2183 pleniusque
1430 2129 1627 2173 consulere
1659 2134 1820 2191 egregio
1841 2149 1913 2189 pu-

67 2209 70 2214 ·
119 2189 221 2231 blico
253 2189 472 2240 literarum3
507 2184 667 2229 tandem
699 2201 763 2229 me
795 2184 1055 2242 deprehendit
1087 2187 1258 2230 senectus
1289 2204 1373 2232 non
1403 2194 1539 2245 procul
1571 2193 1619 2236 ab
1651 2210 1759 2239 anno
1779 2197 1913 2241 odua-

122 2248 292 2309 gesimo:
325 2263 490 2291 monens
520 2254 596 2301 jam
633 2247 760 2294 indies
792 2250 916 2310 magis
947 2265 993 2293 ac
1025 2251 1148 2308 magis
1170 2281 1183 2301 ,
1223 2263 1275 2294 ne
1305 2252 1516 2307 procedam
1549 2257 1649 2301 ultra
1679 2258 1819 2302 librum
1858 2262 1912 2303 se-=

123 2314 294 2369 ptimum
327 2311 370 2353 ὃς
391 2309 632 2368 vigesimum.
695 2314 756 2354 Eo
789 2314 960 2367 perveni.
995 2311 1087 2368 quid
1107 2312 1245 2356 restat?
1277 2312 1348 2358 nisi
1376 2326 1422 2359 ut
1463 2317 1601 2361 cedam
1632 2334 1709 2377 ego
1744 2322 1913 2381 fatigan-

123 2376 227 2419 tibus
259 2389 321 2417 me
356 2373 488 2417 studiis
521 2375 657 2430 quibus
688 2385 783 2417 ante
815 2373 1043 2418 oblectabar.
1080 2385 1125 2419 tu
1147 2390 1238 2419 vero
1269 2379 1453 2434 patiaris,
1497 2396 1561 2423 me
1591 2380 1717 2425 facere
1747 2385 1912 2429 scriben-

121 2439 162 2483 di
193 2438 339 2481 finem:
384 2435 488 2493 q‘uafi
528 2437 571 2479 in
611 2437 687 2480 hoc
730 2452 877 2496 genere
905 2439 993 2481 satis
1031 2439 1165 2493 patriae
1198 2440 1426 2498 Priamoque
1457 2441 1562 2487 dato.
1600 2444 1693 2501 quid
1714 2476 1740 2498 „
1770 2447 1798 2490 fi
1836 2464 1910 2493 nec

120 2502 285 2545 deerunt
314 2501 405 2543 huic
435 2502 560 2543 seculo
593 2499 794 2552 homines,
839 2501 1003 2559 ingenio
1034 2501 1078 2543 δε
1108 2500 1285 2546 doctrina
1317 2506 1498 2549 nobiles:
1542 2507 1607 2562 qui
1641 2510 1799 2553 excitati
1833 2513 1909 2556 stu-

120 2566 187 2608 dio
229 2579 329 2607 verae
380 2563 502 2606 laudis
555 2565 669 2620 Opus
723 2573 896 2620 coeptum
951 2578 1056 2607 nova
1107 2564 1291 2609 industria
1341 2567 1467 2611 forsan
1519 2568 1664 2613 felicius
1708 2576 1909 2619 executuri

121 2625 209 2669 fint.
275 2625 345 2668 Tu
376 2627 531 2669 interim
555 2655 569 2677 2
609 2625 772 2670 Erudite
803 2627 947 2670 Lector
966 2656 980 2678 ,
1023 2624 1049 2668 fi
1081 2641 1167 2672 mea
1196 2628 1293 2671 Tibi
1325 2630 1473 2685 profuit
1504 2631 1784 2680 mediocritas:
1829 2640 1907 2693 pri-

122 2703 232 2732 mum
264 2689 374 2744 agito
408 2690 551 2745 gratias
581 2690 671 2733 Deo
703 2692 872 2746 Optimo
904 2690 1086 2732 Maximo
1116 2695 1221 2743 quus
1254 2692 1444 2738 beneficio
1478 2696 1513 2737 ei
1542 2695 1672 2739 suffeci
1703 2699 1901 2744 haetenus.

123 2748 267 2794 deinde
295 2763 345 2791 ne
386 2749 550 2793 definito
580 2751 710 2795 favere
743 2753 840 2796 mihi
872 2753 937 2810 qui
975 2751 1072 2794 Tibi
1105 2754 1203 2795 ultra
1236 2756 1516 2813 quinquaginta
1549 2775 1673 2804 annos
1703 2762 1901 2806 scribendo

121 2822 190 2858 ‘aut
222 2810 404 2855 docendo
432 2812 533 2854 bene
567 2813 692 2859 facere
727 2814 863 2860 studui.
940 2817 1048 2858 Vale.
1122 2816 1277 2861 Dabam
1307 2819 1767 2880 Lugduni-Batavorum
1798 2835 1903 2868 anno

122 2876 289 2921 Domini
320 2873 637 2918 MDCCXXIV„

1201 3335 1230 3361 r
1265 3349 1284 3376 2
1652 3337 1894 3387 GERAR-
