2036 3495
520 103 736 150 INDEX
785 97 1032 144 RERUM
1081 99 1120 143 ὰ
1169 97 1562 144 VERBORUM.

198 204 320 234 seffora.
340 208 401 236 186.
425 204 518 239 estque
534 199 605 230 actio
618 198 732 237 duplex.

182 243 258 271 ibid.
297 244 405 272 diversa
426 242 460 269 ab
481 239 643 268 hereditatis
664 239 731 274 peti-

195 286 281 311 tione.
303 281 364 310 ibid.
388 284 413 308 in
430 287 460 306 ea
477 279 545 305 alter
561 278 663 305 fatetur
685 275 731 303 ad-

193 322 342 350 versarium
365 318 411 346 fi'ni
432 314 486 342 esse
510 314 692 343 coheredem.
711 315 731 341 i-

191 360 244 389 bid.
268 367 324 386 non
341 354 489 390 requiritur
500 355 528 381 u't
545 360 734 388 uterquepos—

193 397 365 426 sudent-bona
383 391 558 419 hereditaria.
579 390 642 418 ibid.
675 390 733 417 uni-

192 444 225 463 ca
241 433 312 461 actio
327 431 361 458 de
378 429 503 465 pluribus
526 427 727 457 hereditatibus

194 474 265 500 inter
280 468 394 496 eosdem
410 466 498 495 datur.
519 467 581 495 ibid.
598 466 649 504 seq.
692 467 727 493 ad

192 508 259 546 quid
276 506 356 533 detur
371 505 429 533 haec
441 505 523 533 aeuo.
546 508 607 538 187.
642 502 729 532 mixta

191 546 238 574 est.
261 545 322 572 ibid.
363 543 390 570 in
410 543 557 580 personam
578 541 632 575 est,
654 540 729 577 quast

191 592 225 612 ex
242 581 383 610 contrariu
398 603 405 615 ‚
428 580 483 608 scil.
504 589 540 608 ex
555 579 728 609 communio-

188 629 225 648 ne
242 626 312 647 nata.
334 618 395 647 ibid.
434 617 486 646 hac
506 618 615 646 afflone
636 617 730 644 omnia

189 659 251 686 sunt
266 656 436 689 dividenda,
457 665 543 692 quum
566 656 647 683 semel
670 660 728 682 tan-

189 703 249 724 tum
267 703 351 731 queat
367 694 480 722 institui.
502 693 565 722 ibid.
610 701 668 720 non
684 693 730 720 ha-

188 734 238 761 bet
252 733 345 761 locum
361 733 378 761 fi
397 732 510 760 testator
530 731 585 767 ipse
599 729 674 758 bona
685 729 729 756 sua

189 771 331 804 diviserit,
355 771 392 799 uti
418 777 470 797 nec
492 769 616 804 respectu
637 767 727 795 nomi-

189 810 266 838 num.
294 808 357 837 ibid.
395 806 542 842 quomodo
569 806 642 833 circa
670 805 729 834 haec

760 194 872 225 FruEtus
889 194 957 233 q‘uid
974 192 1203 234 eomplefian'tur.
1285 199 1338 232 413

762 235 890 272 Fugiens,
903 233 931 263 ‘i.
948 242 972 261 e.
996 243 1071 263 reus.
1287 243 1338 271 115

762 273 908 308 {fugitivus
930 273 992 309 quis
1008 272 1048 301 s1t.
1070 281 1133 301 201.
1176 279 1338 308 eorumpoe—

762 319 911 377 Fu¹r³12⁸rana
928 348 1011 376 aftio.
1032 346 1097 376 vide
1112 347 1266 385 Religiqst'ts.
1285 310 1340 347 seq·

759 386 875 414 Funeris
893 390 1008 415 lumtuS.
1030 388 1094 415 vide
1109 387 1264 424 Religiojus.

759 424 887 454 Furiosus
902 424 974 461 quis.
1280 428 1335 460 462

1024 501 1062 529 G.

793 611 799 615 .
832 574 923 603 entilis
938 576 1012 612 quis.
1280 577 1336 610 428

829 614 958 642 Germani
976 615 1024 650 qui
1040 614 1113 643 sint?
1284 621 1336 648 127

760 654 867 681 Gerere
887 652 954 687 quid
969 652 1009 680 stt.
1303 660 1336 686 77

759 690 874 718 Gestum
889 688 957 725 quid
972 695 1063 717 notet.
1240 691 1274 724 85
1284 710 1291 723 ,
1301 697 1334 723 91

758 729 834 756 Grex
854 728 989 755 vindicari
1004 727 1105 763 potest.
1208 727 1270 762 150.
1282 727 1339 763 seq.

1027 803 1067 832 H.

188 847 338 884 disponere
354 844 420 881 quid
436 850 521 880 queat
541 843 636 878 judex.
667 840 728 870 ibid.
766 870 769 873 ,
810 869 812 871 ,

188 886 256 921 'quid
273 883 307 911 de
324 883 402 911 malis
425 881 636 910 medicamentis
653 880 680 908 dt
700 880 728 908 li·

187 923 245 951 bris
260 922 421 957 improbatae
443 919 568 947 leftionis
589 918 675 953 judex
691 918 728 946 fa-

188 968 254 988 cere
274 960 381 987 debeat.
405 958 467 986 ibid.
500 966 552 985 nec
569 957 687 985 veniunt
701 956 728 984 in

187 997 244 1026 hoc
269 995 405 1031 judicium
438 996 564 1030 improbe
586 994 728 1030 acquisita.

188 1035 252 1063 ibid.
293 1034 360 1069 quid
383 1034 418 1061 de
445 1033 546 1061 tabulis
572 1032 728 1060 testamenti

186 1072 371 1102 statuendum.
394 1074 456 1101 188.
489 1079 535 1099 aut
549 1070 728 1099 cautionibus

186 1109 373 1139 hereditariis,
396 1109 458 1137 ibid.
493 1108 642 1146 Quomodo
658 1107 730 1135 divt‘·

186 1149 227 1178 fio
243 1147 418 1176 instituenda.
440 1146 503 1175 ibici.
546 1156 606 1184 quae
626 1145 728 1182 praesta-

188 1187 282 1216 tiones
305 1185 465 1221 personales
487 1184 537 1213 iint
553 1205 562 1219 ,
593 1192 654 1219 quae
675 1183 729 1210 huc

186 1224 315 1252 veniunt.
339 1224 403 1252 ibid.
436 1223 507 1251 nanc
526 1224 664 1251 actionem
682 1225 729 1249 ex-

186 1261 277 1290 cludit
291 1261 363 1289 ac’tio
383 1260 561 1298 negotiorum
578 1260 728 1296 gestorum.

186 1300 251 1329 ibid.
285 1299 406 1328 ‘coheres
424 1304 530 1328 tantum
552 1299 586 1326 de
602 1297 656 1324 levi
673 1296 730 1324 cul-

187 1347 224 1375 pa
246 1343 365 1366 tenetur.
388 1338 449 1365 ibid.
487 1335 730 1364 condemnationis

188 1375 300 1407 01111ίῖῑο
327 1375 355 1403 111
380 1383 438 1403 uno
465 1369 629 1406 coherede,
662 1372 730 1399 alio-

187 1420 248 1442 rum
277 1412 528 1441 condemnationes
559 1410 685 1438 infirmat.
708 1411 729 1438 i-

186 1451 240 1480 bid.
263 1450 317 1487 seq.
345 1450 581 1485 adjudicationum
603 1447 728 1513 effesttgs.

676 1493 686 1512 1
713 1491 729 1517 9

149 1526 262 1557 Femina
285 1524 385 1553 dicitur
412 1524 446 1553 de
468 1523 584 1552 homine
605 1522 682 1551 molli
703 1521 728 1549 ἃ

190 1564 363 1592 effeminato.
675 1567 728 1594 425

150 1602 270 1632 Feminae
292 1609 307 1628 a
322 1600 447 1628 virissibus
468 1597 568 1627 officiis
588 1605 728 1627 arcentur.

676 1644 729 1670 277

149 1677 233 1708 Feras
263 1676 364 1704 bestias
387 1676 461 1704 alere
481 1683 539 1703 nou
566 1673 645 1707 licet,
676 1681 730 1710 qua

187 1715 274 1751 vulgo
289 1715 342 1742 iter
358 1715 393 1742 fit.
678 1714 731 1746 176

149 1753 235 1783 Feriae
252 1752 319 1789 quid
341 1751 401 1780 lint.
422 1754 467 1787 48.
495 1748 685 1787 quotuplices.
707 1751 727 1777 ¹·-

186 1791 239 1819 bid.
264 1790 320 1825 seq.
343 1798 436 1818 earum
455 1788 580 1817 effestus.
693 1795 730 1824 49

147 1826 415 1858 fideicommiffaria
442 1826 583 1854 hereditas
613 1834 648 1854 ex
674 1824 728 1853 SC.

185 1866 370 1895 Trebelliano
393 1873 450 1893 non
474 1870 582 1893 tantum
604 1872 633 1892 re
656 1863 728 1900 ipsa,

186 1903 232 1932 sed
251 1904 342 1932 verbo
358 1904 474 1940 quoque
491 1903 650 1931 restituitur.
676 1906 730 1936 159

146 1940 430 1972 Fideicommiffarius
466 1939 527 1969 utili
563 1940 728 1969 hereditatis

182 1980 325 2016 petitione
346 1980 454 2012 utitur,
487 1978 552 2014 quia
575 1978 649 2007 suam
673 1977 728 2005 effe

181 2017 372 2047 hereditatem
393 2017 455 2052 jure
480 2016 618 2046 Praetorio
634 2016 727 2045 dicere

184 2055 288 2093 potest.
348 2084 352 2088 ,
585 2067 588 2070 ·
675 2060 730 2089 149

144 2089 436 2123 fideicommissorum
457 2091 613 2127 jurisdictio
642 2098 729 2130 penes

187 2137 270 2168 quos.
677 2137 732 2158 120

146 2168 302 2203 Fideiussor
318 2168 421 2197 tutoris
438 2169 521 2198 etiam
538 2177 574 2198 ex
589 2167 668 2197 nudo
685 2175 731 2204 pa-

186 2207 231 2235 Cto
246 2213 367 2236 tenetur.
672 2213 728 2239 454

147 2243 261 2273 Fiducia
275 2254 347 2282 quae.
673 2251 729 2276 250

136 2281 289 2312 filiusfam
298 2282 444 2319 personam
453 2281 539 2312 standi
549 2281 690 2316 injudicio
699 2286 730 2308 ut

188 2319 261 2347 aeter
270 2319 548 2358 habeat2116.seq.an
559 2320 727 2349 utreus.118

148 2356 258 2422 Filsiusf.
279 2365 341 2388 cum
355 2363 434 2396 patre
452 2368 506 2389 una
527 2359 647 2388 habetur
667 2365 729 2394 per-

201 2402 263 2424 ona.
694 2402 729 2422 22

148 2430 256 2461 Filiusf.
277 2441 310 2462 ex
332 2434 463 2463 omnibus
485 2433 570 2462 causis
591 2404 730 2471 aeque4te-

188 2475 272 2499 netur
290 2480 322 2513 ac
337 2472 438 2508 paterf.
461 2470 525 2502 262.
541 2481 609 2510 ergo
625 2472 651 2501 61
668 2470 730 2509 post

188 2511 442 2550 emancipationem
475 2517 569 2539 manet
610 2511 730 2538 civiliter

190 2544 341 2580 obligatus.
362 2547 423 2576 ibid.
472 2548 538 2577 ideo
564 2548 731 2576 beneficium

191 2584 389 2618 competentiae
411 2587 436 2614 ei
458 2593 525 2615 tunc
542 2593 620 2614 certo
643 2586 730 2614 modo

192 2620 232 2648 est
246 2620 411 2649 concessum.
598 2624 659 2651 ibid.
675 2623 729 2659 seq.

155 2659 259 2689 Finium
273 2659 444 2695 regundorum
458 2661 540 2689 aetio.
563 2664 626 2691 182.
667 2669 731 2697 pro-

193 2696 266 2725 festa
288 2695 327 2724 est
354 2705 370 2725 a
396 2696 456 2732 lege
478 2707 529 2726 x11.
554 2699 647 2727 Tabb.
666 2698 732 2727 ibid.

194 2734 252 2771 seq.
281 2733 340 2768 ejus
369 2735 404 2762 de
427 2735 525 2763 finibus
546 2737 646 2772 capita.
669 2737 732 2765 ibid.

195 2772 311 2809 quando
324 2771 356 2799 fit
369 2771 434 2807 huic
449 2772 549 2802 astioni
566 2776 653 2804 locus,
669 2775 731 2804 ibid,

196 2812 272 2838 inter
297 2817 369 2846 quos
392 2808 481 2838 detur.
510 2810 571 2837 ibid.
598 2813 631 2841 ad
654 2814 732 2849 quid.

194 2850 258 2883 184.
299 2848 417 2881 arbiter,
440 2846 573 2875 mensoris
593 2850 733 2880 interven-

194 2893 245 2919 tu,
267 2884 390 2914 declarat
409 2884 428 2913 fi
449 2885 538 2921 potest
555 2887 682 2921 antiquos
704 2889 734 2917 fi-

195 2932 256 2953 nes.
276 2922 339 2952 ibid.
361 2923 449 2952 mixta
462 2923 534 2951 aetio
549 2922 598 2951 est.
671 2927 735 2955 ibid.

155 2961 273 2990 Focaria
289 2969 351 2997 quae
367 2961 407 2990 fit.
680 2969 731 2996 399

155 2996 259 3027 Forum
282 3005 449 3035 competens
476 2998 584 3036 quod?
621 2997 684 3033 1'19.
707 3000 733 3027 <St

157 3072 256 3105 Fraus,
276 3074 421 3104 veteribus
442 3082 495 3111 pro
510 3082 593 3112 poena
612 3037 733 3113 110111·ῑῖἓῖ

196 3116 250 3138 tur.
682 3117 734 3148 355

196 3147 311 3177 Fructus
339 3150 415 3185 quid.
444 3158 504 3186 154.
546 3152 736 3188 quotuplices.

198 3185 263 3215 ibid.
284 3194 382 3218 eorum
399 3189 587 3225 acquisitionis
599 3190 652 3224 jus.
673 3189 737 3217 ibid.

759 877 954 944 Habitatio
978 877 1056 915 quid.
1082 875 1144 913 164.
1176 887 1212 909 ex
1235 875 1338 914 regulis

870 916 937 950 juris
961 925 1019 944 non
1052 917 1090 945 est
1120 917 1202 945 tertia
1234 916 1338 952 species

797 954 935 983 servitutis
955 954 1115 990 personalis.
1275 955 1336 982 ibid.

756 992 972 1021 Heliocaminus
1014 991 1088 1020 idem
1128 999 1190 1020 cum
1226 992 1337 1020 solario.

1284 1033 1338 1059 166

756 1066 907 1096 Hereditas
921 1066 988 1104 quid
1006 1067 1046 1096 sit.
1265 1100 1267 1104 ¹
1284 1075 1336 1103 137

757 1104 924 1139 Hereditas,
944 1110 1083 1141 quatenus
1096 1109 1140 1143 Jus
1157 1107 1211 1141 est,
1232 1106 1338 1143 respuit

795 1143 971 1172 divisionem.
1285 1146 1338 1173 186

757 1180 905 1210 Hereditas
920 1181 1003 1209 vendi
1018 1183 1118 1218 potest.
1141 1190 1205 1219 313.
1246 1182 1337 1211 homi-

793 1220 836 1246 nis
853 1220 965 1247 mortui.
985 1221 1049 1249 ibid.
1071 1222 1158 1258 quid,
1179 1222 1198 1250 st
1214 1221 1271 1249 vivi
1288 1219 1335 1248 he-

795 1256 897 1285 reditas
915 1258 1053 1287 vendatur
1066 1280 1074 1292 ,
1102 1266 1149 1287 aut
1176 1267 1237 1296 quae
1256 1257 1337 1286 aliter

796 1294 871 1322 nulla
888 1296 942 1329 eit,
964 1303 1010 1324 aut
1029 1295 1063 1324 ad
1078 1298 1256 1326 venditorem
1277 1303 1335 1324 non

796 1333 926 1368 pertinet.
948 1335 1010 1363 ibid.
1049 1334 1189 1372 stipulatio
1208 1340 1288 1363 emtae
1311 1333 1337 1362 ἃ

796 1370 915 1399 venditae
931 1372 1103 1401 hereditatis.
1120 1373 1183 1402 ibid.
1192 1372 1248 1408 seq.
1269 1370 1337 1407 quid

796 1407 831 1436 ad
847 1416 984 1439 emtorem
998 1409 1142 1447 pertinere>
1152 1410 1264 1439 debeat.
1273 1408 1335 1437 ibid.

798 1447 930 1475 venditor
956 1456 1013 1476 non
1043 1448 1149 1484 praestat
1168 1449 1336 1477 evictionem

795 1490 888 1512 rerum
912 1485 1087 1521 singularum.
1107 1486 1170 1515 ibid.
1208 1494 1242 1514 an
1271 1489 1337 1521 prae-

795 1521 919 1550 standum
936 1525 1038 1551 emtori
1055 1524 1082 1552 id
1098 1524 1174 1561 quod
1197 1532 1231 1552 ex
1249 1523 1337 1558 impu-

794 1559 868 1587 beris
884 1560 1077 1590 substitutione
1085 1562 1214 1599 pervenit
1228 1559 1262 1588 ad
1271 1567 1338 1587 ven-

796 1597 917 1626 ditorem
932 1599 1100 1629 coheredem
1116 1599 1140 1628 dt
1150 1599 1336 1629 substitutum.

796 1635 861 1663 ibid.
903 1643 994 1664 emtor
1020 1646 1076 1666 non
1104 1637 1134 1666 fit
1157 1638 1247 1666 heres.
1276 1634 1338 1663 ibid.

797 1681 858 1709 quaa
879 1673 954 1702 lucra
974 1674 1001 1702 ἃ
1023 1674 1122 1704 damna
1144 1675 1178 1704 ad
1200 1680 1339 1702 emtorem

794 1711 961 1753 pertineant.
983 1719 1047 1747 314.
1063 1713 1120 1750 seq.
1147 1711 1243 1750 portio
1258 1711 1340 1740 here-

796 1749 888 1777 ditatis
919 1750 1051 1780 adcrescit
1080 1750 1234 1779 venditori.
1274 1756 1338 1784 315.

797 1786 852 1823 seq.
891 1786 936 1815 sed
964 1788 1066 1816 emtori
1092 1788 1132 1817 est
1158 1786 1338 1816 restituenda.

795 1828 859 1858 316.
882 1824 937 1861 seq.
979 1826 1048 1861 quid
1073 1826 1208 1857 venditor
1234 1826 1338 1854 emtori

793 1861 921 1898 praestare
937 1863 1047 1892 debeat.
1285 1870 1338 1898 317

757 1901 925 1929 Hereditate
940 1902 1054 1930 vendita
1072 1925 1079 1937 ‚
1103 1911 1161 1939 quo
1184 1899 1270 1931 titulo
1292 1902 1339 1929 ha-

762 1971 767 1975 ·
795 1939 915 1967 beantur
935 1948 979 1968 res
995 1938 1177 1969 hereditaria.
1286 1942 1341 1969 160

756 1975 878 2005 Heredis
901 1979 1018 2007 nomine
1040 1979 1104 2016 quis
1131 1977 1228 2007 veniat
1254 1974 1340 2006 inter-

795 2013 873 2043 dum.
1026 2049 1028 2051 ,
1127 2049 1129 2051 ‚
1281 2018 1339 2045 206

757 2053 899 2082 Homines
915 2053 963 2083 au't
977 2052 1107 2083 nascituri
1124 2052 1202 2088 sunt,
1223 2057 1271 2082 ant
1283 2054 1340 2089 jam

798 2092 868 2119 nati.
891 2099 934 2124 14.
972 2092 1016 2126 jus
1035 2092 1130 2121 matris
1149 2091 1175 2120 Gt
1197 2092 1284 2129 patris
1309 2092 1339 2121 111

795 2128 895 2159 foetum
909 2130 934 2157 ὅ(
950 2134 1072 2166 partum.
1092 2128 1155 2158 ibid.
1175 2130 1238 2160 sunt
1251 2129 1279 2158 dt
1291 2130 1337 2159 vel

797 2166 908 2196 masculi
924 2168 969 2196 vel
993 2167 1114 2196 feminae.
1135 2167 1198 2198 ibid.
1221 2167 1268 2197 vel
1281 2174 1337 2198 ma-

792 2205 868 2240 J'ores
882 2212 964 2239 natu,
985 2205 1030 2233 vel
1049 2206 1184 2235 minores.
1205 2206 1271 2236 ibid.
1296 2206 1337 2235 hi-

794 2252 850 2279 que
868 2245 988 2279 puberes
1008 2249 1057 2271 aut
1081 2243 1252 2280 impuberes.
1271 2243 1337 2273 ibid.

795 2282 851 2318 seq.
892 2281 953 2310 sunt
974 2280 1000 2310 ἀ
1021 2280 1067 2310 vei
1083 2281 1166 2312 liberi
1186 2283 1235 2313 vel
1254 2283 1337 2314 servi.

1303 2328 1337 2356 ¹5

1281 2367 1340 2394 4¹9

1283 2405 1339 2431 292

1285 2437 1338 2470 178

757 2356 897 2386 Honestas
914 2366 967 2394 pro
983 2356 1131 2394 dignitate.

757 2395 949 2425 Honorarium
966 2396 1045 2432 quid.

758 2432 857 2471 Hqspes
872 2434 945 2470 quis.

758 2471 942 2509 Hypotheca.
963 2471 1028 2500 vide
1047 2470 1162 2510 Pignus.

1038 2549 1060 2577 1.

787 2624 870 2654 astus.
893 2621 960 2652 vide
974 2623 1075 2653 Rhodia
1095 2626 1147 2653 lex.

808 2663 967 2698 Ignorantia
985 2662 1052 2697 quid
1066 2663 1106 2691 fit.
1125 2666 1189 2697 376.
1230 2662 1283 2692 alia
1300 2664 1342 2698 Ju-

798 2701 835 2728 118
852 2699 909 2732 est,
931 2700 982 2727 alia
1004 2699 1074 2728 facti.
1097 2701 1161 2728 ibid.
1183 2700 1340 2736 1161118110-

800 2737 889 2766 rantia
904 2743 953 2765 aut
975 2736 1037 2764 faeti
1058 2738 1165 2774 proprii
1187 2736 1227 2765 est
1250 2744 1297 2766 aut
1313 2746 1339 2765 a-

798 2776 876 2804 lieni.
897 2774 962 2803 ibid.
1002 2774 1060 2803 haec
1081 2775 1249 2812 plerumque
1269 2775 1340 2803 tole-

799 2812 893 2842 rabilis
913 2813 960 2842 est.
981 2814 1045 2841 ibid.
1083 2813 1156 2851 Juris
1177 2813 1341 2850 ignorantiae

800 2850 925 2880 effeetus.
945 2851 1009 2879 z'bid.
1018 2851 1073 2887 seq.
1112 2852 1214 2887 quibus
1228 2851 1341 2888 permit-

802 2890 869 2918 titur
882 2891 944 2924 jura
963 2891 1102 2926 ignorare.
1125 2897 1188 2925 377.
1209 2890 1343 2926 Ignoran-

800 2928 838 2956 tia
851 2928 919 2963 juris
936 2927 1069 2955 naturalis
1087 2935 1145 2957 non
1159 2928 1284 2961 excusat,
1295 2927 1341 2956 sed

798 2966 976 2994 miseratione
996 2965 1083 2993 aetatis
1097 2972 1180 3001 poena
1200 2965 1340 2995 interdum

798 3004 942 3033 minuitur.
1275 3002 1340 3033 ibid.

762 3041 893 3077 Impensae
910 3041 1099 3079 quotuplices.
1127 3049 1188 3078 157.
1219 3041 1285 3078 quid
1299 3042 1341 3076 ju-

802 3080 836 3106 ris
851 3079 878 3107 in
896 3079 949 3107 illis
965 3080 1004 3108 fit.
1275 3079 1339 3108 ibid.

763 3115 893 3179 Imgensa'z
909 3118 936 3145 in
951 3127 995 3147 res
1008 3118 1118 3148 dotales
1132 3127 1192 3156 quo
1204 3119 1267 3155 jure
1273 3126 1340 3154 gau-

827 3160 899 3181 eant.
1307 3163 1318 3183 1

767 3188 876 3218 Incerta
890 3193 1004 3223 nomina
1018 3199 1079 3232 qua
1093 3195 1153 3224 fint,
1284 3164 1340 3229 {a}

1365 197 1477 234 Indigni
1494 206 1559 226 cura
1575 199 1676 235 legum.
1886 210 1938 229 202

1367 237 1482 264 Infamia
1504 236 1580 272 quid.
1604 245 1647 271 57.
1664 237 1718 273 seq.
1757 245 1816 265 eam
1834 238 1938 267 Psaecoff

1405 274 1504 311 infligit
1532 275 1681 310 dupliciter
1711 275 1754 303 ‘vel
1778 276 1836 311 ipso
1864 277 1940 310 jure,

1408 313 1454 340 vel
1470 312 1607 340 sententia
1618 312 1729 347 judicis.
1752 315 1794 346 58.
1824 315 1941 341 infames

1406 350 1465 378 sunt
1488 349 1556 378 missi
1576 351 1610 378 ab
1633 352 1767 379 exercitu.
1795 351 1858 379 ibid.
1886 350 1942 385 seq.

1403 389 1452 425 qui
1480 389 1544 416 artis
1573 388 1684 416 ludicr‘ae
1704 389 1941 424 pronuntiandive

1400 426 1480 454 causa
1498 427 1526 454 in
1544 426 1651 454 scenam
1665 427 1807 461 prodierit.
1831 434 1874 461 59.
1885 426 1941 461 seq.

1401 465 1449 499 qui
1471 464 1646 492 lenocinium
1671 464 1779 492 fecerit.
1806 468 1848 493 ⁶0.
1892 464 1941 499 qui

1402 501 1431 529 iu
1447 501 1557 536 judicio
1570 501 1685 537 publico
1700 501 1844 529 calumniae
1854 523 1862 534 ,
1876 509 1942 537 prae-

1403 539 1621 567 varicationisve
1648 539 1727 567 causa
1753 539 1820 574 quid
1848 539 1943 568 seciss'e

1400 576 1539 611 judicatus
1555 577 1618 605 erit.
1635 577 1700 605 ibid.
1729 577 1778 612 qui
1803 576 1868 605 furti
1888 577 1940 606 &c-

1402 614 1452 642 suo
1486 614 1602 642 nomine
1632 615 1776 644 damnatus
1811 616 1941 651 padusve

1403 652 1464 680 erit.
1492 651 1558 680 ibid.
1580 652 1656 688 seqq.
1694 654 1742 689 qui
1773 660 1826 688 pro
1863 653 1941 681 socio

1402 689 1455 718 ὄις.
1477 689 1526 718 suo
1546 690 1683 724 nomine,
1717 697 1774 719 non
1797 691 1942 720 contrario

1402 728 1523 763 Judici03
1552 726 1697 755 damnatus
1720 729 1781 756 erit.
1806 732 1852 757 62.
1893 730 1943 765 qui

1403 767 1550 794 mulierem
1566 764 1618 793 &c.
1638 771 1787 801 antequam
1810 767 1901 794 virum
1916 776 1945 795 e-

1403 804 1528 840 lugeret,
1550 802 1577 830 in
1598 802 1805 832 matrimonium
1822 805 1943 832 colloca-

1406 841 1481 869 verit
1493 840 1546 868 &c.
1565 844 1612 875 63.
1626 840 1682 877 seq.
1723 849 1757 868 an
1770 840 1797 868 δι
1810 841 1856 869 alii
1872 850 1941 871 non-

1403 879 1471 908 nulli
1493 879 1725 915 interpretatione
1738 879 1839 907 Edieto
1853 879 1939 907 inclu-

1404 917 1514 946 dantur.
1905 920 1943 950 '64

1367 956 1507 991 Ingenuus
1531 954 1594 991 quis
1608 952 1650 982 fit.
1909 954 1943 983 16

1365 994 1401 1022 de
1426 990 1558 1030 lnrfficicyu
1581 990 1738 1029 testamento.
1767 989 1829 1021 122.
1877 992 1944 1021 vide

1400 1038 1487 1066 porro
1508 1032 1534 1060 in
1551 1033 1662 1068 querela.

1365 1068 1400 1098 de
1418 1069 1592 1106 inspiciendo
1607 1073 1725 1104 ventre3
1746 1062 1943 1098 custodiendo-

1403 1116 1458 1144 que
1480 1115 1570 1144 partu.
1889 1107 1943 1140 418

1364 1146 1506 1175 Institona
1528 1145 1609 1174 aeuo.
1631 1149 1695 1176 261.
1737 1145 1840 1174 utilitas
1862 1144 1942 1178 hujus

1404 1184 1520 1213 induetae
1533 1184 1658 1213 aetionis.
1679 1185 1741 1213 ibid.
1765 1182 1942 1220 institorquis

1403 1221 1443 1251 fit.
1464 1222 1526 1251 ibid.
1569 1223 1662 1259 locum
1685 1224 1770 1252 habet
1789 1221 1848 1249 haec
1872 1219 1942 1247 attio

1402 1268 1439 1290 ex
1452 1260 1569 1296 negotio
1583 1260 1655 1289 inito
1675 1266 1737 1290 cum
1764 1259 1889 1287 institore
1906 1257 1946 1284 su·

1402 1307 1452 1335 per
1471 1299 1502 1327 iis
1516 1299 1617 1335 quibus
1631 1298 1671 1327 est
1685 1297 1857 1336 praepositus.
1877 1295 1942 1324 ibid.

1402 1338 1462 1402 ’ξυίρ
1483 1342 1582 1365 contra
1595 1344 1698 1373 quem3
1719 1335 1745 1364 &
1766 1334 1800 1364 ad
1814 1333 1944 1399 ςυίόᾛᾴιῗ

1415 1382 1455 1402 ur.
1850 1400 1854 1406 ,
1877 1381 1885 1400 z
1903 1381 1911 1398 1

1364 1410 1615 1441 Instrument'orurn
1631 1405 1729 1440 editio.
1757 1406 1824 1439 ‘vide
1844 1409 1941 1437 Editio.

1364 1448 1614 1478 Instrumentorum
1649 1449 1732 1477 fidem
1777 1446 1940 1475 facientium

1402 1487 1518 1515 nomine
1533 1486 1602 1522 quid
1615 1487 1790 1520 veniat.373.
1805 1485 1861 1521 seq.
1880 1492 1941 1520 per-

1404 1520 1495 1553 tinent
1514 1523 1549 1559 ad
1574 1523 1773 1558 probationem
1793 1543 1800 1554 ‚
1828 1530 1885 1550 non
1905 1522 1939 1549 ad

1402 1563 1443 1590 'rei
1458 1561 1588 1590 formam.
1609 1568 1673 1596 374.
1700 1560 1768 1596 quid
1788 1559 1942 1595 requiratur

1403 1599 1439 1628 ad
1454 1599 1628 1628 instrumenti
1646 1597 1726 1635 ipsius
1742 1596 1943 1625 formamibid.

1404 1646 1464 1666 non
1485 1637 1631 1666 invocatio
1646 1636 1746 1664 Divini
1763 1635 1893 1663 numinis.
1907 1636 1942 1662 ib.

1406 1676 1586 1704 instrumenta
1610 1674 1656 1702 vel
1679 1673 1791 1710 publica
1817 1673 1878 1701 sunt
1898 1672 1943 1700 vel

1404 1714 1522 1752 privata.
1549 1712 1611 1741 ibid.
1650 1718 1749 1740 eorum
1770 1711 1812 1740 vis
1832 1712 1860 1739 in
1882 1718 1944 1746 pro-

1405 1751 1509 1782 bando.
1537 1750 1600 1779 ibid.
1645 1749 1665 1778 st
1693 1757 1790 1778 manus
1812 1753 1946 1785 negetur,

1404 1788 1553 1827 quomodo
1601 1783 1761 1818 instituam}
1806 1786 1947 1824 scriptum

1404 1827 1588 1863 comparatio.
1754 1859 1756 1861 ¹
1886 1823 1949 1852 ibid.

1367 1865 1498 1895 Interess‘e
1518 1863 1577 1902 quo
1599 1860 1763 1895 affurexerit
1781 1862 1859 1892 olim.
1881 1866 1946 1927 3s62.

1897 1909 1945 1936 eq.

1367 1943 1399 1971 In
1424 1942 1565 1978 Integrurn
1585 1940 1735 1971 restitutio.
1783 1938 1847 1968 vide
1867 1936 1949 1976 Resti-

1407 1981 1485 2009 tutio.

1367 2016 1556 2054 Interrogatio
1576 2016 1603 2046 in
1616 2017 1687 2052 jure.
1712 2012 1775 2051 196.
1794 2014 1857 2044 usus
1873 2015 1945 2049 eius.

1405 2055 1470 2085 ibid.
1510 2055 1582 2084 aetio
1602 2063 1638 2085 ex
1665 2053 1845 2092 responsione
1870 2059 1946 2081 nata.

1487 2127 1489 2129 ,
1806 2090 1868 2120 ibid.
1889 2091 1946 2126 seq.

1365 2132 1455 2171 Judex
1467 2132 1525 2170 quis
1537 2131 1553 2159 2
1576 2133 1640 2161 118.
1679 2128 1835 2168 quotuplex
1849 2128 1863 2156 ἓ
1883 2128 1947 2156 ibid.

1403 2181 1420 2200 a
1443 2179 1502 2207 quo
1522 2169 1583 2199 dari
1603 2173 1690 2206 queat
1718 2175 1780 2203 119.
1810 2167 1873 2202 quis
1889 2165 1948 2195 dari

1403 2208 1495 2247 poffit.
1812 2204 1875 2234 ibid.
1890 2205 1947 2241 seq.

1365 2247 1411 2276 De
1421 2247 1549 2287 Judiciis.
1615 2273 1616 2276 ,
1893 2247 1946 2277 115

1364 2286 1507 2324 Judicium
1523 2283 1591 2322 quid
1602 2283 1618 2312 2
1639 2282 1698 2318 eius
1713 2280 1813 2311 divisio
1833 2281 1863 2310 111
1879 2281 1947 2310 civi-

1404 2324 1430 2353 le
1447 2323 1474 2352 &
1491 2322 1647 2351 criminale.
1883 2317 1946 2348 ibid.

1366 2362 1467 2400 Judicii
1484 2361 1608 2398 personae
1621 2366 1691 2396 quae.
1883 2353 1946 2384 ibid.

1367 2402 1398 2429 In
1419 2399 1530 2438 Judicio
1554 2396 1642 2426 standi
1661 2396 1806 2434 personam
1833 2394 1880 2429 qui
1900 2392 1946 2420 ha·

1408 2440 1503 2467 beant.
1546 2459 1549 2462 .
1793 2434 1854 2460 116.
1869 2429 1946 2465 seqq.

1368 2477 1431 2507 Lex
1446 2474 1518 2513 Julia
1534 2471 1570 2502 de
1584 2471 1673 2502 fundo
1689 2469 1785 2504 dotali.
1805 2468 1870 2496 vide
1884 2467 1945 2496 Do-

1408 2513 1469 2543 talis
1490 2512 1603 2541 fundus.
1716 2519 1719 2531 τ

1370 2548 1473 2590 Juliani
1488 2550 1611 2588 potestas
1625 2550 1653 2578 in
1673 2543 1824 2575 condendo
1847 2542 1947 2572 Edisto

1409 2591 1562 2625 Perpetuo.
1892 2589 1946 2617 247

1368 2627 1529 2664 jumentum
1543 2622 1622 2660 quid.
1895 2624 1947 2654 361

1369 2663 1505 2727 thgium
1535 2663 1620 2690 etiam
1648 2659 1684 2688 de
1712 2666 1877 2696 quacunque
1899 2659 1949 2726 li3te

1428 2706 1518 2728 1c1tur.
1892 2704 1903 2725 1
1928 2704 1946 2731 4.

1368 2737 1441 2776 Juris
1457 2735 1622 2774 ignorantia.
1644 2735 1709 2765 vide
1728 2735 1889 2773 Ignorantia.

1369 2776 1417 2813 Jus
1431 2783 1484 2813 pro
1501 2783 1588 2804 more.
1913 2779 1949 2805 19

1367 2815 1413 2851 Jus
1429 2814 1504 2842 unde
1524 2813 1632 2842 dicatur
1646 2812 1672 2840 61
1688 2811 1756 2849 quid
1770 2810 1809 2839 fit.
1825 2819 1849 2839 1.
1888 2818 1950 2846 quae

1406 2857 1497 2880 notet.
1519 2859 1544 2879 2.
1587 2850 1689 2880 dicitur
1712 2850 1795 2878 etiam
1814 2848 1949 2885 jurispru-

1407 2887 1511 2917 dentia.
1533 2888 1596 2917 ibid.
1636 2889 1704 2924 Juris
1721 2893 1867 2924 praecepta.
1888 2885 1951 2914 ibid.

1402 2927 1470 2963 juris
1486 2926 1596 2955 divifio.
1619 2934 1644 2961 3.
1666 2925 1791 2954 naturale
1802 2926 1846 2960 jus
1862 2924 1948 2960 quod.

1404 2965 1469 2994 ibid.
1490 2965 1535 3000 J'us
1560 2966 1684 3001 gentium
1704 2961 1783 3001 quid.
1805 2962 1868 2992 ibid.
1909 2962 1948 2990 ef-

1405 3004 1493 3033 fectus
1507 3003 1575 3037 juris
1597 3003 1752 3039 utriusque.
1772 3003 1798 3036 4.
1815 3000 1870 3037 seq.
1909 2999 1948 3027 ci-

1406 3041 1465 3070 vile
1489 3041 1532 3076 jus
1560 3040 1637 3080 quid.
1660 3048 1683 3075 5.
1731 3039 1898 3075 quotuplex.
1919 3039 1947 3066 6.

1405 3079 1498 3116 scripti
1516 3085 1617 3118 parteS.
1641 3077 1705 3107 ibid.
1744 3078 1789 3113 jus
1810 3074 1944 3112 fingulare

1404 3117 1481 3155 quid.
1502 3125 1528 3151 9.
1543 3118 1588 3151 jus
1603 3125 1662 3145 non
1678 3115 1817 3152 scriptum.
1841 3120 1884 3141 12.
1918 3120 1948 3140 e-

1404 3157 1449 3192 jus
1469 3154 1607 3192 requisita.
1634 3154 1699 3184 ibid.
1720 3153 1775 3190 seq.
1814 3151 1872 3185 ejus
1890 3151 1943 3179 vis.

1910 3194 1944 3222 13

659 3226 737 3264 seqq.
764 3227 1162 3272 Incestusquis&qu0tuplex.
1183 3228 1248 3268 382.
1264 3232 1341 3270 seqq.
1369 3232 1400 3263 In
1418 3231 1464 3267 jus
1485 3238 1598 3263 vocare.
1620 3238 1668 3267 42.
1693 3238 1709 3260 a
1729 3228 1817 3259 citare
1838 3225 1944 3256 differt.

1880 3262 1943 3293 ibid.

2028 2663 2029 2694 i

2027 2721 2029 2750 i

2026 2757 2028 2793 Ι

2026 2797 2027 2817 l
