2036 3495
141 119 181 155 19
194 121 210 154 4
558 106 591 141 G
625 116 645 140 E
679 114 701 137 R
735 113 755 137 A
789 112 811 136 rt
844 112 868 136 D
904 111 916 136 1
935 112 937 114 ·

137 200 165 230 ei
184 199 380 238 imputetur,
396 204 453 227 cur
470 202 534 225 non
553 190 656 223 statim
667 190 829 228 restituat,
847 188 898 220 sed
918 188 1019 229 passus

137 240 202 277 est,
220 241 324 271 secum
343 239 431 269 litem
452 233 624 266 contestari
643 234 671 263 d.
688 232 705 262 l.
724 241 750 270 7.
767 231 795 272 §.
811 241 841 270 5.
868 230 919 262 Est
940 241 1019 262 vero

138 282 169 312 in
189 282 236 312 his
256 279 412 311 notandus
430 277 498 306 usus
518 275 663 311 voculae,
680 274 836 314 quamvis:
851 281 945 312 quam
966 273 1018 303 hic

138 332 197 364 pro
209 346 217 360 ‚
240 319 313 358 nzfi,
329 317 448 358 accipi,
467 317 586 348 dudum
600 317 708 346 notavi
725 312 859 354 lib.fing.
877 314 929 345 Ad
945 314 1016 353 Leg.

137 362 239 403 Aquil.
260 372 282 391 c.
301 370 328 400 7.
354 369 393 390 ex
411 357 638 398 conjunftione
657 357 676 387 l.
695 365 739 396 15.
755 355 784 397 §.
797 356 852 386 ult.
872 355 913 386 D.
928 358 961 386 de
977 356 1019 386 rei

136 404 247 434 vindic.
277 400 393 432 Rursus
418 399 526 430 scribit
555 398 707 438 Ulpianus
726 397 753 438 §.
774 399 801 427 6.
822 398 850 427 d.
866 396 885 427 l.
903 407 931 437 7.
951 398 978 427 h.
996 403 1017 427 t.

137 454 179 476 ex
202 441 354 475 sententia
380 439 569 480 Pomponii,
593 439 625 471 Si
652 440 721 480 quis
747 438 808 470 litis
827 438 1015 470 contestatae

138 493 286 525 tempore
311 481 485 524 possederit
502 505 512 521 ,
544 482 662 513 deinde
687 479 813 511 desierit
839 480 1015 520 poffidere,

136 535 214 558 mox
231 525 387 564 coeperit,
403 523 467 555 five
484 533 525 555 ex
542 523 657 554 eadem
675 520 783 558 causa,
801 521 866 552 five
882 531 922 553 ex
940 523 1017 561 alia,

137 567 346 599 condemnari
365 575 438 597 eum
455 573 626 606 oportere,
651 562 704 595 nifi
726 562 880 594 restituat.

178 609 341 646 Iudicavi,
365 609 417 639 cui
442 608 470 638 ἀ
490 605 640 637 adversus
665 615 761 645 quem
781 605 873 635 detur
901 604 971 635 haec
987 613 1017 635 a·

138 651 221 682 ctio:
238 658 399 690 excepto,
417 649 505 689 quod
525 648 565 679 de
582 646 754 678 heredibus
767 646 844 677 nihil
862 645 939 678 dixi.
966 646 1017 677 De

136 693 185 724 his
197 693 292 733 igitur
305 691 417 723 Paulus
436 690 476 722 iic
495 688 620 720 scribit:
638 688 731 719 Heres
747 696 805 718 non
820 686 903 728 quafi
919 688 1018 725 heres,

127 735 181 775 sed
192 738 248 774 suo
273 735 387 764 nomine
404 733 456 763 hac
474 730 584 762 afflone
600 731 646 761 uti
659 728 758 770 potest.
782 731 850 759 irem
866 731 940 759 heres
953 737 1016 769 pos-

126 775 308 816 scfforissuo
327 775 440 805 nomine
456 779 579 803 tenetur.
609 772 708 812 Igitur
725 780 781 801 non
793 771 924 811 procedit
940 781 1018 811 quae-

135 827 214 855 rere,
238 827 277 848 an
299 817 394 847 heredi
419 814 456 849 &2⁵
474 816 506 844 in
531 815 659 844 heredem
682 814 779 844 danda
788 811 838 850 fic.
874 812 967 843 Plane
982 821 1019 843 ex

135 859 197 890 dolo
213 857 346 899 defltnffl
362 858 460 888 danda
477 853 517 896 est
534 857 566 886 in
583 855 711 886 heredem
727 856 784 885 baec
798 853 890 890 αὲῗίο,
899 853 926 892 fi
943 854 1006 885 locu

128 900 235 941 pletior
250 900 393 930 hereditas
412 908 441 928 eo
458 899 571 928 nomine
583 896 668 936 [αὲἶα
677 895 737 934 fit:
752 896 844 926 veluti
861 897 936 936 quod
950 903 1018 936 pre·

136 943 211 972 tium
228 943 269 972 rei
285 945 452 980 consecutus
467 937 511 974 fit.
534 939 554 970 l.
577 947 621 969 12.
640 938 668 979 §.
685 937 740 968 ult.
756 937 782 968 h.
801 944 821 968 t.
844 936 909 968 Hic
926 937 1017 968 locus

135 983 302 1021 ostendit,
327 980 487 1013 actionem
517 981 555 1012 ad
580 981 802 1011 exhibendum
830 979 880 1010 vel
905 979 964 1010 hac
985 980 1018 1010 in

133 1033 225 1066 parte
253 1024 407 1055 recedere
434 1032 451 1054 a
477 1021 583 1053 forma
616 1021 829 1061 personalium
855 1020 1017 1051 actionum

160 1076 206 1098 uae
232 1065 335 1097 solent
362 1065 534 1097 heredibus
559 1064 588 1095 &
611 1062 761 1094 adversus
789 1062 924 1093 heredes
941 1062 1017 1092 dari.

153 1111 197 1139 uit
216 1116 322 1139 tamen
341 1107 429 1148 justae
447 1106 602 1144 rationis,
618 1103 777 1136 observari
796 1105 884 1143 quod
904 1103 1017 1135 Paulus

136 1149 226 1181 dixit.
258 1150 394 1191 primum
414 1157 476 1180 non
495 1148 587 1179 datur
603 1144 714 1177 heredi
734 1155 794 1185 qua
812 1145 942 1183 heredi3
967 1145 1018 1176 sed

136 1193 164 1223 ei
183 1192 275 1223 datur
291 1192 423 1232 proprio
439 1190 589 1221 nomine:
607 1189 698 1220 datur
715 1187 800 1218 enim
818 1187 845 1217 ei
867 1186 955 1226 cuius
974 1187 1019 1218 in·

137 1233 253 1272 terest,
278 1242 345 1264 rem
363 1230 509 1264 exhiberi
527 1237 660 1271 propter
678 1229 838 1260 actionem
855 1237 916 1268 qua
933 1227 1018 1259 aCtu-

137 1284 189 1307 rus
205 1274 240 1306 fit
257 1284 291 1306 re
316 1274 471 1306 exhibita.
494 1271 599 1312 potest
625 1280 732 1302 autem
758 1269 845 1307 fieri3
868 1277 903 1300 ut
929 1269 1020 1300 here-

137 1317 185 1348 dis
201 1326 266 1348 non
284 1315 425 1355 interfit,
450 1323 519 1346 eam
538 1312 694 1344 exhiberi.
719 1311 790 1350 sae,
813 1311 950 1351 aliquem
970 1311 1021 1342 ha-

134 1358 212 1390 bere
231 1357 390 1389 aCtionem
419 1357 458 1388 ad
483 1355 719 1392 exhibendum,
743 1353 815 1393 quia
839 1354 905 1393 ejus
923 1353 1021 1384 inter-

135 1399 181 1431 est
199 1399 343 1431 exhiberi
363 1409 404 1429 eo
423 1408 489 1439 quo
509 1396 575 1429 dixi
597 1397 707 1427 modo.
739 1395 809 1433 fac,
831 1395 910 1426 duos
928 1395 1022 1426 relin-

135 1450 235 1482 quere
252 1441 406 1478 heredes,
425 1441 476 1471 uni
494 1439 666 1479 praelegare
682 1446 748 1468 rem
767 1438 806 1467 ab
825 1436 888 1467 alio
903 1435 1021 1477 poffes-

135 1484 206 1515 sam.
231 1482 335 1523 potest
352 1482 404 1513 hic
421 1482 472 1511 cui
493 1481 663 1520 praelegata
682 1478 748 1515 est,
767 1487 860 1519 agere
875 1481 915 1508 ad
933 1477 1021 1508 exhi-

135 1525 296 1556 bendum:
321 1532 405 1561 non,
430 1522 503 1562 quia
529 1521 574 1552 est
592 1520 701 1551 heres:
727 1519 780 1551 sed
798 1519 871 1560 quia
893 1517 923 1550 ei
942 1529 1018 1558 prze-

134 1566 237 1607 ]egata
258 1565 323 1603 est;
347 1573 453 1605 eoque
477 1561 608 1594 interest
627 1562 692 1602 ejus
711 1570 845 1602 proprio
866 1561 1018 1599 nomine,

134 1617 202 1639 rem
213 1606 357 1638 exhiberi
369 1629 377 1643 ‚
395 1614 529 1647 propter
547 1602 799 1635 vindicationem
817 1611 879 1643 qua
896 1602 1019 1633 asturus

136 1649 171 1680 sit
189 1658 222 1680 re
240 1647 396 1679 exhibita.
423 1647 512 1678 Alter
530 1645 622 1677 heres
641 1645 679 1676 ad
690 1644 907 1675 exhibendum
926 1653 1020 1685 agere

134 1699 199 1722 non
218 1689 341 1731 potest:
365 1688 439 1730 quia
467 1697 531 1719 non
551 1686 681 1718 interest
699 1686 782 1725 ejus:
807 1684 861 1725 qui
877 1695 911 1716 re
928 1687 1019 1716 exhi-

133 1732 219 1770 bita,
237 1741 302 1763 non
320 1730 380 1761 erit
399 1730 569 1767 dominus,
596 1737 656 1759 nec
676 1728 841 1758 habiturus
860 1727 902 1758 rei
919 1727 1019 1757 vindi·

131 1774 306 1805 cationem.
352 1770 428 1803 Non
453 1773 546 1803 datur
564 1778 697 1811 quoque
715 1768 784 1799 haec
805 1768 888 1799 actio
907 1769 1018 1799 adver-

133 1815 182 1846 sus
201 1815 353 1846 heredem
366 1822 528 1850 tamquam
547 1812 721 1843 heredem:
738 1819 809 1840 cum
829 1810 922 1850 poffit
939 1810 1020 1841 acci-

134 1857 231 1893 dere;
247 1864 281 1887 ut
293 1855 386 1887 heres
406 1853 584 1895 possessoris
596 1862 702 1893 neque
720 1852 894 1892 poffideat,
912 1861 1020 1892 neque

133 1898 252 1931 fecerit
275 1897 352 1929 dolo
376 1897 480 1935 malo,
508 1905 574 1932 quo
601 1893 705 1926 minus
725 1893 906 1933 possideret.
933 1893 1021 1933 quod

135 1941 191 1972 ubi
217 1939 274 1971 fit:
299 1946 450 1980 apparet,
475 1937 592 1968 cessare
619 1936 778 1967 actionem
800 1944 870 1975 quae
897 1943 1020 1966 tantum

137 1983 230 2015 datur
253 1980 399 2012 adversus
424 1978 639 2020 possessorem.
665 1985 838 2014 caeterum,
861 1976 882 2006 s1
899 1977 1022 2008 dicatur

136 2022 202 2065 ipse
220 2022 397 2064 poffidere3
410 2023 473 2062 jam
491 2020 654 2052 tenebitur
667 2018 727 2049 hac
744 2019 890 2049 actione:
908 2027 1020 2049 arnon

137 2073 174 2097 ut
193 2065 306 2103 heres,
330 2064 383 2095 sed
401 2064 535 2104 proprio
554 2060 703 2098 nomine,
720 2068 880 2099 tamquam
900 2059 1021 2100 posses-

137 2106 197 2139 sor.
222 2106 323 2138 Haec:
339 2105 360 2137 fi
378 2103 522 2136 defuneti
541 2103 701 2134 hereditas
719 2101 784 2141 ejus
802 2101 880 2132 dolo
899 2111 963 2132 non
983 2100 1023 2132 iit

138 2148 337 2188 locupletior
352 2146 444 2178 faeta.
471 2155 543 2177 nam
562 2143 626 2176 frid
645 2143 698 2181 fit3
715 2145 756 2174 ait
770 2142 901 2182 Paulus,
918 2152 958 2174 ex
969 2143 1022 2174 de-

137 2189 240 2222 functi
263 2189 341 2221 dolo
369 2189 466 2219 etiarn
493 2187 646 2218 heredem
665 2194 725 2225 qua
742 2184 893 2215 heredem
911 2184 970 2215 hac
987 2194 1017 2215 a·

139 2232 247 2264 stione
272 2230 393 2262 teneri:
417 2228 645 2261 absolutislimo
667 2228 753 2267 jure,
777 2226 831 2266 (ut
855 2225 971 2257 dicitur
999 2226 1017 2257 l.

137 2275 217 2306 unic.
236 2273 269 2304 C.
288 2273 339 2304 Ex
352 2271 445 2303 delz'fft.
463 2268 592 2311 defun&
609 2270 642 2299 in
659 2273 761 2310 quant.
778 2268 868 2298 bereti.
880 2268 1019 2307 eonven.)

137 2323 180 2346 ne
197 2315 304 2347 alieno
322 2313 441 2345 scelere
458 2313 588 2344 ditetur.
610 2310 682 2341 Esse
702 2319 779 2340 vero
800 2310 895 2341 talem
913 2308 1018 2340 casum

139 2356 182 2387 ait
207 2356 340 2395 Paulus,
364 2355 384 2387 fi
408 2354 496 2395 quod
519 2354 564 2385 rei
589 2352 728 2393 pretium
753 2350 944 2382 consecutus
971 2350 1017 2382 sit.

138 2397 191 2429 Sic
215 2398 330 2430 Paulus
355 2398 383 2428 d.
414 2397 434 2428 l.
462 2405 509 2428 12.
535 2395 563 2436 §.
582 2394 635 2425 ult.
659 2393 688 2425 ἃ
707 2392 751 2424 est
767 2393 1019 2430 observandum,

139 2439 228 2479 quod
254 2440 280 2470 is
309 2440 401 2471 locus
421 2436 528 2477 potest
553 2435 705 2476 conjungi
730 2443 802 2465 cum
819 2434 838 2464 l.
856 2444 908 2473 42.
928 2432 970 2464 D.
989 2435 1021 2464 de

140 2480 184 2512 rei
206 2481 289 2512 vind.
315 2490 385 2521 quae
403 2479 448 2511 est
465 2488 504 2510 ex
523 2479 639 2509 eodem
656 2477 705 2508 lib.
726 2480 775 2508 26.
795 2476 846 2507 Ad
862 2474 1020 2514 Εαῖὲἶτιηι,

141 2520 364 2562 ostenditque,
384 2520 560 2553 ficidemin
570 2520 614 2550 rei
631 2518 850 2550 vindicatione
860 2518 1020 2548 obtinere.

182 2562 352 2600 Reliquum
371 2563 437 2602 est;
457 2570 492 2594 ut
509 2562 549 2593 de
564 2559 676 2592 officio
692 2558 811 2600 Judicis
827 2558 1020 2590 disseramus.

140 2605 196 2638 De
211 2613 252 2635 eo
269 2603 311 2635 fic
329 2604 450 2636 Praetor
468 2613 474 2635 :
498 2603 603 2644 Neque
620 2612 653 2633 ea
669 2611 711 2633 res
727 2603 753 2631 ei
770 2602 886 2632 arbitrio
902 2600 1023 2641 Judicis

142 2646 315 2679 exhibeatur
327 2667 337 2683 ,
360 2647 462 2685 quanti
476 2654 509 2676 ca
524 2654 568 2676 res
585 2645 656 2682 erit,
667 2644 817 2686 judicium
835 2643 916 2673 dabo.
941 2642 1022 2674 Prae-

143 2687 222 2721 toris
247 2686 344 2718 verba
369 2687 502 2725 volunt,
527 2695 594 2718 rem
612 2695 673 2726 qua
689 2686 729 2716 de
746 2685 863 2725 agitur,
888 2683 988 2715 actori
1005 2692 1022 2714 a

143 2727 317 2772 possessore
333 2726 365 2758 in
388 2727 453 2758 hoc
468 2728 587 2767 iudicio
605 2727 724 2767 Judicis
739 2726 872 2757 arbitrio
890 2725 1023 2756 exhibe-

142 2773 180 2804 ri.
205 2778 302 2809 atque
320 2768 395 2800 hinc
414 2769 494 2800 aCtio
511 2769 581 2800 haec
598 2778 615 2800 a
631 2768 806 2809 Justiniano
827 2767 856 2809 §.
873 2776 924 2808 31.
950 2764 1024 2807 Inst.

144 2815 179 2845 de
202 2811 364 2844 aetionibus
388 2810 548 2840 arbitraria
577 2811 780 2850 appellatur3
812 2810 841 2840 &
872 2809 1025 2849 Ulpianus

146 2856 168 2887 l.
184 2864 213 2896 3.
233 2853 261 2896 §.
275 2862 325 2894 13.
341 2852 370 2882 h.
389 2857 409 2882 t.
427 2851 570 2882 meminit
585 2852 725 2890 arbitrii,
740 2851 843 2891 Judici
859 2860 899 2882 ex
917 2851 977 2881 hac
994 2859 1025 2881 a·

147 2896 256 2929 &ione
270 2892 435 2925 commiffi.
475 2890 527 2923 De
545 2900 661 2924 caetero
677 2894 833 2925 convenit
850 2892 960 2924 officio
976 2891 1024 2931 Ju-

147 2939 250 2976 dicis,
273 2934 411 2976 primum
434 2933 653 2974 cognoscere;
677 2944 715 2967 an
738 2935 854 2966 actoris
874 2934 1024 2975 pecunia.

146 2980 225 3012 riter
244 2976 386 3015 interfit,
403 2975 432 3007 ei
449 2984 515 3007 rem
534 2974 697 3013 exhiberi,
713 2983 847 3016 propter
865 2976 1026 3007 actionem

148 3030 211 3063 qua
227 3019 349 3051 aeturus
372 3017 429 3057 fit,
452 3027 486 3048 re
505 3015 667 3047 exhibita:
691 3016 720 3047 δι
739 3017 876 3056 deinde,
898 3027 936 3049 an
954 3027 1026 3049 reus

148 3061 316 3104 poffideat.
341 3058 640 3100 quodfiutrumque
649 3058 678 3087 ei
696 3057 815 3097 liqueat
830 3059 1028 3097 summatim3

148 3103 211 3143 (fic
226 3104 310 3133 enim
321 3101 360 3132 de
372 3101 436 3132 boc
446 3099 660 3141 cognoscere,
676 3107 748 3129 eum
759 3121 769 3136 ‚
785 3099 872 3138 supra
890 3101 1029 3140 dictum)

150 3144 272 3183 duplex
296 3143 472 3174 intervenit
488 3140 661 3173 sententia:
685 3148 744 3170 una
762 3140 1027 3180 interlocutoria,

150 3187 249 3218 altera
265 3183 440 3216 definitiva.
464 3182 712 3224 priorejubetur
733 3179 902 3221 possess'or,
929 3182 1029 3214 actori

150 3235 219 3263 tem
241 3225 416 3265 exhibere3
439 3225 469 3259 &
486 3248 497 3266 ,
513 3225 542 3258 -fi
563 3231 674 3264 pareat
694 3221 814 3264 Judicis
838 3230 1030 3265 praecepto,

978 100 1242 138 Noonr
1301 102 1512 136 COMM.

1063 190 1231 237 liberatur:
1247 188 1290 224 fin
1300 191 1412 231 aliter3
1428 190 1567 231 sequitur
1577 188 1675 222 altera
1691 190 1863 225 sententia:
1879 200 1940 233 qua

1059 242 1121 271 Jam
1148 234 1401 271 condemnatur,
1426 233 1536 273 quanti
1555 241 1591 262 ea
1607 241 1655 263 res
1671 232 1739 270 est,
1763 233 1794 263 id
1812 234 1875 272 est,
1899 241 1939 269 aa

1062 275 1093 304 id
1110 275 1196 314 quod
1214 275 1328 308 actoris
1346 274 1496 312 interest,
1520 283 1590 304 eam
1608 283 1674 304 rem
1691 272 1746 304 fibi
1763 274 1938 310 exhibitam

1061 314 1133 346 esse.
1157 315 1238 348 Haec
1255 316 1393 355 summa,
1417 316 1467 347 sed
1493 315 1618 356 plenius
1635 316 1842 355 explicanda:
1867 327 1939 352 nam

1061 358 1167 396 plures
1194 358 1309 399 recipit
1337 357 1537 399 quaestiones.
1562 366 1625 388 una
1649 358 1710 388 erit
1733 358 1774 388 de
1791 364 1940 398 tempore

1061 407 1128 437 quo
1144 409 1193 431 res
1212 400 1357 432 exhiberi
1374 399 1518 431 debeat?
1542 407 1578 430 ac
1594 399 1664 430 vult
1682 398 1794 430 Paulus
1803 399 1822 431 l.
1844 409 1889 433 12.
1907 402 1952 444 §..

1059 451 1087 480 5.
1099 440 1126 470 h.
1145 446 1166 471 t.
1191 451 1262 472 eam
1278 442 1423 473 exhiberi
1441 441 1565 473 statim:
1582 440 1609 472 &
1621 463 1630 479 ,
1647 439 1668 471 fi
1685 449 1783 480 neget
1799 450 1890 480 reu3,
1908 453 1951 476 in¹

1061 480 1208 522 praesenti
1231 483 1261 513 se
1287 483 1443 514 exhibere
1461 482 1570 523 posse,
1596 482 1624 513 δι
1645 480 1770 522 tempus
1787 483 1942 516 exhiben-

1061 524 1091 569 di
1109 523 1197 553 causa
1214 531 1321 562 petat,
1343 525 1442 565 idque
1463 524 1530 556 fine
1553 523 1760 555 frustratione
1783 524 1948 564 postulare:

1060 564 1227 609 videatur3
1250 573 1404 605 oportere
1421 567 1450 597 ei
1470 574 1600 604 tempus
1617 566 1700 598 dari:
1725 564 1886 605 ficaveat‚
1910 567 1942 600 se

1062 605 1280 637 exhibiturum
1297 614 1390 638 certo
1406 608 1467 638 die.
1482 611 1570 647 quod
1589 608 1617 639 ἃ
1637 606 1840 639 observatum
1858 617 1876 638 a
1892 608 1943 646 Ju-

1061 647 1196 679 stiniano
1213 647 1242 689 §.
1260 658 1289 689 3.
1300 646 1373 689 Infi.
1383 650 1416 679 de
1425 647 1515 689 officio
1530 649 1660 690 Judicis.
1683 648 1793 680 Altera
1810 649 1943 689 quaestio

1062 690 1122 720 erit
1139 690 1179 720 de
1199 692 1302 720 modo
1328 699 1393 730 quo
1419 698 1569 729 oporteat
1585 700 1651 722 rem
1669 701 1685 722 a
1703 690 1875 731 possessore
1891 701 1946 724 ex·
2000 720 2004 723 .

1063 730 1174 761 hiberi.
1201 729 1283 762 Nam
1301 732 1389 770 quod
1409 731 1548 770 difitum,
1572 741 1643 763 eum
1658 732 1781 772 juberi,
1806 741 1872 764 rem
1891 743 1946 765 ex-

1063 772 1190 817 hibere,
1217 782 1282 803 non
1301 771 1346 803 est
1367 772 1551 812 [impliciter
1568 773 1807 813 accipiendum:
1831 784 1896 805 non
1914 785 1948 806 e-

1063 824 1127 845 nim
1148 813 1280 851 sufficit,
1305 823 1371 846 rem
1391 814 1528 854 qualiter
1544 815 1682 854 qualiter
1699 815 1864 847 exhiberi:
1889 815 1944 847 sed

1062 866 1144 894 opus
1162 855 1224 892 est,
1249 864 1284 886 ut
1307 856 1337 886 ἃ
1365 866 1414 888 res
1430 855 1639 894 exhibeatur,
1665 857 1694 888 ὅ(
1713 858 1758 887 rei
1777 856 1886 895 causa,
1910 856 1946 889 id

1062 897 1127 936 est,
1152 906 1186 927 ut
1204 906 1272 928 earn
1293 897 1413 929 causam
1440 897 1556 928 habeat
1572 898 1681 936 actor,
1706 907 1799 938 quam
1819 898 1947 930 habitu-

1062 949 1112 971 rus
1130 937 1226 977 esset,
1248 937 1289 977 fi,
1312 948 1386 970 cum
1411 940 1546 978 primum
1571 939 1609 970 ad
1627 940 1846 971 exhibendum
1866 941 1949 980 egis-

1064 981 1130 1019 set,
1156 990 1204 1011 res
1224 980 1368 1011 exhibita
1386 979 1503 1012 fuisset.
1528 980 1605 1012 Hoc
1620 979 1650 1012 in
1667 983 1694 1012 d.
1712 980 1740 1022 ὃ.
1759 991 1787 1021 3.
1803 980 1951 1017 justinian

1063 1032 1131 1053 nus,
1155 1021 1245 1053 Idem
1265 1022 1418 1062 Ulpianus
1435 1023 1464 1053 cl.
1483 1021 1502 1053 l.
1522 1031 1550 1058 9.
1570 1021 1598 1064 §.
1614 1033 1645 1061 5.
1669 1022 1776 1054 Verba
1799 1021 1946 1063 Ulpiani:

1063 1064 1220 1107 Quantum
1236 1065 1274 1094 acl
1297 1064 1372 1095 hanc
1388 1064 1674 1102 ‹terionem-attinet,
1698 1063 1842 1095 Exhibere
1858 1062 1897 1104 esi}
1913 1066 1945 1096 in

1061 1107 1158 1136 eadem
1174 1105 1260 1139 causa
1271 1129 1280 1143 ,
1295 1107 1327 1136 in
1342 1106 1476 1146 quafuz't
1487 1128 1495 1143 ,
1513 1115 1580 1136 cum
1591 1105 1738 1146 judicium
1756 1106 1945 1145 acciperetur.-

1063 1156 1158 1187 quem
1177 1146 1206 1178 in
1225 1146 1347 1179 finem?
1364 1147 1423 1178 ait:
1439 1153 1473 1177 ut
1489 1148 1552 1187 quis
1568 1148 1679 1187 copiam
1695 1148 1737 1177 rei
1751 1145 1945 1188 habenspofflt

1063 1190 1184 1230 exequi,
1207 1188 1318 1219 afflone
1332 1199 1420 1229 quam
1438 1187 1612 1230 destinavit,
1634 1189 1666 1219 in
1683 1188 1761 1220 nullo
1777 1189 1844 1223 casu
1860 1198 1951 1230 quam

1063 1232 1190 1260 intendit
1206 1230 1290 1266 laesa:
1304 1231 1442 1272 quamvis
1458 1240 1515 1261 non
1531 1231 1564 1260 de
1578 1228 1770 1270 restituendo,
1779 1230 1833 1270 sed
1850 1233 1883 1261 de
1897 1240 1948 1262 ex-

1063 1273 1182 1303 hibenda
1200 1278 1318 1312 agatur.
1349 1271 1401 1303 Sic
1420 1271 1589 1303 Florentiae
1608 1272 1732 1311 editur,
1755 1274 1788 1303 in
1804 1273 1881 1303 nullo
1897 1282 1946 1304 ca-

1055 1313 1105 1354 su.
1125 1313 1199 1344 alias
1215 1314 1353 1354 legitur,
1371 1315 1402 1343 in
1422 1314 1505 1344 nulla
1523 1313 1619 1352 causa.
1644 1314 1732 1351 quod
1743 1312 1861 1354 probat
1878 1312 1948 1345 Gu-

1064 1355 1189 1400 lielmus
1207 1354 1343 1387 Budaeus
1354 1355 1394 1387 V.
1409 1355 1469 1386 CL.
1482 1354 1637 1386 Arznot.r'n
1647 1354 1862 1396 Pandeftpag.
1873 1365 1945 1395 225.

1064 1406 1125 1428 nec
1140 1397 1318 1428 intercedo.
1336 1397 1404 1428 vult
1421 1404 1527 1427 autem
1537 1397 1710 1436 Ulpianus,
1726 1397 1871 1428 eamdem
1891 1406 1945 1427 cx-

1064 1437 1164 1469 hiberi
1189 1448 1256 1469 rem
1285 1447 1356 1478 quae
1374 1438 1419 1469 est
1438 1439 1550 1479 petita.
1575 1439 1604 1470 &
1622 1437 1704 1476 hoc,
1728 1439 1864 1479 opinor,
1890 1437 1946 1477 fit;

1063 1489 1137 1510 cum
1164 1480 1247 1511 idem
1273 1478 1446 1510 exhibetur
1465 1488 1605 1520 corpu8‚
1629 1480 1742 1511 eadem
1759 1478 1948 1518 substantia,

1064 1522 1176 1552 eadem
1196 1520 1308 1551 forma.
1333 1522 1420 1561 quod
1437 1520 1457 1552 fi
1476 1530 1541 1552 non
1559 1522 1645 1552 idem
1656 1530 1794 1560 corpus,
1811 1530 1875 1552 non
1896 1530 1947 1551 ea-

1065 1564 1137 1594 dem
1156 1561 1344 1601 subilantia,
1363 1571 1427 1593 non
1446 1563 1558 1593 eadem
1577 1561 1682 1593 forma
1692 1561 1901 1593 exhibeatur:
1918 1571 1948 1592 a·

1064 1604 1104 1637 lia
1120 1603 1292 1635 exhibetur
1308 1612 1375 1642 res,
1400 1613 1495 1644 quam
1512 1604 1614 1643 petita
1631 1602 1694 1642 est3
1719 1604 1750 1634 &
1767 1604 1841 1634 ideo
1858 1602 1947 1634 exhi·
1965 1620 1969 1626 =

1064 1646 1129 1676 bita
1148 1655 1196 1677 res
1217 1654 1281 1676 non
1302 1652 1438 1685 putatur.
1467 1654 1572 1683 pone:
1593 1645 1681 1684 quod
1699 1643 1743 1675 est
1763 1645 1948 1685 exemplum

1062 1689 1090 1718 d.
1108 1687 1127 1718 l.
1145 1686 1253 1729 9.§.3.
1279 1687 1398 1718 arbiter
1414 1687 1496 1725 juffit
1515 1687 1660 1718 exhiberi
1680 1685 1834 1727 scyphum
1850 1694 1946 1726 quem

1063 1729 1153 1760 atior
1179 1728 1274 1768 petiit
1290 1728 1346 1760 sibi
1365 1728 1521 1760 exhiberi.
1545 1727 1697 1769 possessor
1717 1727 1850 1759 exhibet
1868 1736 1947 1759 mas*

1063 1770 1133 1801 sam.
1159 1779 1197 1801 an
1222 1770 1370 1801 exhibuit
1396 1769 1548 1811 scyphum
1570 1770 1584 1801 Ρ
1609 1769 1756 1809 Aliquis:
1789 1770 1874 1800 idem
1902 1768 1948 1801 est

1064 1822 1201 1852 corpus,
1217 1814 1330 1843 eadem
1349 1810 1528 1843 substantia.
1552 1809 1690 1842 Ovidius
1707 1812 1756 1843 lib.
1778 1820 1825 1852 15.
1842 1811 1947 1843 Μετα·

1062 1855 1169 1891 morpb.
1182 1854 1248 1892 fab.
1268 1863 1298 1894 3.
1316 1853 1392 1893 vers.
1413 1857 1481 1890 169.
1940 1864 1943 1867 ·

1107 1894 1206 1937 thue
1222 1896 1305 1925 novis
1323 1894 1440 1933 fragilis
1450 1893 1592 1936 figuntur
1609 1904 1670 1925 cera
1680 1893 1791 1935 figuris
1803 1917 1813 1932 ,

1106 1937 1173 1968 Nec
1188 1942 1302 1974 manet,
1318 1945 1349 1967 ut
1361 1937 1464 1976 fuerat
1475 1935 1489 1974 ,⁷
1500 1947 1551 1967 nec
1561 1936 1677 1976 formas
1686 1941 1792 1976 servat
1809 1936 1931 1967 easdem.

1108 1979 1163 2009 Sed
1179 1985 1273 2008 tamen
1289 1978 1348 2018 ipsa
1365 1979 1459 2008 eadem
1474 1976 1522 2019 est.
1547 1997 1557 2002 -
1582 1996 1591 2001 -
1615 1996 1626 2002 -

1065 2020 1171 2057 Vere;
1195 2019 1215 2051 fi
1234 2029 1376 2052 naturam
1396 2019 1572 2059 spectemus
1591 2018 1620 2050 ὅ(
1637 2019 1817 2050 veritatem.
1843 2026 1874 2050 at
1892 2018 1947 2049 ali-

1065 2063 1106 2094 ud
1125 2062 1252 2093 suadent
1273 2061 1398 2093 humani
1419 2060 1488 2092 usus
1509 2062 1537 2092 ἃ
1557 2061 1728 2102 populares
1745 2059 1885 2092 affectus.
1908 2069 1946 2091 ac

1067 2103 1238 2134 secundum
1265 2102 1324 2135 hos
1351 2103 1504 2143 Ulpianus
1521 2103 1548 2134 d.
1571 2102 1589 2132 l.
1606 2112 1635 2138 9.
1657 2101 1686 2143 §.
1703 2112 1731 2143 3.
1756 2111 1796 2133 ex
1821 2101 1948 2144 icypho

1066 2145 1159 2177 massa
1185 2144 1287 2183 facta,
1313 2145 1443 2183 perinde
1466 2144 1584 2184 accipit
1605 2153 1691 2182 rem,
1715 2153 1752 2174 ac
1768 2142 1790 2175 fi
1808 2142 1946 2185 scyphus

1063 2188 1094 2218 in
1113 2187 1202 2217 aliam
1225 2186 1360 2226 speciem
1379 2185 1456 2217 ess'et
1475 2185 1657 2217 transsatus:
1672 2184 1841 2225 praefatus,
1857 2184 1946 2226 quod

1061 2237 1254 2270 quamquam
1271 2227 1396 2259 rnaffam
1408 2228 1542 2258 exhibet
1552 2251 1562 2266 ‚
1574 2235 1679 2258 tamen
1691 2233 1811 2258 mutata
1820 2226 1946 2265 forma,

1061 2279 1165 2311 prope
1175 2271 1367 2310 interempta
1378 2270 1421 2300 rei
1431 2268 1597 2300 substantia
1606 2267 1668 2307 est,
1681 2268 1827 2308 populari
1840 2268 1947 2307 sensu,

1062 2312 1093 2343 &
1111 2321 1150 2342 ex
1167 2310 1307 2342 humano
1324 2310 1378 2342 usu
1395 2311 1413 2341 l.
1428 2320 1473 2352 13.
1494 2310 1523 2352 §.
1546 2320 1570 2342 1.
1590 2309 1630 2341 D.
1647 2313 1680 2340 de
1696 2311 1775 2340 verb.
1784 2308 1891 2351 fignif.
1909 2318 1946 2340 ac

1061 2352 1161 2385 fimile
1185 2353 1261 2392 quid
1287 2362 1328 2383 ex
1349 2352 1367 2384 l.
1397 2362 1441 2384 10.
1466 2352 1496 2394 §.
1512 2363 1543 2393 5.
1563 2351 1604 2382 D.
1633 2351 1725 2395 Quib.
1742 2352 1814 2382 mod.
1832 2350 1945 2392 ususfr.

1063 2396 1146 2426 amit.
1171 2403 1243 2434 quae
1266 2394 1408 2434 ejusdem
1434 2394 1562 2435 Ulpiani
1585 2393 1657 2432 est,
1689 2393 1751 2433 jam
1774 2391 1947 2424 observavi

1063 2436 1110 2467 lib.
1131 2446 1159 2468 2.
1182 2435 1228 2466 De
1244 2435 1401 2475 uschrucfin
1418 2446 1442 2467 c.
1462 2445 1515 2467 xx.

1104 2477 1213 2520 Quid,
1237 2476 1258 2508 si
1277 2477 1346 2516 quis
1372 2479 1519 2508 camdem
1537 2475 1689 2507 exhibeat
1708 2484 1794 2513 rem,
1819 2473 1871 2506 sed
1890 2474 1945 2505 de·

1064 2521 1218 2550 tei-iorem
1235 2518 1250 2550 P
1279 2518 1391 2557 aliquis
1415 2525 1525 2557 putet,
1560 2526 1632 2548 eum
1658 2516 1762 2547 adhuc
1789 2516 1828 2547 ad
1856 2515 1948 2547 exhi·

1064 2561 1204 2592 bendum
1231 2561 1330 2591 teneri
1352 2570 1360 2590 :
1391 2567 1489 2600 atque
1517 2559 1561 2590 ita
1583 2558 1735 2589 Sabinum
1758 2556 1947 2589 existimasse

1064 2604 1093 2634 d.
1111 2602 1130 2633 l.
1147 2611 1177 2639 9.
1196 2601 1223 2643 §,
1242 2611 1270 2641 53.
1295 2601 1356 2632 Sed
1374 2601 1528 2640 Ulpianus
1543 2600 1650 2631 Sabini
1668 2599 1767 2630 verba
1784 2598 1946 2640 restringit

1065 2644 1103 2675 ad
1120 2642 1298 2683 expofitum
1312 2643 1412 2673 modo
1430 2641 1550 2673 casum:
1567 2642 1597 2672 in
1614 2650 1680 2682 quo
1697 2651 1746 2672 res
1762 2641 1840 2673 dolo
1859 2642 1946 2672 malo

1066 2694 1134 2717 erat
1152 2684 1297 2716 transsata
1316 2685 1345 2714 in
1358 2684 1448 2714 aliam
1467 2682 1628 2722 formam3
1651 2682 1745 2714 massa
1762 2692 1803 2713 ex
1821 2682 1947 2723 scypho

1064 2727 1155 2758 fafita.
1178 2727 1315 2765 proinde
1330 2725 1350 2756 fl
1368 2726 1480 2757 eadem
1504 2732 1654 2757 manente
1670 2725 1776 2765 specie
1793 2733 1842 2755 res
1860 2725 1948 2754 dete·

1069 2770 1135 2800 rior
1151 2767 1359 2805 exhibeatur,
1384 2776 1478 2807 quam
1505 2775 1655 2807 ternpore
1680 2767 1743 2798 litis
1760 2765 1948 2796 contestatae

1066 2809 1185 2847 fuerit,
1206 2808 1291 2840 aliud
1315 2809 1364 2849 jus
1388 2808 1470 2848 effe,
1494 2809 1580 2840 idem
1605 2807 1770 2838 attestatur
1793 2807 1947 2846 Ulpianus

1067 2852 1087 2883 l.
1107 2860 1153 2892 17.
1169 2849 1213 2883 D.
1228 2850 1256 2881 h.
1274 2856 1295 2881 t.
1313 2849 1475 2890 causatus;
1493 2851 1600 2890 quod,
1617 2857 1653 2880 ut
1668 2849 1864 2880 deteriorem
1882 2856 1949 2879 rem

1068 2892 1232 2931 exhibuit,
1250 2899 1357 2923 tamen
1367 2901 1433 2923 rem
1449 2891 1608 2924 exhibuit.
1625 2891 1699 2931 quia
1714 2890 1870 2922 exhibere
1886 2888 1950 2927 est,

1068 2934 1218 2967 facerein
1236 2933 1368 2975 publico
1386 2933 1600 2975 potestatem,
1619 2942 1654 2964 ut
1670 2931 1699 2964 ei
1715 2934 1770 2973 qui
1788 2940 1877 2973 agat,
1896 2939 1952 2961 exr-

1069 2975 1233 3016 periundi‚
1250 2976 1282 3006 id
1301 2975 1364 3014 est,
1382 2975 1582 3012 vindicandi,
1600 2973 1636 3006 fit
1652 2973 1775 3014 copial.
1786 2983 1815 3004 2.
1833 2971 1875 3003 D.
1889 2972 1916 3002 h.
1928 2977 1949 3002 t.

1071 3018 1164 3050 Hanc
1181 3024 1287 3048 autem
1306 3015 1495 3049 facultatem
1515 3017 1632 3053 habet,
1655 3025 1692 3047 ea
1709 3014 1868 3050 exhibita,
1893 3012 1950 3043 etsi

1071 3059 1242 3092 deteriore.
1260 3059 1291 3089 id
1307 3057 1461 3099 fignificat
1472 3056 1711 3098 hocUlpianid.
1723 3056 1741 3087 l.
1756 3063 1801 3094 17.
1817 3053 1860 3084 Et
1876 3052 1951 3084 nibil

1071 3102 1186 3143 impedit
1209 3099 1347 3132 direttam
1365 3100 1503 3132 astionem
1523 3099 1591 3130 ralis
1607 3098 1751 3130 exhibitio.
1775 3103 1848 3126 nam
1865 3095 1950 3126 afflo

1071 3143 1189 3175 diretta
1204 3142 1344 3183 Ulpiano
1363 3142 1434 3182 hic,
1460 3142 1577 3182 pariter
1593 3148 1628 3170 ut
1644 3140 1674 3169 in
1690 3139 1708 3183 ζ.
1724 3147 1752 3177 3.
1770 3136 1799 3177 ἓ.
1818 3145 1866 3177 13.
1882 3138 1908 3181 d.-
1926 3141 1950 3182 t.

1071 3185 1118 3216 est
1135 3183 1314 3226 principalis
1338 3184 1440 3227 aelio,
1462 3182 1527 3214 five
1549 3182 1593 3213 rei
1612 3180 1805 3225 vindicant),-
1824 3177 1950 3219 subjicit

1072 3234 1182 3260 tamen
1205 3226 1374 3267 Ulpianus:
1397 3225 1493 3257 Actio
1518 3220 1674 3262 eit-*Lege
1698 3219 1826 3260 Aquilia
1841 3220 1952 3291 locssm

1921 3268 1950 3290 a.
