2036 3495
168 133 216 170 68
610 124 643 159 G
675 133 695 157 E
726 132 749 156 R
783 131 804 155 Λ
834 132 856 156 R
889 131 913 155 n
948 132 960 156 1

172 228 258 258 aram
279 226 335 249 reo
358 214 419 247 esse
437 211 741 248 reconventionem‚
766 208 900 241 constat.
919 209 994 249 quid
1012 210 1043 240 ni

172 252 271 301 igitur
294 262 500 298 procurator,
524 261 620 292 quem
637 251 724 282 atior
748 260 807 292 pro
833 249 864 281 se
880 251 954 289 dat,
978 251 1043 291 eius

170 299 387 333 defensionem
404 293 572 334 suscipiat?

216 342 270 370 Ait
285 339 424 375 Praetor,
445 335 539 375 Cujus
555 334 668 365 nomine
684 334 747 373 quis
761 332 968 371 affloneinfibz‘
983 335 1047 364 dari

167 381 334 424 postulabit.
361 376 506 408 Verbum
522 375 606 414 hoc,
631 373 725 417 Quis,
750 376 896 415 geneiale
914 374 958 406 est
976 384 1046 415 pei·-

171 425 277 454 tinens
302 419 341 450 ad
364 428 493 450 omnem
520 419 575 458 qui
596 416 755 448 actionem
780 415 918 456 postulat
942 417 1046 447 alieno

170 463 323 500 nomine3
344 459 407 492 five
432 468 503 501 agat
527 468 566 490 ex
589 458 738 490 mandatu
764 457 905 496 domini3
928 456 991 489 five
1016 458 1045 488 ei

169 505 266 537 liceat
286 511 378 544 agere
397 500 461 533 fine
478 511 518 532 eo
535 500 553 530 l.
568 509 618 541 35.
639 500 682 531 D.
701 500 729 530 h.
751 505 773 530 t.
804 498 912 540 Quid,
936 498 959 530 fi
975 499 1045 539 quis

167 553 362 586 procurator
385 544 417 574 in
435 552 501 574 rem
518 541 600 573 suain
617 549 624 571 :
647 543 675 572 ei
692 541 809 571 donata
826 540 971 578 afflone,
994 540 1046 570 vel

169 587 319 624 vendita,
344 594 446 625 eaque
471 594 512 615 ex
536 581 626 614 causa
651 581 763 614 cessa?
787 583 946 619 dicemus,
971 590 1044 612 eum

171 628 294 667 teneri,
316 626 492 658 defendere
506 625 698 656 donatorem
722 631 776 654 aut
801 623 1005 654 venditorem
1027 631 1045 653 a

168 680 235 709 quo
252 668 349 707 cessa,
367 668 418 699 seu
435 667 580 698 mandata
600 664 645 697 est
663 666 782 696 donata
799 673 852 695 aut
869 664 1000 694 vendita
1017 674 1044 694 a·

170 711 260 743 ctio?
285 709 428 753 Quaestio
451 709 482 739 in
507 717 547 738 eo
573 707 728 744 vertitur,
751 713 857 736 utrum
885 705 1045 737 aaronem

165 752 241 791 suo,
258 762 296 783 an
311 752 416 783 alieno
428 773 437 788 ‚
453 749 584 781 nomine
600 748 714 789 petat?
738 757 808 778 narn
827 746 847 778 fi
865 746 984 787 spectes
998 747 1044 787 jus

166 794 293 826 (ῆι-ἐᾶτε
321 792 473 830 ῡᾶίοῃῐ5;
496 791 601 822 alieno
626 789 757 821 nomine
774 789 856 829 agit,
882 797 1043 828 tamquam

165 843 367 876 procurator.
384 833 426 865 fin
445 841 537 873 putes
555 833 679 863 exitum
697 832 742 862 rei
763 831 791 861 ἃ
811 828 928 869 finem3
944 829 998 861 fibi
1015 839 1042 860 a·

164 878 230 919 git,
247 886 312 908 non
329 875 391 908 alii.
414 875 499 912 imo,
515 873 536 905 fi
553 872 698 913 respicias
713 872 752 903 ad
768 871 910 903 astiones
928 872 1041 910 utiles,

167 922 224 950 has
242 917 296 949 suo
314 917 444 948 nomine
461 922 592 946 exercet
610 915 628 945 l.
645 925 697 954 55.
714 913 756 944 D.
775 914 802 944 h.
819 919 840 944 t.
860 922 899 944 ex
918 913 1041 944 Consti·

165 961 255 992 tione
272 959 315 990 D.
331 959 390 990 Pii.
404 957 424 989 l.
446 961 493 990 16.
509 957 551 988 D.
573 957 606 987 de
618 955 725 997 paclis.
749 955 857 994 itaque
873 954 951 996 saepe
969 964 1040 985 eve-

164 1003 231 1041 nit,
256 1009 291 1032 ut
307 999 332 1031 is
351 999 481 1040 perinde
499 998 671 1036 habeatur,
695 1006 731 1028 ac
753 996 774 1028 si
790 997 925 1037 negotio
942 997 1041 1037 magis

163 1043 240 1079 suo,
265 1051 359 1083 quam
380 1041 504 1080 alieno,
527 1039 687 1080 fungatur.
712 1038 894 1078 exemplum
912 1038 942 1068 in
964 1039 1040 1069 mili-

165 1092 199 1116 te
223 1085 241 1115 l.
260 1094 290 1120 9·
310 1084 344 1114 C.
365 1083 392 1114 h.
411 1089 432 1113 t.
466 1084 544 1114 item
570 1082 601 1112 in
626 1081 758 1113 muliere
776 1080 796 1110 l.
815 1090 846 1119 4.
865 1079 895 1110 C.
914 1081 970 1110 eod.
993 1081 1038 1110 tit.

161 1125 225 1157 Sed
244 1126 311 1156 liaec
322 1125 498 1165 prudenter
513 1123 708 1162 accipienda.
727 1120 797 1153 sunt
813 1121 897 1151 enim
908 1128 975 1152 tum
988 1130 1037 1151 ve-

158 1177 192 1198 ra
211 1168 240 1198 in
259 1167 386 1208 primis3
403 1175 475 1197 cum
493 1164 575 1196 finnt
592 1163 655 1195 fine
671 1163 856 1203 cujusquam
874 1163 992 1202 injuria.
1009 1170 1039 1193 at

160 1218 247 1249 pone
259 1232 268 1247 ,
285 1208 429 1248 injuriam
448 1207 546 1237 tertio
559 1205 626 1237 fieri
646 1205 789 1236 mandata
804 1203 939 1235 actione.
962 1205 1039 1242 quid

162 1250 333 1282 dicemus?
357 1248 523 1290 proprium
545 1247 710 1287 negotium
729 1245 816 1277 effe?
842 1254 903 1285 ego
921 1244 942 1276 fi
959 1245 1038 1276 affir-

163 1301 268 1330 mem,
292 1300 425 1328 vereor,
450 1299 489 1320 ne
509 1299 560 1320 ine
576 1289 707 1328 aequitas
724 1287 920 1327 interpellet.
945 1286 1039 1326 possit

161 1334 245 1365 enirn
270 1332 312 1364 fic
334 1331 402 1363 fieri
416 1355 425 1370 ,
448 1340 488 1363 ne
512 1339 569 1361 reo
586 1329 622 1361 fit
639 1329 731 1370 copia
748 1328 914 1368 repetendi
933 1337 1004 1358 eum
1022 1337 1038 1357 a

162 1384 228 1414 quo
243 1374 451 1405 convenitur:
476 1374 564 1411 quod
581 1372 647 1411 jura
664 1380 728 1401 non
746 1369 872 1407 ferunt,
898 1377 932 1400 ut
949 1369 1038 1410 supra

162 1414 425 1447 demonstratum.
451 1412 566 1444 Dicam
583 1412 696 1453 igitur,
713 1420 786 1442 eum
802 1411 855 1451 qui
870 1410 906 1442 fit
923 1411 954 1442 in
970 1421 1036 1442 rem

160 1457 246 1489 suam
269 1464 477 1497 procurator,
503 1454 532 1485 δε
558 1461 662 1484 utatur
686 1452 814 1484 directis
838 1452 1036 1490 actionibus,

163 1508 216 1530 eas
232 1497 391 1538 postulare
409 1496 515 1526 alieno
533 1497 686 1532 nomine;
709 1493 831 1525 tametsi
856 1503 913 1534 per
928 1493 1036 1525 conse-

163 1540 327 1579 quentiam
345 1536 443 1577 profit
468 1536 532 1567 fibi.
558 1536 590 1567 id
613 1543 728 1576 praeter
755 1535 932 1566 Scaevolam
950 1536 970 1567 l.
986 1545 1034 1576 70.

160 1580 205 1614 D.
223 1581 251 1611 h.
275 1587 296 1611 t.
323 1578 438 1619 probat
456 1576 613 1617 Ulpianus
630 1577 649 1607 l.
666 1587 716 1618 33.
734 1576 763 1618 §.
781 1577 836 1608 ult.
856 1577 896 1608 D.
916 1578 973 1608 eorl.
992 1583 1036 1608 ιιι.

159 1630 285 1654 tantum
303 1629 394 1652 unam
408 1620 532 1660 excipit
542 1618 690 1660 speciem.
708 1628 745 1649 ea
762 1617 883 1658 species
901 1618 963 1649 est.-
980 1618 1038 1650 Ni-

152 1664 184 1705 fi
190 1664 271 1705 forte
281 1673 317 1694 ex
325 1660 484 1702 neceffitaze
490 1661 588 1701 fuerit
595 1657 710 1700 fastus.
730 1658 846 1690 Recte:
860 1659 936 1691 licet
953 1661 1038 1691 enim

159 1707 191 1738 &
208 1705 261 1737 hic
279 1704 377 1746 magis
392 1703 530 1741 alienas,
554 1711 647 1743 quam
672 1701 755 1739 suas,
777 1701 916 1733 actiones
934 1700 1037 1741 postu-

157 1748 225 1781 let:
241 1755 347 1778 tamen
365 1745 505 1787 placuit,
524 1743 666 1775 excusari
680 1752 753 1775 etim
769 1743 821 1774 cui
835 1743 911 1774 nihil
931 1742 1038 1783 potest

157 1789 309 1829 imputari
326 1793 460 1828 propter
472 1786 674 1817 voluntatem
692 1794 785 1826 quam
797 1794 861 1816 non
879 1785 988 1816 habuit
1005 1785 1038 1816 li-

156 1831 286 1864 beram:
304 1838 375 1860 cum
387 1828 512 1859 caeteris
528 1828 726 1868 imputetur,
741 1836 798 1858 cur
808 1827 927 1865 velint,
943 1826 1039 1857 astio-

157 1881 216 1905 nes
239 1871 295 1903 fibi
319 1870 459 1903 mandari
476 1868 539 1900 fine
559 1869 754 1901 necessitate.
780 1870 947 1908 quomodo
964 1868 1038 1899 alibi

158 1922 291 1954 quoque
315 1912 396 1943 solet
422 1910 605 1942 hominibus
633 1909 769 1941 succurri
797 1911 827 1941 in
850 1910 943 1942 rebus
960 1919 1037 1950 quas

158 1954 286 1988 necesse
312 1953 480 1984 habuerint
499 1951 672 1992 suscipere:
696 1950 752 1982 etsi
772 1953 816 1982 eis
842 1961 908 1983 non
930 1951 1038 1982 subve-

159 1998 301 2034 niretur,
316 1995 336 2037 si
354 2004 405 2026 eas
422 1993 535 2034 sponte
552 1992 818 2034 susciperentfine
835 1993 1038 2025 necestitate:

159 2047 198 2070 nt
214 2044 344 2078 apparet
361 2046 401 2067 cx
419 2036 437 2066 l.
457 2045 485 2075 7.
504 2034 531 2076 §.
551 2044 575 2066 1.
594 2035 613 2065 l.
637 2040 664 2069 ὃ.
682 2034 709 2075 §.
726 2045 755 2074 4.
772 2034 814 2066 D.
841 2034 1040 2077 inz'sazisda-

160 2089 190 2111 re
206 2084 354 2120 cogantur.
373 2076 417 2108 Ut
437 2077 533 2117 igitur
546 2076 905 2108 dominum-defendere
923 2077 1040 2107 debeat

160 2128 353 2162 procurator
371 2119 401 2150 in
419 2127 485 2149 rem
499 2117 603 2155 suain,
627 2117 648 2149 fi
666 2118 788 2149 volenti
810 2118 963 2149 mandatae
981 2117 1040 2149 fint

159 2162 322 2194 affiones:
346 2161 430 2192 aliud
448 2167 553 2191 tamen
572 2159 636 2197 est,
652 2158 673 2190 si
685 2169 724 2190 ex
737 2159 921 2191 necestitate
937 2159 1040 2190 faetus

160 2204 208 2237 fit.
241 2202 283 2234 Et
301 2201 346 2234 est
357 2202 540 2240 exemplum
559 2203 588 2231 in
607 2200 734 2232 familiae
753 2199 947 2232 erciscundae
961 2201 1040 2240 judi-

160 2246 234 2284 cio,
255 2245 275 2276 si
301 2244 351 2275 uni
371 2252 411 2274 ex
431 2242 571 2282 pluribus
588 2242 802 2274 coheredibus
818 2242 1040 2282 adjudicentur

161 2287 305 2319 actiones
322 2293 513 2316 caeterorum
538 2284 557 2314 l.
576 2293 605 2324 3.
630 2283 672 2314 D.
698 2283 798 2315 Famil.
816 2284 912 2323 ercisc.
956 2283 1039 2315 Item

161 2328 259 2361 divisa
271 2328 354 2358 inter
369 2334 492 2357 tutores
510 2326 608 2356 tutela
619 2349 628 2364 ‚
644 2325 665 2356 fi
682 2335 698 2356 a
709 2326 833 2367 pupillo
844 2326 898 2357 uni
914 2325 945 2357 in
961 2334 1038 2357 con-

161 2378 303 2402 tutoretn
319 2368 488 2400 mandetur
504 2367 612 2397 tutelae
630 2366 714 2398 aelio
730 2367 748 2397 l.
761 2377 788 2398 2.
808 2367 842 2398 C.
857 2368 890 2397 de
907 2368 1037 2398 dividen—

161 2414 200 2443 da
222 2411 320 2442 tutela.
341 2410 361 2441 l.
378 2420 407 2440 2.
427 2408 459 2439 C.
478 2409 595 2440 Arhnr.
619 2414 675 2440 tut.
720 2407 827 2440 Etiam
850 2409 881 2440 in
907 2417 972 2440 uno
999 2418 1039 2440 ex

159 2453 304 2494 pluribus
321 2450 569 2491 fidejussoribus,
586 2457 719 2490 petente
736 2450 878 2482 ac‘tiones
894 2448 948 2481 fibi
968 2450 1038 2482 cedi

161 2494 309 2525 adversus
327 2490 597 2532 confidejussores.
627 2491 680 2523 Sic
695 2492 758 2530 est3
782 2491 803 2523 fi
821 2492 852 2522 in
871 2501 938 2523 rem
954 2491 1038 2523 suam

161 2543 352 2576 procurator
369 2541 440 2574 agat
458 2533 636 2565 actionibus
646 2533 784 2565 directis.
809 2532 919 2575 Quid,
942 2532 963 2564 si
980 2534 1037 2564 uti·

161 2577 245 2610 libus
273 2575 453 2615 experiatur
477 2573 531 2605 suo
555 2575 687 2606 nomine
702 2575 720 2607 ⁶?
749 2575 814 2606 hoc
840 2575 925 2606 enim
949 2574 1039 2615 posse

161 2627 236 2650 eum
260 2625 300 2647 ex
325 2615 566 2647 Constitutione
585 2615 627 2647 D.
646 2617 712 2655 Pii,
737 2616 827 2656 supra
842 2616 1036 2648 demonstran

163 2668 233 2692 tum
250 2656 295 2688 est
310 2666 350 2687 ex
368 2657 387 2687 l.
409 2661 453 2688 16.
473 2657 515 2688 D.
533 2659 566 2688 cle
580 2657 687 2698 pactis.
710 2658 774 2689 Sed
791 2658 895 2697 probo
913 2657 1036 2688 senten-

162 2702 238 2734 tiam
263 2698 302 2730 V.
322 2697 381 2729 CL.
400 2698 530 2729 Antonii
552 2698 642 2731 Fabri
660 2700 708 2731 lib.
730 2710 774 2731 12.
792 2698 918 2741 Conjeff.
938 2709 962 2730 c.
984 2708 1037 2731 10:

161 2739 370 2775 existimantis
381 2762 390 2776 ,
406 2738 551 2772 Edictum
569 2750 633 2772 non
655 2741 817 2781 pertinere
833 2741 872 2772 ad
888 2742 973 2772 hunc
988 2750 1038 2771 ca-

160 2785 246 2816 sum:
263 2783 294 2813 in
305 2789 370 2821 quo
387 2788 574 2826 procurator
589 2782 748 2814 actionem
758 2782 899 2823 postulet
910 2782 964 2813 suo
983 2792 1038 2814 no·

161 2826 269 2859 mine:
290 2823 388 2862 idque
410 2829 458 2868 agi
476 2830 506 2852 in
524 2823 552 2853 d.
574 2823 593 2854 l.
615 2834 662 2864 34.
684 2824 725 2855 D.
745 2825 773 2855 li.
792 2829 813 2855 t.
836 2824 977 2864 ideoque
994 2823 1038 2855 ibi

160 2877 244 2909 pro,
255 2868 455 2906 procuratorio
470 2864 601 2902 nomine,
618 2867 787 2905 quomodo
805 2865 956 2897 haetenus
973 2866 1038 2897 edi-

162 2918 235 2948 tur,
260 2905 323 2938 ess'e
338 2904 509 2945 legendum
520 2926 532 2949 ,ι
542 2909 656 2945 proprio
672 2908 795 2938 nomine.
819 2906 965 2947 Eamque
980 2906 1037 2937 Fa-

161 2951 212 2983 bri
224 2947 484 2980 emendationem
495 2945 618 2984 aliquot
628 2948 763 2987 adjutam
775 2948 963 2989 conjecturis
974 2947 1037 2979 esse

162 3003 182 3025 a
204 2990 246 3023 V.
271 2988 331 3021 CL.
353 2987 515 3020 Bernardo
531 2985 689 3033 'Henrico
714 2989 875 3022 Reinoldo
898 2990 946 3022 lib.
956 2988 1036 3031 fing.

162 3034 326 3069 Variorum
340 3040 364 3062 c.
384 3033 430 3063 18.
446 3037 512 3060 non
529 3035 572 3058 ita
587 3029 708 3068 pridem
721 3031 784 3061 vidi
802 3031 925 3063 lubens.

206 3074 271 3106 Sed
281 3078 434 3113 apparet,
451 3069 624 3101 Praetorem
639 3068 702 3100 fine
712 3071 890 3104 discrimine
901 3073 988 3114 loqui
998 3073 1039 3105 de

163 3126 206 3150 eo
222 3116 277 3156 qui
295 3114 454 3146 actionem
474 3110 614 3152 postulet
632 3111 736 3142 alieno
761 3113 907 3146 nomine:
931 3124 1039 3155 eoque

162 3167 232 3191 non
255 3157 296 3187 de
321 3160 532 3193 procuratore
555 3159 678 3184 tantum
693 3176 703 3190 ‚
735 3152 789 3183 sed
817 3153 857 3184 de
879 3157 1039 3188 tutoribus

164 3207 299 3241 quoque
315 3197 346 3228 &
357 3196 519 3233 ssmilibus.
533 3195 579 3232 ita
593 3193 666 3230 sane
675 3193 862 3236 justinianus
876 3194 904 3236 §-
918 3205 948 3236 3.
964 3196 1038 3237 Inst.

165 3243 200 3275 de
206 3239 411 3283 satisdatione.

1018 120 1279 156 Nooni·

1338 120 1365 155 C
1396 131 1417 155 0
1449 130 1475 154 M
1506 131 1544 157 M.

1130 210 1183 241 Ait
1198 211 1337 250 Praetor,
1353 210 1516 242 Afflonem.
1541 210 1617 243 Hoc
1637 209 1768 253 verbum
1781 234 1791 250 ,
1807 220 1878 244 cum
1896 213 1961 255 spe»

1087 252 1208 283 cialiter
1231 255 1388 294 accipitur
1405 277 1414 289 ,
1439 260 1560 284 tantum
1586 252 1776 283 ordinariam
1802 254 1963 288 actionem

1087 294 1118 324 in
1137 294 1301 333 personam
1319 294 1479 335 significat.
1510 293 1561 325 sed
1580 302 1652 324 cum
1670 303 1685 323 a
1703 295 1900 334 proprietate
1915 306 1963 327 re·

1089 335 1249 374 cedimus,
1267 335 1546 375 utfitaliquando,
1565 336 1854 376 omnemindigitat
1868 337 1964 369 actio-

1090 385 1183 414 nem,
1203 376 1266 408 five
1287 378 1317 408 in
1336 378 1521 417 personam,
1537 376 1601 408 five
1619 378 1649 407 in
1665 386 1732 408 rem
1750 376 1805 415 fit3
1829 387 1889 408 nec
1908 380 1963 410 mi-

1091 426 1148 448 nus
1165 417 1401 457 persecutiones
1418 418 1683 449 extraordinarias
1701 418 1721 448 l.
1742 422 1809 458 178.
1828 418 1856 459 §.
1874 429 1901 450 2.
1919 421 1963 452 D.

1090 459 1122 488 de
1137 460 1214 489 verb.
1229 459 1304 500 fign.
1328 461 1405 491 item
1423 460 1638 500 praejtidicium
1651 482 1659 496 ,
1685 459 1715 490 ἃ
1734 460 1918 499 interdieta,
1933 462 1965 493 δι

1090 507 1205 531 caetera
1224 510 1292 537 quae
1310 500 1402 532 inssar
1419 501 1580 533 actionum
1599 501 1757 532 habentur
1773 501 1851 542 l.37.
1871 501 1916 533 D.
1931 504 1965 533 de

1089 542 1202 581 obligat.
1221 541 1257 575 ἐξ
1273 541 1329 572 ati.
1372 541 1465 573 Hanc
1489 544 1788 583 interpretationem
1814 542 1965 576 Edictum

1089 583 1227 622 postulat
1241 584 1270 613 in
1289 582 1530 622 praesentiarum.
1555 593 1615 615 nec
1628 594 1678 615 ine
1695 584 1791 621 fallo,
1808 594 1875 615 rem
1894 595 1966 625 per-

1088 624 1161 655 inde
1178 624 1358 663 accipiens,
1382 634 1418 655 ac
1435 624 1455 655 fi
1479 625 1605 657 dixifi‘et
1629 626 1768 658 Praeror:
1793 625 1823 656 Si
1849 635 1918 667 quis
1935 636 1965 658 a-

1089 665 1176 697 lieno
1195 665 1324 695 nomine
1340 665 1395 696 fibi
1413 666 1572 698 actionem
1590 667 1654 698 dari
1676 666 1867 708 postulabit,
1893 678 1965 708 qua-

1088 708 1267 745 liscumque
1283 706 1319 738 fit
1342 706 1442 745 afflo,
1467 708 1498 739 in
1516 708 1701 748 personam,
1724 710 1756 740 in
1775 719 1861 746 rem,
1886 711 1964 741 dire-

1089 748 1137 779 &a
1149 772 1158 787 ,
1182 749 1264 778 utilis
1276 748 1477 793 ‚Uordinai·ia‚
1493 750 1743 781 extraordinaria
1754 774 1763 789 ‚
1787 753 1964 791 praejudici-

1088 800 1139 821 um
1152 813 1161 829 ‚
1185 788 1408 828 interdictum,
1435 789 1593 830 stipulatio
1611 792 1762 824 Praetoria
1781 801 1851 832 quae
1871 793 1969 824 instar

1086 831 1219 863 aetionis
1246 830 1402 868 habetur3
1426 831 1451 861 is
1469 831 1567 863 debet
1588 842 1659 864 eum
1677 833 1764 873 cujus
1785 836 1918 865 nomine
1937 844 1969 865 a·

1085 874 1226 904 ctionem
1243 871 1434 912 postulabit,
1451 872 1646 913 defendei·e;
1662 874 1683 905 fi
1695 884 1766 906 reus
1783 876 1872 907 volet
1890 885 1965 908 eum

1084 914 1313 946 reconvenire:
1338 921 1491 954 praeterea
1509 915 1605 945 debet
1622 916 1672 953 ei,
1691 925 1831 956 quocum
1849 927 1890 948 co
1907 927 1965 949 no-

1085 957 1171 988 rnine
1189 964 1281 996 aget,
1299 955 1329 986 itl
1348 963 1451 986 ratum
1468 955 1587 987 habere
1603 966 1673 988 eum
1693 958 1732 988 ad
1749 966 1843 996 quem
1860 968 1896 989 ea
1914 969 1963 991 res

1085 998 1244 1037 pertinet,
1270 997 1346 1027 boni
1378 997 1435 1027 viri
1462 998 1614 1028 arbitratu
1640 997 1795 1030 satisdare.
1825 999 1963 1040 scilicet,

1085 1040 1157 1077 Quia
1175 1048 1238 1070 non
1258 1038 1384 1069 videtur
1404 1038 1524 1069 Praetor
1542 1038 1692 1078 voluisse,
1720 1049 1965 1080 procuratorem

1083 1080 1146 1111 fine
1166 1079 1331 1111 adversarii
1351 1082 1468 1111 damno
1486 1079 1635 1112 constitui
1662 1081 1693 1112 in
1719 1090 1778 1112 una
1795 1082 1905 1122 causa3
1930 1084 1963 1115 in

1084 1123 1207 1153 caetcris
1232 1121 1375 1152 noluii'sc.
1419 1122 1481 1153 Sed
1508 1123 1570 1152 boc
1593 1123 1678 1153 clare
1697 1123 1849 1163 Ulpianus
1873 1124 1891 1154 l.
1909 1135 1962 1165 35.

1083 1164 1111 1205 §.
1128 1174 1157 1195 2.
1183 1164 1268 1210 hm·
1287 1170 1334 1203 pr.
1355 1162 1391 1196 &³
1407 1163 1434 1205 ᾗ.
1458 1172 1482 1194 1.
1506 1163 1525 1194 l.
1544 1173 1592 1204 39.
1613 1164 1640 1194 b.
1661 1170 1682 1195 t.
1724 1164 1822 1204 Igitur
1840 1164 1963 1198 aetionis

1084 1206 1184 1236 verbo
1204 1207 1324 1236 i'raetor
1340 1213 1470 1236 omnem
1487 1205 1538 1236 liic
1554 1205 1703 1246 intelligit
1717 1206 1886 1238 astionem.
1912 1209 1961 1240 An

1083 1247 1113 1278 δι
1130 1247 1316 1287 popularem
1328 1245 1345 1277 *ἓ
1364 1249 1415 1277 vix
1426 1255 1523 1287 puto:
1541 1256 1604 1278 non
1624 1248 1712 1285 quod
1730 1257 1794 1278 non
1811 1247 1846 1279 sit
1858 1248 1938 1281 aelio
1950 1273 1960 1288 ,

1082 1288 1135 1319 sed
1160 1289 1232 1328 quia
1256 1296 1320 1318 non
1347 1288 1467 1326 petitur
1490 1289 1595 1320 alieno
1613 1289 1745 1320 nomine
1763 1297 1923 1329 tamquam
1942 1301 1960 1322 a

1082 1337 1313 1402 prtilguzatoi·e;
1328 1328 1380 1359 sed
1400 1328 1483 1370 quasi
1499 1331 1538 1360 ab
1559 1339 1623 1361 uno
1639 1339 1679 1361 cx
1695 1331 1819 1371 populo
1835 1332 1910 1372 l.43.
1931 1332 1962 1374 ἓ,

1081 1382 1110 1402 2.
1165 1395 1173 1403 .
1210 1395 1216 1400 .
1236 1377 1257 1401 t.

1120 1413 1173 1444 Ait
1191 1412 1311 1444 Praetor
1322 1435 1331 1449 ,
1356 1411 1387 1442 15
1403 1421 1467 1443 eum
1483 1413 1549 1443 hom·
1568 1414 1628 1443 viri
1646 1414 1792 1444 arbim-citu
1808 1415 1958 1454 defendat.

1080 1453 1192 1486 Sensus
1210 1454 1357 1485 Praetoris
1375 1453 1438 1491 est,
1456 1463 1611 1494 oportere
1630 1456 1794 1486 dominum
1813 1466 1829 1486 a
1847 1466 1963 1496 procu·

1079 1504 1184 1528 ratore
1196 1495 1326 1526 defendi
1345 1495 1384 1525 ad
1402 1504 1474 1526 euni
1492 1497 1621 1527 modum
1634 1497 1672 1527 ad
1684 1506 1779 1536 quem
1798 1499 1845 1528 vir
1857 1498 1962 1529 bonus

1079 1538 1292 1569 arbitrabitur.
1320 1536 1461 1567 Verbum
1479 1545 1584 1567 autem
1599 1537 1682 1576 hoc,
1699 1538 1876 1576 Defendere‚
1895 1539 1962 1569 duo

1080 1579 1274 1618 complecti,
1287 1576 1442 1617 Ulpianus
1454 1587 1543 1618 putat
1554 1580 1572 1607 l.
1583 1588 1632 1619 35.
1643 1578 1671 1619 §.
1684 1588 1713 1619 3.
1724 1579 1752 1609 b.
1765 1585 1786 1610 z.
1801 1582 1937 1619 primum
1947 1602 1959 1618 ‚

1081 1620 1189 1652 facere
1208 1620 1296 1659 quod
1315 1618 1463 1651 dominus
1485 1621 1515 1650 in
1540 1620 1628 1651 litein
1654 1619 1797 1651 faceret:
1821 1621 1961 1659 deinde,

1082 1672 1197 1693 cavere
1216 1662 1350 1692 idonee:
1368 1670 1427 1691 nec
1444 1661 1564 1692 debere
1581 1661 1743 1692 duriorem
1760 1661 1828 1693 fieri
1846 1672 1963 1703 procu-

1082 1704 1194 1735 ratoris
1217 1703 1461 1740 conditionem,
1487 1711 1580 1742 quam
1600 1702 1644 1733 est
1662 1704 1803 1743 domini,
1828 1712 1960 1744 praeter-

1082 1754 1175 1786 quani
1193 1745 1222 1776 in
1236 1743 1428 1775 satisdando.
1447 1743 1731 1776 Providentiffiine.
1750 1754 1784 1776 ut
1801 1746 1885 1777 enim
1904 1746 1963 1777 do-

1081 1788 1185 1818 minus
1201 1787 1239 1818 ad
1258 1785 1494 1817 satisdationem
1513 1795 1577 1816 non
1595 1794 1741 1818 teneatur
1758 1786 1786 1827 §.
1801 1797 1814 1819 1
1839 1785 1907 1828 Inst.
1928 1789 1964 1819 de

1075 1830 1215 1870 satisdzii.
1239 1828 1315 1867 quid
1333 1828 1363 1858 ni
1380 1834 1485 1858 tamen
1500 1837 1566 1858 eam
1587 1827 1712 1869 praestet
1724 1828 1898 1862 defensor?
1915 1828 1963 1862 est

1083 1871 1167 1902 enim
1182 1870 1270 1910 quod
1289 1879 1346 1900 reo
1360 1893 1369 1906 ,
1389 1869 1511 1900 volenti
1531 1878 1639 1900 mutua
1655 1870 1699 1901 uti
1719 1871 1960 1910 conventione,

1082 1914 1279 1952 imputetur3
1293 1910 1313 1941 si
1332 1920 1387 1951 per
1398 1909 1562 1942 adversarii
1577 1912 1716 1952 inopiam
1727 1912 1961 1944 calumniamve

1079 1956 1127 1994 Jus
1139 1953 1225 1985 suum
1237 1952 1389 1992 consequi
1401 1960 1550 1993 nequeat.
1567 1962 1623 1984 cur
1632 1954 1717 1984 enim
1728 1976 1737 1991 ‚
1752 1963 1824 1986 cum
1836 1953 1938 1994 poss'et
1949 1977 1963 1993 ,

1083 1995 1137 2027 fibi
1153 2005 1217 2026 non
1230 1993 1394 2035 prospexit
1410 1994 1440 2024 in
1454 1993 1617 2032 personam
1636 1995 1701 2035 ejus
1717 2004 1788 2026 cum
1806 2005 1870 2036 quo
1883 2004 1962 2026 con-

1085 2037 1190 2068 traxit.
1214 2045 1245 2066 at
1262 2036 1350 2075 quod
1366 2035 1396 2065 in
1415 2035 1481 2074 ipso
1505 2044 1561 2066 rco
1586 2035 1637 2066 seu
1662 2036 1809 2067 debitore
1833 2046 1961 2076 aequum

1084 2078 1148 2116 est,
1166 2078 1197 2109 id
1216 2078 1306 2109 aliter
1324 2076 1352 2107 se
1371 2076 1468 2107 habet
1486 2077 1516 2107 in
1536 2085 1764 2117 procuratore3
1781 2079 1834 2118 qui
1851 2081 1963 2109 adver-

1084 2119 1163 2151 sario
1186 2119 1359 2159 aliquando
1382 2119 1505 2156 invito,
1530 2119 1610 2158 saepe
1633 2120 1792 2159 ignoranti
1811 2142 1821 2157 ,
1852 2119 1965 2160 utique

1086 2162 1198 2193 volens
1214 2160 1368 2197 obvenit,
1393 2159 1422 2190 δι
1438 2161 1572 2200 negotio
1585 2160 1648 2201 jam
1665 2160 1843 2192 contracto.
1866 2161 1963 2202 igitur

1084 2211 1118 2234 ut
1136 2203 1189 2234 hic
1205 2211 1262 2234 reo
1279 2201 1465 2242 praestentur
1482 2210 1553 2241 quae
1571 2211 1586 2232 a
1604 2201 1792 2241 domino;fi
1808 2202 1873 2242 ipse
1891 2212 1964 2239 age-

1083 2252 1152 2283 ret,
1174 2243 1347 2285 praellanda
1364 2241 1493 2274 forent:
1518 2243 1634 2274 merito
1654 2243 1717 2274 hoc
1734 2244 1803 2284 plus
1823 2239 1962 2284 postu'la-

1082 2286 1130 2317 bit
1147 2295 1237 2324 reus;
1254 2294 1287 2316 ut
1307 2285 1335 2315 ei
1354 2284 1438 2315 illam
1455 2286 1485 2315 in
1503 2294 1569 2316 rem
1588 2292 1717 2316 cautum
1734 2285 1770 2316 fit
1788 2285 1827 2316 ab
1844 2285 1959 2317 initio:

1082 2337 1123 2360 ne
1139 2327 1280 2368 alioquin
1301 2326 1365 2366 ejus
1380 2325 1447 2364 ius,
1471 2336 1511 2357 eo
1530 2327 1651 2365 invito,
1676 2335 1733 2366 per
1748 2326 1869 2357 causam
1889 2336 1966 2367 pro-

1083 2377 1240 2400 curatoris
1265 2366 1486 2399 desensorisve
1509 2368 1539 2399 in
1557 2367 1733 2407 periculum
1760 2368 1876 2399 veniat.
1900 2367 1963 2399 hac

1082 2411 1208 2442 ratione
1226 2409 1307 2440 solet
1323 2409 1406 2447 dici,
1423 2407 1530 2440 Nemo
1548 2408 1698 2440 defensor
1714 2410 1745 2440 in
1757 2409 1860 2440 aliena
1875 2419 1909 2440 re
1926 2408 1964 2441 fi-

1082 2462 1123 2483 ne
1141 2451 1345 2483 satisdatione
1362 2450 1496 2481 idoneus
1516 2450 1578 2481 eise
1591 2450 1731 2481 creditur
1746 2452 1774 2481 d.
1792 2450 1820 2492 §.
1842 2460 1868 2482 1.
1889 2449 1964 2491 Inst-

1081 2493 1151 2525 Imo
1170 2494 1195 2524 is
1214 2493 1266 2530 qui
1284 2492 1411 2523 alterius
1428 2490 1646 2523 defensionem
1663 2490 1807 2532 suscipit,
1824 2491 1897 2530 etfi,
1914 2492 1963 2523 lo-

1082 2534 1328 2575 cupletiffimus,
1347 2532 1401 2564 etsi
1417 2532 1586 2564 consularis
1604 2532 1660 2570 fit,
1677 2542 1741 2563 non
1762 2533 1890 2564 videtur
1908 2534 1963 2565 de-

1080 2576 1216 2608 fendere
1226 2598 1235 2613 ,
1247 2574 1301 2606 nifi
1311 2575 1459 2605 satisdare
1468 2572 1566 2605 fuerit
1577 2582 1701 2614 paratus
1711 2574 1788 2614 l.51.
1798 2574 1827 2616 §.
1841 2585 1868 2606 2.
1880 2575 1898 2604 l.
1909 2585 1962 2616 52.

1082 2617 1176 2658 &53
1199 2617 1239 2647 D.
1255 2616 1282 2647 h.
1301 2621 1323 2646 t.
1346 2615 1407 2647 Sed
1426 2615 1526 2655 quid?
1547 2616 1722 2655 judicatum
1739 2615 1818 2647 solvi
1834 2617 1861 2647 d.
1880 2615 1909 2657 §.
1935 2625 1963 2648 1.

1083 2657 1157 2700 inst.
1182 2659 1247 2689 hoc
1262 2656 1325 2695 est,
1341 2657 1382 2688 de
1398 2666 1431 2687 re
1447 2657 1606 2696 judicata,
1625 2657 1664 2687 de
1679 2667 1712 2688 re
1731 2657 1960 2696 defendenda,

1083 2701 1163 2732 &de
1179 2700 1257 2731 dolo
1274 2699 1368 2730 malo.
1387 2707 1458 2729 nam
1475 2706 1538 2729 tres
1557 2698 1606 2729 hae
1622 2697 1767 2730 clausulae
1784 2708 1820 2730 ea
1837 2698 1963 2731 satisda-

1084 2743 1173 2774 tione
1190 2741 1398 2772 continentur
1415 2740 1434 2770 l.
1454 2743 1483 2770 6.
1503 2739 1545 2771 D.
1563 2740 1838 2781 Judz'catumsblvi.
1862 2740 1964 2781 igitur

1083 2784 1181 2815 debet
1197 2790 1387 2823 procurator
1402 2780 1561 2813 satisdare.
1586 2790 1739 2822 praeterea
1756 2782 1854 2813 debet
1864 2782 1961 2813 etiam

1081 2825 1189 2856 facere
1203 2824 1233 2855 id
1245 2824 1332 2863 quod
1343 2824 1491 2855 dominus
1508 2824 1539 2855 in
1554 2823 1643 2855 litem
1659 2822 1802 2856 faceret:
1818 2823 1883 2854 hoc
1900 2822 1959 2860 est,

1082 2868 1179 2898 debet
1193 2865 1348 2906 judicium
1366 2864 1522 2905 suscipere
1537 2866 1565 2896 d.
1582 2865 1601 2895 l.
1614 2875 1664 2906 35.
1683 2864 1712 2906 §.
1731 2875 1760 2906 3.
1781 2864 1824 2896 D.
1843 2865 1872 2896 h.
1886 2871 1907 2895 t.
1927 2863 1960 2894 δε

1080 2909 1212 2949 quidem
1229 2907 1345 2938 eodem
1358 2907 1427 2946 jure
1443 2915 1539 2946 atque
1561 2907 1673 2938 eadem
1690 2906 1880 2938 conditione
1897 2913 1960 2945 qua

1081 2951 1239 2982 dominus.
1265 2949 1401 2988 proinde
1417 2957 1451 2979 ut
1465 2949 1612 2979 dominus
1627 2957 1693 2979 non
1713 2948 1856 2988 cogitur,
1878 2946 1960 2987 judi-

1081 2992 1165 3023 cium
1183 2990 1336 3030 suscipere
1353 2990 1415 3021 alio
1433 2989 1462 3020 iti
1481 2990 1576 3028 loco,
1601 2999 1695 3029 quarn
1712 2990 1741 3020 in
1759 2998 1824 3028 quo
1842 2987 1907 3027 ipse
1916 2995 1959 3032 *a-

1081 3033 1128 3075 git
1144 3033 1164 3065 l.
1183 3042 1233 3064 22.
1255 3032 1292 3062 D.
1317 3033 1350 3062 de
1360 3032 1499 3072 judiciis:
1522 3031 1564 3062 fic
1581 3040 1654 3062 eum
1673 3031 1766 3070 cogi,
1782 3030 1812 3060 in
1829 3035 1960 3067 provm·

1081 3076 1162 3106 ciam
1179 3075 1219 3106 de
1236 3073 1338 3106 Roma
1355 3073 1462 3104 abire:
1478 3073 1530 3104 vel
1549 3083 1566 3104 e
1583 3072 1764 3108 contrario,
1780 3069 1830 3100 vel
1846 3078 1864 3099 a
1882 3076 1958 3108 pro-

1083 3117 1188 3148 vincia
1211 3116 1242 3148 in
1268 3115 1359 3147 aliam
1383 3115 1603 3155 provinciam,
1628 3114 1738 3158 durum
1764 3108 1809 3156 est
1821 3110 1849 3139 d.
1868 3109 1886 3139 l.
1903 3117 1957 3150 35.

1082 3158 1111 3200 §.
1137 3168 1164 3190 2.
1211 3157 1363 3189 Similiter
1387 3165 1453 3188 non
1478 3154 1744 3187 condemnabitur
1765 3159 1797 3181 in
1819 3149 1958 3182 solidum

1082 3207 1290 3240 procurator:
1305 3197 1325 3229 fi
1343 3207 1408 3229 nori
1427 3197 1524 3228 debet
1535 3196 1680 3227 dominus
1690 3191 1896 3223 condemnari
1913 3191 1960 3222 ul-

1085 3242 1182 3276 terius
1192 3264 1203 3281 ,
1220 3249 1314 3281 quam
1333 3238 1441 3272 facere
1458 3237 1563 3278 potest
1579 3237 1598 3269 l.
1614 3244 1664 3276 51.
1682 3233 1711 3275 §.
1732 3242 1759 3267 1.
1774 3232 1818 3268 D.
1833 3233 1861 3266 h.
1873 3237 1962 3307 31¹3
