2036 3495
149 121 226 171 3525,
568 96 925 147 (Reatino-1

982 101 1250 139 Neon-r
1303 105 1517 142 Co‘itirf

157 210 255 243 omnia
269 232 279 247 ‚
304 212 414 239 cumea
433 200 575 241 uzancipia
590 198 750 233 venibunt,
764 192 950 235 palamrefie
960 192 1025 234 pro·
1064 193 1189 238 gerendo
1205 194 1392 236 conveniffit,
1413 194 1478 233 five
1497 191 1609 241 postea,
1646 194 1739 233 Hoc⁹
1769 192 1791 226 fi
1812 195 1937 234 ignom·

157 252 328 283 mmciaizto.
378 245 499 278 AErliles
523 241 654 280 cupiunt
668 259 678 276 ,
720 243 884 276 emptores
901 257 911 273 ‚
950 235 1032 265 dum*

157 289 353 337 mancipium
366 288 412 317 ‘eis
429 282 593 316 venditur.
618 288 678 320 per
691 277 901 309 venditorem·
920 275 1027 306 omnia

160 333 203 364 de
217 332 331 372 quibus
347 320 706 366 diximus,·intelligerex
729 326 868 358 eumque
883 318 914 348 in
931 315 1027 347 finem

159 375 206 405 eis
223 382 240 403 a
256 368 421 401 venditore
439 364 515 396 nihil
532 363 639 395 celari.
660 363 773 393 contra
788 364 918 400 pntant,
929 358 1029 398 opor-

160 423 230 446 tere
243 420 300 442 eos
315 409 354 439 ab
369 407 424 438 illo
444 404 566 437 moneri
582 403 746 440 omnium,
769 401 798 432 ὅ(
815 400 943 441 quidem
963 400 1036 439 ejus‘

158 449 426 494 pronunciatione
450 447 550 487 palam
575 445 660 478 recte
681 443 774 475 sacta.
815 440 888 474 Nec
910 439 955 472 est
976 442 1028 471 du-

157 496 264 530 bium,
289 491 364 530 quin
387 488 574 529 aequiffime:
599 486 770 518 venditore
790 481 959 522 praesertim
978 490 1032 512 eo-

157 539 227 568 'rum
250 539 367 573 gnaro:
390 530 459 561 imo
484 531 593 570 ignaro
613 535 755 567 quoque.
785 525 849 555 late
871 522 956 554 enim
980 531 1033 563 pa-

160 583 232 607 tent
254 572 355 606 Edisti
373 572 472 603 verba
489 583 496 602 :
522 579 560 600 ac
579 568 751 600 secundum
768 565 838 596 haec
852 564 895 595 ait
911 563 942 594 in
966 563 985 593 l.
1006 571 1032 594 1.

159 617 190 659 §.
207 627 243 649 2..
266 615 441 654 Ulpianus,
466 611 679 642 venditorem<
693 610 807 645 etiam,
830 605 851 637 si
874 603 1034 646 ignoravit

161 660 200 689 ab
222 656 380 689 AEuilibus
402 653 537 695 praestari
559 650 657 692 juffa,
692 649 805 681 Edicto
828 646 941 678 teneri.
972 645 1033 684 pri-

161 708 269 736 mum,
293 696 365 738 quia
388 696 495 736 potuit
516 703 551 725 ea
575 701 649 724 nota
676 689 805 722 habere.
829 687 945 731 deinde
967 692 1034 718 riori

160 738 292 772 interest
320 737 502 778 emptoris,
540 733 706 772 quomodo
736 729 888 768 fallatur,
927 734 1033 759 utrum

161 779 339 813 venditoris
360 776 537 819 ignorantia
553 798 563 812 ,
586 784 624 805 an
639 771 821 804 calliditate.

203 822 267 854 Sed
288 821 383 861 quid,
407 818 426 849 sl
443 824 572 858 emptor
592 815 643 847 illa
666 822 737 854 quae
758 809 882 845 AEdiles
903 807 1034 850 jubent,

160 865 190 897 ei
214 874 230 895 a
250 862 418 894 venditore
437 858 539 899 palam
559 854 748 897 fignificari,
772 852 916 889 aliunde,
940 854 1035 894 quam

161 902 326 938 manifesta
342 902 406 942 ejus
425 897 691 941 pronunciatione
705 895 792 927 refite
810 892 1005 925 intellexerit
1017 889 1035 920 Ρ

160 947 192 978 Si
216 945 311 976 vei-ba
327 942 520 983 spectamus:
544 945 610 971 non
627 936 673 969 est
695 934 887 968 satisfactum
916 931 1033 963 Edicto

160 996 267 1027 neque
286 989 573 1024 temperamentum
587 1003 596 1020 ,
613 988 719 1017 neque
735 976 965 1018 exceptionem
983 971 1034 1003 ha-

161 1028 263 1061 benti.
286 1033 431 1057 teneatur
454 1023 550 1064 igitur
585 1021 634 1052 vel
657 1020 698 1052 fic
730 1017 844 1050 Edisto
871 1015 1033 1047 venditor.

161 1068 283 1102 Verum
306 1068 397 1098 aliter
416 1064 513 1096 visum
539 1061 752 1095 Prudentibus
777 1067 818 1091 ex
839 1056 942 1088 Edico
967 1053 1034 1086 sen·

162 1111 282 1143 tentia:
312 1108 406 1139 unice
431 1106 569 1147 agentis,
598 1112 638 1135 ne
661 1104 791 1142 emptor
818 1100 868 1131 sua
890 1099 1034 1141 ignorari·

162 1154 206 1185 tia
230 1161 246 1183 a
263 1151 432 1181 venditore
445 1145 642 1187 decipiatur.
666 1143 736 1183 quis
753 1147 860 1173 autem
884 1140 968 1170 dicat
986 1145 1035 1167 vir

162 1195 268 1226 bonus
286 1192 314 1223 δι
337 1189 455 1230 sapiens
471 1189 502 1219 in
518 1186 638 1228 judicio
662 1182 825 1216 arbitrario
839 1204 849 1220 ,
874 1179 965 1220 quale
986 1176 1036 1223 ‘est

164 1232 433 1268 redhibitorium‚
465 1238 536 1260 eum
559 1225 665 1266 decipi
690 1225 741 1267 qui
763 1233 827 1255 non
852 1219 1035 1265 ignoravit?

164 1276 251 1308 Fac:
283 1275 393 1313 aliquis
415 1272 537 1302 servum
565 1263 871 1308 vinetum-vendidit
887 1285 896 1301 ,
927 1269 988 1292 nec
1003 1269 1036 1291 in

164 1316 354 1349 venditione
380 1312 478 1349 dixit,
508 1319 580 1341 eum
604 1307 717 1350 fugisse
732 1330 742 1345 ‚
772 1313 825 1337 aut
848 1305 879 1335 in
903 1301 1037 1334 vinculis

164 1357 267 1391 fuill‘e.
291 1362 336 1387 an*
353 1352 493 1385 offendit*
511 1349 682 1383 Edie'tum?
705 1346 808 1380 forsan
832 1346 938 1382 dices,
959 1352 1036 1389 ven-

167 1401 307 1432 ditorem
337 1393 476 1427 debuiffe
507 1395 538 1424 id
567 1392 667 1432 palam
696 1390 791 1421 recte
812 1392 1038 1428 pronunciare:

167 1450 241 1474 nam
260 1438 300 1471 fic
317 1437 424 1468 facere
437 1457 455 1473 ,.
469 1433 572 1465 Ediffl
589 1431 693 1463 verbis
708 1429 821 1470 juberi.
847 1427 944 1467 Atqui
963 1435 1037 1456 vcn-

167 1482 253 1514 ditor
269 1481 299 1510 in
316 1477 504 1508 vendit-ione
522 1473 662 1504 vinctum
681 1469 820 1502 ostendit
841 1470 975 1500 servum.
999 1466 1038 1498 [io

167 1524 238 1564 plus
255 1519 354 1556 fecit,-
371 1525 465 1557 quam
480 1514 627 1547 Edictum
644 1512 789 1554 postulat.
816 1517 964 1551 putemus
982 1510 989 1539 i
1015 1508 1038 1538 i-

167 1573 236 1601 tur,
259 1559 361 1592 teneri
378 1557 483 1588 vei-bis
500 1564 506 1586 :
530 1555 582 1587 sed
598 1556 664 1594 ejus
680 1561 792 1585 mentev
811 1551 942 1583 absolvi.
1019 1549 1039 1579 i-

167 1607 230 1637 deo
241 1622 252 1641 ,
273 1608 306 1633 te
321 1599 464 1631 frontem
480 1596 688 1628 contrahere:
711 1594 763 1626 sed
780 1592 837 1625 erit
854 1591 933 1624 fides
949 1590 1039 1622 Pom-

167 1643 310 1687 poniol.
335 1645 384 1680 48.
414 1638 443 1681 §-
460 1649 490 1680 3.
515 1639 562 1670 D.
586 1637 614 1668 b.
632 1642 653 1668 t.
683 1637 726 1667 ita
748 1636 910 1675 opinanti:
933 1631 973 1664 Ei
987 1632 1040 1674 qui

157 1690 283 1727 servum-1
292 1681 428 1714 viniinm
441 1679 624 1717 vendiderit,
647 1677 819 1710 AEdiiz'tium
838 1674 977 1706 Edicium
998 1683 1040 1704 re-

167 1727 247 1761 mitti
259 1719 433 1767 aequum-effi
455 1720 544 1753 multo
563 1721 640 1751 enim
654 1718 778 1760 amplius
796 1714 854 1758 esi,
878 1717 908 1747 id
924 1716 1041 1756 facere,

168 1777 255 1812 quam
270 1765 480 1808 pronunciare,
506 1763 539 1793 ἰὴ
557 1760 685 1793 vinculis
700 1757 802 1800 fz'iiffe.r
843 1755 965 1790 Poterit
986 1757 1042 1798 igi-

168 1819 220 1843 tur
242 1809 296 1841 hic
313 1806 485 1844 venditor,
516 1802 690 1835 secundum
716 1798 932 1841 Pomponium
955 1797 984 1840 §.
1012 1807 1043 1837 4.

169 1853 201 1884 d:
216 1851 237 1883 l.
259 1850 300 1882 ab
316 1843 654 1888 emptore-conveniri
678 1842 722 1874 ob
743 1842 857 1873 vitium
874 1840 977 1881 palam
996 1848 1043 1870 re·

169 1894 220 1926 cte
235 1900 301 1924 non
318 1886 579 1931 pronunciatum:
602 1883 655 1916 sed
671 1888 838 1916 convento
859 1881 990 1919 licebit,
1014 1879 1044 1912 se

169 1932 254 1967 tueri
267 1940 326 1975 per
348 1928 598 1970 exceptionem,
620 1924 687 1958 Nifi
715 1924 737 1957 si
759 1923 887 1955 sciverit
916 1928 1057 1962 emptor*

170 1976 213 2008 de
227 1974 324 2016 fuga,
346 1978 400 2003 aut
417 1969 574 2008 vinculis,
605 1974 659 1999 aut
681 1965 807 1998 caeteris
829 1965 923 1996 rebus
946 1962 1054 1995 simili-‘

169 2018 241 2050 bus.
283 2013 439 2047 Eamdem
454 2011 641 2052 aequitatem
665 2007 768 2039 servat
792 2006 944 2046 Ulpianus
959 2004 979 2036 l.
999 2013 1046 2045 ¹4·

170 2059 203 2101 §.
219 2057 275 2090 ult.
292 2056 321 2088 b.
340 2062 363 2086 t.
393 2055 429 2086 Si
450 2052 622 2084 nominatim
637 2050 751 2082 morbus
766 2052 900 2088 exceptus
915 2055 973 2077 non
985 2044 1047 2085 fit,

171 2099 241 2133 talis
251 2105 348 2130 tamen
355 2096 470 2127 morbus
471 2092 513 2133 fit
529 2094 581 2134 qui
595 2092 725 2123 omnibus
735 2091 834 2131 potuit
851 2093 1050 2129 apparere,ut

168 2146 268 2185 puta,
289 2146 380 2170 coecus
401 2136 480 2167 bomo
495 2134 632 2172 venibat,
655 2137 709 2164 aut
731 2132 783 2173 qui
804 2130 967 2162 cicatricem
989 2130 1049 2160 evi-

172 2185 285 2216 dentem
299 2179 336 2215 &
348 2175 537 2220 periculosam
552 2175 671 2206 babebat
691 2172 739 2204 vei
760 2174 793 2204 in
815 2172 925 2212 capite,
947 2171 994 2201 vel
1017 2171 1049 2202 in

175 2225 235 2258 alia
252 2223 339 2264 parte
361 2219 509 2258 corporis.-
541 2215 705 2248 Caecilium
731 2212 817 2245 enim
844 2212 969 2243 secutus
986 2212 1049 2251 ait,

177 2266 357 2298 venditorem
372 2261 434 2303 ejus
448 2258 562 2291 nomine
575 2265 634 2288 non
651 2255 742 2287 teneri
749 2265 759 2284 .·
778 2254 896 2295 perinde
911 2262 945 2284 ac
954 2251 983 2291 fi
1002 2262 1052 2284 no-

178 2306 311 2338 minatim
334 2304 450 2335 morbus
479 2305 613 2340 exceptus
628 2296 744 2338 fuzffet.
766 2296 798 2327 &
823 2293 983 2332 causatur,
1014 2294 1052 2326 ad

178 2357 222 2379 eos
253 2346 363 2378 morbos
394 2343 525 2382 vitiaque
544 2339 689 2382 pertinere
721 2336 860 2369 Edictum
887 2335 1052 2374 AEdilium,

179 2398 244 2430 quae
258 2388 323 2429 quis
343 2385 493 2427 ignoravit
516 2381 564 2414 vel
585 2383 721 2423 ignorare
736 2378 844 2420 potuit.
882 2375 979 2408 'Idem
1000 2377 1053 2408 Ul·

180 2431 290 2470 pianus
314 2428 357 2459 ait
381 2424 522 2458 similiter
548 2423 569 2455 l.
589 2432 616 2454 1.
638 2421 668 2463 §.
683 2424 714 2452 6.
730 2422 758 2452 d.
774 2425 795 2451 t.
822 2417 849 2456 fi
869 2418 1052 2458 intelligatur

182 2471 291 2503 vitium
317 2469 483 2509 morbusque
512 2465 678 2505 mancipii,
708 2467 742 2493 ut
766 2460 936 2502 plerumque
961 2458 1052 2501 signis

183 2510 370 2553 quibusdam
393 2508 489 2549 soient
518 2502 709 2544 demonstrare
737 2503 834 2541 vitia,
866 2498 956 2542 potest
977 2502 1056 2540 clici,

185 2550 284 2593 ceffare
301 2549 446 2582 Eaifflum.
491 2548 565 2590 Qua
581 2545 670 2578 causa
685 2545 703 2577 ἱ)
726 2545 797 2585 quia
811 2544 862 2574 hoc
877 2548 994 2574 tantum
1010 2543 1055 2573 in-

185 2592 323 2626 tuendum
336 2588 392 2630 est,
407 2599 442 2621 ne
458 2590 617 2630 decipiatur
633 2591 748 2627 emptor.
791 2584 867 2622 Ait,
888 2582 977 2624 fignis
993 2584 1056 2625 qui-

186 2633 315 2667 busdam.
338 2632 370 2661 δι’
383 2631 427 2661 est
444 2630 625 2671 exemplum
643 2627 724 2669 apud
740 2625 776 2657 A.
793 2624 936 2658 Gellium
956 2624 1003 2656 lib.
1026 2634 1055 2665 7.

187 2671 391 2710 Nofttsttzic.
407 2680 430 2701 c.
448 2680 476 2710 4.
489 2672 577 2712 plura
594 2669 693 2701 habet
709 2666 887 2699 Durantius
904 2664 1068 2698 casellius-

204 2719 209 2724 '
229 2740 236 2748 .
273 2737 283 2746 .
331 2722 373 2744 ar.
389 2721 414 2741 c.
434 2719 480 2742 ιο.

185 2713 341 2789 hadulfi,
355 2751 453 2796 magis
467 2753 620 2785 convenit
635 2750 777 2793 aequitati
794 2748 948 2782 AEdilium
959 2770 970 2787 ,
993 2751 1057 2779 em·

188 2804 318 2842 ptorvem
329 2817 339 2834 ,
361 2793 415 2826 fia
432 2793 599 2825 venditore
614 2800 787 2834 exceptum
803 2791 840 2824 fit
859 2789 972 2821 vitium
983 2812 992 2827 ,
1004 2794 1065 2820 aut‘

188 2839 343 2876 morbus,
364 2834 404 2866 ab
415 2831 535 2866 Ediuo
550 2835 675 2872 repelli,
698 2843 764 2866 non
780 2832 900 2865 servata
923 2830 1007 2872 pacti
1023 2828 1058 2862 fi-

188 2885 231 2917 de
246 2890 254 2913 :
275 2886 347 2911 nam
360 2878 438 2908 cum
453 2879 550 2906 unum
566 2873 601 2904 fit
616 2875 772 2907 AEdilibus
787 2873 952 2915 negotium
962 2895 974 2912 ,
994 2877 1060 2904 em-

191 2922 295 2966 ptoris
311 2914 688 2960 ignorantia-succurrere
698 2926 706 2953 ;
716 2929 718 2931 ·
728 2926 765 2948 an
785 2915 966 2948 dubitamus
975 2936 986 2953 ,
1002 2921 1066 2944 eos¹

193 2962 334 3005 emptori
359 2959 468 2991 faeere
489 2954 817 2999 Edistinpotcstatem:
848 2956 990 2994 volenti,
1013 2953 1060 2986 uti

194 3008 262 3047 ejiis
277 3000 450 3035 commodo
460 3001 475 3031 τἲ
493 3000 557 3030 non
575 2996 682 3028 facere
706 2993 921 3029 neceffifiatem
933 3019 943 3036 ,
966 2995 987 3028 fi
1005 3004 1062 3027 no-

193 3044 339 3080 ]jtia'Sed
358 3042 424 3073 hoc
439 3037 662 3072 animaduertit
680 3031 834 3069 Horatius
855 3039 903 3069 lib.
920 3047 948 3070 2.
966 3033 1069 3078 Epist'.v

195 3099 224 3122 2.
249 3096 289 3118 ex
312 3083 425 3116 nostris
450 3082 545 3113 etiam
567 3078 716 3120 Ulpianus
737 3076 758 3107 l.
774 3086 822 3117 31.
838 3078 880 3109 D.
902 3080 935 3110 cle
948 3078 1071 3120 pastis,-

195 3137 267 3170 quae
284 3125 328 3158 est
344 3134 386 3157 ex
403 3124 473 3164 ejus
485 3120 538 3155 lib'.
558 3129 592 3152 L*
608 3118 657 3152 Ad
670 3116 818 3152 Edictum
834 3117 982 3150 AEdilium
1000 3117 1063 3151 Cu.

195 3169 335 3204 rulium,
357 3166 491 3203 Pacisci,
513 3161 681 3201 inquiens,
704 3164 802 3190 cantra
823 3156 960 3198 Edictum
979 3160 1065 3190 AEdi.

196 3206 275 3255 lium
281 3207 441 3255 oninimoda
451 3206 515 3238 licet
524 3213 538 3236 ;’
547 3200 621 3243 fiiisvv
634 3203 666 3248 in
681 3197 865 3243 apa-*riegozio
892 3199 1064 3231 venditionis

1068 239 1117 264 vit
1139 235 1291 280 venditor
1313 237 1460 282 morbum
1481 244 1534 267 aut
1553 237 1686 276 vitium,
1713 244 1767 268 aut
1788 242 1864 267 cumv
1881 236 1936 268 sci-

1069 281 1138 319 ret,
1176 283 1212 319 in'
1238 278 1423 309 venditione
1457 278 1558 318 palam
1596 278 1681 309 reste
1709 271 1940 318 pronuntiavit.
1979 270 1983 273 ⁵

1071 324 1144 348 nam
1160 314 1181 348 fi
1196 317 1342 364 consulto
1359 318 1572 359 reticuit,etfi
1588 319 1695 359 pactus
1711 319 1764 356 sit,
1779 328 1819 349 ne
1834 321 1940 349 tenea·

1072 364 1122 388 tur
1143 366 1190 388 eit
1207 358 1352 391 AEdilitio
1375 359 1511 400 Edicto,
1549 366 1615 392 non
1647 360 1786 392 servatur
1812 359 1939 400 paetum

1072 399 1159 440 quod
1175 408 1302 439 putatur
1324 401 1397 433 dolo
1412 402 1496 434 malo
1515 401 1631 434 fatiam
1654 402 1676 434 l.
1696 410 1742 441 14.
1766 400 1795 443 §-
1812 410 1842 438 9-
1859 401 1890 432 b·
1913 405 1938 433 ἲ·

1073 439 1092 471 l.
1107 448 1157 512 ςίς).
1175 439 1216 470 D.
1234 442 1266 471 de
1282 440 1338 474 aii.
1353 449 1436 484 empt.

1099 521 1104 525 -
1122 480 1301 525 ρατηεᾶσ,
1326 484 1402 524 quid
1417 485 1483 517 vitii
1507 485 1652 517 morbive
1674 483 1805 515 nomine
1823 481 1863 513 ab
1885 481 1941 514 ΙΕ-

1074 521 1190 553 dilibus
1221 521 1427 567 designetur,
1458 526 1571 567 aliquis
1593 525 1755 566 exspectet
1783 524 1941 563 exempla.

1075 562 1128 608 sed
1152 571 1328 609 occurrunt
1350 565 1457 604 pamm
1479 567 1511 598 ὅτ,
1532 568 1681 606 pleraque
1705 566 1774 597 sunt
1797 564 1943 604 expolita

1075 604 1237 648 diligentia
1254 603 1403 638 Gulielmi
1419 606 1526 638 Budaei
1545 608 1575 640 δι
1597 605 1741 649 Dionysii
1759 604 1943 637 Gothofre·

1075 645 1127 683 di,
1151 645 1316 691 Annon-ad
1338 646 1415 678 bunc
1440 647 1580 680 Titulum.
1604 656 1676 680 meo
1695 657 1772 680 vero
1794 647 1940 679 instituto

1075 685 1189 732 sufficit
1213 687 1304 726 l'ciri,
1334 687 1479 729 AEdil'es,
1516 697 1587 728 cum
1605 689 1741 729 jubent,
1764 687 1903 729 emptori
1924 691 1944 719 a

1076 727 1248 759 venditore
1269 726 1431 768 figiiificari
1456 728 1603 769 mancipii
1629 731 1741 762 vitium
1771 737 1825 761 aut
1857 737 1943 761 mor-

1077 767 1154 810 bum
1165 791 1175 806 ,
1196 777 1238 800 ne
1254 770 1420 815 calumniis
1438 771 1467 802 &
1486 770 1708 802 vexationibus
1723 770 1881 812 aperirent
1896 768 1946 801 fe-

1078 808 1233 848 nestram,
1256 808 1316 843 illis
1331 811 1436 843 verbis
1453 821 1517 844 non
1535 812 1625 849 quale
1642 810 1736 852 quale
1756 812 1869 843 vitium
1893 817 1950 842 aut

1077 850 1251 898 morbum·²
1273 851 1325 898 sed
1341 853 1428 892 quod
1454 852 1592 884 hominis
1619 851 1704 883 usum
1731 852 1949 884 ministerium-

1078 901 1142 932 que
1164 901 1328 939 imminuat
1351 902 1404 925 aut
1427 893 1593 935 tollat,wid
1618 890 1745 925 demum
1764 892 1876 924 vitium
1892 886 1949 924 au't

1078 934 1224 965 morbum
1242 934 1452 981 interpretari,
1476 935 1633 976 proinde,
1656 933 1677 965 fi
1699 932 1735 965 fit
1753 933 1831 964 levis
1855 933 1948 974 lippi-

1076 975 1174 1021 tudO,
1197 982 1250 1019 aut
1267 975 1345 1007 levis
1363 977 1466 1009 dentis
1487 976 1678 1007 auriculaeve
1693 975 1806 1012 dolor,
1828 981 1882 1005 aut
1902 974 1948 1006 le·

1076 1026 1125 1048 vis
1141 1015 1380 1061 febricula,aut
1398 1026 1491 1049 vetus
1507 1015 1657 1057 quai-tana
1674 1025 1743 1057 quae
1761 1023 1865 1046 tamen
1880 1014 1945 1056 jam

1075 1055 1177 1102 sperni
1194 1058 1320 1097 potest,
1344 1059 1394 1090 vel
1413 1058 1634 1091 vulnusculum
1651 1057 1830 1095 modicum;
1853 1063 1948 1097 negat

1077 1099 1231 1143 Ulpianus
1247 1099 1266 1129 i.
1285 1108 1314 1138 4.
1331 1099 1359 1140 §.
1377 1100 1430 1131 ult.
1447 1100 1476 1131 h.
1495 1104 1517 1131 t.
1541 1100 1580 1130 ad
1597 1098 1720 1130 causam
1739 1098 1828 1138 hujus
1844 1096 1948 1129 Ediffl

1079 1147 1255 1187 pertinere:
1286 1140 1438 1187 praesatus
1462 1141 1481 1173 l.
1502 1151 1528 1172 1.
1553 1139 1582 1182 ᾗ.
1600 1145 1629 1174 8.
1653 1140 1774 1171 nullum
1791 1138 1867 1170 haec
1893 1137 1947 1178 ha÷

1078 1180 1156 1211 bere
1172 1190 1201 1211 in
1219 1182 1248 1225 le
1264 1182 1413 1214 deliffitum
1425 1205 1434 1221 ,
1452 1181 1534 1219 quasi
1551 1181 1792 1221 pronunciatum
1810 1189 1874 1211 non
1891 1179 1946 1212 fit:

1077 1229 1242 1253 contemni
1258 1224 1342 1268 enim
1360 1221 1517 1263 potuiss'e,
1541 1223 1593 1254 ubi
1612 1219 1749 1254 hominis
1775 1215 1954 1258 ministerio·

1078 1264 1197 1309 quod...
1209 1270 1243 1294 ut
1257 1264 1340 1304 dixi,
1366 1263 1465 1296 solum
1484 1271 1628 1305 quaerunt
1642 1262 1782 1302 AEdiles,
1800 1271 1864 1294 non
1881 1260 1950 1293 sunt

1078 1304 1323 1352 impedimento.
1368 1304 1415 1337 Ac
1442 1306 1521 1344 fuit,
1554 1313 1626 1338 cum
1652 1305 1682 1336 in
1716 1305 1800 1336 liunc
1829 1303 1961 1335 sensum*

1079 1344 1239 1377 traherem
1264 1346 1340 1377 illud
1360 1346 1446 1378 Pauli
1471 1348 1490 1378 l.
1507 1347 1631 1387 5'4.·D.
1659 1347 1693 1377 de
1717 1345 1845 1376 commo.
1863 1349 1948 1386 empt.

1080 1386 1235 1417 Res'hona
1254 1386 1315 1433 fiale
1330 1394 1443 1428 empta,
1462 1394 1580 1428 propter
1599 1387 1747 1418 minimam
1767 1385 1882 1422 causam
1905 1387 1965 1416 in·-

1080 1433 1174 1468 empta
1190 1426 1261 1474 fieri
1283 1437 1340 1459 non
1357 1430 1444 1460 (lebet.
1488 1427 1561 1460 Nec
1590 1437 1640 1460 me
1659 1428 1745 1468 piget
1762 1427 1827 1466 ejus
1851 1426 1950 1458 inter-

1081 1476 1288 1511 pretationis:
1307 1478 1376 1501 iiam
1394 1470 1479 1502 causa
1495 1469 1593 1500 Paulo
1610 1468 1656 1500 est
1676 1468 1786 1500 vitium
1804 1475 1950 1499 autinor-

1081 1509 1160 1547 bus;
1183 1518 1218 1556 ut
1235 1509 1315 1557 saepe
1340 1511 1423 1551 apud
1443 1509 1589 1542 Veteres.
1613 1510 1687 1541 inde
1710 1508 1798 1549 'causa
1822 1506 1952 1540 minima

1082 1548 1127 1582 est
1154 1551 1324 1597 lewllimus
1352 1552 1482 1584 morbus
1499 1574 1509 1589 ,
1551 1558 1588 1581 ac
1623 1549 1807 1582 leviffimum
1830 1548 1955 1581 vitium.

1083 1600 1144 1623 nec
1163 1591 1295 1623 dubium
1307 1615 1316 1631 ,
1340 1593 1414 1632 quiri
1432 1593 1474 1624 sic
1491 1592 1618 1632 elegans
1635 1591 1671 1633 &¹
1686 1590 1788 1622 facilis
1811 1589 1848 1621 fit
1864 1588 1964 1622 Pauliv

1085 1631 1206 1678 sensus,
1230 1632 1309 1665 Rem
1335 1633 1421 1665 bona
1446 1632 1508 1665 fide
1534 1633 1715 1670 venditam,
1740 1638 1872 1673 propter
1896 1630 1955 1662 mi-

1085 1682 1205 1721 nimum
1229 1675 1397 1720 morbum,
1420 1684 1436 1706 a
1462 1674 1631 1706 venditore
1655 1683 1719 1705 non
1744 1673 1846 1714 palam
1869 1671 1965 1704 recte·

1085 1724 1329 1763 pronunciatum
1341 1739 1350 1755 ,
1374 1725 1415 1748 ex
1429 1712 1577 1748 AEdilitio
1595 1714 1710 1747 Edicto
1726 1713 1905 1752 redhiberi,
1922 1710 1965 1746 id}

1086 1765 1171 1788 emm
1191 1756 1255 1797 est,
1279 1765 1454 1799 inemptam
1467 1757 1558 1795 fieri,
1580 1765 1645 1788 non
1669 1756 1798 1788 debere.
1821 1754 1957 1788 Paulum

1087 1798 1151 1829 hoc
1169 1797 1289 1843 habere
1305 1799 1354 1830 ob'
1366 1800 1498 1837 oculos,
1522 1798 1654 1830 ulterius
1679 1797 1832 1838 liquebit3
1855 1794 1958 1827 confi-

1086 1839 1269 1886 derantibus
1288 1839 1528 1881 inscriptionem
1545 1836 1633 1871 Pauli
1648 1837 1695 1871 lib.
1709 1848 1734 1870 1.
1754 1838 1805 1870 Aa
1819 1833 1969 1869 Eaieiam.

1087 1880 1235 1925 AEdtlzum
1251 1880 1408 1926 Curtilium
1424 1877 1661 1921 praeferentem.
1692 1877 1768 1913 Hoc
1785 1886 1868 1911 nunc
1882 1878 1956 1911 bre·⁴

1089 1930 1189 1968 viter:
1200 1922 1340 1968 'uberius
1356 1922 1406 1965 egi
1422 1924 1471 1955 lib.
1490 1933 1518 1955 2.
1544 1922 1664 1962 Observ.
1681 1931 1705 1953 c.
1722 1931 1768 1953 x1.
1955 1945 1958 1950 .

1131 1962 1232 1995 Simili
1251 1965 1374 2010 ratione
1389 1964 1506 2006 probat
1531 1964 1681 2003 Ulpianus
1699 1963 1716 1993 l.
1732 1966 1761 1994 6.
1780 1962 1808 1993 h.
1826 1967 1847 1993 t.
1870 1956 1970 2002 quod¹

1091 2012 1107 2035 a
1126 2002 1309 2045 Pomponio
1325 2004 1527 2038 observatum
1540 2027 1550 2044 ‚
1566 2005 1630 2036 hoc
1648 2003 1796 2036 Edictum
1812 2012 1876 2035 non
1893 2011 1968 2033 tan-r

1092 2051 1160 2093 turn
1176 2047 1214 2078 ad
1232 2055 1405 2087 perpetuos
1423 2046 1583 2087 morbos,
1607 2055 1716 2076 verum
1736 2045 1774 2076 ad
1800 2052 1963 2085 tempora-

1090 2096 1155 2119 rios
1174 2096 1305 2127 quoque
1327 2089 1498 2129 pertinere.
1545 2085 1588 2118 Et
1613 2086 1716 2118 recte:
1740 2093 1842 2117 utrum
1873 2086 1972 2116 enimi

1090 2130 1318 2175 temporarius,
1348 2138 1386 2161 an
1409 2135 1601 2170 perpetuus,
1638 2127 1717 2159 servi
1741 2127 1870 2158 morbus
1902 2124 1971 2164 sit„

1091 2170 1168 2210 quid
1184 2169 1285 2201 refert
1304 2171 1483 2211 emptoris?
1506 2169 1680 2202 dummodo
1706 2164 1772 2209 ejus
1791 2166 1971 2199 ministerio*-

1093 2219 1212 2255 noceat
1231 2211 1379 2250 morbus,
1403 2212 1443 2243 tle
1468 2220 1534 2251 quo
1559 2217 1705 2250 tempore
1730 2210 1923 2241 venditionis
1944 2217 1962 2239 a

1093 2252 1264 2284 venditore
1286 2261 1352 2284 non
1369 2252 1414 2284 est
1429 2254 1548 2284 certior
1562 2251 1674 2283 factus.

1135 2293 1245 2324 Altera
1264 2293 1358 2339 'causa
1382 2303 1423 2325 ex
1447 2303 1509 2334 qua
1535 2293 1657 2324 AEdiles
1685 2291 1737 2334 agi
1755 2290 1970 2332 permittunt,¹

1095 2333 1158 2373 est;
1181 2333 1202 2366 fi
1218 2335 1292 2375 quid
1310 2334 1346 2366 fit
1362 2344 1378 2366 a
1396 2337 1566 2367 venditore
1583 2334 1698 2366 dietum
1717 2331 1972 2373 promiffismve„

1095 2376 1183 2416 quod
1206 2376 1334 2422 non-est
1355 2376 1536 2417 praestitum.
1563 2384 1599 2407 ea
1622 2374 1710 2406 causa
1734 2373 1797 2404 hoc
1818 2371 1964 2402 contine-

1095 2424 1147 2448 tur
1171 2415 1277 2448 Ediffl
1300 2417 1415 2449 versu:
1450 2417 1484 2448 Si
1504 2418 1679 2456 mancipium
1703 2413 1838 2451 adversus
1860 2421 1892 2442 ea
1915 2412 1967 2441 ved

1094 2457 1198 2498 nisset,
1212 2456 1271 2495 sive
1290 2460 1427 2500 adveiyits
1448 2460 1523 2500 quod
1537 2457 1644 2489 ditium
1653 2453 1873 2497 promiffumve,
1897 2454 1965 2483 cum

1096 2501 1229 2538 veniret,
1247 2499 1361 2540 fmffet.
1405 2498 1534 2531 Dictum
1552 2505 1657 2529 autem
1677 2506 1692 2527 a
1716 2493 1868 2535 promiss'o
1892 2493 1964 2532 (au-

1098 2540 1188 2572 &ore
1212 2540 1349 2580 Ulpiano
1371 2540 1390 2572 l.
1412 2550 1458 2577 19·
1483 2539 1510 2580 ᾗ.
1533 2549 1561 2571 2.
1587 2536 1629 2569 D.
1652 2537 1678 2568 h.
1696 2537 1741 2576 t.)
1763 2536 1802 2566 sic
1818 2533 1968 2566 discerni*

1098 2589 1159 2613 tur.
1202 2578 1332 2613 Didium
1348 2581 1538 2621 accipimus,
1562 2578 1647 2618 quod
1667 2578 1767 2609 verbo
1785 2584 1876 2608 tenus
1915 2585 1965 2607 ro-

1098 2622 1282 2666 nunciatum
1303 2621 1364 2663 est,
1394 2622 1544 2661 nudoque
1566 2620 1710 2653 sermone
1734 2617 1851 2649 finitur.
1918 2625 1975 2652 ror,

1098 2662 1221 2696 miffum
1245 2670 1350 2694 autem
1367 2661 1473 2703 potest
1496 2660 1608 2693 referri
1634 2659 1664 2692 ἀ
1687 2660 1724 2691 ad
1750 2659 1864 2690 nudam
1895 2662 1967 2698 pro-

1099 2704 1291 2750 missionem,
1316 2700 1738 2744 fivepollicitationem‚vel
1753 2700 1791 2731 ad
1812 2699 1977 2740 sponsum.‘

1100 2745 1154 2777 Sic
1169 2745 1338 2786 Ulpianus:
1361 2745 1391 2776 ἃ
1409 2753 1485 2775 mox
1507 2744 1614 2782 addit,
1645 2741 1813 2773 secundum
1836 2739 1901 2771 hoc
1923 2742 1975 2771 in*

1100 2787 1209 2828 cipere
1237 2795 1309 2831 eum
1342 2785 1395 2826 qui
1422 2785 1462 2816 de
1494 2783 1674 2826 hujusmodi
1699 2781 1787 2814 causa
1812 2779 1975 2823 stipulanti

1102 2827 1334 2875 sp'opondit,&
1354 2836 1394 2858 ex
1412 2826 1559 2867 stipulatu
1576 2824 1664 2867 posse
1681 2823 1844 2856 conveniri
1861 2821 1975 2854 &red-1

1103 2870 1263 2915 hibitoriis
1279 2867 1470 2900 actionibus:
1494 2877 1598 2908 neque
1614 2867 1646 2898 id
1663 2865 1724 2897 effe
1743 2873 1876 2896 novum.
1898 2862 1976 2896 nam*v

1103 2911 1135 2943 δι
1151 2919 1205 2951 qui
1223 2919 1263 2941 ex
1278 2916 1390 2950 empto
1412 2909 1518 2950 potest
1542 2906 1723 2946 conveniri,
1747 2907 1895 2938 eumdem
1915 2904 1975 2936 eti-

1103 2960 1153 2984 am
1170 2950 1385 2982 redhibitoriis
1405 2950 1583 2982 actionibus
1604 2947 1694 2990 poss'e
1711 2947 1888 2979 conveniri.
1917 2941 1976 2976 De
2027 2972 2029 2974 .

1103 2999 1223 3024 caetero
1243 2998 1357 3024 monet
1381 2991 1414 3023 in
1438 2991 1458 3024 l.
1479 3000 1525 3029 19·
1542 2998 1590 3032 pr.
1611 2990 1639 3021 b.
1657 2995 1680 3021 t.
1711 2992 1903 3029 opportune*
1920 2984 1975 3017 ad-'

1104 3034 1256 3073 modum,
1279 3033 1483 3065 venditorem
1499 3032 1642 3074 quaedam
1657 3053 1667 3070 ,
1691 3030 1747 3061 etfi
1764 3027 1972 3065 dixerit,n0n

1104 3074 1269 3117 praestare:
1292 3074 1395 3106 veluti
1406 3083 1442 3106 ea
1459 3083 1529 3115 quae
1545 3074 1584 3105 ad
1607 3072 1723 3104 nudam
1746 3069 1870 3102 laudern
1891 3062 1977 3099 servs

1106 3117 1280 3156 pertinent.
1303 3123 1399 3156 atque
1421 3115 1486 3147 hoc
1511 3116 1542 3146 in
1568 3114 1596 3157 §.
1618 3122 1648 3154 3.
1671 3112 1713 3145 fic
1737 3107 1904 3149 exprimit,
1927 3106 1976 3140 Ea

1105 3157 1170 3189 sola
1194 3158 1277 3190 dicta
1299 3156 1361 3189 five
1381 3156 1527 3198 promiss'a
1555 3152 1749 3188 admittenda
1772 3150 1861 3188 sunt,
1891 3152 1978 3190 quaess

1106 3208 1246 3241 cumque
1271 3198 1494 3240 sicdicumzur,
1518 3203 1553 3231 ut
1572 3194 1774 3238 praestentur,
1795 3200 1861 3224 non
1883 3190 1978 3265 raja-

1922 3239 1975 3263 en·
