2036 3495
293 107 355 144 An
391 109 481 146 Lu.
518 107 668 144 XXVII.
709 104 808 142 Tm.
838 105 896 142 Ill.
922 105 972 142 De
991 107 1092 143 tutelae
1109 106 1149 148 ἕξ
1164 107 1336 143 rationibus
1351 106 1552 158 distrahendis
1566 107 1633 149 &a

99 197 153 230 De
167 198 294 230 afflone
310 198 418 229 tutelae
438 207 530 239 quam
550 195 612 227 dixi
631 194 692 227 effe
718 195 868 227 directam
895 192 925 226 ἂ

55 242 267 277 contrariam,
299 239 497 279 propofitum
528 248 544 269 a
568 237 711 268 Prtetore
736 235 828 268 fuisse
850 235 924 266 Edi-

57 281 159 318 trum,
183 287 313 320 apparet
331 289 371 312 ex
387 280 410 312 l.
428 290 454 313 1.
478 280 524 311 D.
541 280 573 309 de
596 285 722 308 contrat.
747 278 828 308 rutel.
854 287 923 307 ver-

56 321 94 353 ba
110 331 213 353 tamen
232 330 385 360 nusquam
402 328 521 353 extant.
546 327 684 350 mentem
705 318 746 349 iic
768 317 924 357 confingit

61 361 99 393 V.
125 363 181 394 CL.
201 361 381 394 Gulielmus
400 361 605 398 Ranchinus3
630 359 707 390 Eum
731 361 782 399 qni
806 360 923 390 tutelam

57 402 160 444 geffit,
182 405 320 434 rationem
347 413 377 434 eo
399 403 512 435 nomine
536 403 649 431 reddere
672 410 779 441 cogam.
823 400 925 431 Invita

58 446 151 485 plane
169 444 418 484 Jurisprudentia
434 450 520 483 :quae
535 442 691 472 actionem
710 442 817 472 tutelae
836 449 923 472 num-

57 495 149 525 quam
175 486 299 526 putavit
327 484 389 516 effe
417 483 610 524 cognitionis
644 483 921 526 extraordinariae,

57 527 109 558 sed
131 528 206 567 juris
231 525 390 557 ordinarii.
424 524 532 564 itaque
562 524 706 554 Edictum
731 524 771 555 iic
794 524 921 563 concipl

56 567 217 599 suadeam:
244 566 330 609 Quod
347 575 365 596 a
387 571 482 597 tutore
493 563 605 606 gestum
620 564 671 604 effe
686 567 813 602 dicetur,
837 565 870 594 de
893 573 922 594 eo

52 608 143 649 finita
168 608 278 643 tutela,
307 607 455 648 judicium
477 608 556 638 dabo.
601 605 695 636 Ratio
718 604 922 647 proponendi

54 650 157 682 Editti
175 649 234 680 fuit
257 647 389 679 summa:
414 654 483 680 erat
503 648 587 679 enim
613 655 758 685 aequum,
782 654 922 677 tutorem

57 690 144 722 finita
173 689 271 720 tutela
301 689 425 729 pupillo
456 690 590 720 reddere
616 688 771 720 rationem
794 688 922 718 admini-

55 733 157 764 stratae
175 732 283 761 turelae
300 730 328 772 §.
346 730 401 762 ult.
419 727 490 770 Inst.
506 731 538 761 de
554 730 627 760 Atii.
653 735 707 760 tut.
731 738 791 760 nec
815 732 923 759 tamen

57 781 123 804 crat
153 772 280 812 proprie
310 781 351 803 ex
382 771 544 802 contractu
574 771 755 811 obligatus:
794 771 923 810 quando

55 815 174 846 nullum
192 813 357 854 negotium
378 813 460 844 inter
475 819 612 843 tutorem
631 812 660 843 ὁ(
678 811 829 851 pupillum
851 810 925 841 cori-

56 856 201 887 trabitur.
227 855 300 894 quin
319 855 506 894 plerumque
521 854 638 885 invitus
655 853 693 883 ad
718 853 849 883 tutelam
864 857 925 897 *ac-

57 897 144 928 cedit
162 904 259 926 tutor.
284 903 315 926 at
337 904 396 927 nec
412 902 537 935 poterat
558 904 598 926 ex
621 892 780 925 maleficio
805 892 923 933 obliga-

57 946 107 969 tus
133 937 243 968 videri.
278 936 395 977 quippe
420 935 585 968 honestum
607 934 725 966 faCtum
749 941 816 966 erat
841 941 922 965 tute-

58 979 95 1010 la:
118 977 355 1009 administratio.
386 978 480 1019 igitur
509 986 580 1009 eum
614 984 782 1017 oporteret
805 983 923 1020 cono·

58 1021 142 1052 mine
167 1020 334 1050 conveniri
359 1025 498 1050 tutorem
516 1041 525 1056 ,
556 1027 616 1049 nec
649 1021 834 1048 occurreret
865 1016 924 1047 alia

60 1060 222 1102 obligandi
238 1059 345 1098 causa3
368 1060 490 1099 optime
506 1060 722 1100 placuit,eum
741 1058 923 1097 teneriqua-

60 1102 81 1134 si
98 1112 136 1132 ex
155 1102 319 1133 contractu
334 1102 362 1142 §.
388 1110 416 1133 2.
440 1098 514 1141 [nli.
541 1102 574 1131 de
599 1100 680 1142 oblig.
698 1109 760 1141 quae
782 1098 864 1140 quas.
887 1107 924 1130 ex

60 1142 197 1175 connati.
214 1143 291 1182 ηᾳΙῖτ.

105 1183 176 1216 Nec
192 1184 236 1214 est
252 1183 381 1215 dubium
397 1205 407 1221 ,
431 1183 505 1224 quin
530 1181 611 1213 atrio
627 1181 754 1221 tutelae,
777 1190 835 1222 pro
855 1179 924 1212 fun-

63 1226 214 1257 damento
235 1225 352 1256 liabens
368 1224 615 1265 obligationem,
639 1222 676 1254 fit
699 1223 729 1254 in
759 1221 924 1262 personam

63 1266 94 1309 §.
116 1276 141 1298 1.
166 1264 236 1306 inst.
259 1267 292 1296 tle
315 1265 370 1297 αὲἶ.
399 1266 538 1306 ideoque
571 1270 611 1296 ex
636 1263 700 1296 hoc
725 1263 839 1295 Edicto
870 1272 925 1303 pu-

64 1309 142 1349 pillo
160 1308 189 1338 ἀ
209 1308 270 1347 ejus
295 1307 401 1338 heredi
424 1312 589 1346 competat
614 1304 759 1337 adversus
784 1312 925 1335 tutorem

64 1349 194 1388 ejusque
222 1348 371 1380 neredem
392 1347 410 1379 l.
430 1357 455 1379 1.
480 1347 509 1389 §.
538 1350 584 1379 16.
609 1347 655 1378 D.
680 1347 708 1378 h.
726 1353 748 1378 t.
781 1345 800 1377 l.
826 1354 871 1377 12.
891 1344 925 1377 C.

63 1391 177 1421 Arbitr.
199 1389 279 1420 rutel.

104 1430 165 1460 Sed
191 1430 341 1470 quando?
377 1430 608 1461 convenienter
633 1429 743 1461 Editto
768 1427 881 1460 Paulus
904 1427 924 1459 l.

62 1481 92 1506 4.
116 1472 144 1502 h.
172 1477 193 1502 t.
239 1470 321 1508 Nisi,
344 1472 446 1509 inquit
462 1494 471 1509 ‚
501 1471 588 1501 finita
614 1471 712 1501 tutela
735 1469 795 1507 fit,
818 1469 925 1500 tutelae

61 1515 110 1552 agi
133 1522 196 1543 non
222 1511 338 1551 potest.
380 1512 468 1554 Quid
492 1512 586 1552 igitur
609 1511 630 1542 fi
656 1511 758 1542 adbuc
780 1511 925 1551 impubes

63 1554 174 1584 tutelae
198 1553 293 1592 agat?
317 1552 358 1582 ait
380 1553 493 1584 Paulus
515 1552 543 1593 ἕ.
569 1562 597 1583 2.
620 1553 648 1582 ci.
673 1551 693 1582 i.
718 1551 794 1583 nihil
818 1551 928 1583 consu-

63 1594 119 1624 mi.
162 1592 272 1624 Sensus
294 1592 378 1624 Pauli
404 1593 554 1625 obscurus
580 1592 642 1630 est;
666 1592 715 1624 sed
738 1592 823 1631 vult,
857 1593 928 1632 quia

67 1636 160 1665 durat
181 1635 277 1665 tutela
296 1634 619 1674 impuberis,interim
638 1632 749 1664 frustra
767 1634 835 1674 agi,
851 1641 928 1665 non-

69 1676 143 1706 dum
168 1683 238 1706 nata
260 1675 403 1714 aCtione;
427 1676 564 1715 ideoque
591 1684 663 1706 curn
687 1675 746 1705 erit
765 1682 853 1713 nata,
875 1676 927 1706 ad-

68 1715 132 1747 huc
149 1716 234 1747 recte
252 1716 318 1757 agi:
345 1718 423 1747 utin
437 1716 524 1748 simili
542 1714 725 1747 observatur
740 1715 759 1746 l.
784 1722 830 1756 13.
852 1715 881 1756 ᾗ.
897 1722 928 1756 5.

68 1758 117 1789 D.
134 1759 167 1787 cie
189 1759 271 1798 pign.
316 1757 377 1787 Sed
400 1757 430 1788 ἀ
452 1757 471 1788 si
497 1757 593 1788 tutori
620 1760 748 1788 curator
771 1756 807 1787 fit
827 1757 931 1796 adjun-

68 1798 155 1835 etus,
177 1798 320 1838 quamvis
337 1797 477 1838 suspecto
500 1798 659 1837 postulato
676 1820 686 1836 ,
709 1806 774 1828 non
799 1805 932 1838 cogetur

66 1839 175 1870 tutela:
190 1839 343 1878 judicium
360 1846 447 1870 tutor
469 1838 640 1879 suscipere:
663 1839 736 1878 quia
760 1845 847 1869 tutor
871 1848 933 1870 ma-

68 1888 160 1911 neret
187 1881 206 1911 l.
234 1889 262 1916 9.
287 1880 316 1921 §.
339 1890 369 1920 5.
394 1881 440 1911 D.
464 1880 492 1911 b.
519 1886 540 1911 t.
583 1879 637 1911 Est
663 1879 758 1920 igitur
782 1880 932 1920 generali-

69 1929 119 1952 ter
137 1921 305 1959 traditum,
329 1921 481 1961 pupillum
496 1930 568 1952 cum
585 1928 692 1952 tutore
710 1919 764 1951 suo
779 1930 844 1951 non
860 1929 932 1961 pos-

65 1961 99 1993 se
116 1971 209 2002 agere
232 1962 358 1993 tutelae:
382 1962 477 1999 idque
494 1962 643 1994 haetenus
661 1969 768 1992 verum
791 1960 851 1992 effe
877 1959 931 1993 Ul·

66 2004 179 2046 pianus
202 2003 245 2034 ait
267 2004 295 2033 d.
323 2003 342 2034 l.
370 2013 398 2040 9.
420 2003 449 2044 §.
468 2014 497 2038 4·
529 2003 550 2035 fi
573 2003 684 2035 eadem
709 2002 809 2034 tutela
832 2001 877 2034 fit.
901 2002 932 2034 &

65 2043 238 2085 praefatur,
267 2043 432 2076 absurdum
456 2044 555 2082 fore,
586 2053 602 2075 a
633 2052 742 2075 tutore
775 2043 932 2076 rationem

64 2085 339 2117 administrationis
368 2086 573 2126 negotiorum
597 2085 708 2125 pupilli
734 2084 877 2124 reposci,
901 2085 931 2116 in

65 2136 126 2167 qua
156 2127 259 2158 adhuc
281 2125 509 2166 perseveraret:
542 2127 574 2158 in
599 2135 659 2166 qua
681 2134 786 2157 autem
821 2125 932 2157 definit

66 2176 156 2198 tutor
170 2191 179 2206 ‚
203 2169 229 2198 cst
247 2167 360 2198 iterum
378 2169 475 2207 coepit
496 2166 575 2206 effe3
600 2174 712 2198 contra
735 2166 930 2205 confitetur,

64 2208 106 2240 fic
123 2219 164 2240 ex
182 2208 307 2249 pristina
323 2208 591 2240 administratione
615 2208 723 2239 tutelae
749 2208 929 2240 debitorem

63 2249 125 2281 effe
151 2250 289 2290 pupillo,
313 2251 477 2289 quomodo
497 2249 517 2280 fi
543 2250 707 2290 pecuniam
735 2250 888 2281 creditam
914 2259 930 2280 a

63 2299 153 2330 patre
170 2292 234 2331 ejus
251 2290 429 2329 accepisset.
470 2290 518 2321 Ac
534 2300 573 2322 ne
592 2290 661 2330 quis
678 2291 742 2321 boc
759 2289 869 2321 frustra
887 2291 930 2322 di·

63 2333 91 2363 ci
111 2340 221 2371 putet3
244 2332 306 2370 ait,
324 2330 385 2362 esse
401 2332 465 2371 ejus
483 2331 644 2362 sententiae
661 2330 825 2362 effcCtum:
842 2332 930 2372 quod

64 2373 85 2404 si
111 2373 190 2404 iolas
209 2380 295 2404 tutor
313 2373 375 2411 est,
401 2374 511 2413 utique
540 2371 605 2413 ipse
628 2372 731 2403 secum
758 2379 822 2403 non
842 2381 929 2414 aget:

63 2413 116 2445 sed
139 2415 189 2445 vel
216 2423 272 2454 per
295 2412 461 2453 specialem
486 2422 665 2445 curatorem
689 2416 929 2446 conveniendus

65 2454 128 2493 est,
151 2455 202 2486 vel
216 2464 319 2494 pone,
341 2464 413 2486 eum
431 2463 636 2486 contutorem
654 2454 770 2485 habere
787 2456 839 2494 qui
860 2464 929 2495 pos·

66 2493 103 2525 fit
122 2495 260 2533 judicem
285 2494 431 2528 adversus
455 2505 528 2527 cum
552 2496 698 2535 accipere
724 2505 762 2527 ex
779 2505 840 2535 qua
856 2506 927 2527 cau-

66 2534 96 2565 sa
116 2544 187 2566 cum
205 2546 244 2567 eo
267 2537 374 2567 tutelae
399 2539 445 2578 agi
469 2536 584 2577 potest.
632 2536 718 2578 Quin
750 2538 815 2568 imo
842 2538 929 2569 addit

66 2574 238 2614 Ulpianus,
269 2577 288 2607 ii
313 2578 420 2609 medio
444 2587 590 2618 tempore
617 2577 769 2609 solvendo
792 2578 854 2610 effe
877 2581 929 2609 de-

64 2616 148 2647 sierit
172 2624 275 2654 tutor,
298 2617 504 2658 imputabitur
526 2621 769 2657 contutoribus,
792 2629 847 2651 cur
863 2629 928 2651 non

65 2659 189 2698 egerint
219 2666 364 2690 cumeo.
411 2660 486 2691 Hoc
510 2661 539 2691 in
568 2660 677 2691 tutelae
698 2661 834 2691 actione.
876 2660 928 2691 De

65 2700 187 2729 caeteris
207 2698 248 2729 fic
266 2697 368 2730 scribit
391 2701 543 2740 Ulpianus
569 2702 596 2731 cl.
620 2702 639 2732 l.
663 2710 692 2737 9.
716 2701 744 2742 §.
763 2702 815 2732 ult.
844 2702 928 2732 Caete-

65 2749 103 2769 m·
127 2739 266 2777 ustiones,
286 2746 388 2779 praeter
412 2742 526 2779 tutelae,
547 2742 684 2777 adversus
708 2749 826 2773 tutorem
851 2753 925 2773 com-

11 2781 14 2783 ’
59 2786 181 2820 petum,
206 2779 257 2817 etfi
273 2781 365 2810 adhuc
381 2781 499 2812 tutelam
514 2781 735 2822 administrant,
758 2783 849 2813 veluti
863 2784 927 2821 fur-

64 2823 106 2858 ti,
129 2822 246 2859 damni,
268 2821 401 2862 injuriae,
423 2822 568 2854 condictio.
591 2823 652 2854 Sed
669 2823 900 2855 observandum
916 2847 927 2863 ,

65 2864 152 2902 quod
171 2871 246 2892 mox
262 2871 300 2893 ex
319 2861 415 2893 Paulo
433 2862 590 2903 subjicitur
604 2864 622 2896 l.
646 2874 690 2896 10.
715 2864 770 2894 Sed
785 2874 841 2895 non
857 2866 927 2896 dan-

65 2909 115 2933 tur
129 2903 254 2942 pupillo,
278 2904 347 2933 cium
363 2909 441 2934 tutor
461 2904 578 2936 tutelam
592 2908 679 2946 gerit.
722 2905 833 2938 Sensus
851 2905 925 2937 Pau·

62 2944 103 2982 li,
127 2953 257 2975 caeteras
272 2953 384 2975 omnes
400 2943 556 2984 aftiones,
572 2955 687 2986 praeter
704 2947 814 2977 tutelae
831 2947 925 2978 afflo-

61 2994 154 3024 nem,
177 2984 258 3016 nasci
284 2986 410 3025 quidem
436 2986 466 3016 <Sc
485 2995 693 3026 competere,
718 2988 851 3019 durante
877 2996 925 3018 tu-

63 3026 142 3063 tela,
167 3025 222 3057 etsi
243 3027 369 3057 interim
397 3035 459 3057 non
489 3028 603 3066 possint
629 3028 746 3059 institui
771 3037 824 3059 aut
848 3030 925 3060 dari.

60 3068 134 3107 quid
157 3076 259 3108 ergo,
283 3066 303 3098 fi
321 3068 474 3098 moriatur
500 3076 604 3106 tutor,
636 3070 769 3099 durante
798 3070 924 3102 tutela?

59 3116 97 3138 an
113 3117 183 3146 quse
201 3107 316 3139 institui
343 3118 406 3139 non
434 3107 559 3148 possunt
582 3109 727 3141 adversus
753 3109 925 3149 heredem,

58 3149 181 3179 interim
206 3150 383 3180 morientur
404 3158 476 3180 curn
503 3151 610 3190 injuria
626 3150 762 3190 pnpilli?
787 3150 862 3181 Hoc
887 3161 924 3182 ae·

55 3189 336 3262 quixtljiyskntji'isnat.
362 3191 438 3232 quid
456 3199 532 3232 ergo
552 3190 622 3224 cst?
647 3191 741 3224 nanc
759 3191 925 3226 difficulta-

970 202 1033 228 tem
1052 195 1094 227 fic
1118 196 1210 227 solvit
1235 196 1364 229 Paulus:
1403 199 1538 239 quamvis
1560 198 1635 228 enim
1656 203 1746 228 morte
1766 197 1844 228 tum-

967 238 1008 267 rz's
1025 238 1187 273 inter-emim
1211 244 1306 268 tamen
1319 239 1447 279 pupillus
1462 248 1526 270 cum
1550 239 1647 270 herede
1671 238 1732 277 ejus
1753 237 1842 269 afflo-

966 287 1029 308 nem
1046 278 1146 308 babet:
1167 279 1238 318 quia
1253 278 1311 315 fibi
1327 280 1437 316 solvere
1454 281 1561 311 debuit.
1604 278 1760 311 Pulchre:
1785 278 1838 310 sed

967 328 1031 357 quo
1056 317 1197 359 spectant
1223 318 1311 357 haec,
1342 319 1488 364 Quamvis
1513 322 1589 352 enim
1621 326 1709 352 morte
1736 320 1840 351 tutoris

967 360 1135 390 inteream?
1152 368 1208 396 an,
1233 368 1267 391 ut
1289 360 1386 399 furti,
1409 362 1548 401 iniuriae,
1572 362 1697 400 damni,
1721 361 1752 392 id
1769 359 1836 398 est,

967 399 1062 441 Legis
1080 400 1234 440 Aquiliae,
1257 401 1361 440 aetio,
1384 403 1426 433 ita
1442 403 1605 434 condictio
1623 402 1759 441 furtiva,
1782 410 1839 433 ex-

966 442 1119 482 tinguitur
1143 449 1248 472 morte
1273 443 1412 474 tutoris?
1436 443 1532 474 Abfit.
1556 445 1642 484 atqui
1663 445 1694 475 in
1720 451 1839 484 praece-

966 483 1114 513 dentibus
1139 488 1251 514 'omnes
1282 492 1432 524 peraeque
1455 484 1560 525 attigit
1589 484 1752 525 Ulpianus.
1782 482 1837 515 sed

965 523 1051 555 Pauli
1071 523 1167 554 verba
1186 533 1249 554 non
1270 524 1338 555 sunt
1353 524 1524 556 referenda
1541 526 1579 557 ad
1601 535 1714 558 omnes
1738 524 1840 557 aetio-

965 574 1040 600 nes,
1063 563 1102 595 ab
1121 565 1257 604 Ulpiano
1278 574 1352 596 ante
1374 566 1498 597 allatas:
1522 565 1572 598 sed
1595 567 1634 598 ad
1657 568 1838 608 plerasque.

966 605 1037 637 Nec
1055 605 1085 637 id
1104 614 1242 645 novuin3
1266 607 1340 646 quin
1359 606 1438 645 saepe
1455 609 1564 639 evenit
1580 610 1663 648 apud
1680 607 1814 640 Veteres

966 655 1000 677 ut
1018 646 1192 686 posteriora
1208 656 1280 678 cum
1302 648 1458 688 prioribus
1483 651 1682 690 comparata,
1705 658 1769 681 non
1797 629 1837 679 ac}

966 689 1072 719 omnia
1089 697 1188 728 usque
1208 698 1332 728 quaque
1353 686 1528 730 respiciant.
1571 688 1690 730 Estque
1712 691 1743 721 id
1774 689 1839 720 hoc

966 730 996 760 in
1017 730 1090 760 ioco
1107 739 1147 760 eo
1172 732 1307 761 certius:
1331 731 1403 770 quia
1420 738 1573 771 excerpta
1590 731 1659 763 sunt
1673 730 1743 762 haec
1764 729 1838 760 Fra-

966 779 1093 811 gmenta
1105 793 1113 808 ‚
1137 780 1202 801 non
1221 772 1323 802 dicam
1340 781 1380 803 ex
1397 772 1525 804 diverfis
1542 773 1643 812 locis,
1665 772 1717 805 sed
1734 781 1775 804 ex
1789 771 1837 803 di-

968 811 1060 843 ver-fis
1077 812 1275 850 auctoribus,
1301 813 1438 853 Ulpiano
1456 813 1485 844 &
1504 814 1626 846 Paulo..

1011 852 1104 891 Dixi,
1129 856 1257 892 quando
1283 854 1377 885 detur
1402 855 1510 886 tutelae
1536 855 1628 887 aetio.
1653 851 1838 892 videamus,

967 894 1007 925 de
1026 902 1091 934 quo
1107 894 1210 925 detur.
1234 895 1276 925 ait
1294 894 1435 935 Praetor,
1459 895 1546 938 Quod
1572 906 1590 928 a
1612 901 1706 928 tutore
1725 894 1838 937 gestum

966 936 1036 973 erit,
1059 936 1092 965 de
1108 944 1136 965 eo
1147 936 1294 976 judicium
1318 937 1398 968 dabo.
1445 935 1478 968 ln
1505 937 1590 969 bunc
1615 936 1734 971 sensum
1758 940 1837 968 con-

967 984 1097 1016 ceptum
1114 975 1205 1007 fuisse
1220 976 1366 1008 Edictum
1378 1001 1387 1017 ,
1411 987 1451 1009 ex
1468 977 1670 1019 sequentibus
1687 977 1744 1010 fiet
1764 977 1841 1018 pro-

967 1018 1111 1060 babilius.
1153 1017 1258 1049 Datur
1274 1018 1368 1059 igitur
1385 1019 1493 1050 tutelae
1516 1019 1599 1051 acrio
1623 1021 1663 1052 de
1686 1029 1727 1051 eo
1749 1019 1840 1059 quod

965 1058 1084 1099 gestum
1101 1059 1161 1090 erit
1177 1068 1193 1090 a
1217 1067 1344 1091 tutore:
1369 1061 1401 1092 id
1418 1070 1496 1092 vero
1513 1060 1555 1092 fic
1577 1063 1723 1103 accipio,
1748 1060 1838 1101 quod

967 1109 1034 1132 tuni
1058 1099 1120 1131 fuit
1144 1099 1287 1140 gestum,
1318 1110 1392 1133 cum
1416 1101 1494 1133 effet
1521 1108 1620 1135 tutor.
1660 1101 1837 1134 Enimvero

965 1140 986 1173 fi
1012 1141 1084 1181 post
1113 1141 1331 1182 pubertatem,
1356 1143 1475 1183 aliquid
1505 1142 1542 1175 fit
1572 1144 1611 1175 ab
1636 1153 1676 1175 eo
1694 1142 1839 1185 gestum;

967 1192 1032 1215 non
1055 1182 1100 1214 est
1123 1191 1140 1213 a
1164 1190 1271 1214 tutore
1295 1183 1435 1225 gestum,
1458 1185 1545 1225 quod
1571 1184 1616 1217 est
1631 1184 1721 1217 finita
1739 1184 1840 1216 tutela

966 1223 1103 1265 gestum:
1126 1225 1265 1264 ideoque
1282 1225 1312 1256 in
1327 1225 1479 1265 jridicium
1500 1226 1608 1257 tutel'ae
1625 1226 1735 1258 venire
1750 1249 1760 1264 ‚
1784 1231 1840 1257 ne-

966 1273 1019 1305 gat
1037 1265 1189 1306 Ulpianus
1207 1266 1226 1297 l.
1248 1266 1337 1307 1312.
1355 1272 1377 1297 t.
1400 1266 1454 1297 nisi
1476 1266 1511 1298 fit
1534 1266 1598 1298 fine
1619 1274 1685 1308 quo
1707 1265 1842 1299 admini-

967 1306 1074 1338 stratio
1104 1306 1213 1338 tutelae
1238 1307 1380 1346 expediri
1405 1317 1469 1339 non
1502 1309 1618 1349 potest.
1648 1309 1679 1340 &
1711 1307 1756 1339 est
1778 1307 1842 1339 tale

968 1347 1149 1387 exemplum
1177 1348 1196 1379 l.
1226 1359 1255 1389 5.
1278 1348 1306 1389 §.
1322 1358 1352 1387 5.
1378 1349 1425 1379 D.
1448 1349 1480 1379 de
1505 1350 1615 1381 admin.
1633 1354 1690 1381 tut.
1733 1347 1842 1380 Tutor

968 1389 1123 1430 pupillum
1146 1388 1232 1421 suum
1252 1390 1405 1431 puberem
1427 1389 1545 1422 faCtum
1564 1399 1630 1422 non
1653 1390 1843 1428 admonuit,

968 1438 1004 1462 ut
1024 1430 1079 1462 fibi
1101 1438 1265 1462 curatores
1283 1438 1426 1471 peteret:
1451 1430 1543 1463 sacris
1568 1432 1653 1463 enim
1677 1430 1841 1464 Constitu·

969 1471 1110 1503 tionibus
1134 1471 1198 1502 hoc
1214 1471 1321 1503 facere
1335 1471 1464 1511 jubetur
1480 1473 1534 1512 qui
1553 1473 1684 1504 tutelam
1707 1471 1841 1504 admini-

969 1512 1088 1544 stravit.
1111 1522 1148 1543 ea
1165 1522 1198 1544 re
1222 1512 1308 1544 laesus
1332 1512 1377 1544 est
1401 1513 1516 1544 minor.
1540 1515 1710 1554 quaeritur,
1732 1521 1771 1544 an
1794 1520 1843 1545 tu-

971 1555 1043 1586 telae
1068 1560 1213 1585 teneatur
1237 1554 1290 1594 qui
1315 1553 1378 1585 fuit
1401 1554 1519 1586 tutor?
1549 1555 1702 1596 Ulpianus
1727 1560 1841 1594 putat,

969 1594 1113 1627 sufficere
1136 1596 1245 1627 tutelae
1265 1595 1429 1635 iudicium.
1454 1595 1484 1627 &
1505 1595 1661 1628 rationem
1686 1595 1769 1627 hanc
1787 1593 1843 1628 ad-

969 1635 1051 1668 fert:
1087 1636 1171 1676 quasi
1201 1646 1385 1669 connexum
1416 1635 1453 1668 fit
1483 1636 1548 1668 hoc
1578 1637 1685 1669 tutelae
1709 1635 1841 1675 officio,

969 1677 1113 1718 quamvis
1129 1677 1200 1717 post
1217 1678 1418 1718 pubertatem
1446 1677 1640 1710 admittatur.
1681 1676 1797 1719 Longe
1810 1686 1843 1708 a·

972 1720 1045 1751 liter
1067 1719 1176 1750 censet
1199 1720 1226 1750 d.
1248 1719 1266 1750 l.
1285 1727 1334 1759 13.
1362 1717 1384 1750 fi
1407 1718 1478 1760 post
1502 1719 1703 1760 pubertatem
1726 1718 1841 1760 pupilli

973 1759 1070 1805 isqui
1098 1760 1163 1800 eius
1193 1767 1281 1792 tutor
1302 1760 1426 1802 fuerat,
1450 1761 1513 1801 eJus
1544 1759 1664 1793 fundos
1686 1760 1843 1792 vendide-

974 1808 1033 1839 rit,
1056 1801 1230 1842 mancipia,
1254 1802 1370 1842 praedia
1395 1803 1647 1842 comparaverit:
1669 1802 1730 1842 iam
1754 1801 1843 1833 enim

974 1850 1079 1882 neque
1109 1843 1302 1874 venditionis
1327 1842 1437 1883 hujus,
1468 1852 1573 1884 neque
1597 1842 1771 1884 emptionis
1797 1851 1844 1874 ra-

976 1883 1095 1914 tionem
1124 1883 1244 1923 judicio
1275 1884 1383 1915 tutelae
1416 1884 1587 1916 contineri.
1632 1883 1695 1916 Sed
1728 1884 1843 1916 verum

974 1923 1036 1954 effe
1053 1924 1173 1965 inquit,
1197 1933 1233 1955 ea
1256 1933 1326 1964 quae
1349 1934 1497 1957 connexa
1515 1924 1604 1964 sunt,
1633 1926 1665 1958 id
1690 1924 1754 1964 est,
1776 1924 1842 1956 sola

975 1964 1062 2003 haec,
1085 1964 1141 1997 etfi
1164 1966 1353 2006 inciderint,
1383 1966 1455 2009 post
1483 1965 1602 1999 finitam
1627 1967 1758 1998 tutelam
1774 1989 1785 2006 ,
1809 1966 1843 1998 in

975 2006 1082 2037 tutelae
1098 2006 1251 2046 judicium
1268 2007 1388 2040 venire.
1431 2008 1548 2047 Addit,
1571 2008 1603 2040 &
1618 2008 1694 2040 illud
1709 2007 1771 2040 effe
1787 2016 1843 2046 ve-

974 2056 1041 2078 rum
1054 2070 1064 2085 ,
1086 2047 1106 2078 fi
1124 2055 1211 2079 tutor
1227 2049 1363 2087 coeperit
1380 2050 1510 2090 negotia
1526 2049 1740 2081 administrare
1769 2047 1842 2090 post

973 2087 1103 2133 tutelam
1118 2088 1260 2128 finitam,
1278 2089 1429 2129 judicium
1453 2090 1560 2122 tutela:
1577 2090 1708 2122 devolvi
1730 2090 1762 2122 in
1787 2099 1843 2122 ne-

972 2137 1133 2169 gotiorum
1156 2131 1315 2170 gestorum
1337 2132 1519 2164 actionem:
1547 2132 1575 2163 &
1603 2131 1746 2163 causatur
1763 2154 1773 2169 ‚
1802 2139 1840 2172 o-

973 2169 1123 2209 portuiffe
1140 2180 1212 2203 eum
1229 2180 1246 2203 a
1262 2170 1428 2214 semetipso
1446 2173 1576 2204 tutelam
1599 2174 1739 2214 exigere.
1760 2171 1840 2204 Hoc

974 2211 1125 2251 Ulpianus
1155 2214 1182 2244 d.
1208 2213 1227 2243 i.
1257 2220 1303 2253 13.
1334 2214 1363 2245 δι
1390 2223 1468 2245 mox
1492 2213 1652 2254 subjicitur
1682 2222 1723 2245 ex
1754 2212 1839 2253 Gajo

972 2252 991 2282 l.
1018 2261 1064 2292 14.
1108 2252 1138 2284 Si
1163 2253 1233 2292 post
1259 2254 1460 2294 pubertatem
1484 2263 1630 2295 ternpore
1653 2255 1780 2295 aliquo,
1803 2255 1842 2287 li-

973 2301 1026 2324 cet
1059 2294 1266 2333 breviffimo‚
1309 2295 1511 2328 intermiserit
1540 2295 1841 2329 administrationem

973 2341 1088 2373 tutor,
1123 2335 1240 2367 deinde
1269 2338 1405 2376 coeperit
1432 2346 1559 2378 gerere:
1595 2336 1658 2368 fine
1688 2337 1749 2369 ulla
1784 2339 1841 2370 du-

971 2375 1128 2407 bitatione
1164 2385 1227 2407 tam
1258 2377 1393 2417 tutelae,
1427 2386 1521 2418 quam
1551 2379 1753 2418 negotiorum
1783 2389 1839 2421 ge-

971 2415 1090 2448 storum
1126 2418 1244 2457 judicio
1283 2427 1356 2449 cum
1397 2429 1437 2450 eo
1473 2418 1630 2460 agendum
1660 2418 1714 2451 est.
1758 2419 1839 2453 Sen-

971 2456 1019 2488 sus
1043 2457 1134 2497 Gaji,
1159 2458 1220 2489 esse
1243 2460 1351 2490 tutelae
1373 2460 1530 2501 agendum
1553 2460 1594 2491 de
1616 2469 1656 2491 eo
1680 2462 1768 2501 quod
1790 2457 1837 2494 est

970 2498 1091 2538 gestum
1113 2508 1186 2530 ante
1210 2500 1430 2539 pubertatem:
1455 2501 1656 2542 negotiorum
1680 2510 1759 2534 vero
1781 2512 1838 2544 ge-

970 2541 1087 2571 storum
1118 2542 1157 2572 de
1187 2548 1227 2571 eo
1263 2543 1351 2581 quod
1383 2541 1453 2582 post
1485 2542 1686 2582 pubertatem
1715 2543 1835 2584 gestum

971 2579 1036 2653 estss:F
1067 2580 1088 2612 si
1112 2583 1320 2613 intervenerit
1344 2590 1468 2624 tempus
1490 2583 1639 2624 aliquod,
1667 2581 1744 2617 licet
1765 2585 1836 2616 bre-

972 2632 1001 2653 vi
1030 2631 1137 2654 imum.

1010 2662 1108 2703 lgitur
1129 2663 1216 2705 quod
1244 2663 1384 2704 gestum,
1413 2664 1445 2696 id
1475 2663 1538 2704 est,
1567 2664 1834 2704 administratum,

969 2712 1134 2742 curatum,
1166 2705 1321 2737 servatum
1352 2706 1433 2744 erit,
1463 2705 1503 2737 de
1533 2715 1574 2737 eo
1604 2708 1694 2738 datur
1713 2715 1730 2736 a
1752 2705 1836 2737 Prae·

970 2752 1041 2776 tore
1063 2746 1180 2777 directa
1203 2747 1311 2777 tutelae
1333 2747 1427 2778 aetio.
1464 2747 1504 2779 de
1532 2748 1600 2779 aliis
1629 2755 1692 2777 non
1716 2746 1832 2784 datur;

970 2784 989 2816 fi
1013 2785 1189 2825 spectemus
1214 2786 1318 2818 Edisti
1348 2788 1456 2820 verba.
1487 2789 1587 2829 quid,
1623 2786 1643 2817 fi
1667 2787 1834 2819 mentem?

970 2824 1023 2857 sub
1043 2826 1131 2867 gesto
1154 2828 1280 2859 videtur
1304 2828 1426 2860 Praetor
1447 2830 1541 2860 etiam
1565 2835 1628 2858 non
1650 2825 1770 2866 gestum
1785 2836 1834 2858 es-

969 2865 998 2897 se
1019 2868 1230 2908 complexus:
1263 2870 1328 2910 pari
1358 2870 1510 2910 loquendi
1538 2867 1640 2899 forma
1670 2875 1763 2907 quarn
1792 2868 1832 2900 ad

967 2906 1158 2941 Terentium
1179 2933 1188 2948 ,
1226 2909 1349 2952 Adelph.
1388 2919 1414 2942 1.
1439 2920 1466 2941 2.
1489 2918 1536 2948 25.
1567 2908 1596 2937 in
1629 2907 1677 2938 his
1705 2908 1833 2947 verbiS,

967 2948 1055 2992 ,Quod
1077 2956 1110 2981 zu
1132 2949 1232 2991 fecisti
1259 2953 1371 2991 inopia,
1401 2951 1547 2982 observat
1570 2947 1739 2979 Donatus:
1769 2949 1834 2981 No-

968 2997 999 3020 za
1014 3013 1023 3029 ,
1045 2992 1210 3031 inquiens,
1231 2991 1324 3034 feristi
1346 2992 1377 3023 iri
1398 3001 1426 3022 eo
1454 2989 1528 3030 quod
1551 2986 1651 3029 fignat
1679 2998 1737 3020 non
1758 2988 1834 3028 feci-

960 3029 1013 3071 sti.
1055 3031 1222 3073 Competit
1253 3034 1349 3075 igitur
1378 3041 1418 3062 ex
1447 3029 1550 3060 Edicti
1581 3029 1684 3061 verbis
1714 3031 1833 3063 direstz

970 3073 1078 3104 tutelae
1100 3075 1181 3106 aetio
1205 3075 1244 3106 de
1268 3085 1308 3105 eo
1333 3072 1419 3113 quod
1441 3069 1561 3110 gestum
1584 3069 1645 3109 est;
1677 3080 1718 3102 ex
1742 3080 1831 3103 men-

969 3119 1002 3143 te
1023 3123 1127 3146 autem
1150 3116 1180 3147 ἂ
1210 3115 1363 3146 sententia
1393 3111 1476 3142 utilis
1507 3111 1547 3141 de
1577 3118 1618 3141 eo
1646 3112 1734 3151 quod
1765 3122 1832 3145 non

968 3152 1013 3185 est
1034 3154 1166 3195 gestum.
1189 3156 1232 3187 ita
1255 3153 1378 3192 accipio
1403 3151 1571 3191 Ulpianum
1593 3150 1613 3182 Ι.
1635 3161 1665 3191 4.
1688 3152 1718 3194 §.
1739 3162 1768 3194 3.
1789 3153 1833 3185 D.

968 3194 1041 3228 Rem
1058 3198 1151 3239 pupil.
1175 3197 1221 3228 vel
1242 3194 1358 3267 agolllesc.
1379 3192 1453 3233 salv.
1469 3192 1531 3234 for.
1562 3200 1599 3224 ac
1621 3202 1662 3225 ue
1691 3193 1839 3226 dceffent

1728 3243 1836 3267 exem·
