2036 3495
167 100 243 138 ης
613 85 967 122 (ὶῑξιὶΑκΒΙ

178 178 311 222 temporis
327 176 662 211 utilitasintervenerit.
692 173 814 205 Verum
839 173 904 204 hoe
921 180 1053 213 quoque

176 223 253 260 quid
273 222 368 258 velit,
385 218 515 257 exposui
534 219 560 247 d.
580 220 644 246 c.6.
662 214 714 245 Ne
735 215 811 246 illud
830 215 959 254 quidem
976 223 1052 254 prae-

178 263 356 294 termittere
379 259 519 290 sustinuit
543 257 696 297 Ulpianus
723 258 749 287 d.
773 256 790 286 l.
810 266 837 293 4.
864 255 890 297 §.
913 264 936 287 1.
962 256 1051 295 quod

176 304 334 335 interdum
356 302 455 331 debet
478 299 602 338 judex,
627 307 665 328 ex
693 296 753 328 hac
780 297 906 327 afflone
930 306 1051 338 cogno-

175 346 282 381 scens,
307 351 378 373 cum
404 340 440 372 fit
463 340 646 377 arbitraria,
671 348 759 370 reuin
786 337 960 370 absolvere.
986 347 1052 378 quo

177 385 300 418 niodo?
317 383 467 413 cautione
483 381 523 411 ab
539 391 579 411 eo
591 379 700 411 exasi‘ta
716 382 756 410 de
773 388 907 420 pecunia
925 381 967 410 i'bi
990 379 1050 411 sol-

176 426 300 463 venda,
324 424 375 454 ubi
395 421 540 462 promissa
557 422 611 452 cst.
637 430 702 452 nec⁴
721 421 876 459 exemplis
896 419 1051 452 abstinet:

175 477 211 498 ea
236 465 382 505 exempla
409 464 496 502 sunt3
521 463 608 505 Quid
634 471 737 500 enim,
761 461 781 493 fi
804 462 846 492 ibi
877 462 927 493 vel
944 463 1052 493 oblata

175 508 310 549 pecunia
321 506 419 536 actori
440 506 582 542 dicatur,
597 505 647 535 vel
667 502 827 543 deposita,
847 503 896 533 vel
915 513 954 534 ex
975 502 1047 534 faci-

179 550 198 589 li
216 547 390 578 solvenda?
411 556 519 578 nonne
531 546 661 577 debebit
678 544 838 576 interdum
855 545 1049 575 absolvere?

174 589 277 621 sensus
295 589 358 625 est,
383 587 524 628 judicem
545 588 663 618 debere
682 587 841 616 interdum
865 585 1050 616 absolvere:

175 629 547 670 inclusainterrogationi
565 626 782 665 responsione:
802 634 836 657 ut
854 625 943 667 saepe.
962 626 1052 668 Quid

177 682 254 713 ergo
280 672 349 704 est?
376 672 526 709 Ulpianus
553 671 583 700 in
610 669 739 707 summa,
769 667 898 708 inquit,
922 668 1051 707 aequita·

176 722 243 745 tem
269 722 342 744 ante
365 713 477 743 oculos
505 711 622 742 habere
647 710 744 741 debet
768 709 871 750 judex
896 708 950 750 qui
975 708 1050 740 huic

177 754 293 787 actioni
311 755 454 785 addieius
474 752 531 784 est.

217 795 297 828 Satis
317 797 356 826 de
366 796 536 834 aequitate,
553 792 670 832 judicis
689 792 819 824 arbitrio
832 792 928 823 aiiori
948 791 976 822 δί
994 801 1049 822 reo

179 838 361 870 exbibenda
388 845 460 866 cum
488 845 527 865 ex
554 835 655 865 Edicit
673 835 799 871 vei-bis,
824 843 890 865 tuin
919 843 958 865 ex
983 833 1051 873 ejus

176 879 352 919 sententia:
377 876 429 908 nifi
455 886 473 906 e
497 886 530 907 re
555 876 669 914 fuerit,
694 876 797 906 adbuc
815 876 949 915 inquiri,
974 874 1049 915 quid

177 921 242 961 prae
270 920 299 951 se
325 919 407 950 ferat
432 916 586 957 Ulpianus
610 918 629 947 l.
648 925 714 956 peri.
741 916 779 948 D.
797 917 822 947 b.
842 922 861 947 t.
881 917 985 947 verbis
1006 916 1048 946 se-

174 962 366 1002 quentibus:
392 960 421 990 Is
445 962 496 1000 qui
521 964 594 989 certo
620 959 675 989 loco
702 961 770 989 clare
784 959 944 998 provintie,
969 957 1049 987 millo

174 1004 230 1034 alio
245 1003 320 1041 loco,
345 1011 433 1042 quam
448 1004 478 1031 in
495 1010 549 1041 quo
562 999 708 1039 proi-nisit,
731 1000 838 1037 salvere
855 1001 947 1029 invito
956 996 1048 1038 stipu-

175 1045 266 1075 latore
277 1043 377 1084 potest.
405 1043 483 1074 Item
502 1041 576 1081 quid
601 1039 729 1071 affectet
756 1040 927 1079 Venulejtis
943 1041 962 1070 i.
984 1049 1049 1080 137.

177 1086 206 1128 §.
227 1096 254 1117 2.
277 1085 316 1116 D.
332 1088 366 1116 cie
382 1086 460 1114 verb.
484 1084 566 1123 oblig.
591 1082 631 1113 sic
659 1081 811 1113 scribens:
835 1081 933 1122 anue
953 1087 1048 1110 trans-

176 1126 238 1158 acto
253 1150 261 1166 ‚
286 1126 421 1168 quamvis
448 1123 544 1155 Romae
567 1123 751 1164 renzmiskrii,
776 1133 825 1153 nec
846 1121 929 1163 poffit
948 1119 1050 1162 Ephesi

173 1170 328 1209 pecuniam
344 1170 429 1197 dare:
452 1166 638 1196 nibilominus
661 1167 686 1195 ei
709 1164 781 1194 reete
797 1165 981 1194 condicatur:
1004 1164 1050 1193 vel

177 1210 248 1250 quia
261 1216 312 1250 per
328 1207 420 1249 ipsimi
429 1205 563 1248 steterit,
588 1216 641 1247 qno
660 1207 754 1236 minus
773 1203 876 1245 prefi
892 1206 990 1241 demet,-
1005 1204 1051 1235 vel

177 1253 312 1292 quoniam
326 1257 379 1290 per
395 1249 487 1280 alium
513 1246 618 1287 Ephesi
639 1246 719 1288 poffit
737 1248 818 1281 (Ιανίς
844 1246 889 1276 vel
904 1247 973 1286 quia
990 1247 1050 1276 ubi-

175 1302 231 1333 que
249 1291 340 1333 potest
362 1290 479 1326 solvere.
511 1289 633 1328 Aliquis
659 1296 770 1328 putet,
802 1288 870 1318 liaec
894 1296 1050 1327 pugnare:

177 1334 233 1365 led
249 1342 313 1365 non
333 1338 496 1374 pugnant3
513 1330 542 1362 &
561 1339 653 1360 verus
665 1329 709 1360 est
721 1338 854 1368 uterque
872 1329 980 1360 locus:
997 1337 1049 1368 ap-

177 1376 281 1412 tatus,
303 1382 337 1406 ut
356 1380 507 1414 oportet,
531 1370 753 1410 superioribus.
780 1369 848 1401 sane
867 1371 942 1409 quid
963 1377 1049 1401 vetat

176 1415 323 1457 admitti,
347 1417 435 1455 quod
453 1414 495 1443 ait
513 1411 686 1451 Ulpianus,
704 1421 775 1442 eum
793 1411 846 1451 qui
866 1420 957 1441 cci-to
975 1412 1050 1441 loco

176 1456 340 1498 promisit,
363 1464 426 1486 non
447 1453 534 1493 posse
551 1454 653 1483 invito
678 1453 861 1491 stipulatore
882 1451 1004 1483 solvere
1022 1461 1049 1482 a·

176 1499 223 1530 lio
240 1499 333 1534 loco,
357 1505 451 1536 quam
469 1495 500 1525 in
518 1503 582 1533 quo
600 1494 761 1533 promisit,
779 1493 832 1525 nisi
849 1493 884 1525 sit
905 1502 1048 1534 paratus,

175 1540 346 1572 utilitatem
365 1537 428 1568 loci
453 1535 677 1566 contrahendo
694 1534 816 1566 definiti
837 1535 958 1566 solvere
975 1544 1050 1575 praa-

179 1587 228 1612 ter
252 1579 378 1610 sortem.
402 1586 473 1608 nam
499 1576 563 1607 huc
601 1578 738 1607 evadere
768 1575 832 1615 eju's
859 1576 1054 1614 doctrinam,

176 1622 207 1653 in
233 1619 447 1660 superioribus
471 1618 625 1658 apparuit.
650 1617 722 1649 Nec
747 1619 810 1648 alio
831 1627 963 1658 pergere
987 1617 1048 1647 Ve—

176 1662 335 1702 nuiejum‚
359 1659 601 1691 existimandum
631 1659 685 1690 eli.
709 1667 779 1690 nam
797 1668 829 1689 ut
849 1660 952 1696 dicat,
977 1668 1049 1689 enm

175 1704 228 1743 qui
248 1703 416 1744 pecuniam
436 1708 526 1732 certo
551 1701 625 1731 loco
646 1699 805 1740 promisit,
830 1700 916 1740 posse
932 1700 1050 1739 ubique

172 1744 313 1778 solvere:
338 1752 441 1775 tamen
460 1742 491 1774 id
510 1743 639 1773 demum
661 1749 769 1780 tenet,
793 1742 898 1772 oblata
915 1741 1050 1772 credito-

173 1787 205 1819 ri'
219 1785 305 1818 simul
325 1785 458 1825 pecunia
475 1784 599 1821 debita,
624 1783 711 1814 simul
729 1793 769 1814 eo
787 1783 873 1822 quod
891 1783 954 1822 ejus
972 1783 1050 1813 inte-

174 1827 235 1860 rest
260 1835 328 1859 earn
356 1825 418 1858 effe
443 1826 525 1857 loco'
546 1825 667 1864 placito
687 1824 829 1855 solutam.
854 1824 906 1855 Sic
926 1824 1050 1855 constat

174 1869 300 1908 utrique
317 1868 347 1900 &
366 1867 506 1908 Ulpiano
525 1867 553 1898 δι
579 1864 740 1906 Venuleio
757 1866 858 1896 ratio:
882 1866 911 1897 δι
931 1865 1048 1904 accipi-

176 1913 294 1943 endum
312 1910 376 1941 hoc
396 1917 529 1950 quoque
547 1908 646 1938 modo
664 1907 869 1947 estaJuiiano
886 1906 1003 1939 dictum
1015 1907 1046 1939 in

176 1952 196 1986 l.
219 1956 263 1983 16.
281 1952 310 1994 §.
329 1960 353 1982 1.
370 1951 416 1982 D.
434 1952 467 1981 cle
477 1947 666 1991 fidejztfforib.

219 1992 360 2033 Exposui
377 1992 496 2032 Judicis
515 1990 657 2022 officium
683 1991 767 2021 inter
785 1989 1002 2030 stipulatorem
1021 1990 1050 2021 &

177 2034 416 2075 promissorem,
441 2035 524 2064 inter
547 2041 627 2073 quos
652 2032 758 2063 locum
786 2031 883 2062 habet
898 2041 938 2063 ex
954 2031 1049 2071 stipu-

176 2077 245 2109 latu
264 2076 345 2107 actio
372 2075 456 2105 utilis
475 2074 536 2106 live
553 2072 733 2111 arbitraria,
757 2072 778 2104 fi
797 2073 924 2113 quando
940 2081 1050 2113 agatur

177 2117 241 2150 alio
259 2118 334 2150 loco
347 2140 357 2155 ,
372 2116 454 2147 facta
472 2116 638 2147 mentione
648 2115 713 2155 ejus
730 2124 794 2154 quo
812 2115 956 2145 debetur.
977 2115 1049 2144 Pro-

178 2160 264 2192 xima
282 2156 471 2190 consultatio
489 2158 567 2195 erit;
583 2166 620 2187 an
638 2157 668 2186 id
687 2157 847 2196 pei-tingat
864 2164 995 2195 quoque
1011 2156 1049 2187 ad

178 2200 392 2240 fidejussorem
405 2199 456 2239 qui
468 2208 526 2239 pro
537 2197 721 2238 promissore
734 2197 916 2228 intervenit.
927 2195 1049 2227 causam

178 2243 340 2281 quaerendi
361 2241 451 2272 dedit
469 2239 587 2279 specics
607 2248 645 2270 ex
666 2238 818 2270 Africano
831 2238 964 2277 sequens
984 2238 1012 2268 in
1031 2238 1049 2268 l.

178 2288 206 2317 8.
226 2283 265 2314 D.
283 2286 310 2314 h.
327 2288 347 2313 t.
364 2281 418 2313 Tu
437 2289 566 2312 centum
586 2280 703 2320 Capuae
728 2281 791 2311 dai-i
808 2278 992 2319 stipulatus,
1016 2277 1049 2309 fi-

179 2324 367 2364 deiussorem
386 2321 544 2362 accepisti.
567 2322 696 2353 debitor
714 2322 744 2352 in
761 2330 849 2352 mora
867 2319 920 2352 est.
941 2322 989 2361 jtis
1005 2320 1050 2351 est

179 2367 258 2404 tibi,
282 2365 427 2397 adversus
453 2373 524 2395 eum
551 2364 651 2402 alibi,
676 2372 769 2403 quam
795 2362 933 2403 Capuae,
956 2371 1050 2402 agere

180 2407 304 2438 afflone
326 2407 487 2438 arbitraria
521 2405 557 2436 ad
586 2414 716 2436 centum
742 2414 752 2443 3
782 2406 907 2443 eritque
931 2403 1051 2443 Judicis

177 2447 363 2486 aestimatio,
386 2447 494 2488 quanti
515 2454 566 2477 tua
582 2446 720 2482 interfit.
738 2455 805 2477 eam
826 2445 976 2476 summam
996 2445 1051 2475 Ca·

179 2498 249 2530 puae
267 2489 327 2520 ess'e
349 2489 492 2520 solutam.
533 2488 638 2519 ldem:
663 2487 682 2518 si
703 2487 861 2527 fidejussor
875 2486 1055 2526 interpella-

180 2535 253 2566 tus,
278 2538 312 2560 ut
330 2530 429 2561 solvat
447 2530 583 2569 Capuae,
607 2528 653 2560 cst
677 2529 707 2560 in
725 2537 829 2560 mora:
847 2538 917 2559 nain
932 2528 984 2559 vel
1001 2528 1054 2558 ille

181 2571 224 2605 fic
242 2579 369 2602 tenetur
385 2572 444 2603 hac
468 2570 594 2602 actione
615 2579 677 2602 tam
703 2571 741 2601 ad
765 2570 796 2601 id
815 2573 902 2610 quod
923 2568 1051 2600 interest

180 2611 368 2648 creditoris,
392 2612 510 2652 Capuae
528 2611 664 2643 solutum
682 2611 762 2648 effe,
787 2620 881 2651 quam
899 2612 937 2641 ad
957 2610 1052 2649 ipsam

179 2655 308 2687 sortem.
333 2651 413 2684 lllud
436 2652 616 2694 quaesitum:
639 2662 793 2693 quatenus
818 2660 962 2683 teneatur
978 2652 1053 2683 fide·

180 2695 297 2738 jussor,
320 2703 409 2725 mora
426 2703 488 2726 non
505 2704 521 2725 a
538 2695 585 2734 se,
611 2694 662 2725 sed
690 2703 776 2725 areo
797 2693 978 2734 principali,
1002 2693 1052 2723 ad·

181 2736 279 2769 rniss'a.
297 2744 400 2774 pone:
416 2745 487 2766 reus
502 2737 739 2776 interpellatus,
756 2744 791 2766 ut
805 2735 903 2766 solvat
920 2734 1036 2773 Capuae
1048 2756 1058 2773 ,

181 2788 247 2813 non
267 2776 381 2815 solvit,
403 2776 457 2807 etsi
482 2776 593 2815 poss'et.
619 2778 780 2813 creditor,
804 2776 910 2808 eiecto
934 2775 1059 2814 fidejus-

183 2821 273 2859 fore,
297 2819 385 2864 quod
402 2816 430 2848 ei
448 2815 562 2861 licebat
575 2840 584 2856 ,
606 2828 680 2849 ante
702 2819 869 2850 inventum
888 2827 904 2848 a
918 2817 1059 2857 justinia-

184 2872 228 2894 no
253 2860 372 2892 ordinis
397 2857 588 2890 beneficium
604 2882 614 2897 ‚
637 2860 725 2891 illum
747 2861 902 2892 convenit
928 2859 1056 2890 arbitra-

184 2905 230 2936 ria
245 2901 371 2934 actione
387 2901 427 2931 de'
446 2908 487 2930 eo
506 2900 593 2937 quod
609 2909 699 2931 cerro
717 2902 810 2933 loco:
834 2900 982 2941 potestne
1006 2899 1057 2939 Ju-

186 2947 251 2976 dex
274 2953 348 2975 eum
365 2942 579 2985 condemnare
597 2943 634 2970 ad
651 2942 828 2979 promissam
852 2942 968 2974 sortem
992 2948 1058 2972 tan·

186 2995 276 3024 tum,
299 2994 338 3016 an
363 2984 458 3016 etiam
482 2982 520 3013 ad
544 2981 575 3012 id
599 2982 686 3018 quod
711 2991 863 3021 praeterea
888 2983 1058 3015 creditoris

186 3025 335 3064 interest,
358 3035 427 3057 eam
445 3023 562 3068 Capuae
584 3022 715 3053 solutam
735 3023 822 3055 effe?
848 3024 935 3055 forte
951 3025 1056 3062 dices,

185 3069 307 3100 moram
337 3068 381 3098 rei
411 3064 590 3107 principalis
620 3072 738 3095 nocere
775 3063 941 3104 fidejussori
966 3066 986 3096 i.
1008 3070 1057 3100 88.

186 3109 231 3141 D.
254 3112 287 3140 de
308 3110 386 3139 verb.
415 3108 500 3147 oblig.
524 3105 543 3137 l.
569 3115 616 3144 24.
639 3104 669 3146 §.
700 3113 727 3135 1.
754 3105 800 3135 D.
818 3107 850 3134 de
877 3108 982 3141 usuris.
999 3115 1060 3137 nec

187 3150 294 3193 potest
310 3151 435 3191 negari,
459 3148 480 3181 fi
496 3147 564 3188 quis
579 3144 731 3188 protniss'o
747 3145 857 3184 servo,
880 3147 968 3178 dedit
984 3147 1060 3179 fide-

186 3191 335 3234 jtnffo‘rem
345 3214 356 3231 ,
372 3192 401 3223 &
416 3191 521 3224 servus
538 3187 666 3222 deceffit
683 3186 755 3228 post
771 3195 896 3220 moram
911 3187 957 3220 rei
974 3188 1061 3229 ptin-

1016 82 1056 119 N
1063 82 1066 124 j

1088 93 1279 120 oonr
1337 84 1551 121 Contu.

1096 173 1225 214 cipalis,
1249 181 1312 206 tarn
1335 173 1543 215 fidejussoris,
1567 180 1659 221 quam
1675 174 1719 206 rei
1737 172 1967 214 obligationem

1097 219 1208 247 durare
1219 217 1257 247 ad
1275 216 1514 249 aestimationem
1535 215 1631 247 servi:
1649 216 1700 256 qui
1720 224 1863 246 mortuus
1876 237 1885 252 ,
1900 217 1963 256 ipse
2012 225 2015 231 ·

1093 257 1154 296 jam
1165 257 1298 297 praestan
1309 260 1430 298 aequin
1444 259 1462 289 l.
1474 257 1560 299 525.§.
1574 267 1596 288 1.
1612 257 1648 287 D.
1665 255 1886 299 tiefttlijiiffarih.
1899 257 1962 290 Sed

1097 300 1269 329 commode
1285 299 1509 331 animadvertit
1534 298 1724 337 Africanus,
1750 309 1778 329 in
1801 297 1967 337 praescntia

1095 347 1161 370 non
1180 339 1276 371 verti:
1298 350 1335 372 an
1363 340 1522 380 fidejtiss'or
1541 364 1549 379 ‚
1575 348 1707 380 propter
1731 348 1850 370 moi-ani
1876 340 1962 371 debi-

1097 381 1347 418 toris,teneatui·
1361 382 1522 422 principali
1542 380 1756 421 obligatione:
1774 380 1824 410 sed
1835 389 1870 410 an
1883 381 1961 412 ultra

1094 430 1162 452 eain
1174 430 1318 454 teneatur
1327 425 1365 455 ad
1383 425 1412 454 id
1431 425 1516 463 quod
1534 423 1647 454 attoris
1660 420 1959 460 praetereainterest.

1097 463 1160 492 boc
1181 472 1259 494 vero
1270 466 1576 504 negatzarbitiatus,
1594 463 1778 504 fidejussoris
1796 462 1965 503 obligatioa

1094 513 1329 543 nem‚propter
1353 505 1443 545 ipsius
1469 508 1596 546 quidem
1614 515 1734 536 moi-arn
1759 513 1882 544 augeri3
1912 504 1963 536 sed

1094 554 1158 576 non
1177 554 1311 584 propter
1321 555 1440 578 morani
1460 548 1502 578 rei
1520 548 1967 586 principalis:consequenter*

1095 585 1179 617 effici
1195 595 1282 617 mora
1302 589 1365 625 rei,
1377 597 1409 618 ut
1427 588 1490 628 ipse
1508 589 1587 620 ultra
1604 588 1717 619 sortem
1728 585 1966 625 officiojudicis·

1096 629 1263 658 damnetur
1279 630 1316 658 aa
1341 630 1371 658 id
1396 630 1482 669 quod
1499 631 1612 661 aCtot-is
1637 629 1787 667 interest,
1813 638 1881 659 eam
1907 627 1965 659 Ca-

1097 677 1166 716 puae
1184 668 1316 713 solut-am
1334 668 1409 700 ess‘e:
1431 669 1480 702 scd
1501 680 1565 702 non
1591 680 1681 710 aeque
1706 670 1808 707 effici,
1834 679 1865 699 ut
1885 667 1963 700 fide-

1093 709 1188 749 Juflor
1205 712 1243 740 ad
1262 711 1293 741 id
1311 713 1396 750 quod
1417 711 1542 742 interest
1562 713 1727 743 damnetur
1746 710 1963 742 ultiasortem.

1093 750 1256 797 Videlieet
1280 751 1341 782 sors
1366 751 1409 783 est
1439 752 1639 792 stipulatione
1665 752 1828 793 promissa:
1854 760 1884 782 at
1900 751 1967 783 bocv

1093 793 1180 832 quod
1209 793 1355 831 interest,
1380 802 1512 834 propter
1537 803 1656 824 moram
1682 793 1744 832 rei,
1782 792 1966 833 promifl'um

1094 844 1156 865 non
1176 833 1230 864 est.
1255 844 1320 865 non
1344 834 1438 875 igitur
1464 836 1506 865 est
1532 835 1675 866 debiturn
1698 835 1862 875 principali
1882 832 1963 865 obli-

1092 876 1239 916 gatione:
1263 885 1322 906 nec
1345 877 1441 916 magis
1463 875 1665 916 fidejussoria:
1688 884 1799 913 cei-io,
1816 876 1909 915 ‘quod
1929 875 1965 905 fi-

1093 916 1228 956 dejussor
1246 915 1274 947 se
1292 926 1356 947 non
1376 918 1533 958 obligavit
1553 918 1630 948 ultra
1648 926 1739 956 quam
1759 925 1965 949 teneturi'eus

1093 957 1284 998 principalis
1333 957 1385 989 Ne
1402 960 1497 1000 longe
1517 959 1656 999 petenda
1674 957 1751 989 essct
1771 957 1838 988 haec
1861 955 1966 988 distin-

1094 999 1335 1037 eti03curamnt
1356 1009 1426 1040 quae
1443 999 1585 1039 auiti-ipsi
1604 999 1743 1030 Africani
1762 999 1877 1030 verba:
1899 998 1968 1029 Nec>

1093 1042 1241 1081 oportebit,
1272 1042 1346 1082 quod
1367 1042 1442 1078 forte
1460 1048 1512 1082 per
1535 1051 1615 1072 reum
1631 1039 1764 1081 steterit,
1786 1050 1839 1082 quo
1866 1040 1963 1070 minus

1093 1088 1152 1112 tota
1179 1089 1293 1112 centum
1320 1084 1423 1122 Capuce
1451 1083 1650 1120 solveremur,
1674 1082 1871 1122 obligationem
1891 1080 1963 1120 fide-

1087 1122 1205 1164 juffiirz's
1229 1125 1339 1164 augeri.
1385 1125 1481 1164 Atqui
1506 1123 1526 1155 ss
1548 1124 1616 1164 quis
1640 1130 1788 1161 centum,
1813 1124 1841 1154 ἃ
1860 1122 1963 1154 usuras

1095 1174 1135 1195 cx
1155 1173 1241 1196 mora
1267 1165 1446 1205 stipulatur:
1470 1165 1610 1203 constat,
1635 1174 1722 1197 mora
1742 1174 1757 1195 a
1777 1174 1834 1195 reo
1852 1164 1965 1204 princi·
1982 1163 1985 1166 ’

1095 1207 1156 1246 pali
1182 1206 1325 1243 admissa,
1352 1216 1415 1238 non
1443 1208 1541 1237 modo
1566 1217 1655 1245 euin,
1682 1205 1730 1236 scd
1754 1204 1965 1245 fidejussorem

1095 1256 1245 1287 quoque,
1270 1250 1307 1278 ad
1333 1248 1433 1281 usui-as
1458 1249 1599 1290 obligari.
1627 1256 1770 1279 teneatur
1790 1248 1883 1287 igitui-
1902 1246 1966 1277 lioc

1094 1289 1244 1329 exemplo
1265 1288 1423 1328 fidejuss‘oi-
1448 1299 1510 1321 non
1535 1290 1688 1320 modoad
1710 1290 1822 1319 ioitein
1843 1287 1966 1324 stipula-

1094 1330 1182 1360 tione
1205 1330 1401 1369 promissam,
1428 1331 1477 1361 scd
1501 1332 1595 1362 etiam
1620 1330 1657 1360 azl
1681 1329 1709 1359 id
1730 1332 1814 1369 quod
1843 1328 1967 1369 ilipula-

1093 1374 1171 1402 toris
1188 1370 1295 1411 postea
1323 1373 1459 1410 coeperit
1485 1371 1630 1403 intei'ess‘e
1675 1369 1769 1401 Hunc
1787 1371 1965 1408 scrupulum

1093 1413 1144 1451 qui
1172 1422 1211 1443 ex
1240 1412 1416 1443 transverso
1444 1421 1569 1452 poterat
1592 1413 1690 1452 inici,
1718 1411 1883 1441 Africanus
1909 1411 1967 1442 sol-

1093 1454 1138 1484 vit
1158 1453 1204 1485 his
1224 1454 1349 1485 verbis:
1374 1454 1477 1494 Neque
1492 1455 1568 1484 enim
1583 1455 1637 1484 hac
1655 1461 1738 1489 causa
1761 1452 1832 1483 recle
1851 1461 1963 1487 tompu-

1095 1496 1209 1525 rabitur
1226 1496 1393 1536 obligationi
1418 1502 1572 1534 usurariam
1606 1497 1643 1524 ibi·
1666 1496 1740 1524 enim
1765 1496 1823 1523 clim·
1838 1492 1968 1534 stipula-

1096 1538 1184 1566 liones
1205 1540 1293 1573 sum,
1317 1538 1361 1566 liic
1392 1543 1486 1565 antem
1510 1547 1569 1566 urm
1591 1536 1717 1575 pecunie
1739 1533 1883 1575 [credi-[4]
1905 1531 1965 1573 est:

1095 1579 1171 1607 circa
1194 1578 1275 1617 cujus
1300 1578 1493 1607 executionem
1522 1576 1715 1616 aeJliiiiiizioiiis
1745 1577 1818 1605 razio
1844 1575 1967 1605 arbitrio

1094 1619 1211 1658 Jmii'cis
1234 1620 1430 1649 committitur.
1479 1618 1590 1648 Senius
1618 1617 1681 1655 est,
1706 1616 1786 1647 banc
1813 1615 1965 1655 ‹injustio-

1094 1669 1186 1697 nein,
1212 1667 1244 1689 ut
1270 1659 1313 1689 est
1336 1669 1352 1689 a
1371 1659 1564 1691 dissimilibus
1589 1658 1688 1695 faeta,
1714 1657 1828 1689 nullam
1848 1657 1965 1689 habere

1095 1702 1161 1731 veri
1183 1700 1454 1740 consequentiam.
1492 1701 1626 1733 Ain'tu‘?
1650 1709 1726 1740 age,
1752 1700 1962 1737 experiamur.

1097 1741 1159 1773 Ubi
1177 1744 1246 1782 quis
1271 1741 1483 1782 fidejussorem
1511 1743 1645 1782 accipit,
1669 1742 1783 1772 sortem
1811 1740 1839 1771 (St
1861 1739 1966 1771 usuras

1093 1784 1274 1824 stipulatus:
1292 1784 1360 1814 duae
1381 1783 1447 1814 sunt
1466 1783 1699 1824 stipulationes:
1718 1791 1776 1812 una
1798 1780 1904 1819 soriis,
1924 1781 1965 1812 al-

1093 1833 1159 1856 tera
1177 1825 1352 1857 usurarum:
1377 1834 1437 1856 nec
1454 1826 1508 1856 abs
1526 1835 1559 1856 re
1583 1824 1644 1861 est,
1670 1822 1881 1863 fidejussorem
1901 1831 1964 1854 tam

1092 1868 1131 1898 ad
1150 1868 1269 1904 usuras,
1294 1876 1386 1907 quam
1407 1868 1443 1897 ad
1464 1867 1578 1898 sortem
1592 1889 1599 1901 ‚
1620 1866 1795 1905 obligatum
1812 1865 1964 1904 intelligi:

1093 1918 1165 1939 cum
1191 1907 1287 1938 usurae
1311 1917 1403 1945 aeque
1429 1907 1486 1939 [int
1504 1909 1532 1938 in
1551 1906 1747 1948 obligatione
1765 1915 1824 1946 pro
1842 1915 1901 1944 qua
1919 1907 1964 1936 in-

1093 1949 1230 1981 terceffit
1248 1949 1425 1989 fidtJuffor,
1449 1959 1484 1980 ac
1506 1949 1567 1980 sors
1585 1948 1775 1989 principalis.
1817 1946 1892 1978 Hoc
1907 1945 1964 1986 igi-

1094 1999 1144 2022 tur
1163 1992 1261 2022 modo
1284 2000 1347 2021 non
1371 1999 1501 2031 augetur
1529 1989 1713 2030 fidejussoris
1742 1989 1897 2027 obligatio
1923 1996 1965 2019 ex

1092 2042 1184 2064 mora
1201 2031 1263 2063 rei:
1286 2032 1359 2071 quia
1377 2041 1448 2063 cuin
1467 2032 1709 2062 contraheretur
1726 2029 1906 2069 stipulatio,
1930 2037 1963 2059 u-

1092 2073 1167 2104 surae
1192 2083 1228 2104 ea
1253 2072 1408 2114 promisl'ae
1429 2074 1490 2113 jam
1512 2081 1577 2104 tum
1602 2072 1799 2112 obligatione
1817 2078 1965 2109 compre-

1092 2115 1325 2146 hendebantur.
1350 2115 1434 2145 aliud
1454 2124 1530 2145 vero
1547 2113 1590 2145 est
1605 2114 1635 2145 in
1653 2111 1807 2153 praesente
1825 2112 1912 2142 casu:
1931 2111 1963 2142 iii

1093 2166 1158 2197 quo
1181 2155 1226 2187 est
1243 2165 1301 2186 una
1321 2164 1442 2186 tantum
1468 2155 1624 2195 obligatio
1648 2154 1791 2194 pecuniae
1810 2153 1966 2190 crediiae3-

1092 2199 1177 2229 cii-ca
1195 2197 1282 2237 cujus
1298 2196 1526 2228 executionem
1544 2196 1711 2227 aestimatio
1733 2195 1798 2235 ejus
1816 2194 1901 2234 quod
1920 2194 1967 2224 in·-

1093 2238 1207 2275 oerest,
1231 2246 1304 2269 ante
1325 2248 1389 2269 non
1407 2239 1512 2268 debita
1527 2239 1594 2278 jure
1617 2236 1841 2277 obligationis,
1868 2234 1964 2275 inagis

1094 2279 1289 2311 extrinsecus
1307 2279 1457 2310 Praetoris
1476 2277 1673 2320 benignitate
1692 2277 1799 2317 postea
1822 2276 1939 2316 adjecia
1953 2298 1963 2313 ‚

1094 2320 1262 2360 fidejussori
1280 2330 1398 2351 nocere
1417 2330 1478 2351 non
1497 2321 1603 2352 debet.
1644 2319 1697 2350 Est
1716 2320 1808 2359 igitur
1823 2327 1881 2347 una
1900 2317 1963 2349 sors

1094 2365 1123 2393 in
1145 2362 1364 2403 obligatione,
1388 2371 1489 2401 eaque
1511 2361 1580 2401 post
1603 2370 1721 2392 moram
1747 2360 1788 2389 rei
1809 2359 1964 2397 principa-

1094 2405 1130 2435 lis
1149 2413 1213 2434 non
1233 2402 1332 2434 minus
1349 2413 1365 2433 a
1384 2402 1577 2442 fidejussore,
1603 2411 1695 2442 quain
1713 2401 1751 2430 ab
1769 2400 1824 2430 illo
1842 2400 1965 2429 debita:

1096 2445 1146 2477 sed
1162 2445 1193 2476 id
1211 2446 1298 2485 quod
1316 2453 1467 2484 praeterea
1485 2442 1613 2475 interest
1631 2442 1815 2476 creditoris,
1838 2441 1867 2470 in
1886 2440 1966 2470 obli·

1095 2487 1224 2527 gatione
1242 2495 1304 2517 non
1325 2485 1388 2524 est3
1412 2493 1523 2516 contra
1550 2484 1627 2516 foi-is
1646 2483 1769 2513 accedit
1788 2480 1895 2513 officio
1911 2480 1963 2520 Ju-

1095 2527 1174 2559 dicis
1194 2536 1233 2558 ex
1251 2526 1410 2567 postfaelo
1423 2537 1431 2564 ;
1444 2526 1581 2566 ideoque
1597 2534 1614 2555 a
1630 2523 1807 2564 fidejussore
1825 2522 1902 2554 solvi
1921 2522 1965 2553 ni·

1096 2569 1137 2600 hil
1164 2569 1296 2599 attinet:
1327 2578 1366 2599 ne
1387 2567 1555 2599 accessoria
1586 2566 1764 2606 obligatio,
1796 2566 1874 2595 citra
1900 2565 1965 2604 ejus

1097 2611 1312 2645 voluntatem,
1337 2619 1376 2640 ex
1395 2610 1438 2639 rei
1454 2618 1541 2640 mora
1558 2615 1719 2648 augeatur.
1744 2606 1822 2637 Satis
1838 2604 1967 2637 evidens

1099 2660 1164 2682 erat
1189 2651 1258 2682 haec
1281 2648 1470 2681 differentia.
1493 2650 1544 2680 sed
1570 2648 1776 2680 nihilominus
1799 2647 1895 2678 visum
1923 2647 1964 2678 A-

1101 2691 1244 2729 fricano,
1269 2701 1336 2723 earn
1356 2689 1480 2722 firmare
1496 2700 1584 2722 novo
1606 2697 1805 2731 argumento.
1831 2687 1861 2719 id
1880 2696 1969 2728 argu-

1101 2742 1243 2766 mentum
1269 2733 1331 2764 est:
1355 2734 1442 2772 quod
1469 2731 1490 2764 fi
1514 2741 1584 2773 pars
1603 2731 1745 2771 pecunia:
1767 2729 1881 2761 debitae
1899 2738 1968 2760 cre-

1102 2773 1198 2806 ditori
1216 2774 1316 2805 soluta
1333 2773 1368 2804 sit
1383 2773 1453 2814 post
1468 2782 1609 2810 moram,
1624 2774 1651 2804 &
1669 2772 1708 2803 ab
1725 2781 1765 2803 eo
1781 2771 1900 2806 reliqua
1918 2779 1971 2810 pe-

1102 2825 1203 2848 tatur:
1224 2816 1285 2856 jam
1303 2824 1367 2846 non
1392 2815 1454 2845 tale
1476 2814 1538 2846 effe
1563 2814 1659 2845 debet
1677 2812 1793 2853 Judicis
1810 2812 1969 2850 officium3

1100 2865 1138 2888 ut
1158 2857 1290 2888 aestimet
1313 2855 1480 2888 utilitatem
1511 2856 1609 2887 totius
1635 2854 1733 2886 debiti
1759 2853 1876 2894 Capuae
1903 2862 1968 2884 non

1101 2897 1214 2930 soluti:
1238 2897 1309 2938 quia
1334 2898 1429 2938 partis
1454 2897 1561 2929 solutae
1587 2896 1704 2928 sublata
1727 2895 1772 2927 est
1796 2895 1969 2936 obligatio,

1099 2941 1128 2972 ἂ
1144 2940 1226 2971 actio
1247 2949 1254 2969 :
1279 2938 1330 2970 sed
1355 2940 1462 2980 quanti
1489 2939 1602 2970 εξὶοτίε
1624 2936 1762 2976 intersit,
1785 2945 1852 2967 earn
1883 2936 1971 2965 dum-

1100 2988 1188 3013 taxat
1211 2980 1361 3012 summam
1397 2990 1465 3021 quae
1497 2989 1641 3021 petatur,
1691 2978 1807 3018 Capuae
1836 2975 1969 3019 solutam

1104 3022 1184 3054 ess'et
1208 3022 1280 3062 quia
1306 3030 1462 3062 quatenus
1487 3022 1569 3054 astio
1588 3020 1652 3059 est,
1676 3016 1968 3063 haetenus-spatas

1104 3063 1245 3096 officium
1264 3063 1326 3100 est3
1353 3064 1431 3095 ultra
1446 3073 1510 3095 non
1528 3062 1582 3095 est.
1607 3061 1664 3093 His
1683 3061 1760 3092 solet
1777 3058 1872 3097 objici
1890 3057 1908 3087 l.
1919 3066 1971 3103 54.

1104 3105 1147 3137 D.
1166 3105 1278 3137 Locatz'.
1308 3105 1370 3137 Sed
1395 3104 1523 3137 frustra:
1547 3113 1618 3136 nain
1638 3100 1782 3145 superior·
1798 3097 1969 3144 disputatio

1103 3146 1230 3179 obtinet
1247 3170 1258 3186 ‚
1289 3155 1362 3178 cum
1385 3146 1545 3188 fidejuss'oi·
1573 3142 1751 3184 simpliciter
1774 3146 1966 3171 intervenit:

1103 3188 1138 3222 id
1154 3187 1220 3229 est,
1240 3190 1274 3223 in
1287 3187 1320 3223 i‘d
1335 3187 1435 3223 solum
1454 3188 1542 3230 quod
1565 3184 1704 3220 debebat
1725 3190 1797 3216 reus
1814 3180 1971 3265 princiliiisag
