2036 3495
190 100 260 135 140
614 85 646 121 G
679 96 700 120 E
733 93 757 117 n
793 92 812 116 A
843 92 865 115 3
899 89 922 113 D
956 88 968 112 1

195 180 371 210 Perennem
379 176 561 212 hereditatis,
577 172 627 210 etfi
636 174 667 202 in
676 167 825 217 ramaftio
836 167 896 207 stt,
913 166 1010 199 habere
1025 174 1066 198 ια-

190 231 258 252 men
267 218 458 260 prestation&
475 217 614 257 quasdam
627 212 786 253 personales
797 217 854 241 :tit
864 215 958 249 puta,
973 218 1068 240 eorum

192 272 257 303 quae
271 272 287 291 a
308 260 477 290 debitoribus
494 257 568 295 sitiit
584 254 705 289 escafta3
726 256 795 283 item
807 253 977 296 precinruin.
992 292 997 297 1
1018 249 1068 296 ..Ε-11

194 301 374 333 observatio
399 300 462 329 huc
487 296 583 329 redit:
607 295 694 335 quod
720 293 907 324 hereditatis
934 299 1068 331 petitio,

197 344 264 382 ejus
279 349 420 372 naturam
443 340 480 370 ad
502 337 653 369 ,Edictum
677 334 896 375 exigentibus,
920 342 1007 364 mera
1024 332 1068 363 est

195 383 226 414 in
247 391 317 413 rem
340 382 443 419 aCtio,
469 380 610 419 ideoque
631 375 757 408 constat
784 376 951 406 dumtaxat
974 376 1068 405 rebus

192 423 411 454 hereditariis:
438 422 488 453 sed
515 419 675 457 obtinuit,
699 427 769 450 eam
794 418 889 448 etiarn
917 417 946 447 in
965 414 1070 456 perso·

195 474 266 495 nani
285 464 356 495 esse.
381 463 423 494 ita
440 463 582 500 13613111,
606 468 640 492 ut
656 469 721 491 non
739 466 861 489 tantum
880 458 992 495 rebus,
1017 456 1071 487 sed

194 507 290 537 etiam
316 503 572 547 >praestationibus
591 499 811 542 ‚personalibus
829 522 838 537 ‚
875 499 1069 543 censeretur.

194 546 276 579 Haec
288 557 368 578 vero
386 547 488 578 forma
505 547 531 576 ei
549 553 613 576 non
632 541 924 574 obvenitPraetoris
933 538 1070 577 Editio,

185 588 247 621 sed
264 598 280 619 3
294 589 504 621 Prudentibus
518 586 595 617 Furi
612 583 828 623 disputatione
845 582 1070 627 accommoda·

194 637 226 661 ta
238 630 289 662 -est
304 640 346 662 ex
362 637 471 662 mente
482 624 754 660 Senatusconsulti
765 647 774 662 ‚
792 624 831 654 ab
844 622 983 663 Ulpiano
999 631 1072 662 pro-

195 672 253 703 diti
267 672 289 704 l.
308 682 358 704 20.
375 672 405 714 §.
423 674 452 701 6.
473 670 511 701 D.
532 670 559 700 b.
572 675 599 699 12.
641 665 718 697 Non
737 674 818 705 opus
838 663 959 696 verbis:
983 664 1070 704 quod

193 713 279 753 dixi,
299 713 402 754 vliquet
420 710 586 743 manifeste
602 718 675 740 cum
695 716 735 739 ex
750 709 780 737 d.
797 706 816 750 l.
833 716 883 738 20.
902 705 929 747 §.
947 710 977 737 o.
1003 713 1070 736 tum

188 764 235 786 ex
254 755 274 786 l.
292 764 342 795 27.
361 754 392 796 §.
410 763 437 795 3.
460 753 499 783 D.
516 754 550 783 cle
566 752 607 782 rei
621 750 732 781 vindic.
764 749 841 788 quid
861 747 882 778 si
901 748 940 778 ab
958 747 1070 778 eadem

192 796 282 827 causa
297 796 359 827 fuit
376 805 392 827 a
414 794 585 826 Veteribus
603 792 803 823 dubitatum:
826 798 864 820 an
886 789 1071 834 hereditatis

189 837 402 878 petitionem,
429 846 469 867 ex
489 844 554 875 quo
570 841 718 873 tempore
732 831 834 876 etiam
852 831 881 860 in
900 831 1068 875 personam

188 879 276 910 afflo
296 878 404 910 haberi
422 879 540 917 coepit,
559 885 617 916 pro
638 876 731 905 bonae
749 872 822 903 fidei
841 871 965 904 afflone
985 880 1066 902 acci-

187 920 223 961 pi
238 928 425 961 oporteret:
441 920 538 960 idque
550 915 648 958 magis
665 915 795 956 placuit.
818 912 896 953 ι11111).
912 921 1001 944 certe
1018 913 1066 952 ju·

190 961 340 993 stinianus
356 961 398 993 sic
419 960 564 992 decrevit
579 959 607 1000 §.
624 962 671 991 28.
691 955 765 997 lust.
783 955 816 986 de
834 954 1012 993 ustionibus,
1031 953 1067 988 ἐξ

187 1003 210 1034 l.
228 1004 281 1034 uit.
296 1003 328 1045 (ᾗ.
347 1004 400 1035 ult.
418 1002 450 1037 C.
466 1003 495 1032 h.
513 1007 533 1032 t.
854 1024 857 1028 .
903 1037 908 1042 .
953 1037 956 1040 Ι

232 1045 294 1076 Sed
312 1046 389 1085 q-uid
405 1044 478 1075 est?
502 1041 669 1083 postquam
686 1038 819 1070 invaluit
835 1036 909 1068 Fori
928 1037 1066 1076 disputa-

187 1086 302 1125 itione,
318 1087 510 1127 petitionem
530 1080 715 1114 hereditatis
733 1079 795 1111 effe
812 1078 970 1109 actionem
991 1087 1068 1108 mix-

189 1136 257 1159 tam
275 1135 338 1159 13111
356 1128 387 1159 111
406 1136 492 1166 nem,
517 1133 611 1166 quarn
625 1125 656 1154 in
673 1120 859 1163 personam,
880 1129 943 1165 non
961 1119 1016 1150 abs
1035 1128 1068 1150 re

187 1169 253 1200 erit
265 1193 273 1207 ,
298 1177 333 1200 ut
351 1170 381 1201 in
395 1168 448 1200 illa
470 1169 630 1208 integrum
646 1163 841 1202 intelligatur
857 1161 976 1201 judicis
998 1160 1067 1192 offi-

192 1212 276 1242 cium
288 1234 297 1248 ‚
312 1220 385 1244 cum
403 1212 443 1242 de
460 1209 554 1241 rebus
572 1205 788 1242 hereditariis,
805 1212 871 1234 tum
890 1204 929 1233 de
948 1202 1068 1242 praesia-

186 1253 334 1284 tionibus
352 1251 588 1293 personalibus,
612 1247 709 1288 paulo
734 1245 915 1285 diligentius
931 1244 1067 1274 tractare

188 1303 232 1325 ex
256 1303 386 1333 recepta
412 1294 442 1324 in
471 1291 604 1332 persona
621 1290 649 1320 ἃ
668 1287 816 1329 petitoris
842 1286 870 1317 dt
886 1284 1066 1326 poss'efforis

187 1343 300 1366 natura
318 1336 448 1367 aetionis
465 1335 558 1365 bonae
576 1330 659 1362 fidei.

234 1377 366 1408 Prorsus
383 1376 424 1408 sic
439 1385 539 1416 agam.
579 1374 632 1404 Ait
652 1372 746 1412 igitur
761 1368 917 1410 Ulpianus
934 1367 953 1398 l.
973 1372 1019 1414 i8.
1037 1368 1065 1410 §.

189 1418 244 1450 uli.
264 1418 305 1449 J).
322 1419 350 1449 h.
369 1424 389 1449 t.
414 1415 584 1456 placuisse,
607 1415 638 1444 in
657 1413 720 1442 hoc
738 1412 889 1451 judiciuin
906 1419 1016 1440 venire
1033 1420 1065 1440 u.-

187 1459 329 1492 niversas
350 1468 398 1489 res
417 1456 641 1492 hereditarias,
657 1453 721 1484 five
736 1455 822 1492 Jura,
845 1450 908 1482 sive
926 1460 1064 1491 corpora

188 1500 258 1534 fint.
277 1501 414 1541 primum
432 1499 559 1539 attingit
575 1503 712 1535 corpora
729 1493 927 1525 hereditaria.
951 1492 1064 1524 Paulus

186 1542 210 1573 l.
230 1551 276 1578 1-9-
299 1542 369 1582 plus
389 1541 495 1578 addit,
513 1543 542 1570 ot
559 1547 623 1569 non
641 1535 849 1567 hereditaria:
867 1543 1002 1575 quorum
1021 1542 1063 1565 ta-

188 1592 261 1614 men
280 1583 457 1623 periculum
475 1581 513 1612 ad
531 1578 682 1611 heredem
701 1578 850 1617 pertinet.
897 1576 1003 1607 Lubet
1024 1576 1064 1607 de

187 1625 330 1663 utrisque
341 1623 498 1655 differ-ere.
514 1622 606 1652 initio
616 1619 703 1650 fatto
714 1618 752 1649 ab
762 1617 976 1649 hereditariis:
994 1619 1065 1657 quia

186 1666 397 1697 continentur
413 1663 630 1704 appellatione
647 1661 755 1701 petitae
773 1659 967 1690 hereditatis.
992 1659 1064 1690 talia

185 1707 257 1741 sunt
274 1716 345 1748 quae
362 1707 392 1738 in
413 1705 554 1737 defuncti
574 1703 667 1734 bonis
678 1701 788 1733 fuere:
805 1709 839 1730 ut
858 1699 877 1731 fi
896 1699 992 1730 fuerit
1007 1710 1061 1731 eo-

184 1758 275 1787 rum,
292 1757 364 1780 cum
380 1749 523 1784 viveret,
540 1745 709 1781 dominus3
732 1742 785 1773 etsi
804 1742 870 1772 aliis
885 1742 948 1781 jam
966 1742 1004 1773 ab
1022 1751 1062 1773 eo

181 1790 242 1823 fint
259 1790 385 1831 pignori
404 1789 545 1829 obligata
565 1786 584 1817 l.
596 1795 646 1826 54.
666 1784 695 1825 §.
717 1793 740 1814 1.
759 1783 801 1814 D.
818 1784 847 1814 h.
866 1788 887 1813 t.
913 1793 977 1814 non
995 1793 1062 1815 iiiu-

184 1839 255 1863 tato
273 1831 337 1862 hoc
354 1830 454 1862 modo
472 1828 628 1861 dominio.
661 1827 750 1857 ldem
769 1824 939 1856 dicendum
957 1825 996 1856 de
1015 1825 1062 1857 his

184 1882 257 1913 quae
270 1882 333 1904 non
352 1872 482 1911 quidem
500 1870 529 1901 in
549 1868 715 1905 dominio,
732 1866 786 1897 sed
802 1868 832 1896 in
848 1866 935 1904 jure,
953 1866 1060 1898 fuere:

185 1924 258 1946 narn
278 1914 307 1945 &
327 1914 379 1945 illa
399 1913 428 1944 in
447 1913 540 1944 bonis
559 1909 629 1941 sunt
646 1909 666 1939 l.
682 1918 730 1948 49.
752 1907 794 1939 D.
811 1908 844 1937 de
862 1907 1060 1949 verh.figrzif.

185 1957 259 1995 fac,
283 1956 368 1987 bona
393 1953 456 1986 fide
479 1952 541 1985 esse
558 1949 688 1992 pos'sess'a
706 1959 746 1980 ex
763 1948 856 1980 causa
870 1949 965 1989 justa,
990 1959 1062 1981 cum

187 1999 275 2029 enim
297 2007 338 2029 ex
364 2006 401 2028 ea
427 1997 520 2027 detur
543 1992 626 2024 attio
644 1991 825 2023 Publiciana
841 2013 850 2027 ,
871 1990 1062 2022 Modestino

186 2040 284 2070 etiam
307 2039 338 2070 in
364 2038 456 2069 bonis
479 2037 628 2068 videntur
651 2033 671 2064 l.
687 2043 737 2073 52.
757 2033 803 2063 I).
825 2033 858 2062 de
874 2034 988 2073 adqziz'r.
1005 2043 1060 2077 rer.

186 2082 292 2112 domin.
315 2081 456 2120 ideoque
482 2077 582 2110 Paulo
606 2077 634 2106 zi.
659 2075 677 2105 l.
701 2083 745 2109 19.
771 2073 856 2105 recte
875 2073 1064 2106 hereditaria

189 2124 350 2153 dicuntur.
378 2120 411 2152 ln
427 2121 542 2151 eodem
559 2125 694 2148 numero
709 2116 793 2146 idern
810 2116 921 2146 Paulus
931 2116 990 2147 d.l.
1007 2125 1064 2157 po·

186 2164 235 2194 nit
255 2173 305 2194 res
330 2161 484 2193 defuncto
511 2159 667 2200 obligatas
693 2158 836 2197 pignori:
861 2165 933 2188 curn
955 2167 1062 2189 earum

184 2204 318 2236 nomine
331 2210 497 2244 competat
515 2199 789 2242 hypothecariam
807 2207 873 2229 rein
883 2199 976 2230 actio.
999 2199 1062 2230 Sed

186 2245 392 2278 Modestinus
410 2246 439 2275 d.
456 2244 474 2274 l.
491 2253 541 2283 52.
564 2241 624 2279 ait,
648 2241 678 2272 in
704 2240 798 2271 bonis
825 2248 977 2279 praeterea
1000 2240 1062 2272 effe

185 2288 217 2319 in
245 2286 359 2327 quibus
385 2284 536 2326 possessor
559 2283 656 2315 habet
677 2282 910 2314 retentionem:
934 2283 1063 2322 petitio·

187 2338 260 2360 nem
279 2338 343 2360 non
361 2327 468 2358 habet.
484 2325 669 2365 exemplum
687 2325 718 2355 in
734 2324 762 2353 d.
779 2323 798 2352 l.
822 2331 865 2358 19.
882 2323 910 2365 §.
923 2333 940 2355 2
969 2323 990 2355 fi
1010 2325 1062 2355 de-

186 2370 333 2407 functus,
356 2378 429 2400 cuin
454 2377 520 2399 rem
543 2367 607 2399 sine
629 2365 720 2396 causa
736 2364 925 2405 possideret,
951 2366 1061 2396 condi·

186 2413 278 2443 tione
303 2411 427 2449 delata,
448 2410 619 2450 juraverit,
643 2416 709 2438 rem
733 2415 799 2437 non
825 2405 886 2437 effe
904 2407 1061 2446 petitoris.

187 2454 314 2493 accepit
339 2454 424 2483 enim
451 2460 515 2482 non
538 2450 719 2486 actionem,
744 2447 796 2478 sed
813 2450 1059 2488 exceptionem:

188 2493 260 2535 quia
281 2495 405 2534 jurans,
429 2502 495 2524 rem
515 2501 580 2523 non
599 2490 662 2522 esse
679 2490 843 2530 petitoris,
866 2499 930 2520 non
950 2489 1061 2530 utique

184 2536 320 2576 iuravit,
344 2544 411 2566 rem
437 2534 519 2565 suam
547 2532 618 2564 esse.
642 2532 753 2563 habuit
776 2531 872 2571 igitur
889 2530 1059 2562 defunctus

188 2586 229 2608 ex
244 2577 443 2616 jurejurando
460 2575 694 2611 retentionem,
711 2572 868 2603 athonem
881 2582 946 2603 non
965 2573 1061 2604 habu-

188 2619 230 2650 it:
247 2618 318 2648 &in
337 2617 401 2648 hoc
417 2616 557 2649 defuncti
571 2616 619 2655 jus
637 2614 779 2645 succeffit
790 2613 901 2646 heres:
917 2623 978 2645 nec
994 2613 1061 2645 fue-

186 2661 228 2692 rit
244 2657 431 2696 absurdum,
454 2659 530 2689 tales
554 2667 603 2688 res
619 2656 772 2687 hactenus
787 2654 855 2686 fieri
876 2655 1061 2687 hereditari-

186 2710 241 2739 ns3
259 2708 293 2730 ut
309 2699 417 2730 heredi
433 2700 546 2737 liceat,
563 2708 614 2729 eas
625 2697 808 2729 hereditatis
820 2696 977 2737 petitione
994 2706 1062 2738 per-

187 2742 276 2781 sequi
292 2739 438 2772 adversus
453 2750 524 2771 eum
539 2740 592 2777 qui
611 2748 662 2770 eas
678 2748 742 2770 non
760 2738 869 2777 aliter,
887 2747 981 2778 quam
1004 2748 1062 2779 pro

187 2783 309 2815 herede
332 2789 385 2812 aut
411 2790 470 2820 pro
494 2780 666 2821 posseffore
681 2804 690 2819 ‚
714 2780 746 2811 id
769 2779 832 2818 est,
857 2781 948 2812 nullo
970 2780 1061 2820 jure,

188 2824 335 2866 possidet.
358 2821 476 2853 Praeter
492 2822 681 2853 hereditaria
697 2831 835 2862 corpora
852 2820 931 2853 dixit
948 2821 1061 2853 Paulus

189 2869 218 2898 d.
230 2867 248 2896 l.
262 2874 308 2901 19.
326 2865 355 2895 in
374 2863 560 2894 hereditatis
569 2864 760 2903 petitionem
771 2864 866 2894 etiam
878 2864 987 2895 venire
996 2872 1060 2894 non

188 2904 395 2939 hereditaria:
420 2906 449 2936 dt
476 2904 549 2935 talia
566 2903 649 2941 esse,
665 2914 800 2943 quorum
822 2905 999 2945 periculum
1024 2905 1063 2935 ad

188 2949 342 2980 heredem
353 2947 508 2987 pertinet:
524 2954 560 2975 ac
570 2954 610 2975 ne
626 2945 790 2984 quaestioni
803 2945 944 2977 deess'ent
953 2955 1061 2977 exem·

188 2991 260 3031 pla3
283 2987 427 3020 nominat
450 2996 500 3018 res
523 2986 650 3026 pignori
674 2988 760 3017 datas
785 2988 961 3027 defuncto,
985 2988 1062 3019 item

187 3031 429 3067 commodatas,
446 3026 656 3068 depositasve.
682 3036 870 3067 quamquam
888 3028 1062 3060 distinctius

188 3072 376 3113 agentibus,
402 3069 506 3110 potest
523 3067 585 3100 ess‘e
610 3066 798 3099 differentia.
821 3079 892 3101 nam
917 3079 1061 3102 commo-

190 3116 274 3145 datae
298 3113 425 3153 quidem
451 3112 480 3143 &
498 3108 647 3150 depofitae
664 3118 712 3140 res
731 3109 872 3141 defundi
890 3121 1062 3151 numquam

189 3155 342 3192 fuerunt3
365 3154 505 3191 ideoque
527 3151 658 3192 proprie
682 3159 746 3181 non
773 3149 841 3181 sunt
866 3152 1061 3184 hereditariae

191 3198 211 3229 l.
229 3207 259 3238 5.
276 3196 305 3236 §.
326 3204 372 3227 10.
391 3194 434 3227 D.
456 3194 548 3226 Utin
560 3191 666 3234 poffeff.
684 3191 771 3233 legat.
794 3192 839 3223 rei
854 3201 932 3224 vero
949 3195 1063 3235 pigno.

1029 78 1297 116 No-onT
1356 79 1572 114 COMM-

1108 168 1133 200 ri
1147 168 1232 200 tiatae
1248 169 1310 208 J‘am
1335 167 1488 200 defuneto
1508 167 1569 199 fuit
1592 166 1730 208 petitio;
1753 167 1827 206 quid
1845 169 1874 200 ni
1891 168 1983 214 igitur

1111 210 1241 249 proprie
1262 210 1450 242 hereditaria
1478 209 1514 242 sit
1532 233 1541 247 ,
1563 209 1594 240 ,ἀ
1617 207 1804 239 hereditatis
1828 211 1982 248 petitione

1110 251 1337 284 contineatur?
1361 251 1437 283 ficut
1461 252 1524 283 illae
1547 259 1676 290 quarum
1697 248 1877 281 Publiciana
1895 260 1982 284 com-

1111 292 1203 331 petit.
1225 291 1277 325 sed
1289 293 1364 324 licet
1381 302 1487 324 earum
1498 301 1567 328 quae
1583 291 1798 322 corninodatae
1817 292 1982 332 veldepos

1110 332 1172 364 sitae
1187 332 1274 372 sunt,
1291 335 1376 366 nulla
1390 334 1486 365 facile
1500 333 1536 365 sit
1553 332 1657 369 attio..
1672 332 1741 372 quia
1757 340 1862 363 tamen
1879 343 1982 367 earum

1106 375 1284 414 perieulum
1309 377 1348 407 ad
1373 385 1430 407 nos
1458 375 1618 416 pertinet:
1640 383 1766 415 aequum
1795 374 1900 405 adbuc
1919 375 1981 416 est,

1110 425 1161 447 eas
1178 416 1298 449 restitui
1313 417 1379 449 (1.1.
1401 426 1447 454 19.

1154 457 1296 490 Veniunt
1317 459 1412 499 igitur
1433 458 1469 490 in
1493 457 1682 490 hereditatis
1704 456 1896 497 petitionem
1914 466 1983 499 quae

1112 497 1242 529 fuerunt
1252 501 1368 532 *mortis
1393 509 1551 541 tempore.
1574 508 1605 530 at
1630 508 1693 530 non
1712 498 1783 530 sola.
1810 507 1920 529 verum
1937 507 1985 531 au·

1113 548 1243 579 gmenta
1263 549 1412 580 quoque,
1433 541 1544 581 ssiquae
1563 540 1672 582 postea
1691 539 1861 570 hereditati
1880 548 1982 573 acces-

1113 581 1227 612 serunt.
1252 580 1294 612 fic
1311 583 1463 623 Ulpianus
1477 584 1498 614 i.
1515 593 1563 615 20.
1578 582 1605 624 ᾗ.
1626 592 1653 623 3.
1667 581 1696 612 h.
1714 587 1735 612 t.
1755 581 1895 612 causatus
1906 604 1915 618 ‚
1929 581 1984 614 -he-

1113 623 1280 655 reditatem
1293 645 1302 660 ‚
1326 631 1361 654 ut
1375 623 1421 655 est
1435 624 1640 662 universitas,
1665 623 1694 654 &
1713 630 1919 663 augmentum
1938 632 1983 655 re·

1113 665 1221 704 cipere
1239 664 1269 695 ὃς
1288 665 1551 697 deminutionem.
1583 665 1670 696 addit
1690 665 1710 696 1.
1731 669 1775 696 16.
1793 663 1821 705 ᾗ.
1845 673 1869 695 1.
1890 664 1984 697 etiam

1113 706 1283 737 admittere
1299 704 1551 747 surrogationem
1570 707 1661 746 pretii
1687 707 1719 737 in
1737 706 1844 737 locum
1868 705 1932 743 rei,
1955 706 1986 737 δε

1114 748 1185 777 vice
1201 746 1288 777 versa
1306 749 1350 778 rei
1370 748 1401 778 in
1419 748 1527 779 locum
1549 748 1641 788 pretii
1657 747 1675 778 l.
1695 752 1739 781 18.
1758 748 1804 778 D.
1822 746 1909 788 Quod
1924 755 1988 779 mer.

1113 789 1190 825 cazilj
1206 786 1249 819 Et
1266 788 1310 820 ita
1326 787 1390 827 est3
1415 790 1439 819 is
1458 790 1511 828 qui
1531 790 1631 829 pretia
1655 798 1759 820 rerum
1781 788 1982 819 hereditaria—

1112 839 1180 861 rutn
1202 830 1357 869 poffidct,
1382 830 1542 870 petitione
1563 830 1749 861 hereditatis
1766 837 1905 860 tenetur.
1942 828 1984 860 Et

1111 870 1156 902 est
1177 871 1258 902 ratio
1277 880 1369 911 quam
1385 881 1426 902 ex
1444 870 1602 903 Oratione
1618 870 1824 903 D.Had·rian'i
1843 869 1985 910 suppedi-

1111 921 1156 943 tat
1177 912 1288 943 Paulus
1304 914 1323 942 l.
1340 923 1388 945 22.
1405 912 1447 943 D.
1464 913 1492 944 b.
1509 920 1531 944 t.
1555 914 1644 950 quod
1666 911 1770 952 potest
1797 911 1986 951 existimari,

1110 955 1247 994 pretium
1267 953 1437 986 succeffiffe
1453 955 1483 985 in
1506 955 1613 986 locum
1634 953 1834 985 hereditariae
1850 953 1893 983 rei
1912 962 1985 984 ven-

1110 997 1185 1027 ditae
1195 1019 1205 1034 ‚
1217 995 1246 1026 &
1259 996 1500 1034 quodaminodo
1518 994 1618 1036 ipsum
1629 995 1856 1027 hereditarium
1866 993 1984 1027 facium
2031 1009 2032 1016 ¹

1111 1037 1222 1068 videri.
1249 1036 1403 1077 Ulpianus
1419 1038 1447 1068 d.
1467 1038 1486 1068 l.
1505 1041 1552 1068 16.
1567 1037 1596 1079 §.
1619 1046 1643 1069 1.
1668 1037 1775 1077 pretio
1791 1044 1896 1067 rei-um
1912 1045 1985 1068 ven-

1106 1078 1245 1110 ditarum
1261 1087 1427 1119 comparat
1443 1079 1612 1119 pecuniam
1624 1088 1641 1109 a
1658 1078 1809 1109 debitore
1827 1076 1984 1109 heredita-

1111 1120 1158 1150 rio
1183 1122 1346 1159 exattam3
1366 1120 1399 1151 ἃ
1422 1121 1510 1152 addit
1526 1119 1554 1160 §.
1572 1130 1599 1151 2.
1625 1119 1783 1159 julianum
1800 1118 1875 1150 iude
1890 1119 1985 1151 inter-

1111 1169 1269 1199 pretatum
1280 1186 1289 1200 ,
1306 1164 1402 1193 etiam
1416 1162 1456 1192 ab
1474 1171 1514 1193 eo
1530 1162 1583 1200 qui
1604 1160 1812 1192 hereditatem
1829 1160 1940 1201 petiit,
1955 1159 1986 1192 <Sc

1111 1203 1174 1233 litis
1198 1203 1441 1235 aestimationem
1465 1204 1655 1234 consecutus
1678 1202 1724 1234 est
1739 1225 1749 1241 ‚
1774 1201 1986 1234 hereditatem

1111 1245 1177 1284 peti
1188 1244 1293 1284 posse:
1311 1245 1430 1285 quippe
1445 1254 1518 1276 cum
1529 1245 1642 1277 velilla
1652 1254 1703 1275 res
1719 1243 1983 1283 haberespeciem

1108 1286 1303 1318 venditionis
1328 1293 1494 1324 reputetur
1515 1286 1534 1318 l.
1555 1296 1582 1327 7.
1607 1285 1635 1326 §.
1655 1295 1681 1317 1.
1702 1285 1743 1316 D.
1765 1287 1800 1316 cle
1814 1285 1931 1316 Public.
1953 1286 1984 1316 in

1108 1336 1167 1357 rem
1183 1326 1239 1358 ιιᾶ.
1256 1327 1275 1358 Ι.
1292 1338 1321 1368 3.
1341 1327 1382 1359 J).
1405 1328 1464 1358 Pro
1478 1334 1563 1368 empi.

1151 1368 1374 1408 Superioribus
1395 1368 1544 1400 accenset
1566 1367 1722 1408 Ulpianus
1745 1368 1762 1399 l.
1781 1377 1830 1400 20.
1848 1369 1876 1399 d.
1894 1373 1914 1399 t.
1935 1376 1984 1399 res
2034 1367 2035 1397 1

1109 1409 1297 1442 hereditatis
1311 1408 1626 1451 causacomparatas:
1641 1408 1820 1448 confeffus,
1839 1418 1892 1441 eas
1907 1417 1984 1440 tani-
2034 1400 2035 1441 1

1108 1460 1202 1491 quam
1212 1451 1439 1490 hereditarias,
1455 1453 1486 1482 in
1503 1452 1587 1482 hanc
1603 1451 1761 1483 athonem
1773 1452 1904 1482 venire:
1922 1459 1984 1481 nec
2034 1450 2035 1470 ³

1107 1491 1249 1531 referre,
1267 1501 1371 1523 utrum
1382 1492 1439 1524 sint
1457 1500 1647 1533 comparatae
1663 1502 1703 1523 ex
1722 1492 1928 1529 hereditaria,
1945 1500 1985 1522 an

1106 1534 1183 1573 alia,
1207 1534 1360 1573 pecunia:
1383 1536 1483 1565 modo
1507 1534 1565 1565 sint
1589 1534 1774 1565 hereditatis
1793 1532 1881 1564 causa
1895 1541 1983 1564 com-

1107 1583 1243 1615 paratae:
1259 1576 1290 1606 id
1309 1575 1371 1614 est,
1392 1575 1456 1606 boc
1471 1576 1598 1614 animo,
1615 1582 1648 1605 ut
1663 1575 1751 1614 quod
1770 1573 1937 1605 hereditati
1953 1582 1985 1603 e·
2034 1586 2035 1594 ¹

1109 1618 1167 1648 mit
1183 1616 1354 1657 possessor,
1378 1617 1549 1648 hereditati
1567 1616 1723 1656 adquirat.
1756 1615 1843 1646 hunc
1858 1625 1937 1646 vero
1953 1615 1984 1646 in

1106 1657 1204 1689 finem
1222 1658 1284 1689 esse
1303 1659 1367 1688 duo
1383 1658 1572 1690 necessaria:
1596 1667 1712 1696 unum,
1735 1665 1770 1688 ut
1788 1655 1939 1696 possessor
1952 1666 1984 1687 e-

1105 1708 1171 1730 mat
1189 1700 1217 1730 in
1237 1700 1324 1730 usum
1341 1699 1547 1731 hereditatis:
1571 1700 1724 1737 alterum,
1748 1705 1783 1729 ut
1798 1697 1983 1730 hereditatis

1104 1741 1223 1772 intersit
1237 1742 1298 1773 emi
1314 1742 1334 1771 l.
1355 1751 1402 1773 20.
1414 1750 1461 1782 pr.
1480 1740 1516 1775 &³
1532 1741 1562 1782 §.
1587 1750 1613 1772 1.
1632 1743 1660 1771 d.
1677 1747 1699 1772 t.
2035 1760 2036 1779 ;

1147 1783 1263 1814 Similis
1273 1781 1456 1813 observatio
1473 1782 1518 1814 est
1529 1784 1615 1814 circa
1630 1782 1750 1814 fructus
1766 1790 1807 1813 ex
1821 1780 1914 1812 rebus
1930 1779 1983 1811 he·
2035 1788 2036 1811 1

1105 1824 1260 1856 reditariis
1278 1831 1450 1865 perceptos
1462 1847 1471 1862 ,
1486 1823 1549 1855 five
1564 1833 1659 1863 ante,
1674 1823 1739 1855 sive
1757 1822 1847 1863 post,
1864 1823 1982 1854 aditam

1105 1866 1343 1898 hereditatem:
1370 1865 1496 1905 utrique
1520 1875 1606 1896 enim
1633 1874 1748 1907 augent
1772 1863 1982 1895 hereditatem
2035 1885 2036 1901 1

1104 1908 1125 1938 l.
1144 1916 1192 1938 20.
1211 1908 1239 1948 §.
1256 1918 1283 1948 3.
1302 1908 1330 1937 h.
1348 1913 1369 1937 r.
1408 1906 1540 1939 Fructus
1556 1916 1662 1938 autem
1680 1905 1848 1938 censentur
1866 1906 1908 1936 rei
1927 1905 1983 1936 ob·
2035 1904 2036 1941 ᾗ

1105 1949 1274 1980 ventiones
1291 1949 1476 1988 reditusque
1488 1958 1619 1986 ornnes,
1635 1948 1698 1980 sive
1716 1947 1829 1987 sponte
1846 1948 1908 1977 nati
1928 1947 1982 1976 be-

1105 1989 1223 2021 neficio
1240 1999 1378 2027 naturae,
1402 1990 1466 2021 sive
1491 1991 1628 2021 hominis
1655 1989 1802 2020 industria
1823 1988 1981 2028 producti.

1105 2030 1168 2063 Res
1184 2040 1271 2062 certa
1288 2031 1318 2063 in
1338 2031 1491 2062 fructibus
1508 2032 1655 2062 arborum
1674 2030 1913 2068 fundorumque
1925 2053 1934 2066 ,
1952 2029 1982 2060 ἀ

1106 2072 1135 2104 in
1156 2072 1238 2104 foetu
1256 2082 1420 2114 pecorum.
1437 2074 1464 2104 d.
1481 2073 1499 2103 Ζ.
1517 2082 1566 2104 20.
1584 2072 1648 2114 §.3
1660 2072 1724 2106 &t
1738 2081 1785 2112 25.
1800 2071 1891 2112 §.ult
1909 2071 1936 2100 b.
1954 2075 1978 2102 t.

1105 2124 1143 2146 an
1160 2116 1255 2145 etiam
1273 2116 1304 2145 in
1321 2123 1412 2155 partu
1428 2114 1574 2146 ancillae?
1599 2115 1677 2153 quid
1692 2114 1748 2145 ni?
1771 2121 1842 2144 nam
1861 2112 1890 2142 <St
1907 2111 1979 2150 hic,

1106 2158 1249 2194 quamvis
1266 2157 1395 2196 proprie
1412 2165 1475 2187 non
1491 2155 1528 2187 sit
1542 2155 1681 2187 fructus:
1698 2155 1729 2186 in
1747 2154 1806 2185 hac
1822 2153 1948 2184 aCtione
1963 2162 1980 2183 a

1105 2196 1211 2228 fructu
1226 2207 1291 2228 non
1306 2197 1482 2238 separatur:
1497 2197 1617 2238 quippe
1634 2196 1844 2228 hereditatem
1862 2203 1978 2236 augens

1105 2248 1171 2270 non
1187 2239 1308 2277 minus,
1333 2248 1427 2279 quam
1444 2238 1542 2270 s'oetus
1557 2247 1731 2279 pecorum,
1755 2239 1784 2268 &
1803 2247 1820 2267 e
1836 2246 1869 2267 re
1888 2245 1978 2276 aeque

1105 2280 1234 2312 nascens
1250 2281 1268 2311 l.
1279 2290 1326 2321 27.
1338 2282 1383 2311 D.
1394 2281 1421 2311 h.
1432 2286 1452 2312 t.
1473 2280 1562 2312 ldem
1578 2280 1682 2311 dicam
1699 2279 1740 2311 de
1755 2277 1873 2316 usuris3
1895 2277 1978 2318 post-

1103 2331 1198 2362 quam
1224 2323 1360 2362 placuit,
1384 2332 1434 2353 eas
1458 2321 1577 2353 habere
1592 2322 1698 2352 vicem
1715 2319 1895 2357 frustuum3
1918 2327 1977 2350 nec

1104 2364 1208 2394 minus
1235 2364 1265 2394 in
1290 2363 1493 2403 pensionibus
1518 2365 1697 2395 locatorum
1716 2362 1907 2402 praediorum
1930 2369 1977 2391 ur-

1104 2404 1279 2440 banoru1n3
1305 2405 1379 2437 licet
1394 2414 1410 2435 a
1427 2405 1590 2444 lupanario
1605 2403 1783 2444 perceptis:
1807 2412 1879 2434 nam
1899 2402 1929 2433 dc
1946 2402 1977 2433 in
2002 2406 2004 2408 “
2035 2436 2036 2444 ¹

1103 2447 1276 2478 multorum
1296 2446 1503 2478 honestorum
1522 2447 1662 2477 virorum
1678 2443 1802 2485 praediis
1821 2444 1978 2484 lupanaria

1104 2496 1305 2518 exercentur.
1331 2498 1372 2518 ex
1398 2489 1513 2519 eodem
1535 2497 1654 2528 genere
1678 2486 1747 2517 sunt
1771 2485 1936 2517 mercedes
1961 2493 1978 2515 a

1103 2530 1229 2560 colonis
1245 2538 1397 2569 acceptae.
1429 2539 1500 2560 nam
1520 2529 1572 2560 vel
1590 2527 1650 2560 illae
1667 2527 1737 2559 sunt
1754 2526 1914 2558 fruetuum
1931 2526 1977 2558 lo-

1103 2579 1155 2601 co.
1177 2579 1283 2611 operae
1300 2578 1432 2611 quoque
1448 2569 1610 2602 servorum
1628 2571 1659 2601 in
1676 2571 1787 2601 eadem
1806 2568 1875 2600 sunt
1889 2566 1976 2599 causa

1105 2621 1167 2651 qua
1183 2611 1361 2652 pensiones.
1375 2612 1451 2643 item
1463 2611 1599 2642 vecturae
1615 2613 1740 2642 navium
1751 2634 1760 2649 ,
1775 2610 1804 2641 ἃ
1820 2611 1978 2650 jumento-

1104 2662 1183 2684 rum.
1208 2654 1316 2684 otnnia
1333 2653 1418 2691 haec,
1441 2652 1463 2684 fi
1479 2651 1694 2684 testimonium
1711 2661 1821 2692 petaS,
1845 2651 1887 2682 fic
1902 2659 1977 2683 con·

1102 2694 1234 2734 junctim
1258 2695 1371 2726 tradita
1393 2694 1432 2725 ab
1452 2693 1593 2735 Ulpiano
1617 2696 1644 2726 d.
1672 2695 1688 2725 l.
1706 2703 1754 2733 25.
1773 2693 1801 2735 ὃ.
1819 2693 1873 2723 uli.
1892 2693 1911 2723 l.
1927 2701 1975 2732 27.

1104 2736 1125 2766 l.
1143 2746 1192 2772 29.
1213 2735 1255 2767 D.
1284 2737 1311 2767 h.
1328 2742 1349 2767 t.
1367 2735 1403 2770 ἃ
1418 2736 1437 2766 l.
1460 2745 1509 2776 34.
1535 2735 1579 2767 D.
1603 2737 1637 2767 de
1652 2736 1758 2775 usuris.
1783 2734 1976 2766 monstrante

1105 2778 1248 2809 omnium
1274 2776 1482 2817 inscriptione
1499 2787 1538 2809 ex
1558 2777 1611 2809 lib.
1630 2786 1676 2818 15.
1695 2775 1820 2816 Ulpiani
1838 2776 1886 2807 Ad
1904 2774 1978 2806 Edi·

1105 2819 1199 2850 ctum.
1222 2817 1295 2850 Nec
1313 2818 1412 2850 silebo
1429 2820 1558 2859 quidem
1571 2842 1581 2858 ‚
1597 2819 1684 2860 quod
1701 2819 1731 2849 in
1749 2818 1766 2848 l.
1783 2822 1832 2852 28.
1849 2826 1888 2848 ex
1902 2816 1978 2847 Pau-

1105 2861 1138 2891 lo
1155 2859 1361 2900 interficitur,
1384 2859 1482 2901 (facit
1506 2861 1590 2892 enim
1613 2861 1651 2892 ad
1670 2860 1838 2893 clariorem
1855 2858 1977 2889 intelle-

1107 2901 1211 2941 ctum)
1234 2901 1305 2941 post
1322 2901 1636 2934 senatusconsultum
1653 2902 1693 2934 de
1710 2901 1869 2940 petitione
1889 2900 1977 2942 here-

1107 2944 1213 2975 ditatis
1240 2942 1377 2982 factum,
1401 2942 1463 2974 esse
1487 2952 1550 2975 tam
1576 2944 1671 2974 bonae
1696 2941 1770 2974 fidei
1798 2939 1977 2981 poffeffori,

1106 2993 1200 3024 quam
1217 2986 1377 3025 praedoni‚
1396 2985 1605 3017 auferendum
1620 2985 1741 3016 lucrum
1753 2990 1864 3014 omne:
1879 2988 1978 3019 usque

1106 3027 1207 3064 adeo,
1225 3035 1258 3057 ut
1269 3025 1548 3066 Hermogenianus
1565 3026 1585 3058 l.
1603 3037 1654 3067 52.
1674 3027 1701 3057 h.
1721 3031 1741 3055 t.
1757 3023 1884 3058 scribat,
1903 3029 1976 3064 pos-

1105 3066 1251 3098 sessorem
1266 3091 1276 3106 ,
1309 3067 1330 3099 fi
1355 3077 1395 3099 ex
1423 3067 1602 3099 hereditate
1626 3063 1810 3098 inhonestos
1832 3062 1978 3092 habuerlt

1104 3108 1261 3149 quaestus,
1283 3111 1379 3140 etiam
1395 3112 1490 3149 cogi,
1513 3119 1569 3140 eos
1584 3108 1762 3140 restituere:
1787 3112 1826 3134 ne
1844 3101 1977 3133 honesta

1105 3150 1330 3189 interpretatio
1348 3159 1412 3182 non
1427 3150 1563 3183 honesto
1579 3148 1707 3191 quaestui
1721 3147 1843 3178 lucrum
1859 3142 1977 3185 posses-

1103 3191 1165 3223 sori
1181 3192 1291 3224 faciat.
1947 3223 1976 3255 A
