2052 3487
1740 129 1807 167 ¹73

254 180 938 285 GERARDI‘
1011 204 1576 296 NooDT,

531 332 826 400 Jurisconfiilti
863 333 913 384 &
950 333 1258 385 Antecessbris
1277 373 1292 397 ,

28 539 793 650 FOENORE
860 448 1116 644 ΒΙΞΤ
1199 539 1799 652 USURIS.

300 704 701 767 LIBER
791 704 1517 769 SECUNDUS.

766 857 979 895 CAPUT
1029 859 1055 894 Ι.

34 965 171 1001 Veterem
186 962 407 1011 solvmdarum
432 959 595 1007 usurarum
620 959 769 995 rationem
791 958 970 1004 plerumque
1003 957 1193 1005 menstruam
1217 956 1320 1004 suff
1339 984 1349 999 ‚
1386 957 1543 992 interdum
1570 966 1719 991 annuam.
1753 965 1812 989 non

104 1012 159 1059 effe
184 1024 291 1048 verum
317 1012 393 1058 quod
418 1012 452 1045 de
478 1010 642 1050 dilatione,
671 1020 690 1042 a
717 1008 864 1043 Kalendis
889 1008 930 1041 ad
956 1006 1032 1041 Idus
1057 1008 1127 1041 dari
1141 1006 1262 1052 solita,
1298 1005 1459 1053 doeiiffi'mi
1486 1007 1629 1040 dixerunt
1656 1005 1810 1038 homines:

104 1073 158 1097 nec
183 1062 215 1096 id
238 1061 404 1096 Horatium
429 1067 483 1094 aut
510 1059 678 1094 Ciceronem
704 1056 790 1093 velle.
825 1062 912 1090 vetus
936 1054 1101 1102 Inscriptio
1127 1056 1286 1090 emendata
1305 1081 1315 1098 ,
1352 1058 1443 1100 deque
1464 1056 1531 1101 ejus
1554 1055 1709 1089 intellenu
1735 1062 1809 1099 qua·

106 1112 144 1146 lis
169 1110 263 1156 qualis
288 1111 468 1156 conjeffura.

35 1204 409 1247 (Sjssgl'ggffiuperiore
428 1205 514 1251 ¹libro
537 1204 612 1246 quid
629 1203 734 1250 foeniis
757 1209 811 1235 aut
827 1201 895 1250 usu3

38 1248 79 1318 ἐξ
121 1268 173 1348 S
219 1248 259 1293 59
280 1256 312 1279 ra
334 1246 369 1277 sit
383 1270 393 1286 ,
425 1255 566 1287 itemque
583 1269 592 1285 ,
625 1254 662 1276 an
677 1253 747 1284 Jure
765 1245 892 1286 probari

35 1319 78 1383 ὥ

216 1295 256 1335 gg,
277 1287 387 1328 poffit,
409 1286 617 1328 persequutus
640 1287 715 1318 sum.
740 1288 894 1327 sequente

275 1328 370 1360 finem
389 1329 584 1369 modumque
603 1337 740 1368 ponam:
767 1331 789 1360 is
807 1330 892 1359 enim

34 1383 253 1424 mese>
273 1369 893 1451 111111111113,111111531111131

36 1453 188 1492 attingam
205 1458 349 1483 veterem
366 1452 654 1493 prouiitteudarum
673 1451 831 1484 usurarum
850 1461 893 1483 ra-

34 1501 166 1525 tionem.

75 1534 164 1566 Solet
189 1533 346 1568 usurarum
374 1535 533 1576 stipulatio
560 1536 748 1575 plerumque
774 1545 838 1567 non
863 1535 894 1566 in

35 1575 171 1617 finguios
193 1585 290 1607 annos
309 1600 318 1616 ,
349 1576 401 1609 sed
424 1580 453 1609 in
483 1577 619 1618 ‘singulus
640 1577 784 1613 menses,
815 1576 893 1608 fieri.

35 1618 178 1649 meminit
204 1617 318 1650 Paulus
340 1619 359 1650 l.
375 1628 425 1657 40.
452 1617 493 1649 J).
527 1624 560 1649 ue
588 1620 671 1650 rebus
697 1620 832 1656 creditis,
864 1617 895 1649 &

33 1658 54 1690 1.
75 1662 123 1690 26.
146 1658 174 1700 §.
197 1668 223 1691 1.
247 1659 291 1691 D.
315 1659 445 1701 Deposui
458 1660 504 1691 vel
524 1667 625 1691 contra
640 1683 649 1698 ‚
681 1661 776 1691 etiarn
801 1660 896 1692 Porn-

59 1701 149 1731 onius
171 1699 189 1730 l.
209 1709 260 1737 90.
285 1700 328 1733 D.
352 1703 386 1732 cie
407 1704 558 1732 verborum
579 1702 805 1742 obligationibus.
834 1709 895 1732 nec

33 1709 66 1772 iii
92 1748 216 1772 tantum
231 1764 242 1780 ,
273 1741 325 1772 sed
349 1742 378 1773 dc
399 1742 596 1780 Ambrosius,
628 1742 675 1774 De
694 1741 779 1773 Tobia
802 1752 825 1773 c.
848 1752 893 1773 12.

34 1781 78 1814 fic
94 1781 231 1813 scribens
247 1805 257 1820 ‚
287 1782 420 1814 Veniunt
445 1782 598 1821 Kalendae,
626 1787 705 1823 parit
721 1786 784 1824 sors
802 1790 893 1814 ceme-

28 1821 146 1862 fimam.
168 1825 294 1854 veniunt
312 1829 416 1862 menses
429 1823 563 1865 fingam,
589 1831 767 1865 generantur
788 1826 891 1860 ulurae.

33 1863 79 1896 Et
100 1873 124 1895 c.
142 1873 173 1905 3.
196 1863 246 1895 his
264 1865 381 1896 verbis.
422 1865 464 1896 Et
488 1875 537 1906 qui
556 1868 587 1896 in
604 1870 722 1904 ⁴sicmnzu
737 1867 894 1906 subvenire

27 1904 62 1947 se
78 1905 165 1945 dicit,
188 1905 291 1944 usuras
312 1907 414 1948 exigit.
456 1905 614 1945 Kalendis,
637 1909 734 1948 inquii
750 1929 760 1944 ‚
789 1915 894 1944 usuras

39 1947 120 1978 dabis
137 1957 148 1978 .·
169 1947 272 1986 saenus
296 1949 434 1985 inierim,
451 1946 480 1985 fi
496 1958 553 1979 non
572 1949 704 1979 habueris
725 1950 800 1979 unde
816 1946 891 1989 resti-

36 1993 123 2028 tuas,
144 1998 202 2019 non
221 1989 343 2030 requiro.
386 1988 554 2020 Ambrosio
576 1991 646 2021 addi
672 1989 774 2030 posset
792 1989 894 2021 Hora·

36 2030 97 2062 tius
126 2028 219 2070 Epod.
256 2029 314 2061 Od.
338 2040 367 2061 2.
397 2035 470 2071 vers.
497 2039 545 2070 70.
575 2030 612 2065 δέ)
633 2031 680 2062 lib.
710 2040 735 2062 1.
767 2031 894 2062 sermon.

34 2071 100 2102 Sat.
115 2080 146 2111 3.
168 2070 292 2112 possent
308 2071 368 2102 alii.

72 2112 136 2144 Sed
161 2121 209 2143 ses
234 2119 311 2143 nota
336 2111 391 2144 est.
422 2122 531 2153 aeque,
561 2114 648 2154 quod
668 2114 707 2145 ab
729 2123 766 2145 ea
784 2113 896 2146 Kalen-

36 2154 156 2185 darium
181 2153 298 2184 dicitur
322 2163 380 2193 pro
407 2154 488 2186 libro
512 2155 544 2186 in
569 2164 635 2195 quo
659 2155 756 2186 usurae
783 2155 897 2187 descri-

35 2203 100 2236 ptae
115 2218 124 2233 ‚
146 2193 294 2226 Kalendis
313 2195 438 2236 singulis
462 2197 625 2237 exigendae
649 2196 895 2236 solvendaeque‚

36 2237 121 2278 apud
146 2236 299 2267 Senecam
322 2236 371 2268 lib.
388 2246 416 2278 7.
439 2236 486 2268 De
509 2237 624 2277 benefic.
647 2248 671 2269 c.
699 2247 744 2271 10.
779 2238 814 2270 ὃς
836 2237 896 2270 Ka·

38 2277 214 2309 lendarium
232 2286 382 2309 exercere
406 2278 424 2309 l.
443 2288 492 2318 4¹·
517 2279 547 2320 §‚
565 2283 594 2310 6.
617 2278 660 2311 D.
679 2281 712 2310 cie
728 2280 830 2321 legans
846 2281 894 2311 lib.

39 2329 70 2360 3.
95 2327 154 2359 pro
181 2317 288 2349 soenus
315 2328 467 2351 exercere
485 2343 494 2358 ,
524 2321 575 2351 vel
603 2322 731 2352 nomina
748 2323 854 2352 facere
878 2321 897 2352 l.

39 2364 90 2399 64.
114 2359 157 2390 D.
181 2361 239 2390 eod.
271 2361 319 2390 tir.
347 2360 424 2393 item
453 2360 642 2394 Kalendario
672 2361 794 2395 servum
823 2372 899 2402 prae-

39 2410 164 2440 ponere
186 2400 206 2432 l.
224 2409 274 2440 41.
298 2400 341 2431 D.
364 2403 396 2431 de
412 2403 493 2433 rebus
509 2404 631 2436 creditis.
668 2403 747 2436 lllud
767 2405 898 2444 addam,

41 2442 223 2482 hujusmodi
246 2440 431 2475 Kalendaria
457 2453 521 2476 nou
540 2452 660 2477 tanturn
677 2448 899 2486 privatorum,

41 2483 95 2515 sed
119 2483 149 2515 &
172 2483 358 2522 civitatum,
388 2484 489 2516 fuiss'e.
516 2485 601 2517 testis
628 2487 810 2518 Alexander
830 2488 847 2517 l.
868 2497 898 2528 3.

43 2524 77 2556 C.
100 2525 132 2556 de
156 2526 434 2565 compensationibus.
467 2527 541 2558 inde
571 2529 695 2560 curatio
719 2527 900 2560 Kalendarii

44 2565 76 2597 ἃ
89 2565 239 2606 quaestura
254 2567 337 2598 inter
351 2566 524 2606 personalia
540 2578 669 2600 munera
685 2570 694 2600 l
721 2575 755 2604 18
776 2570 806 2611 §.
819 2580 846 2601 2.
861 2569 900 2602 D.

46 2607 79 2637 de
94 2609 257 2638 muneribus
273 2607 309 2642 ὅ)
326 2608 495 2648 honoribus,
527 2610 557 2641 δι
580 2618 708 2643 curator
723 2610 902 2643 Kalendarii

48 2656 88 2678 ex
103 2647 303 2688 inquisitione
329 2649 401 2690 eligi
420 2651 543 2687 soiitus,
567 2654 651 2688 apud
677 2652 833 2693 Papirium
851 2652 899 2692 Ju-

48 2686 127 2734 ssnrn
148 2690 167 2719 l.
184 2698 214 2725 9.
243 2689 272 2731 §.
290 2698 319 2730 7.
342 2689 385 2721 D.
407 2693 440 2722 de
465 2692 711 2734 administratione
738 2704 835 2725 rerum
864 2695 901 2724 ad

49 2735 193 2760 civitatem
207 2732 422 2769 pertinentium.
447 2742 638 2773 quamquam
663 2736 690 2767 ἃ
712 2745 726 2766 a
754 2735 901 2775 Principe

51 2768 184 2801 eiectum
207 2770 268 2802 esse
283 2795 294 2810 ‚
321 2773 421 2818 liquet
441 2784 481 2806 ex
498 2774 639 2816 Lepide,
671 2778 753 2817 apud
782 2775 901 2808 Grute-

50 2818 120 2840 rum
137 2815 207 2851 pag.
221 2815 290 2850 446.
313 2812 403 2853 Inscr.
423 2824 451 2855 7.
475 2817 560 2857 cujus
584 2818 713 2858 apposui
738 2818 846 2849 verba.

110 2860 139 2882 P.
164 2859 427 2886 0TAC1L10.L
461 2865 589 2890 F.1›AL
614 2867 840 2890 RvFo.1›AT

50 2909 135 2933 1111.
159 2910 231 2933 vm
254 2911 276 2934 1.
297 2913 329 2935 n.
354 2915 397 2938 11.
419 2916 450 2947 q.
475 2918 506 2950 q.
524 2918 646 2941 FLAM-
672 2917 902 2942 pennu-ruo

163 2951 603 2982 DIV1.HADR1AN1.A13
626 2960 787 2984 EODEM.

343 2996 463 3027 Equo.
487 3000 607 3024 nunt„

73 3034 327 3059 RoNonnro.
357 3037 882 3069 CURATOR1.KALENDAR1.

433 3080 463 3101 R.
488 3081 516 3103 P.

147 3112 508 3145 AElCLANFNSIUM.
556 3123 735 3150 EanTo.
775 3124 810 3149 Δ.

372 3161 486 3185 Divo.
510 3164 578 3186 ΡΙΟ

251 3228 462 3254 PATRONO.
486 3205 702 3258 MUNICIPI

977 1202 1059 1235 Haec
1082 1212 1148 1243 quo
1163 1201 1355 1243 pertinent?
1378 1210 1514 1243 nempe,
1538 1209 1574 1232 ut
1593 1199 1810 1241 intelligatur,

937 1254 1008 1286 quae
1031 1243 1190 1276 usurarum
1215 1243 1345 1275 nomina
1368 1242 1439 1274 sunt
1462 1266 1471 1282 ,
1509 1252 1574 1274 non
1605 1243 1643 1273 ad
1672 1251 1814 1279 annuas,

936 1287 990 1318 sed
1010 1288 1048 1318 ad
1068 1285 1243 1316 menstruas
1256 1308 1265 1323 ‚
1291 1284 1460 1325 pensiones
1478 1283 1602 1315 referri.
1625 1292 1687 1314 nec
1705 1290 1812 1314 tamen

936 1330 1052 1369 ignoro
1070 1350 1080 1365 ,
1112 1326 1217 1358 usuras
1241 1326 1368 1367 singulis
1387 1325 1538 1356 Kalendis
1565 1325 1688 1356 debitas
1705 1347 1716 1362 ,
1745 1332 1813 1355 non

936 1379 1050 1410 uirque
1075 1367 1132 1399 suis
1153 1377 1297 1409 quasque
1320 1366 1494 1405 Kalendis,
1518 1367 1668 1405 sedsaepe
1687 1367 1814 1396 111111111-

937 1412 982 1443 sas
1007 1411 1099 1441 unius
1122 1414 1193 1441 anni
1218 1418 1320 1440 annua
1341 1410 1411 1447 die,
1442 1408 1558 1440 solutas
1581 1406 1682 1439 fuisse.
1709 1406 1751 1438 sic
1771 1404 1815 1436 sa·

938 1462 979 1484 ne
998 1460 1179 1491 accepcrm
1198 1451 1287 1489 quod
1313 1451 1352 1481 de
1371 1450 1489 1489 usuris,
1513 1450 1699 1490 reipublicae
1724 1446 1814 1479 debi-

939 1495 978 1526 tis
996 1517 1006 1533 ,
1038 1494 1080 1524 ita
1105 1492 1178 1523 infit
1201 1491 1439 1524 Constantinus.
1490 1492 1582 1532 Apud
1603 1499 1645 1521 eos
1674 1499 1743 1531 quos
1763 1496 1813 1528 ju-

934 1533 1068 1576 perstz'tes
1094 1535 1214 1574 integris
1231 1533 1434 1573 facultatibus
1464 1532 1516 1572 effe
1542 1532 1705 1573 pervideris
1723 1554 1734 1570 ⁷
1764 1530 1813 1561 ‘vel

937 1586 1059 1618 quorum
1078 1576 1189 1605 bereaes
1206 1575 1362 1605 incolumia
1380 1574 1507 1604 retinent
1527 1574 1722 1612 patrimonia,
1746 1576 1811 1612 Jor-

939 1624 981 1649 tes
998 1616 1159 1656 reilublicoe
1181 1620 1362 1655 sers'everure
1380 1616 1545 1646 dehebuut:
1574 1614 1618 1644 ita
1641 1620 1755 1651 tamen,
1777 1616 1813 1643 ut

939 1668 1055 1690 annuas
1079 1661 1184 1696 usuras
1201 1658 1261 1695 ,suis
1284 1658 1443 1698 quibusque
1461 1656 1635 1697 temporibus
1650 1655 1812 1691 exsolvunt.

938 1702 947 1731 l
976 1711 1005 1732 2.
1032 1699 1066 1731 C.
1088 1701 1122 1730 cle
1137 1700 1312 1730 debitoribus
1337 1699 1494 1729 civitatum
1513 1721 1522 1736 ,
1554 1698 1602 1727 lib.
1626 1704 1673 1727 11.
1698 1697 1744 1726 lit.
1759 1704 1812 1736 32.

938 1742 1001 1773 Sed
1028 1741 1058 1772 ὅ(
1088 1739 1222 1781 sequens
1250 1739 1399 1772 Marmor
1429 1739 1512 1781 apud
1544 1736 1721 1771 Gruterum
1739 1743 1812 1779 pag.

941 1793 1008 1824 175.
1042 1781 1132 1821 Inscr.
1158 1791 1189 1820 4.

936 1841 1031 1864 Hoc·
1055 1839 1259 1863 AMPLIUS.
1283 1839 1379 1863 ΑΒΚ.
1414 1839 1498 1864 REI.
1531 1841 1559 1863 1².
1591 1834 1810 1863 coLLEcn

1333 1881 1357 1903 s.
1382 1881 1406 1903 s.

1045 1939 1208 1965 BONUM.
1243 1939 1393 1963 DEDIT.
1423 1939 1471 1962 -Χ-
1502 1941 1533 1964 V.

1289 1981 1441 2003 USURIS

995 2022 1275 2047 CENTESIMIS.
1301 2022 1415 2055 EJUS.
1449 2021 1763 2053 QUANTITATIS

1068 2063 1174 2096 QUAE.
1198 2063 1391 2087 EFFICIT.
1420 2063 1606 2087 ANNUos.
1631 2064 1678 2087 ·Χ·

1287 2105 1349 2127 Dc.
1390 2105 1461 2128 DIE

1010 2147 1082 2170 VII.
1106 2146 1194 2170 KAL*
1220 2147 1402 2169 OCTOBR.
1434 2146 1616 2170 NATALI.
1645 2146 1742 2171 D1v1

1015 2187 1222 2212 AUGUSTI.
1248 2188 1458 2211 EROGENT
1481 2188 1545 2210 UR.
1570 2189 1632 2211 Ex.
1654 2188 1737 2212 ΑΒΚ

1562 1940 1628 1963 UT.
1654 1938 1707 1962 EX

980 2234 1142 2268 Dicuntur
1167 2237 1308 2278 collegio
1336 2235 1607 2269 Centonariorum
1644 2237 1716 2269 data
1747 2236 1812 2270 esse

941 2288 958 2310 a
975 2277 1010 2309 L.
1033 2278 1169 2310 Sextilio
1190 2278 1328 2310 Seleuco
1352 2279 1495 2319 quinque
1519 2279 1720 2311 denariorum
1743 2279 1815 2310 mil·

942 2320 999 2352 lia:
1023 2320 1054 2351 &
1081 2319 1150 2351 hzec
1170 2319 1288 2352 summa
1305 2320 1423 2351 dicitur
1449 2330 1490 2352 ex
1509 2320 1688 2353 centesimis
1714 2319 1813 2352 usuris

942 2362 1115 2401 quotannis
1139 2370 1249 2402 parere
1280 2363 1451 2393 sexcentos
1482 2362 1654 2394 denarios:
1684 2362 1717 2393 id
1747 2361 1813 2400 est,

944 2404 984 2434 de
1011 2404 1158 2434 centenis
1185 2403 1322 2434 denariis
1346 2402 1474 2443 singulis
1499 2403 1590 2434 annis
1622 2403 1814 2442 duodenos,

943 2443 1006 2476 five
1023 2443 1149 2484 singulis
1167 2444 1324 2475 mensibus
1342 2443 1491 2485 singulos.
1534 2443 1612 2475 Nou
1632 2444 1728 2485 igitur
1743 2443 1814 2475 usu-

944 2495 986 2517 rae
1002 2509 1012 2524 ‚
1042 2494 1111 2526 quae
1136 2494 1226 2517 erant
1251 2484 1378 2525 singulis
1400 2483 1559 2516 mensibus
1582 2484 1720 2524 debitae,
1751 2485 1814 2516 uti-

945 2536 1007 2565 que
1030 2525 1157 2567 singulis
1181 2525 1340 2558 mensibus
1366 2526 1615 2566 pendebantur:
1650 2526 1703 2558 sed
1730 2526 1813 2567 saepe

945 2568 1096 2599 universae
1122 2568 1212 2601 unius
1236 2567 1307 2599 anui
1324 2567 1379 2598 sub
1402 2566 1498 2599 finem
1523 2569 1588 2609 ejus
1605 2577 1666 2599 una
1691 2567 1815 2608 pensio-

944 2619 985 2641 ne
1002 2609 1217 2641 solvebantur.
1252 2608 1295 2639 Ft
1312 2608 1388 2640 hinc
1405 2608 1524 2641 faftum
1543 2609 1714 2651 aliquando
1730 2609 1814 2650 fuit,

945 2659 980 2682 ut
1002 2649 1161 2681 usurarum
1185 2650 1347 2690 stipulatio
1372 2660 1437 2682 non
1463 2651 1592 2691 quidem
1618 2651 1649 2682 in
1673 2650 1813 2692 singulos

944 2690 1067 2724 menses
1091 2690 1182 2724 fieret
1199 2715 1209 2730 ‚
1242 2691 1294 2723 sed
1325 2691 1356 2723 in
1381 2691 1520 2734 singulos
1543 2702 1643 2724 annos
1665 2693 1684 2723 l.
1703 2696 1749 2724 26.
1775 2692 1812 2724 C.

944 2735 979 2765 de
996 2734 1117 2774 usuris:
1147 2734 1227 2773 laepe
1252 2733 1371 2773 adjecta
1394 2743 1490 2774 poena
1506 2757 1516 2773 ,
1545 2733 1565 2766 fi
1582 2743 1648 2775 quo
1673 2743 1756 2766 anno
1776 2743 1811 2765 u-

945 2774 1027 2806 suras
1056 2784 1122 2806 non
1154 2773 1293 2806 soiviffet
1321 2775 1476 2808 debitor:
1507 2777 1599 2815 quale
1624 2776 1811 2817 exemplum

946 2815 991 2848 est
1015 2817 1046 2847 in
1079 2816 1098 2848 l.
1127 2824 1171 2857 17.
1205 2816 1237 2848 D
1268 2818 1302 2847 de
1329 2818 1434 2849 usuris.
1487 2816 1562 2849 Fuit
1585 2827 1717 2858 quoque
1741 2816 1812 2847 soli-

946 2865 1012 2889 tum
1030 2881 1040 2896 ,
1070 2866 1130 2896 ut,
1160 2856 1182 2889 fi
1212 2858 1340 2890 debitor
1367 2859 1449 2890 intra
1479 2867 1661 2891 vertentem
1693 2866 1811 2889 annum

944 2898 1077 2931 cessaret
1111 2899 1142 2930 in
1179 2898 1340 2931 solutione
1369 2900 1597 2933 menstruarum
1631 2899 1812 2938 usurarum,

945 2941 1087 2972 creditor
1109 2940 1334 2973 anatocismum
1355 2941 1575 2982 stipular-etun
1596 2942 1663 2981 jure
1678 2940 1810 2981 permit-

948 2988 1066 3020 tente;
1096 2989 1131 3014 ut
1153 2982 1234 3014 infra
1257 2982 1424 3016 ostendam
1447 2994 1472 3016 c.
1494 2994 1540 3015 11.
1582 2981 1682 3023 Quod
1707 2981 1728 3012 fi
1753 2982 1810 3023 qui

947 3024 1091 3055 duriores
1112 3023 1211 3056 essent
1226 3023 1461 3064 foeneratores,
1486 3035 1548 3057 nec
1571 3032 1674 3055 tamen
1698 3031 1810 3056 anato-

945 3064 1075 3097 cisrnum
1102 3066 1223 3098 vellent
1241 3091 1250 3106 ,
1281 3066 1313 3097 hi
1331 3074 1366 3098 ut
1389 3067 1539 3099 Calendis
1557 3064 1683 3105 singulis
1707 3064 1808 3098 usurae

945 3106 1000 3139 fibi
1027 3107 1310 3147 persolverentur,
1341 3109 1542 3140 accumbant.
1574 3113 1640 3137 tum
1665 3107 1750 3139 enim
1776 3107 1809 3140 &

945 3148 1162 3188 debebantur,
1186 3151 1215 3181 ὅ(
1234 3151 1301 3191 peti
1323 3156 1490 3189 poterant:
1519 3156 1625 3188 eoque
1647 3148 1716 3187 jure
1731 3148 1807 3182 usos

945 3189 1008 3221 ess'e
1026 3213 1036 3228 ‚
1068 3200 1109 3222 ex
1130 3190 1219 3232 supra
1245 3192 1389 3232 allegatis
1413 3188 1536 3222 constat
1554 3201 1562 3221 :
1594 3190 1689 3221 etiam
1706 3198 1747 3222 ex
1766 3200 1808 3223 eo

892 3246 895 3248 -
943 3230 1076 3265 Senecae
1090 3254 1101 3271 ,
1130 3232 1179 3264 De
1199 3232 1313 3272 benefic.
1337 3233 1384 3262 lib.
1408 3240 1435 3264 1.
1459 3241 1484 3263 c.
1501 3240 1531 3263 α.
1554 3230 1649 3264 Nemo
1671 3229 1815 3272 beneficia¹

1308 3271 1337 3304 Y
1356 3282 1376 3314 3
1774 3279 1807 3304 in
