2052 3487
390 125 471 163 Dz:
520 121 830 160 Foznonz
879 133 949 159 ET
997 123 1262 162 Usun1s.

57 222 89 253 ni
109 220 157 261 jus
181 224 363 262 pervertat:
394 214 532 255 denique
554 223 578 243 c.
601 222 650 254 23.
673 212 702 254 §.
731 223 759 261 7.
788 213 830 245 fic
854 215 918 246 edi-

58 265 158 301 xerit,
183 263 233 295 Ne
254 262 416 293 abominare
440 256 620 292 Ειίοτηεεαπι,
645 265 714 285 iiam
729 258 831 294 frater
848 263 917 287 tiiiis

58 303 107 345 est.
133 314 167 335 ne
184 305 344 336 abominare
361 299 552 341 AEgyptz'iim,
575 305 642 328 iram
657 299 830 336 peregrinus
838 298 918 336 fiiis-

57 348 81 378 ti
102 348 133 377 in
156 352 232 377 terra
249 346 327 387 ejus:
349 347 424 383 quid
451 339 553 369 verius
575 336 638 375 est,
664 347 756 377 quain
777 339 916 369 censuis-

54 388 87 420 se
130 388 246 428 Judoeis
264 386 390 428 quidem
408 381 682 425 i'ocietateianuae
696 380 794 423 patto
810 379 916 410 liuma-

55 411 107 461 no²
117 430 154 461 fit
194 438 265 461 cum
284 422 455 468 peregrinis
472 431 536 452 non
557 419 668 455 fuisse;
685 420 736 451 led
755 430 850 466 quain
867 431 917 468 na-

56 479 124 502 tura
142 453 354 513 &gener-avit,
378 464 468 496 fuisse
483 462 500 493 ?
522 469 557 493 ut
573 462 613 492 de
631 461 786 508 Romanis·
810 462 840 492 ὅ(
860 462 915 509 ha-

57 513 141 544 iiicis
157 512 285 544 turrea-ie
314 508 394 540 dixit
413 504 584 541 Camillus,
615 502 844 549 apudyLiVium
865 504 913 548 lil).

54 564 85 594 5.
104 564 127 585 c.
153 536 201 594 ἦ.
225 536 287 584 §ed
311 549 397 590 quod
414 549 453 578 de
470 548 600 577 devotis
624 545 773 585 gentibus
795 547 911 585 ipecia-

55 597 127 627 liter
145 596 230 626 cavit
251 594 358 630 Deus,
383 590 443 631 (ut
459 587 495 618 fit
517 596 546 618 in
565 586 611 616 his
632 595 699 626 quae
725 586 912 627 iingularcm

54 637 130 677 juris
147 638 304 668 rationem
328 630 473 670 habent)
495 629 534 674 ad
552 628 626 658 alias
651 636 765 668 gentes
788 629 828 674 ‘de
845 637 911 667 qui-

54 680 111 709 bus
134 678 196 708 hoc
219 686 281 707 non
296 675 397 716 justit,
421 670 647 713 porrigendum
674 679 737 700 non
756 668 826 714 fuit.
851 678 909 699 rna-

52 720 100 758 igis
127 719 289 758 probanda
315 716 364 747 vel
392 712 538 745 Mosaico
561 711 630 751 jure
660 711 711 742 illa
744 709 912 741 Ciceronis

53 751 211 791 senten-tia-
235 769 274 790 ex
298 759 344 789 lili.
363 767 390 797 q.
422 755 465 786 De
488 752 587 793 officiis
603 759 664 793 ciip.
685 756 714 783 6.
739 751 912 795 Qii‘aiitem

54 803 165 833 civium
176 803 313 831 rationein
336 792 439 830 dicum
456 796 631 828 habendam,
662 800 844 824 externorum
862 803 910 840 ne-

52 850 125 885 gant
139 855 146 875 :
169 844 198 873 hi
214 844 355 873 dirimunt
378 846 551 870 coiiiimcriem
566 837 686 866 huniam·
698 837 811 876 generis
819 840 907 882 socie.

54 890 158 915 talem:
179 894 237 924 qua
244 884 384 922 sublata,
408 878 611 918 beneficentia,
634 877 809 913 liberalitas,
834 878 911 907 boni-

52 933 99 957 ·tcis
111 950 119 963 ‚
136 926 251 967 justitia
269 948 279 961 ,
305 924 448 965 funditus
472 920 581 951 tollitur
598 928 606 948 :
638 928 700 966 qiice
715 920 773 966 'q'ui-
788 918 914 965 tollunt,

54 969 138 998 etiiiin
171 968 306 1006 adver-siit
341 965 414 995 Deos
446 960 619 993 immortales
649 967 731 1000 impii
757 961 913 1006 judicandi

46 1009 130 1049 sitiit.
154 1011 188 1040 (il)
211 1011 246 1038 ii's
265 1009 340 1038 enim
362 1003 545 1045 constitutam
566 1003 642 1032 inter
662 1002 912 1040 homines-societa-

54 1057 108 1081 tem
130 1056 271 1081 evertunt.
315 1048 455 1088 Amplius
470 1069 479 1084 ‚
512 1044 599 1090 quod
622 1045 660 1088 ad
687 1044 911 1088 devotasgen-

56 1101 103 1122 tes
130 1092 243 1122 attinet
262 1115 270 1129 ‚
302 1090 356 1121 etii
382 1089 471 1120 Deus
501 1095 547 1117 eis
574 1085 736 1125 publicum
760 1084 911 1114 indixerit

57 1133 191 1172 odium3
222 1142 285 1163 non
307 1140 412 1162 tamen
435 1127 592 1160 infinitum
615 1135 725 1171 contra
752 1134 804 1155 eas
821 1134 910 1155 exer—

57 1175 121 1205 ceri
138 1174 320 1214 imperavit:
352 1172 403 1203 sed
429 1169 528 1201 modo
553 1169 581 1198 ὅ(
609 1176 730 1213 ratione
754 1174 910 1213 tempera-

57 1223 136 1248 tum.
163 1216 265 1247 voluit
281 1214 363 1245 enim
382 1236 391 1251 ,
422 1212 450 1242 ἃ
472 1209 540 1250 i'pfis
566 1206 672 1239 offerri
696 1216 779 1254 pacis
798 1208 910 1253 condi-

58 1258 196 1288 tionem:
220 1256 356 1291 scilicet,
380 1262 434 1291 ut,
457 1251 476 1282 fi
495 1250 631 1287 veilent,
662 1249 701 1280 ab
722 1257 910 1294 imminente

53 1298 194 1338 pernicie
223 1297 345 1336 possent
376 1294 406 1324 se
436 1292 560 1333 publica
592 1290 743 1322 servitute
773 1290 909 1322 liberare

51 1338 250 1369 Deuteronom.
272 1347 295 1367 c.
314 1345 362 1367 ρο.
386 1335 485 1379 §.103
505 1332 541 1367 ὅ)
556 1334 630 1373 seqq.

91 1378 167 1410 Non
184 1379 393 1420 igitur-placet
409 1376 486 1407 mibi
505 1378 592 1414 quod
603 1372 789 1411 Ambrosio,
801 1373 909 1420 Deum

49 1419 161 1460 Judaeis
179 1420 284 1452 foenus
302 1442 310 1457 ,
341 1418 372 1450 id
390 1417 435 1448 est
450 1441 459 1456 ,
482 1425 550 1447 rem
576 1424 700 1460 turpem
713 1425 755 1461 ‘ac
773 1415 909 1462 flagitio:

50 1461 131 1499 sam,
154 1463 184 1492 in
204 1461 444 1502 peregrinorum
463 1467 575 1489 necem
598 1456 777 1503 pei-miiiiie.
807 1460 834 1488 ά
856 1466 908 1498 qui

50 1502 155 1542 potest
178 1504 326 1543 placere,
358 1502 408 1532 cui
434 1500 567 1531 sanciior
597 1498 642 1529 est
666 1497 729 1544 Dei
759 1508 908 1544 reveren-

51 1545 95 1575 tia
112 1567 121 1581 ,
157 1553 250 1584 quain
275 1551 310 1575 ut
333 1543 364 1574 in
392 1543 574 1583 cujusquam
605 1546 740 1581 gratiam
765 1541 909 1571 Videatur

49 1586 184 1624 probare
200 1585 275 1626 quid
295 1585 323 1616 se
340 1583 529 1624 indignum?
547 1586 632 1621 quod
651 1591 683 1611 ut
703 1582 818 1612 cadere
837 1591 908 1628 pos-

47 1626 83 1657 fit
101 1627 130 1657 in
156 1627 312 1658 humanos
335 1625 490 1664 affectu83
524 1633 588 1655 non
613 1622 719 1663 potest
740 1624 907 1669 caderem

46 1666 154 1700 Deum
179 1670 231 1708 qui
257 1668 348 1700 nullis
375 1675 598 1706 corrumpitur.
651 1665 747 1710 Atqui
768 1666 908 1710 permisit

47 1709 152 1740 eidem
185 1709 311 1750 Populo
336 1718 378 1740 cx
407 1708 552 1748 AEg‘ypto
580 1705 740 1752 cgressuro
757 1728 767 1744 ,
802 1708 908 1747 ipeCie

45 1751 243 1782 commodati
265 1750 361 1781 furari
379 1749 606 1789 AEgyptiorum
632 1746 837 1793 instrumenta
854 1756 909 1794 tiu-

46 1801 101 1822 rea
131 1800 227 1831 atque
260 1799 409 1831 argentea
434 1794 464 1821 <St
496 1788 598 1820 vestes
629 1788 781 1829 pretiosas
811 1788 908 1819 Exodi

46 1842 62 1863 c
92 1841 137 1863 ιε.
160 1832 188 1873 §.
206 1842 255 1873 35.
279 1831 314 1865 ἐπ’*
332 1835 384 1872 36.
405 1831 493 1871 quod
519 1838 627 1862 natura
651 1829 803 1874 probrum
826 1828 907 1868 esse,

46 1882 113 1904 non
140 1873 221 1904 ratio
248 1874 346 1904 modo
365 1896 374 1911 ,
405 1873 457 1903 sed
481 1872 577 1903 etiarn
603 1869 780 1910 Ulpianus,
810 1871 908 1916 docet

46 1914 67 1946 l.
83 1924 134 1952 42.
158 1914 200 1946 D.
225 1916 257 1945 de
280 1917 430 1945 verborum
448 1912 672 1954 signification-e.
725 1911 788 1943 Sed
809 1920 849 1942 ne
877 1912 908 1943 id

43 1955 168 1987 furtum
191 1956 297 1988 dicas:
326 1965 390 1987 non
415 1964 497 1986 enim
519 1955 561 1985 ita
587 1952 641 1984 est.
674 1953 771 1998 inagis
795 1953 909 1993 pigno-

45 1997 129 2029 ratio
155 1997 314 2029 dicenda:
345 2006 406 2037 qua
430 1997 460 2027 in
487 1993 780 2040 compensationem
803 1995 908 2034 longae

44 2046 142 2077 atque
158 2038 276 2078 injustae
291 2037 450 2069 servitutis
469 2046 561 2078 quain
586 2035 713 2076 regibus
737 2034 801 2066 fine
825 2044 907 2066 mer-

44 2080 126 2110 cede
146 2078 332 2119 praestiterat
350 2079 503 2119 Populus,
536 2078 764 2123 AEgyptiorum
788 2086 837 2123 res
860 2086 907 2108 re-

47 2121 169 2152 tinebat
195 2120 350 2152 Gentium
372 2121 451 2160 jure.
496 2119 546 2150 Eo
573 2120 657 2150 enim
687 2119 847 2156 obtinuit,
872 2125 908 2149 ut

43 2170 105 2202 pro
124 2161 188 2193 hoc
213 2164 301 2202 quod
326 2163 439 2193 civitas
463 2169 516 2192 aut
541 2160 773 2207 eJ'ushprinc-eps
789 2160 904 2206 debet,

45 2211 108 2234 nec
133 2203 284 2244 praestat,
316 2204 388 2243 capi
413 2210 466 2234 aut
491 2203 619 2233 retineri
644 2201 762 2241 possint
787 2210 906 2248 civmrn

44 2244 142 2276 bona.
170 2253 285 2285 nempe
299 2268 309 2282 ,
333 2254 373 2276 ne
391 2245 481 2276 aliter
498 2243 800 2284 interpretantibus,
831 2242 906 2274 faei-

47 2285 86 2316 lis
109 2284 145 2316 {it
167 2287 205 2316 ad
222 2286 360 2326 injuriam
386 2286 455 2317 via:
489 2295 530 2317 eo
555 2286 641 2326 quod
661 2286 691 2316 in
709 2285 906 2331 creditorum

47 2325 239 2366 potestatem
257 2330 353 2359 rarius
369 2328 499 2358 veniant
517 2327 601 2358 bona
620 2326 821 2367 Principum,
852 2335 906 2366 qui

47 2367 140 2407 pauci
162 2377 295 2399 numero
308 2392 317 2407 ,
342 2370 372 2399 dt
389 2369 513 2400 interim
530 2376 683 2408 potentes
701 2370 789 2406 iunt3
811 2376 906 2414 quam

48 2409 133 2440 bona
150 2410 346 2449 privatorum
369 2410 422 2450 qui
443 2410 473 2440 &
491 2410 597 2451 plures
622 2410 690 2441 sunt
706 2410 737 2441 &
752 2408 906 2441 infirmio-

46 2460 109 2481 res,
132 2451 257 2481 accedit
273 2474 283 2490 ,
313 2452 401 2491 quod
418 2455 472 2491 qui
497 2451 635 2491 ejusdem
655 2451 723 2483 sunt
746 2451 905 2490 civitatis,

47 2492 87 2521 ab
105 2500 141 2522 ea
160 2492 208 2532 J'us
225 2490 311 2524 suum
326 2492 449 2525 facilius
471 2492 696 2533 consequuturi
712 2493 906 2532 creduntur,

49 2541 142 2572 quam
164 2534 305 2564 extranei
326 2557 335 2571 ,
367 2533 447 2574 saepe
471 2535 588 2575 negligi
614 2533 707 2566 soliti.
751 2535 827 2566 Hoc
849 2534 905 2576 igi-

49 2580 123 2612 tur,
153 2583 224 2606 cum
251 2575 369 2616 ubique
398 2576 540 2617 gentium
564 2576 611 2608 fas
640 2586 678 2607 ac
703 2576 817 2616 justum
850 2577 905 2615 sit;

50 2623 105 2645 cur
122 2615 351 2655 improbabitur
366 2617 397 2648 in
415 2617 530 2657 Judaeis
549 2619 601 2658 qui
626 2628 666 2649 ex
680 2618 826 2659 AEgypto
847 2618 907 2650 dis-

50 2656 200 2688 cedentes
217 2680 227 2695 ,
265 2665 300 2688 ut
321 2659 491 2690 liberarent
515 2658 545 2690 se
569 2669 586 2690 a
612 2661 802 2700 tyrannide,
832 2668 905 2691 cnm

50 2693 96 2733 jus
114 2695 198 2728 suurn
215 2698 304 2730 aliter
319 2700 471 2740 consequi
498 2710 563 2732 non
583 2702 725 2732 valerent
749 2701 792 2732 ob
809 2700 905 2742 Regis

52 2736 82 2766 <St
104 2738 290 2775 potestatem
310 2741 339 2771 &
362 2741 560 2782 iniquitatem
578 2766 587 2781 ,
620 2742 817 2774 subditorum
841 2744 906 2782 ejus

51 2776 137 2807 bona
152 2780 364 2824 retinuerunt,
388 2791 421 2813 ut
438 2783 591 2815 haberent
607 2793 648 2815 ex
674 2793 739 2824 quo
762 2785 800 2816 ad
819 2784 906 2816 suurn

52 2826 264 2856 pervenirent.
307 2823 412 2863 Atque
434 2825 466 2855 id
483 2825 564 2856 velle
584 2825 711 2857 videtur
733 2824 905 2857 Tertullia-

52 2867 110 2889 DUS
133 2859 170 2889 lib
195 2869 224 2896 4.
246 2861 393 2903 Adversas
411 2864 591 2897 Marcionem
610 2877 635 2897 c.
652 2876 700 2903 24.
724 2867 772 2899 his
789 2867 905 2898 verbis.

55 2898 181 2946 thfldfi
198 2900 235 2934 {9⁹
253 2903 380 2944 Christus
398 2907 498 2948 dignos
513 2910 687 2948 pronuntiat
706 2910 830 2940 mercede
846 2915 906 2948 ope-

52 2950 145 2971 T⁶17⁷05
159 2951 169 2977 3
200 2945 349 2982 excusavit
364 2953 535 2987 praeceptum
555 2949 629 2980 illud
649 2951 784 2981 creatoris
806 2953 838 2981 de
851 2960 904 2981 va.

46 2980 89 3019 [Π
104 2984 200 3013 aureis
216 2983 254 3018 δ’
270 2989 410 3026 argenteis
422 2988 627 3031 AEgypzioriim
641 2993 818 3032 miserendis.
846 2990 906 3022 Oui

51 3024 127 3054 ‘'⁷²²'’ss
150 3024 238 3055 villas
255 3024 291 3060 &³
318 3028 398 3058 urbes
413 3033 519 3069 operati
526 3031 646 3071 fuerint
663 3023 907 3074 AEgyptiisssdi-

48 3065 103 3104 gni
126 3067 225 3107 utique
247 3070 369 3107 operarii
384 3073 505 3102 mercede
519 3094 529 3110 ,
562 3082 618 3103 non
635 3075 673 3105 ad
682 3076 823 3114 fraudem
835 3074 908 3112 sunt

44 3103 180 3152 instincti
195 3130 205 3145 ,
228 3109 286 3148 sed
310 3110 349 3140 ad
373 3114 506 3143 mercedis
529 3118 797 3155 compensationem,
821 3125 907 3155 quam

52 3147 125 3177 alias
142 3158 160 3179 a
174 3149 396 3182 dominatoribus
419 3154 531 3195 exigere
551 3164 607 3185 non
623 3162 765 3196 poterant.
806 3155 907 3200 Quod

51 3189 142 3220 valde
165 3191 349 3223 notandum.
373 3203 464 3235 aeque
481 3218 490 3233 ‚
522 3196 610 3236 quod
634 3197 717 3229 idem
734 3196 906 3231 Tertullia-

51 3237 110 3260 ΓΜ
132 3230 180 3264 lib·
204 3241 233 3266 2·
265 3233 389 3274 ejusdem
411 3238 500 3277 operis
522 3247 544 3270 c.
566 3246 614 3270 20.
647 3237 778 3280 scribit,
809 3239 905 3284 AEgy-

1314 125 1426 164 L113.
1463 125 1491 164 Ι,

961 214 1048 255 ptios
1066 215 1237 255 aiiquando
1261 225 1319 257 per
1341 215 1466 258 legatos
1491 215 1587 258 egiffe
1604 217 1645 250 de
1662 217 1833 251 restitutio-

961 266 1001 288 ne
1019 257 1195 288 ablatorum
1213 268 1223 296 ;
1257 259 1310 289 led
1332 256 1481 291 Hebraeis
1495 267 1619 297 *contra
1642 263 1830 301 petentibus

960 298 1105 337 przeilitae
1130 300 1371 330 aeilimationem
1391 299 1566 340 servitutis,
1592 302 1719 334 tandem
1736 302 1830 334 desti-

961 339 1029 370 tisse
1047 349 1063 369 a
1081 341 1258 380 petitione,
1283 341 1453 373 convictos
1470 344 1631 375 evidentia
1656 344 1826 384 aequitatis.

961 381 1041 412 Haec
1061 391 1126 421 quo
1149 383 1311 422 pertinent
1328 382 1345 414 ἑ)
1375 392 1409 414 ut
1431 393 1598 425 appareat,
1630 383 1739 417 Deum
1761 395 1829 417 non

961 423 1128 462 pei-miiiil'e
1150 423 1265 462 judaeis
1283 423 1409 463 foenus,
1433 434 1467 456 ut
1491 426 1569 458 esset
1597 436 1663 468 quo
1686 428 1826 468 peregri-

960 474 1019 495 nos
1043 464 1213 504 spoliarent
1232 476 1240 497 :
1270 475 1341 506 quae
1364 466 1521 498 Ambrosii
1540 468 1696 500 sententia
1719 468 1763 500 est
1781 470 1827 499 vi-

959 506 1040 544 lior,
1066 515 1159 546 quam
1181 514 1214 537 ut
1228 516 1300 539 cum
1323 508 1484 548 majestate
1507 509 1623 551 divinae
1645 510 1724 551 legis
1748 520 1827 542 con·

958 549 1067 578 venire
1084 548 1237 579 videatur.

996 588 1083 629 Quid
1101 599 1178 630 ergo
1197 589 1242 621 est
1258 589 1276 622 ’.ἕ
1299 597 1423 631 putem,
1457 593 1616 624 rationem
1638 593 1825 633 permitten-

957 629 989 660 di
1009 637 1091 661 inter
1112 630 1268 662 Hebraeos
1289 633 1318 663 ὅ(
1341 633 1528 673 peregrinos
1548 633 1684 666 foenoris
1703 644 1768 666 non
1793 644 1825 666 a·

956 671 1029 702 liam
1066 673 1140 703 Deo
1172 671 1263 704 fuisse
1279 696 1288 712 ‚
1323 682 1417 713 quam
1451 674 1564 714 justam
1600 685 1637 706 ac
1669 675 1826 707 santiam.-

957 722 1073 753 ncmpc
1092 721 1125 744 ut
1150 713 1286 746 Romani
1312 716 1411 746 duces
1434 716 1549 757 (quod
1572 717 1692 749 Plinius
1716 717 1824 748 obser·
1864 744 1869 749 .

956 763 1007 784 vat
1032 756 1080 784 lib.
1102 758 1150 786 26.
1176 754 1288 795 Histor.
1313 764 1413 788 natur.
1445 767 1470 789 c.
1496 758 1552 798 4.)
1583 760 1718 798 primam
1745 758 1824 790 scm-

956 804 1013 835 per
1030 797 1059 827 in
1080 796 1169 828 bellis
1187 800 1456 830 commerciorum
1474 799 1614 831 habuere
1631 809 1756 830 curam:
1780 802 1824 831 ita

954 837 1086 867 rationis
1105 848 1191 876 crat,
1210 839 1292 870 inter
1308 839 1467 872 Hebraeos
1486 841 1516 872 ὅ(
1531 842 1718 882 peregrinos
1736 850 1825 873 com·

955 880 1072 909 inercia
1090 878 1164 918 jure
1192 879 1347 912 Gentium
1367 883 1523 913 exerceri.
1549 884 1639 923 quod
1658 891 1693 913 ut
1709 881 1822 922 fieret,

956 919 1095 959 ipsorum
1119 921 1271 952 intererat
1295 922 1509 955 Hebraeorum
1529 935 1536 955 :
1569 933 1643 956 cum
1668 925 1755 956 enim
1781 934 1824 956 ex

955 961 1089 992 devitiis
1124 961 1264 995 hostibus
1294 965 1398 1004 ampla
1427 964 1590 1006 sperarent
1621 965 1750 1006 spolia3
1782 976 1824 998 ex

956 1011 1077 1043 pecore
1104 1012 1210 1035 autem
1235 1014 1300 1045 quo
1331 1006 1559 1045 abundabant,
1593 1007 1691 1048 pilum
1723 1008 1753 1040 δε
1780 1009 1822 1039 la-

955 1053 1026 1074 nam
1040 1068 1048 1083 ‚
1073 1053 1254 1085 caeteraque
1271 1047 1301 1078 id
1318 1057 1418 1088 genus
1440 1048 1519 1088 alia,
1542 1058 1654 1090 magna
1677 1050 1823 1090 percipe-

953 1094 1024 1117 rent
1049 1087 1171 1126 copia3
1201 1087 1289 1119 forte
1321 1090 1351 1119 <St
1378 1090 1550 1121 textrinam
1574 1092 1716 1131 aliasque
1743 1100 1823 1132 quas

954 1127 1114 1159 callebant
1138 1136 1221 1160 artes
1247 1138 1456 1163 exercerent:
1480 1133 1616 1163 omnino
1642 1131 1705 1164 esse
1723 1142 1822 1174 opor-

954 1170 1042 1200 tebat
1067 1170 1097 1200 in
1122 1178 1202 1210 quos
1222 1169 1431 1210 supervacuas
1454 1182 1503 1203 res
1522 1182 1729 1214 quocumque
1747 1175 1823 1206 alie·

953 1212 1091 1242 nationis
1114 1220 1233 1251 genere
1263 1211 1481 1245 transferrent.
1509 1214 1572 1254 jain
1597 1224 1668 1256 quae
1691 1216 1822 1257 publice

953 1253 1168 1292 privatimque
1188 1261 1278 1284 erant
1297 1261 1393 1285 tantae
1416 1256 1634 1295 multitudini,
1665 1257 1698 1288 in
1717 1256 1822 1289 deser-

954 1301 988 1324 to
1007 1292 1179 1333 praesertim
1198 1294 1228 1325 ἃ
1248 1293 1343 1327 sterili
1367 1297 1442 1327 loco
1457 1319 1467 1334 ,
1498 1297 1688 1337 neceffaria,
1713 1299 1822 1339 quoti-

954 1335 1006 1366 die
1016 1344 1057 1366 ex
1074 1336 1186 1367 vicinis
1201 1336 1387 1377 regionibus
1404 1339 1602 1378 apportanda
1618 1347 1718 1370 erant.
1731 1339 1822 1380 quod

953 1384 988 1407 ut
1004 1375 1151 1407 facerent
1171 1378 1352 1418 peregrini,
1377 1380 1520 1412 utilitatis
1537 1380 1566 1411 &
1582 1381 1657 1420 juris
1675 1390 1820 1413 commu·

952 1418 1052 1449 nione
1073 1420 1274 1458 provocandi
1292 1427 1392 1451 erant.
1417 1429 1514 1462 atque
1534 1431 1572 1452 ea
1593 1422 1693 1464 gratia
1716 1423 1822 1454 vetuit

952 1458 1043 1491 Deus
1061 1482 1070 1498 ,
1099 1461 1268 1501 peregrino
1293 1462 1357 1492 vim
1382 1460 1449 1493 fieri
1468 1486 1477 1501 ,
1510 1471 1565 1494 aut
1585 1473 1658 1496 eum
1679 1465 1822 1505 opprimi

952 1501 1050 1532 Exodi
1077 1511 1101 1532 c.
1128 1511 1177 1533 22.
1207 1501 1235 1542 §.
1260 1511 1310 1534 21.
1341 1513 1366 1534 c.
1388 1513 1437 1544 23.
1463 1504 1491 1546 §.
1511 1513 1539 1544 7.
1572 1506 1677 1537 voluit
1699 1507 1822 1545 etiam,

950 1542 1154 1574 maledictum
1173 1543 1234 1574 esse
1262 1544 1314 1584 qui
1341 1544 1406 1584 ejus
1426 1545 1475 1585 jus
1499 1555 1663 1585 pervertat
1680 1546 1822 1579 Deutero-

951 1594 1027 1615 nom.
1052 1594 1076 1615 c.
1096 1594 1145 1624 27.
1170 1585 1198 1626 §.
1221 1594 1266 1621 19.
1291 1587 1431 1626 denique
1451 1587 1533 1626 juffit
1551 1610 1561 1626 ,
1591 1596 1663 1619 cum
1682 1590 1824 1630 peregri-

952 1627 1000 1657 nis
1023 1627 1219 1657 commercia
1237 1626 1312 1666 jure
1339 1626 1495 1659 Gentium
1520 1631 1685 1669 exerceri3
1708 1630 1748 1661 ab
1766 1632 1821 1662 iis-

951 1676 1015 1708 que
1035 1675 1069 1698 ut
1086 1669 1168 1706 emi,
1194 1668 1309 1707 vendi,
1334 1670 1525 1709 permutari,
1556 1670 1675 1710 locari,
1700 1673 1823 1703 condu-

951 1710 979 1739 ci
997 1732 1007 1747 ‚
1039 1707 1080 1740 sic
1108 1708 1228 1741 foenori
1255 1710 1319 1741 dari
1347 1710 1377 1742 ὅ(
1398 1711 1520 1751 accipi,
1544 1721 1671 1753 aequum
1697 1713 1821 1746 bonum

952 1749 1032 1782 effe:
1057 1759 1094 1781 ac
1117 1749 1138 1781 ss
1158 1760 1230 1782 cum
1257 1751 1402 1784 Hebraeis
1423 1753 1664 1794 negotiarentur
1683 1756 1822 1796 peregri-

951 1791 1005 1829 ni,
1029 1799 1128 1831 atque
1146 1793 1191 1822 eis
1219 1791 1273 1823 sub
1291 1792 1419 1824 foenore
1442 1795 1633 1834 crederent,
1658 1797 1747 1837 quod
1763 1805 1823 1835 po·

951 1839 1056 1863 terant
1078 1833 1201 1872 legibus
1225 1834 1433 1874 moribusque
1457 1834 1537 1875 suis,
1568 1837 1689 1876 voluit,
1720 1838 1753 1870 in
1770 1848 1820 1870 re-

951 1873 1078 1913 publica
1094 1872 1224 1912 Judaica
1247 1873 1360 1906 servari
1379 1876 1505 1915 pactum
1524 1878 1565 1909 de
1588 1877 1705 1910 usuris:
1730 1880 1760 1912 &
1782 1887 1820 1912 ut

951 1923 1006 1955 par
1031 1913 1180 1945 Hebraeis
1204 1915 1291 1946 domi
1309 1915 1456 1957 forisque
1478 1918 1527 1958 jus
1544 1918 1621 1951 ess'et
1635 1942 1645 1958 ,
1678 1921 1773 1953 etiam
1793 1922 1819 1952 i-

950 1955 1010 1996 psis
1027 1955 1152 1987 indulsit
1169 1979 1179 1995 ‚
1209 1964 1243 1987 ut
1261 1956 1282 1988 fi
1298 1958 1473 1998 peregrinis
1495 1961 1685 2001 crederent,
1709 1963 1748 1994 ab
1771 1963 1821 1995 his

952 1995 1055 2028 usuras
1079 2006 1171 2038 aeque
1196 1997 1336 2038 stipulari
1352 2008 1390 2030 ac
1412 2008 1524 2040 petere
1548 2001 1684 2043 possent.
1716 2013 1821 2045 eaque

951 2038 1120 2078 prudentia
1144 2047 1182 2070 ac
1201 2039 1337 2079 justitia,
1366 2050 1434 2073 rem
1457 2042 1587 2082 effecit,
1619 2043 1747 2085 dignam
1764 2046 1820 2077 ad-

950 2080 1120 2110 miratione
1143 2080 1173 2111 &
1201 2082 1356 2113 memoria
1379 2084 1524 2116 omniurn
1542 2084 1751 2126 seculorum;
1783 2094 1823 2118 ut

950 2130 1025 2152 cum
1049 2129 1098 2152 tot
1116 2121 1214 2153 millia
1240 2123 1271 2154 in
1294 2122 1449 2155 sterilibus
1472 2125 1502 2157 δε
1521 2125 1652 2159 desertis
1672 2128 1752 2160 locis
1770 2137 1820 2161 es-

951 2162 1018 2194 sent
1035 2171 1091 2203 per
1108 2171 1158 2194 tot
1175 2172 1276 2195 annos
1296 2164 1380 2196 inter
1397 2173 1446 2197 tot
1463 2166 1570 2200 hostes
1582 2191 1591 2207 ,
1603 2167 1658 2200 etfi
1673 2171 1821 2203 omniurn

950 2204 1144 2244 indigentia,
1169 2213 1275 2237 tamen
1293 2206 1382 2238 nullo
1401 2207 1660 2242 destituerentur.

991 2245 1069 2287 Quo
1095 2245 1182 2277 sensu
1207 2247 1430 2288 accipiendum
1457 2251 1546 2290 quod
1569 2251 1609 2282 de
1627 2261 1740 2285 eorum
1756 2253 1821 2285 cal·

950 2288 1014 2319 ceis
1042 2296 1106 2318 non
1133 2288 1249 2319 attritis
1266 2311 1276 2327 ,
1307 2288 1337 2320 δε
1364 2289 1562 2323 vestimentis
1579 2301 1644 2325 non
1662 2294 1821 2327 invetera-

949 2329 1007 2366 tis,
1026 2328 1140 2369 legitur
1159 2328 1364 2362 Deuteronom.
1390 2341 1414 2362 c.
1433 2342 1482 2368 29.
1507 2333 1536 2374 §.
1553 2344 1583 2374 5.
1604 2334 1634 2366 ἄ
1652 2345 1675 2367 c.
1695 2341 1723 2371 8.
1747 2336 1776 2377 §.
1788 2346 1820 2375 4.

949 2371 1048 2401 verba
1072 2371 1237 2411 utriusque
1260 2371 1324 2402 loci
1341 2371 1504 2413 adscripsi,
1528 2375 1601 2415 quia
1617 2385 1634 2406 a
1656 2377 1764 2409 multis
1781 2378 1817 2410 in

949 2411 1043 2442 alium
1070 2411 1237 2443 trahuntur
1265 2412 1397 2444 sensum.
1429 2415 1526 2445 verba
1550 2425 1590 2447 ex
1611 2415 1640 2457 §.
1662 2428 1692 2458 5.
1723 2428 1747 2450 c.
1764 2429 1818 2456 29.

950 2452 1072 2484 Deduxi
1088 2458 1182 2484 autem
1198 2463 1248 2484 vos
1263 2455 1462 2496 quadraginta
1479 2466 1569 2487 annos
1582 2464 1635 2498 per
1656 2461 1818 2499 desertum:

950 2504 1006 2525 non
1028 2496 1268 2525 inveteraverunt
1294 2493 1465 2535 vestimenta
1488 2496 1606 2538 vestra,
1639 2502 1712 2541 quin
1734 2507 1819 2544 tegit.

950 2543 1042 2566 mento
1059 2535 1144 2576 effent
1160 2538 1259 2573 vobis,
1282 2545 1373 2578 neque
1389 2538 1501 2569 calceus
1519 2544 1590 2571 tuas
1615 2541 1817 2584 inveteravit,

948 2579 1020 2617 quin
1039 2585 1199 2618 tegumento
1216 2576 1280 2617 effer
1290 2579 1359 2618 pedi
1375 2583 1434 2610 tuo.
1459 2580 1557 2612 verba
1574 2591 1615 2613 ex
1638 2583 1667 2624 §.
1685 2594 1715 2624 4.
1739 2595 1763 2617 c.
1785 2591 1817 2620 8.

949 2617 1159 2658 Wstiiiientiim
1184 2624 1269 2650 tuum
1284 2629 1341 2650 non
1362 2622 1532 2661 veteravit,
1563 2624 1636 2665 quin
1651 2631 1816 2667 tegumento

946 2658 983 2696 [it
998 2661 1069 2691 tilii:
1092 2659 1128 2695 &a
1149 2666 1198 2700 pes
1215 2665 1285 2691 tuus
1305 2670 1362 2692 non
1377 2662 1521 2694 intumuit
1539 2665 1612 2705 ipsos
1633 2669 1818 2711 quadragin-

949 2707 978 2732 ta
994 2710 1095 2733 annos.
1137 2700 1210 2732 Nec
1233 2701 1384 2735 dissimilis
1406 2703 1457 2735 illa
1474 2704 1599 2738 locutio
1625 2707 1700 2740 huic
1723 2709 1816 2750 Justi-

949 2744 992 2774 ni.
1035 2742 1191 2781 Caeterum,
1208 2741 1237 2781 fi
1255 2744 1483 2786 regemspetin,
1506 2748 1650 2790 divitias,
1682 2760 1738 2782 non
1764 2753 1817 2783 du·

949 2793 1009 2822 cem
1024 2784 1123 2815 laudes
1138 2795 1147 2815 :
1169 2794 1293 2826 quarum
1308 2792 1391 2818 tanta
1406 2789 1486 2829 copia
1501 2790 1533 2820 in
1552 2799 1638 2832 regno
1656 2793 1718 2834 ejus
1724 2794 1815 2834 fuit,

948 2830 982 2856 ut
1011 2835 1076 2856 cum
1094 2824 1223 2865 flumina
1247 2827 1435 2860 multitudine
1459 2831 1694 2871 consumerentur
1713 2858 1722 2873 ,
1751 2841 1815 2874 opes

949 2872 1045 2898 tamen
1066 2868 1150 2909 regia:
1157 2867 1344 2909 supereffent.
1390 2870 1527 2904 Pulcher
1550 2872 1581 2904 ὅ(
1596 2875 1746 2906 notabilis
1765 2876 1813 2906 10-

948 2917 1005 2940 cus
1029 2908 1085 2941 est.
1109 2918 1173 2941 non
1199 2910 1284 2942 enim
1309 2912 1379 2943 vult
1395 2911 1555 2953 Justinus,
1590 2917 1677 2955 quod
1701 2916 1815 2957 utique

949 2950 1069 2982 eaedem
1096 2960 1175 2992 opes
1206 2960 1277 2992 quae
1307 2961 1382 2985 ante
1407 2953 1561 2995 fuerant,
1598 2956 1812 2999 supereffent3

950 2991 1004 3023 sed
1026 2993 1114 3033 quod
1137 2993 1335 3035 consumptae
1359 2996 1390 3027 in
1413 2995 1499 3028 usum
1517 2997 1612 3035 belli,
1635 2997 1690 3028 etfi
1708 2998 1813 3032 infini-

951 3040 992 3064 tae
1009 3057 1019 3072 ‚
1050 3041 1155 3066 tamen
1179 3035 1308 3068 aliarum
1327 3035 1551 3069 substitutione
1576 3047 1641 3069 non
1659 3039 1814 3074 desidera-

949 3083 1068 3107 rentur.
1092 3077 1180 3117 quod
1205 3076 1419 3115 superioribus
1436 3079 1536 3111 Mosis
1560 3079 1664 3110 verbis
1680 3081 1812 3123 respon-

949 3117 1016 3149 det.
1048 3117 1098 3149 Sic
1115 3118 1191 3150 mihi
1208 3118 1315 3151 sedet:
1337 3129 1398 3152 nec
1413 3120 1545 3158 dubito,
1569 3128 1607 3151 an
1625 3130 1712 3154 vere.
1736 3133 1813 3159 nam

948 3159 1034 3199 quod
1049 3160 1101 3191 alii
1124 3159 1272 3199 censent,
1295 3160 1420 3201 Judaeos
1435 3185 1444 3199 ,
1476 3169 1517 3191 ex
1541 3160 1671 3194 deserto
1693 3174 1813 3199 exeun-

949 3208 1016 3239 tes,
1039 3202 1151 3234 ea-dem
1169 3202 1303 3234 vestium
1320 3203 1567 3242 calceorumque
1584 3211 1652 3235 corv
1667 3215 1741 3244 ora,
1764 3218 1810 3240 at-

948 3251 1011 3284 que
1034 3242 1097 3284 ipsa
1119 3251 1185 3278 non
1204 3245 1384 3277 inveterata
1409 3250 1463 3277 aut
1487 3243 1615 3285 attrita,
1671 3247 1810 3290 abuiffe‚

1741 3299 1814 3331 quae

1766 132 1836 175 167
