2036 3495
119 96 189 130 5¹12
730 76 764 111 G
787 87 808 111 E
833 85 856 109 R
881 84 902 108 Λ
928 84 950 108 R
975 84 1000 113 D
1024 86 1037 111 ι

121 182 162 214 ge
180 180 275 213 quarn
302 170 365 202 Dei
385 166 586 209 providentia
611 165 649 196 ad
666 163 793 195 humani
810 162 937 203 generis
955 160 997 192 sa-

121 216 222 246 lutem
236 212 338 252 juffit,
363 216 458 240 nenio
477 205 506 237 se
525 205 647 238 solvere
664 205 786 243 debet3
804 212 883 241 nec,
906 201 929 233 si
947 212 997 248 νεῖ

123 255 181 293 lit,
204 252 325 294 potest:
348 250 378 280 in
397 256 540 285 tantum,
563 253 596 277 ut
614 246 731 284 etiam,
754 253 827 275 cum
845 244 926 290 male
944 242 999 274 sibi

124 296 204 328 velit
222 317 232 333 ,
263 301 327 324 non
355 291 384 321 id
408 296 479 330 agat
496 311 506 325 ,
539 288 612 327 quia
636 287 752 318 malum
777 293 923 326 appetit3
948 284 999 315 sed

125 337 213 377 quia,
239 333 321 364 facta
337 328 580 369 comparatione
600 327 725 368 majoris
743 327 772 358 &
790 326 920 358 minoris
936 334 999 357 ma-

125 379 168 416 li,
183 378 213 407 in
231 384 271 406 eo
291 373 378 414 quod
397 371 541 412 appetit,
563 370 660 409 maius
681 368 735 401 fibi
753 367 844 409 fingit
859 368 1002 406 bonum,

129 426 221 459 quam
242 418 272 447 in
299 424 340 445 eo
357 414 443 454 quod
469 409 591 451 effugit.
622 410 694 449 fac,
718 409 773 441 sibi
790 417 903 450 optare
920 418 1003 439 mor-

129 467 194 490 tem
220 466 289 497 quae
315 457 346 486 in
370 453 547 485 infelicium
575 452 659 484 votis
684 450 746 483 ess'e
763 451 898 489 dicitur,
921 450 1005 481 hanc

130 508 235 532 tamen
260 498 280 529 si
305 506 322 528 a
347 494 420 532 Deo
446 494 593 535 precibus
617 492 808 533 paciscitur,
832 501 896 523 non
922 490 1006 531 quasi

128 542 241 574 malam
261 539 362 580 sperat
373 548 382 577 3
394 537 446 568 sed
465 535 547 577 quasi
559 536 630 566 vitae
648 533 765 566 miserae
777 533 806 565 &
818 531 1006 564 calamitosae

132 582 328 625 profugium.
375 579 482 619 Atque
499 578 562 608 hoc
580 576 599 607 si
622 576 688 615 est3
712 584 782 615 quis
807 575 911 611 dicat,
934 583 1007 605 eum

129 625 184 665 qui
204 623 296 665 pacto
315 621 344 653 se
363 620 511 660 obligarit
537 618 586 648 vel
604 618 642 648 ad
659 617 790 647 exitium
807 615 912 660 suum,
936 615 1007 661 lege

128 665 260 701 Naturae
281 662 410 696 teneri?
432 670 494 692 non
512 659 595 691 enim
613 668 654 689 eo
669 658 842 699 perniciem
862 658 943 688 luam
962 666 1005 687 rn-

132 707 256 745 tendit,
282 705 334 736 sed
350 704 469 736 bonum
486 703 573 741 quod
591 699 644 731 sub
662 710 698 731 ea
716 700 816 731 latere
835 697 1005 739 suspicaba-

132 759 200 782 tur:
225 749 289 779 hoc
308 755 385 777 vero
401 745 420 776 si
439 753 501 775 non
521 741 583 774 esse
602 741 777 782 intelligat,
793 748 857 772 non
874 738 1006 771 consen—

130 790 198 824 fisse
209 799 281 821 eum
298 788 415 827 liquet:
433 785 505 826 quia
523 785 610 823 quod
625 783 668 814 est
680 806 689 822 ,
705 791 769 814 non
786 782 903 813 voluit:
920 781 1007 821 quod

131 840 239 864 autem
260 830 381 867 voluit,
405 836 467 858 non
492 825 554 857 est:
579 832 706 856 tenetur
726 824 864 863 denique
883 833 946 854 non
963 832 1008 854 er-

132 882 239 906 rorem
260 872 365 908 suum,
389 869 420 900 id
439 868 503 907 est,
523 867 717 907 perniciem,
735 865 786 897 sed
805 865 891 904 quod
912 866 940 895 ei
956 866 1009 895 bo-

131 925 208 948 num
235 913 301 951 est,
327 911 411 950 sequi
439 908 567 941 Naturae
586 908 674 949 lege:
700 917 771 939 cum
791 908 878 947 quod
894 907 1010 937 malum

134 955 199 995 est,
223 963 327 995 neque
353 952 407 983 sub
433 950 723 987 deliberationem,
747 957 852 989 neque
880 948 934 978 sub
958 956 1011 978 vo·

133 998 310 1034 luntatem,
335 994 448 1025 cadere
466 992 567 1034 possit.
603 990 703 1034 Quod
720 989 739 1021 si
762 992 792 1022 in
812 990 942 1036 privatis
959 998 1011 1035 pa-

134 1038 295 1072 (tionibus
320 1036 441 1075 placet:
466 1037 506 1066 de
533 1033 667 1074 publicis
694 1040 815 1071 quanto
838 1030 947 1076 justius
967 1032 1010 1061 di-

136 1083 275 1113 cendum
293 1077 363 1110 est?
385 1077 510 1117 majoris
529 1076 614 1106 enim
631 1074 771 1113 exempli
789 1073 877 1104 sunt:
895 1081 1013 1112 quippe

135 1132 208 1154 cum
229 1122 359 1161 privatae
377 1120 413 1149 ad
433 1119 523 1149 unius
541 1125 594 1147 aut
611 1124 784 1156 paucorum
798 1139 806 1152 ,
824 1114 957 1160 publicae
975 1113 1013 1144 ad

135 1164 346 1205 plurimorum
366 1160 495 1191 salutem
516 1157 667 1199 spectent.
700 1165 851 1197 praeterea
872 1164 941 1195 quis
958 1163 1009 1200 ne·

134 1205 213 1244 scit,
234 1203 347 1243 Populi
368 1211 485 1241 corpus
502 1209 540 1231 ex
560 1199 752 1239 singulorum
770 1196 918 1228 consensu
936 1198 1012 1227 civi·

135 1256 190 1279 um
208 1243 393 1277 contineri?
418 1251 477 1273 nec
498 1242 614 1282 patitur
633 1241 735 1278 rati03
759 1248 791 1269 ut
809 1239 895 1278 quod
912 1237 1011 1283 singu-

135 1289 175 1321 lis
192 1289 223 1318 in
241 1286 270 1317 se
284 1286 332 1326 jus
350 1293 414 1315 non
432 1282 550 1321 fuerit,
575 1289 702 1312 vetante
722 1280 863 1318 Natura,
887 1288 999 1310 univer

135 1329 158 1362 fi
170 1352 179 1368 ,
196 1326 371 1361 constituto
390 1334 549 1365 corpore,
567 1324 597 1354 in
616 1323 645 1353 se
661 1320 815 1362 accepisse
837 1321 1012 1353 videantut.

138 1379 245 1411 neque
270 1368 353 1399 enim
381 1367 411 1398 id
437 1375 530 1407 egere
549 1365 599 1404 qui
617 1366 646 1395 in
666 1364 824 1404 publicam
841 1365 950 1393 co'i'ere
967 1361 1013 1392 so·

136 1412 307 1447 cietatem,
329 1417 363 1440 ut
379 1409 408 1438 in
428 1417 463 1438 ea
481 1406 611 1437 cessaret
630 1405 778 1436 naturalis
795 1404 952 1448 obligatio
972 1402 1014 1434 le-

137 1452 185 1495 gis
204 1461 274 1493 quae
291 1458 364 1481 ante
379 1448 517 1489 singulos
541 1445 652 1478 tenuit.
683 1445 767 1484 imo,
792 1453 826 1476 ut
851 1446 902 1476 illa
927 1443 1013 1489 usum

137 1490 373 1530 liaberet,ideo
391 1488 574 1520 societatem
591 1496 823 1518 contraxerunt
841 1485 960 1527 singuli.
978 1494 1015 1516 ac

138 1535 160 1568 fi
178 1543 243 1566 rem
262 1539 427 1573 putamus;
453 1528 525 1569 quid
542 1528 586 1560 est
605 1527 732 1559 Naturae
753 1529 822 1566 lex,
837 1536 949 1568 praeter
967 1537 1013 1558 re-

137 1576 243 1618 gulam
263 1574 459 1611 modumque
478 1569 607 1602 rationis
635 1579 728 1610 quam
757 1568 845 1601 Deus
870 1567 1015 1609 regendis

138 1615 304 1649 hominum
324 1611 499 1644 actionibus
517 1611 638 1651 posuit;
659 1610 722 1642 five
739 1609 846 1652 singuli
864 1609 1016 1654 sparsique

137 1657 216 1696 fint3
240 1656 304 1688 sive
329 1654 361 1686 in
388 1663 485 1685 unum
508 1652 636 1684 collecti
662 1662 780 1693 corpus
798 1650 871 1692 juris
889 1650 1017 1682 fruendi

138 1698 262 1741 gratia?
289 1696 343 1728 nisi
360 1695 428 1737 quis
446 1696 526 1726 adeo
545 1696 676 1732 deliret,
694 1703 727 1725 ut
744 1702 853 1734 putet,
871 1692 1017 1724 homines

139 1740 202 1773 esse
219 1738 336 1771 desiisse
353 1736 406 1778 qui
424 1736 528 1769 reliCta
549 1735 612 1767 vita
632 1735 682 1767 illa
701 1734 814 1777 agresti
831 1736 857 1766 ἃ
877 1733 962 1770 fera,
985 1733 1016 1765 in

140 1782 223 1814 hanc
242 1780 349 1812 mitem
362 1780 391 1810 ά
409 1779 527 1811 cultam
546 1777 728 1809 concessere
740 1801 748 1813 ,
762 1776 957 1817 Naturaeque
971 1777 1017 1820 Lus

140 1823 236 1856 etiam
263 1819 499 1862 Magistratibus
526 1829 561 1850 ac
582 1818 704 1860 judiciis
730 1818 905 1850 firmarunt.
955 1817 1018 1862 Sed

141 1865 415 1906 qualemcumque
433 1860 468 1893 iis
499 1861 664 1902 personam
698 1859 827 1891 fortuna
850 1858 1018 1900 imposuit,

140 1905 290 1938 homines
321 1904 415 1936 sunt:
442 1911 576 1944 quorum
608 1901 784 1933 actionibus
809 1900 1018 1941 pactionibus-

139 1957 222 1989 que,
240 1948 267 1978 (St
292 1944 441 1987 primns,
471 1945 500 1976 &
527 1943 680 1983 publicis,
705 1943 787 1975 suam
811 1942 930 1975 Natura
955 1942 1019 1974 for·

142 1999 225 2022 mam
250 1987 419 2028 impreffit:
444 1985 587 2027 prorsus,
606 1993 640 2016 ut
658 1985 908 2025 qualescumque
926 1983 1018 2023 siant,

142 2040 207 2063 non
224 2029 295 2061 alias
314 2029 457 2066 valeant,
482 2037 576 2068 quam
591 2025 612 2058 si
638 2036 709 2058 cum
732 2024 830 2065 prima
846 2025 898 2057 illa
924 2034 1020 2065 atque

144 2080 262 2104 aeterna
281 2069 410 2102 Naturae
434 2069 522 2110 lege,
546 2067 576 2101 id
594 2067 638 2099 est
655 2091 664 2106 ,
691 2066 808 2099 Divina
832 2068 1018 2104 voluntate,

144 2111 364 2152 conentiant:
393 2121 463 2150 quae
487 2120 559 2142 cum
585 2111 623 2141 ad
647 2108 774 2140 humani
799 2108 921 2150 generis
945 2107 1017 2138 salu-

143 2162 211 2186 tem
235 2151 575 2192 conservationemque
600 2150 738 2188 speQet3
767 2150 936 2190 probatum
956 2147 1019 2187 est,

144 2195 292 2237 pastum,
317 2193 337 2225 si
361 2194 399 2224 ad
425 2195 489 2232 ejus
507 2191 720 2234 perditionem
741 2190 926 2233 pertineat,
951 2192 1020 2231 lege

144 2236 276 2270 Naturae
292 2233 474 2275 improbari.

187 2276 284 2318 Atqui
300 2275 377 2308 sicut
403 2275 542 2316 privatus
563 2275 591 2306 se
615 2274 644 2306 in
664 2275 837 2315 privatam,
859 2274 902 2307 fic
916 2273 1020 2311 Popu-

145 2321 193 2352 lus
212 2319 241 2350 se
258 2318 288 2350 in
309 2315 488 2357 publicam,
506 2316 688 2349 servitutem
708 2319 783 2348 dare
800 2316 915 2357 potest.
948 2315 1022 2347 Hoc

146 2370 181 2393 ut
198 2361 396 2402 concedam,
422 2361 448 2390 A
464 2360 507 2394 A,
534 2357 610 2390 nihil
635 2360 673 2390 ad
697 2368 762 2390 rem
789 2357 927 2403 confert.
948 2366 1021 2402 'non

145 2402 231 2434 enim
246 2402 308 2442 jam
330 2399 497 2441 quaeritur,
515 2410 551 2431 an
571 2410 643 2431 eum
664 2399 759 2439 quise
777 2400 867 2431 alteri
884 2400 1023 2435 addixit,

146 2442 262 2475 servire
279 2450 448 2483 oporteat,
465 2441 517 2473 sed
534 2451 570 2473 an
588 2441 727 2481 Populus
743 2449 796 2472 aut
815 2440 952 2481 privatus
971 2438 1026 2480 qui

128 2483 226 2516 -sein
254 2482 436 2515 servitutem
465 2482 573 2522 dedit,
596 2481 719 2514 idcirco
745 2492 809 2513 non
834 2482 927 2523 poffit
946 2480 975 2512 se
994 2480 1025 2512 in

147 2524 328 2558 libertatem
345 2524 524 2557 vindicare:
541 2525 629 2565 quod
645 2534 718 2556 eum
735 2525 773 2555 ad
790 2522 933 2564 quamvis
950 2522 1012 2562 inju

149 2565 226 2599 riam
254 2567 303 2597 vel
332 2565 538 2604 crudelitate,
564 2566 613 2596 vel
636 2564 751 2597 insania
776 2563 959 2606 exponatis
977 2563 1026 2596 cui

147 2608 179 2640 se
198 2607 338 2646 subjecit.
383 2608 435 2639 Sat
460 2606 543 2645 scio,
567 2605 670 2646 dices,
695 2609 732 2638 ad
760 2616 889 2638 omnem
908 2605 1026 2646 patien-

149 2648 201 2682 tiae
222 2650 325 2689 legem
349 2648 480 2689 obligari
500 2658 572 2680 eum
593 2647 645 2688 qui
674 2648 701 2680 se
724 2647 816 2680 alteri
842 2648 963 2679 servum
980 2647 1025 2678 fe-

149 2689 251 2728 cerit,
274 2688 370 2728 idque
393 2689 591 2730 consequens
616 2688 678 2721 esse
701 2688 843 2722 servituti
867 2687 1025 2721 dominio-

151 2741 234 2773 que:
258 2740 330 2762 nam
354 2739 424 2760 cum
450 2740 507 2769 pro
526 2732 614 2763 nullo
629 2730 783 2763 habeatur
804 2730 929 2768 servus,
952 2740 1025 2761 cum

151 2783 243 2813 aeque
266 2769 467 2816 domini-sit,
485 2781 521 2802 ac
545 2773 622 2810 bos,
647 2782 683 2804 ac
701 2771 789 2810 ovis,
814 2781 851 2803 ac
875 2781 1027 2813 pomum,

151 2825 190 2848 ac
205 2822 319 2856 pyrum
331 2823 341 2852 3
353 2814 425 2851 quid
440 2822 469 2842 ni
487 2812 633 2844 dominus
651 2813 740 2845 servo
758 2823 816 2853 pro
832 2812 962 2845 arbitrio
973 2812 1026 2843 suo

153 2866 244 2897 aeque
262 2853 326 2891 uti,
352 2862 442 2892 aeque
458 2853 544 2884 abuti
561 2854 671 2893 possit,
687 2865 724 2886 ac
741 2855 845 2894 bove,
869 2864 951 2892 ove,
974 2862 1027 2885 aut

150 2905 353 2940 quacumque
376 2894 434 2926 alia
458 2903 489 2925 re
514 2904 581 2938 quae
607 2896 672 2935 ejus
694 2895 755 2933 sit,
786 2905 879 2937 quam
903 2895 1026 2934 servet,

151 2949 244 2981 quam
263 2937 392 2977 per-dat,
408 2943 503 2973 prout
518 2944 615 2967 ratio.
634 2944 686 2967 aut
703 2937 801 2969 libido
823 2947 897 2969 eum
914 2936 1026 2977 impel-

153 2983 216 3019 lat,
240 2979 328 3011 nullo
357 2975 563 3021 coercente?
589 2976 650 3007 Sed
675 2988 739 3009 non
761 2977 803 3009 ita
826 2978 895 3016 est,
926 2988 946 3009 o
970 2979 1028 3009 bo·

150 3023 208 3055 ne!
230 3029 335 3060 neque
352 3027 404 3055 tu,
428 3018 449 3050 fi
475 3017 589 3063 sapias,
615 3019 660 3047 eis
684 3018 737 3057 qui
754 3019 796 3050 fic
818 3019 973 3057 sentiunt,
996 3017 1028 3051 li-

148 3073 203 3096 cet
229 3059 353 3103 plurimi
376 3059 453 3096 sint,
476 3058 648 3090 assentiare.
678 3058 699 3089 si
723 3059 805 3090 enim
830 3070 903 3092 vera
928 3060 1025 3092 serva.

148 3114 218 3136 mus
237 3113 341 3135 rerum
360 3099 509 3139 nomina;
531 3109 594 3131 non
622 3100 685 3130 hoc
710 3099 789 3144 rati-0
808 3103 948 3140 appellet
972 3109 1026 3132 aut

148 3143 327 3183 servitutis,
353 3150 405 3174 aut
433 3140 566 3174 dominii
588 3142 661 3181 jus:
692 3150 788 3185 magis
813 3139 960 3185 insaniam
984 3142 1025 3174 di-

147 3185 230 3221 sterit
240 3194 252 3227 3
274 3193 368 3228 quam
385 3183 553 3220 hominurn
569 3189 746 3225 arrogantia
762 3179 863 3222 fecit,
885 3182 933 3222 jus
950 3193 1027 3224 gen·

1086 72 1316 111 No‘ona·

1040 162 1120 193 tium
1137 171 1203 203 quo
1213 172 1250 194 ea
1265 169 1447 207 comparata
1465 162 1551 203 sunt,
1567 163 1711 205 ignorat:
1728 175 1764 198 ac
1780 168 1801 201 fi
1815 169 1911 210 patie-

1041 212 1095 240 re,
1118 205 1205 248 quod
1232 203 1368 245 postulat
1393 214 1436 248 rei
1454 205 1599 245 pondus»,
1625 213 1793 246 utrumque
1818 212 1913 243 rebus

1041 252 1232 277 convincam
1256 245 1442 277 necessariis.
1490 245 1552 278 Sed
1578 245 1680 285 primo
1706 249 1745 280 de
1763 249 1853 282 servo
1869 252 1915 284 di-

1042 293 1123 330 cam.
1168 285 1248 318 Eum
1269 296 1332 318 non
1354 296 1412 327 pro
1432 287 1520 318 nullo
1539 287 1634 318 habet
1650 288 1750 328 ratio,
1773 300 1835 322 non
1853 302 1917 324 ma·

1043 334 1088 370 gis
1112 335 1204 366 quam
1229 327 1404 360 dominum.
1449 327 1568 359 Natura
1587 328 1669 360 enim
1692 330 1854 363 hominem
1871 333 1919 365 fe-

1046 375 1104 411 cit:
1127 366 1255 400 fortuna
1272 368 1413 407 servum,
1438 379 1534 410 atque
1555 380 1626 401 eum
1646 381 1709 403 non
1729 373 1919 408 uniusmodi.

1046 409 1139 453 alium
1156 410 1241 441 bello
1259 409 1375 442 victum
1394 409 1527 443 vinculis
1547 421 1601 442 aut
1615 412 1706 444 armis
1721 417 1872 454 coercet,
1887 425 1919 446 a·

1049 450 1124 481 lium
1143 450 1235 490 pacto
1252 451 1416 491 permittit.
1447 461 1519 484 cum
1543 451 1598 484 illo
1621 463 1716 492 quem
1745 455 1870 487 vincula
1887 455 1922 488 li-

1049 499 1142 531 gant,
1166 501 1219 523 aut
1243 502 1326 524 arma
1347 492 1512 532 inhibent,
1536 504 1643 526 manet
1664 496 1711 536 jus
1737 496 1813 528 belli
1831 499 1919 530 nullo

1050 532 1204 577 sublatum
1223 533 1324 578 paEto.
1349 543 1460 566 neuter
1475 534 1558 575 enim
1575 535 1664 568 alteri
1681 537 1802 577 credit;
1824 549 1921 579 atque

1051 583 1091 619 ea.
1105 575 1262 605 vinciendi
1287 575 1420 620 alterum
1437 576 1543 616 causa3
1567 577 1704 618 denique
1720 589 1780 610 nec
1798 579 1849 612 hic
1867 582 1927 612 clo·

1051 624 1159 653 mino,
1182 623 1242 659 nec
1257 615 1403 647 dominus
1419 616 1448 648 ei
1468 618 1528 649 ulla
1545 626 1673 651 tenetur
1689 621 1921 654 conventione.

1050 664 1293 702 par-utriusque
1309 657 1357 697 jus
1372 657 1601 703 'estz'uterque
1622 659 1653 692 in
1677 661 1806 693 Naturae
1824 663 1923 701 statu,

1051 698 1202 742 suijuris,
1226 697 1349 738 suaeque
1370 700 1488 743 injuriae
1512 702 1652 741 &judex
1673 703 1702 734 ἂ
1721 703 1857 736 vindex:
1880 704 1924 736 ita

1050 737 1235 783 dominussi
1258 741 1477 785 compeditum
1502 746 1673 783 coercere,
1698 753 1751 776 aut
1773 745 1925 777 occidere

1052 781 1138 817 vult,
1163 780 1237 811 belli
1259 780 1327 820 jure
1351 788 1466 819 utitur;
1490 782 1563 821 etsi,
1587 793 1622 816 ut
1644 784 1668 816 is
1687 785 1815 818 vicissim
1834 787 1926 828 poffic

1052 822 1082 866 se
1100 820 1248 852 adversus
1266 821 1388 853 hostem
1407 824 1458 853 vel
1473 822 1565 864 fuga,
1582 827 1630 856 vel
1649 827 1737 858 bello
1753 828 1833 860 tucri
1849 838 1925 870 gen-

1054 872 1130 908 tium
1146 863 1225 903 jure.
1249 862 1349 904 Quod
1365 862 1384 894 si
1403 873 1467 894 non
1485 864 1535 903 vi,
1558 866 1610 898 sed
1626 866 1705 907 fide,
1729 869 1852 902 constat
1869 869 1928 901 sei·-

1057 912 1157 943 vitus;
1179 903 1241 936 five
1257 906 1343 944 quod
1360 906 1464 937 lei-vus
1487 906 1650 940 dominum
1671 911 1754 941 ultro
1772 911 1858 952 eligit
1875 910 1928 942 cui

1056 945 1086 977 se
1110 947 1229 990 vendat
1246 969 1256 984 ,
1287 945 1357 991 quia
1382 945 1412 990 se
1438 946 1590 979 exhibere
1615 949 1679 990 ipse
1703 952 1840 991 nequit;
1863 952 1928 984 sive

1056 989 1143 1028 quod
1159 987 1260 1018 v1ctor
1278 996 1369 1018 armis
1384 986 1488 1027 νιὲἶο,
1512 988 1632 1030 parcit;
1655 1002 1691 1022 ea
1708 993 1797 1034 lege,
1820 1002 1854 1024 ut
1874 992 1929 1025 sibi

1057 1027 1186 1073 serviat:
1212 1038 1276 1059 non
1302 1030 1340 1059 ad
1368 1028 1460 1061 solius
1477 1030 1604 1062 vdomini
1622 1032 1787 1066 utilitatem
1810 1034 1929 1074 spectat

1056 1071 1205 1108 seruitus3
1228 1069 1322 1102 etiam
1343 1069 1432 1101 servo
1457 1072 1603 1110 prodest:
1627 1074 1718 1113 quia,
1743 1078 1829 1113 quod
1847 1075 1929 1116 pacti

1057 1111 1219 1157 proprium
1246 1112 1308 1150 est,
1332 1120 1467 1152 uterque
1492 1112 1522 1145 se
1546 1114 1701 1154 respexit,
1725 1126 1797 1147 curn
1821 1116 1851 1149 in
1878 1126 1931 1158 pa-

1057 1153 1197 1185 stionem
1222 1152 1400 1192 consensit;
1424 1153 1503 1185 alter
1529 1153 1625 1188 vitam
1651 1157 1787 1189 redemit
1811 1160 1929 1190 damno

1056 1203 1244 1239 operarum5
1264 1195 1347 1239 'alter
1365 1194 1459 1239 vitam
1483 1194 1630 1236 indulsit,
1655 1206 1688 1229 ut
1707 1208 1820 1239 operas
1836 1201 1931 1231 liabe-

1057 1243 1115 1268 ret.
1140 1245 1205 1267 non
1230 1245 1324 1280 igitur
1347 1246 1437 1267 unius
1462 1236 1628 1271 utilitatem
1654 1249 1690 1271 ea
1708 1240 1853 1273 continet
1877 1251 1930 1283 pa·

1058 1276 1120 1309 etio
1139 1288 1149 1317 3
1178 1276 1228 1308 sed
1253 1286 1434 1318 utriusque:
1457 1286 1553 1319 atque
1572 1290 1604 1311 ut
1623 1280 1726 1312 servus
1742 1281 1874 1314 domino
1891 1283 1930 1315 ad

1057 1318 1240 1363 servitutem
1254 1341 1263 1356 ‚
1280 1318 1323 1350 ita
1341 1319 1486 1351 dominus
1506 1320 1596 1352 servo
1613 1323 1650 1353 ad
1670 1322 1740 1354 vitae
1760 1323 1931 1364 praestatio-

1058 1368 1294 1405 [lt-‘ingentium
1322 1361 1386 1397 iure
1410 1360 1578 1402 obligatur.
1603 1366 1691 1403 quod
1714 1364 1734 1396 si
1753 1375 1816 1396 non
1834 1365 1930 1397 faciat

1058 1402 1223 1439 dominus3
1248 1401 1300 1433 sed
1317 1410 1379 1432 tam
1398 1402 1568 1435 crudeliter
1591 1404 1711 1437 servum
1729 1405 1842 1439 habeat
1866 1416 1931 1438 tor—

1058 1451 1238 1484 queatque3
1262 1451 1295 1488 ut
1313 1442 1341 1474 ei
1366 1441 1428 1474 vita
1448 1443 1632 1485 supplicium
1653 1446 1707 1486 sit,
1731 1457 1816 1480 mors
1831 1447 1934 1480 solati-

1059 1488 1131 1523 um'3
1149 1483 1242 1524 paito
1260 1484 1409 1515 liberatus
1428 1484 1472 1516 est
1492 1485 1614 1519 servus:
1638 1487 1708 1526 quia
1726 1489 1884 1531 obligavit
1901 1488 1934 1521 se

1058 1535 1123 1557 non
1139 1527 1176 1557 ad
1192 1525 1325 1564 malum,
1344 1525 1395 1557 sed
1412 1526 1450 1557 ad
1470 1527 1608 1559 bonum:
1625 1532 1662 1560 ad
1678 1528 1807 1562 Naturae
1825 1538 1933 1563 autem

1060 1566 1172 1598 statum
1197 1565 1356 1604 reversuS,
1382 1567 1487 1607 potest
1514 1567 1544 1600 se
1570 1578 1622 1601 aut
1647 1570 1742 1611 suga,
1766 1571 1933 1604 autetiam

1060 1607 1157 1640 hostis
1176 1610 1263 1639 caede
1281 1607 1412 1639 servare.
1458 1608 1536 1641 Satis
1554 1611 1593 1642 de
1612 1610 1760 1644 servitute
1777 1612 1851 1646 dixi.

1104 1650 1151 1680 Ad
1176 1648 1349 1682 dominium
1365 1649 1488 1694 yenio:
1510 1650 1541 1682 in
1560 1662 1624 1692 quo
1644 1653 1745 1686 similis
1764 1665 1870 1693 error,
1894 1664 1933 1688 an

1061 1691 1179 1732 stupor.
1203 1700 1308 1736 neque
1323 1700 1405 1722 enim
1422 1691 1487 1732 ejus
1507 1692 1626 1726 fructus
1647 1694 1761 1733 fuerit,
1779 1706 1844 1728 rem
1862 1706 1932 1737 per-

1061 1734 1146 1777 deret
1174 1732 1342 1778 ,N9⁰.¹b(?
1361 1733 1476 1774 longe:
1501 1734 1550 1766 vel
1569 1734 1725 1768 rationem
1743 1737 1843 1778 specta
1862 1747 1938 1779 quae*

1061 1776 1201 1806 dominia
1217 1773 1365 1806 distinxit.
1409 1774 1496 1817 Quid
1513 1776 1573 1809 ea?
1597 1786 1633 1808 an
1650 1777 1734 1810 suum
1752 1778 1866 1820 cuique
1883 1781 1935 1811 de·

1062 1817 1125 1854 dit,
1144 1825 1176 1847 ut
1195 1815 1242 1847 sua
1261 1815 1471 1856 profunderet
1491 1818 1663 1852 dominus?
1688 1818 1825 1852 minime.
1845 1821 1934 1852 volu-

1061 1857 1106 1897 it,
1123 1860 1208 1898 quod
1228 1857 1346 1890 Natura
1364 1857 1511 1891 omnibus
1527 1859 1557 1891 in
1578 1869 1749 1893 commune
1764 1861 1884 1902 posuit,
1900 1870 1936 1894 ut

1062 1899 1126 1931 hoc
1144 1898 1275 1940 quisque
1294 1899 1355 1931 sinc
1376 1899 1429 1931 lite
1455 1901 1483 1931 ἃ
1502 1899 1566 1932 rixa
1583 1911 1640 1940 pro
1657 1902 1808 1934 arbitratu
1826 1903 1879 1934 suo
1895 1903 1935 1935 ad

1061 1940 1103 1972 sui
1119 1939 1394 1972 conservationem
1412 1949 1563 1974 uteretur.
1587 1941 1679 1984 igitur
1698 1943 1715 1977 si
1728 1943 1873 1976 dominus
1892 1953 1936 1976 te-

1063 1992 1149 2014 mere
1177 1983 1272 2023 jactet
1295 1990 1348 2013 aut
1375 1983 1495 2014 laceret
1522 1993 1586 2015 rem
1612 1983 1653 2016 sui
1673 1984 1747 2025 J'uris
1769 1997 1777 2017 ε
1809 1984 1934 2018 viderit.

1064 2023 1183 2055 homini
1204 2023 1287 2055 enim
1308 2023 1436 2063 sapienti
1454 2025 1482 2056 ὅ(
1498 2023 1629 2056 Naturae
1653 2026 1753 2066 legem
1770 2025 1935 2066 sequenti,

1065 2074 1127 2096 non
1140 2066 1242 2096 lautus
1253 2073 1306 2096 aut
1323 2063 1527 2105 magnificus,
1545 2065 1595 2098 sed
1607 2066 1714 2099 stultus
1730 2074 1782 2098 aut
1798 2077 1935 2108 nequam

1064 2105 1234 2138 videbitur.
1267 2115 1303 2137 an
1330 2106 1403 2146 quid
1431 2105 1614 2145 absurdius,
1645 2116 1698 2139 aut
1725 2108 1846 2149 turpius
1870 2108 1935 2149 est;

1065 2157 1158 2187 quam
1174 2146 1309 2187 aliquem
1329 2156 1394 2178 rem
1412 2147 1493 2178 suam
1511 2148 1572 2179 esse
1592 2158 1719 2188 petere:
1735 2151 1821 2188 quod
1839 2148 1935 2189 dicit,

1063 2198 1131 2221 cam
1155 2187 1288 2220 naturali
1310 2187 1433 2219 ratione
1456 2188 1538 2221 suam
1566 2188 1679 2222 factam
1706 2191 1785 2223 esse:
1809 2191 1840 2222 &
1864 2201 1937 2224 cum

1065 2238 1175 2270 tenet,
1200 2230 1315 2268 habet,
1340 2230 1473 2270 poffidet
1493 2241 1503 2269 ;
1527 2240 1595 2262 eam
1612 2255 1620 2270 ‚
1653 2242 1692 2263 ne
1716 2232 1771 2264 sibi
1792 2232 1858 2264 usui
1881 2232 1937 2271 sit,

1065 2282 1156 2303 urere
1173 2295 1182 2310 ‚
1213 2270 1409 2313 profundere
1426 2295 1435 2310 ‚
1466 2280 1519 2303 aut
1543 2274 1779 2314 corrumpere?
1805 2273 1875 2305 Nec
1902 2273 1940 2306 id>

1066 2322 1187 2345 tantum
1223 2312 1344 2344 ratione
1362 2336 1370 2351 ,
1401 2312 1495 2345 etiam
1527 2313 1621 2345 Civili
1644 2314 1717 2354 Jure
1741 2314 1936 2356 intelligitur.

1066 2354 1140 2395 quid
1173 2353 1255 2386 enim
1292 2353 1395 2386 voluit
1418 2353 1487 2385 Lex
1512 2354 1696 2388 Duodecim
1721 2355 1937 2395 Tabularum,

1051 2401 1138 2427 ‘cum
1162 2395 1316 2435 pupillum
1341 2395 1474 2434 tutoris,
1498 2395 1647 2429 furiosum
1673 2397 1826 2429 curatoris
1847 2405 1941 2438 pote--

1068 2437 1134 2469 stati
1157 2436 1313 2478 subjecit?
1338 2436 1411 2477 quid
1431 2436 1588 2476 Laetoria,
1613 2448 1684 2470 cum
1703 2437 1867 2480 prodigum
1886 2437 1938 2478 qui

1067 2478 1273 2519 impensarum
1294 2489 1397 2517 neque
1415 2480 1563 2517 modum,
1588 2489 1691 2519 neque
1715 2480 1870 2512 rationem
1887 2480 1937 2511 ha-

1070 2522 1144 2559 bet,
1169 2529 1328 2560 tamquam
1345 2519 1364 2551 si
1384 2519 1516 2551 furiosus
1534 2520 1587 2560 fit,
1612 2531 1666 2562 per
1686 2522 1856 2554 l-’raetorem
1874 2529 1938 2553 om-

1071 2561 1102 2593 ni
1127 2561 1283 2602 privatum
1305 2562 1373 2601 jure
1396 2564 1434 2592 ad
1460 2570 1592 2602 agnatos
1614 2561 1773 2596 remittit?
1797 2562 1872 2603 quid
1894 2562 1934 2594 D.

1071 2604 1222 2641 Marcus,
1244 2601 1318 2643 juris
1343 2601 1584 2643 religiosissimus
1610 2603 1777 2645 Princeps,
1803 2614 1874 2636 cum
1895 2602 1937 2634 in-

1069 2645 1176 2684 specto
1195 2643 1322 2676 lubricae
1341 2643 1441 2675 aetatis
1459 2643 1607 2685 ingenio,
1632 2645 1749 2685 primus
1769 2644 1889 2683 statuit,
1904 2650 1938 2675 nt

1070 2685 1220 2727 deinceps
1247 2695 1359 2717 omncs
1385 2686 1605 2717 adolescentes
1631 2696 1792 2719 curatores
1816 2685 1936 2726 accipe·

1070 2735 1159 2766 rent,
1174 2737 1238 2758 non
1257 2726 1386 2758 redditis
1402 2727 1515 2766 causis3
1532 2738 1603 2760 cum
1624 2736 1697 2760 ante
1714 2738 1752 2759 ex
1771 2727 1857 2769 Lege
1874 2726 1939 2758 Lae-

1072 2768 1151 2803 toria
1174 2777 1296 2800 tantum
1322 2777 1454 2809 propter
1473 2768 1646 2808 lasciviam,
1670 2770 1720 2801 vel
1737 2778 1867 2810 propter
1884 2768 1936 2799 de·

1071 2809 1243 2848 mentiam,
1268 2809 1442 2842 darentur?
1467 2809 1518 2842 nisi
1541 2812 1629 2850 quod
1655 2821 1672 2842 e
1689 2821 1722 2842 re
1738 2809 1859 2851 publica
1877 2807 1938 2840 ess'e

1071 2859 1257 2892 appareret,
1273 2861 1312 2882 ne
1329 2861 1376 2881 res
1393 2851 1451 2882 suae
1468 2851 1748 2883 committerentur
1763 2849 1867 2890 eisqui
1883 2858 1938 2889 per

1070 2902 1218 2930 aetatem,
1243 2902 1299 2933 per
1322 2891 1484 2930 furorem,
1508 2902 1561 2924 aut
1585 2892 1736 2926 luxuriam
1758 2902 1810 2924 eas
1826 2899 1890 2923 non
1906 2899 1938 2921 e-

1071 2933 1240 2971 xercitui-i,
1263 2934 1313 2965 sed
1332 2933 1484 2973 perdituri
1498 2934 1607 2966 essent.
1906 2970 1912 2976 ι

1115 2975 1186 3007 Nec
1206 2985 1309 3010 tamen
1336 2985 1386 3005 mc
1407 2973 1508 3016 fugit,
1533 2977 1556 3006 A
1573 2977 1594 3006 A
1608 2999 1616 3011 ,
1640 2975 1726 3015 quod
1745 2972 1889 3016 dominus
1903 2980 1937 3003 in

1071 3018 1193 3050 servum
1210 3016 1303 3048 etiam
1325 3015 1416 3049 Civili
1434 3017 1505 3055 Jure
1522 3015 1630 3048 habuit
1648 3015 1719 3046 vitae
1734 3015 1761 3045 δι
1775 3022 1859 3045 necis
1878 3020 1935 3049 po-

1070 3058 1226 3090 testatem.
1268 3059 1307 3090 At
1327 3068 1388 3089 non
1407 3060 1492 3098 quod
1510 3059 1561 3089 lex
1576 3066 1647 3089 eurn
1663 3054 1749 3086 abuti
1768 3064 1803 3097 ea
1820 3053 1935 3084 vellet:

1069 3101 1120 3133 sed
1138 3100 1225 3141 quod
1241 3098 1358 3132 servilis
1377 3098 1562 3139 improbitas
1576 3099 1602 3129 ἃ
1614 3103 1808 3138 contumacia
1826 3100 1936 3137 egeret

1070 3140 1253 3183 disciplina:
1282 3150 1341 3172 nee
1367 3149 1403 3171 ea
1427 3139 1540 3171 rectius
1568 3137 1620 3170 ulli
1643 3137 1728 3167 credi
1754 3136 1934 3172 videretur,

1069 3193 1165 3225 quam
1188 3181 1340 3222 domin03
1363 3180 1450 3221 cujus
1470 3179 1638 3217 intererat,
1661 3184 1733 3208 eum
1757 3175 1786 3208 &
1802 3173 1935 3246 corrig‘ii
