2052 3487
302 125 512 163 (ΞΓ-,ΚΛΜΝ
542 121 709 159 Νοουτ
742 120 806 157 De
838 122 1046 160 Fonnoar.
1078 133 1134 162 ετ
1169 123 1355 161 Πευηιε.

49 214 109 256 filii
122 214 176 255 sui
193 219 247 256 per
266 217 391 248 multum
414 214 562 257 tempores,
583 212 614 244 id
625 210 682 252 eft,
705 220 763 258 non
778 212 875 243 ’ninus
888 211 923 244 a‘n

54 257 105 288 tali
132 263 217 293 caula
239 259 382 296 triennio,
405 267 437 289 ea
459 253 614 298 prostimffe
630 277 640 293 ‚
669 258 704 284 ut
731 263 762 285 m
779 253 923 292 futurum

53 308 162 340 quoque
176 308 209 330 ea
222 298 410 339 praestentur,
435 298 470 333 ξεῖ)
478 295 508 336 fl
529 306 588 338 qua
610 296 642 326 in
658 296 838 335 praelera'zum
849 301 923 334 proe-

48 339 124 381 stica
140 350 197 371 non
213 346 299 379 sunt,
323 346 356 372 ut
371 341 562 376 exolvamur,
579 337 750 381 impetrabis.
779 334 898 367 Verum
912 359 922 376 ,

59 391 93 414 ut
109 382 299 422 intelligatur
316 381 436 413 obscuri
456 379 556 411 sensus
573 378 654 417 loci,
678 386 814 423 primum
836 376 922 418 finge

54 424 168 456 inutile
193 422 489 460 fideicommissum3
518 420 611 460 quale
633 426 827 464 proponitur
849 419 867 449 l.
892 429 921 450 2.

55 465 90 497 C.
114 467 172 496 eod.
194 465 239 495 tic.
271 473 340 495 nam
357 463 377 495 si
396 464 472 495 utile
490 470 638 502 putetur,
662 469 733 501 qua:
750 467 814 506 erit
830 459 920 491 dubi-

56 507 143 538 tandi
167 514 221 538 aut
251 505 420 540 definiendi
452 503 563 540 ratio?
592 503 721 543 quando
750 502 920 543 alimenta,

55 549 151 579 etiarn
168 556 336 587 numquam
353 545 505 587 praestita,
531 554 571 575 ex
587 544 657 575 utili
675 542 921 575 fideicommiffo

56 590 212 625 debentur
227 589 246 619 l.
261 588 385 630 13.§.1.
399 587 440 619 D.
463 589 497 619 cle
509 586 651 618 alimentis
667 585 779 626 legatis.
803 584 921 619 deinde

52 629 190 670 speciem
209 630 299 662 vide:
315 640 351 661 ea
367 629 486 669 species
501 627 560 660 est.
583 626 770 659 Demetrius
786 634 920 658 matrem

52 672 135 703 suam
161 671 311 702 heredem
338 671 487 708 instituit;
513 678 648 710 eamque
669 669 796 709 rogavit
814 677 870 708 per
887 667 921 698 fi-

52 712 323 753 deicommissum,
344 721 380 744 ut
403 712 477 752 Sejo
501 711 650 743 alimenta
674 708 830 742 menstrua
848 732 857 748 ‚
890 709 920 740 ὃ(

50 756 226 790 vestiarium
250 763 387 789 annuum
404 777 415 792 ,
443 753 615 795 praestaret.
648 759 778 785 mortuo
793 750 920 798 'Deme-

50 799 131 836 trio,
150 798 259 828 inutile
276 795 338 828 esse
355 794 648 833 fideicommissum,
671 800 825 834 apparuit.
857 801 920 824 ma-

53 847 100 872 ter
124 840 218 880 igitur
238 839 311 879 Seio
335 837 411 869 nihil
435 837 583 871 debebat.
626 843 816 877 quamquam
834 834 920 866 ultro

53 881 159 913 secuta
180 879 232 913 filii
252 881 471 918 voluntatem,
487 878 561 918 Sejo
579 877 727 910 alimenta
743 875 919 922 menstrua,

53 923 83 956 &
107 923 283 955 vestiarium
307 930 444 956 annuum
461 944 470 960 ,
496 919 606 952 solvit:
629 919 774 958 fecitque
797 918 830 950 id
856 925 920 948 non

52 963 173 1002 semel,
205 963 256 997 sed
280 973 337 1004 per
357 963 491 999 multum
516 962 694 1002 temporis:
725 959 756 990 ld
781 958 850 1004 est,
886 965 921 989 ut

51 1006 106 1038 lex
128 1007 171 1037 ait
188 1028 198 1044 ‚
230 1014 293 1039 non
318 1005 421 1039 minus
444 1004 592 1035 triennio.
617 1002 733 1034 deinde
757 1000 861 1034 noluit
884 1009 921 1033 ea

52 1047 208 1090 praestare.
240 1047 456 1087 quaeritur-,an
476 1044 644 1079 teneatur?
663 1044 704 1074 ait
723 1042 919 1087 Imperator,

51 1089 76 1122 ii
97 1089 272 1129 probetur,
296 1086 515 1125 Demetrium,
545 1086 585 1117 de
603 1093 702 1131 matre
718 1082 858 1125 petiisse,
885 1089 919 1113 ut

52 1131 126 1171 Sejo
149 1130 295 1162 alimenta
314 1128 486 1166 menstrua,
516 1127 547 1158 δι
567 1126 741 1159 vestiarium
760 1134 919 1162 annuum,

52 1171 232 1214 pi·aestarct;
265 1179 397 1210 eamque
415 1169 549 1204 secutam
568 1168 622 1199 filii
641 1167 857 1206 voluntatem,
882 1174 918 1196 en

54 1212 227 1255 praestitisse
244 1221 299 1252 per
313 1212 445 1245 multum
464 1210 637 1250 temporis,
656 1209 686 1240 id
702 1207 764 1245 est,
778 1217 842 1238 non
861 1208 915 1238 mi-

54 1264 113 1290 nus
140 1255 294 1289 triennio:
317 1253 415 1292 magis
439 1250 519 1289 effe,
544 1258 576 1281 ut
599 1251 628 1280 in
651 1249 792 1281 futurum
812 1256 917 1280 tenea-

56 1303 106 1327 tur
120 1303 237 1333 mater,
255 1304 289 1325 ca
314 1295 343 1326 dc
359 1295 378 1327 li
396 1302 466 1332 quae
491 1293 521 1323 in
546 1291 741 1332 praeteritum
767 1299 832 1322 non
861 1290 921 1322 sint

52 1336 187 1379 praestita
203 1358 213 1375 ,
245 1334 418 1368 exsolvere.
463 1333 599 1366 Videtur
622 1332 718 1373 igitur
741 1333 780 1364 ad
804 1331 920 1363 futurae

52 1376 255 1418 obligationis
271 1375 485 1409 inductionem
510 1375 658 1406 diuturna
677 1373 783 1405 valere
799 1373 922 1412 praesta-

52 1420 108 1450 tio.
153 1418 214 1449 Sed
239 1426 279 1450 ne
303 1416 366 1451 hoc
390 1417 485 1449 dicas.
519 1424 590 1447 nam
614 1415 635 1447 fi
653 1416 764 1446 inutile
782 1414 817 1446 fit
833 1414 919 1446 fidei>

51 1458 275 1497 eommiffum3
305 1458 334 1490 ἃ
361 1457 452 1490 heres
485 1458 516 1489 id
547 1457 661 1498 sponte
691 1455 836 1498 praestitit
865 1465 922 1496 per

51 1501 184 1534 multum
210 1501 361 1540 temporis
383 1523 391 1537 ‚
423 1498 486 1530 hoc
514 1498 559 1530 est
576 1522 585 1537 ,
615 1507 673 1539 per
699 1497 831 1538 spatium
855 1507 921 1529 non

51 1543 155 1575 minus
171 1541 324 1573 triennio:
341 1542 372 1572 in
390 1540 533 1575 futurum
550 1541 588 1572 ad
605 1540 670 1580 ejus
687 1539 921 1580 praestationem

51 1584 221 1623 obligatur.
250 1591 365 1621 nempe
376 1605 385 1620 ‚
401 1583 474 1622 quia
489 1591 526 1613 ea
542 1581 742 1621 praestatione
753 1604 762 1619 ,
779 1588 843 1612 tam
861 1580 923 1612 fre-

50 1632 168 1665 quente
185 1624 214 1655 &
229 1624 413 1662 constante,
429 1622 571 1657 defuncti
591 1623 792 1654 voluntatem
811 1631 924 1663 appro-

49 1665 133 1701 basse
155 1665 291 1697 videtur.
329 1673 400 1704 quae
424 1674 473 1697 res
495 1664 534 1695 ad
558 1663 809 1695 confirmandum
836 1663 925 1695 fidei·

50 1706 249 1741 commissum
261 1729 270 1743 ‚
295 1707 326 1738 id
343 1706 386 1738 est
399 1728 408 1744 ,
431 1706 469 1741 ad
493 1706 705 1737 inducendam
723 1715 764 1738 ex
780 1703 923 1736 defuncti

50 1749 220 1780 voluntate
243 1747 473 1787 obligationem
491 1770 500 1785 ,
524 1745 638 1777 sufficit
661 1746 681 1778 l.
707 1750 752 1778 16.
780 1745 810 1787 §.
837 1755 863 1777 1.
887 1746 921 1777 C.

50 1791 83 1821 de
108 1786 291 1830 testariientis.
336 1787 423 1821 Idem
447 1797 488 1819 ex
503 1786 666 1827 justiniani
683 1786 924 1819 Constitutione

53 1831 118 1869 est,
140 1829 162 1862 si
189 1829 277 1869 quis,
300 1836 461 1869 tamquam
486 1828 696 1868 emphyteuta
713 1850 723 1866 ,
746 1828 838 1860 fundi
862 1828 921 1859 do-

51 1874 140 1905 mino
169 1871 267 1912 longo
298 1878 446 1911 tempore
472 1868 565 1902 solvit
590 1869 725 1902 reditum
752 1869 802 1900 vel
830 1878 924 1902 cano-

52 1923 138 1946 nem.
163 1921 233 1944 nam
253 1911 282 1942 &
299 1912 351 1944 hic
365 1911 403 1943 ad
420 1911 483 1951 ejus
500 1909 733 1951 praestationem
753 1917 880 1943 tenetur
902 1911 923 1942 l.

53 1965 103 1987 ω.
128 1954 161 1986 C.
185 1955 217 1985 de
231 1953 361 1993 agricolis
378 1951 415 1987 ὃ)
430 1951 558 1991 censitis,
580 1951 629 1983 lib.
649 1961 700 1983 XI.
724 1953 769 1982 tit.
788 1961 837 1992 47.
860 1960 925 1983 non

52 1997 143 2028 aliam
167 1995 210 2026 ob
229 1993 349 2026 causam
369 1996 462 2034 quam
489 1993 577 2033 quod
601 1993 721 2024 reditus
739 1992 899 2025 solutione
913 2016 923 2031 ,

53 2045 117 2069 tam
149 2037 259 2068 crebra
277 2058 286 2074 ,
320 2036 351 2067 in
384 2033 605 2075 emphyteusin
631 2034 764 2066 domino
791 2033 924 2065 consen-

50 2078 117 2111 fisse
133 2077 337 2118 intelligitur:
361 2085 422 2107 nec
440 2077 508 2115 plus
524 2076 562 2107 ad
580 2076 645 2115 ejus
660 2075 924 2106 constitutionem

53 2119 244 2151 desideratur
268 2118 287 2149 l.
315 2127 339 2149 1.
367 2118 391 2148 C
434 2119 467 2147 de
494 2118 559 2157 jure
583 2117 798 2158 emphyteutico.
836 2116 864 2158 §.
892 2126 921 2158 3.

52 2159 125 2201 Just.
149 2162 181 2191 de
202 2160 336 2190 locatione
359 2158 396 2193 &³
425 2158 620 2189 condumum.
665 2158 728 2189 Sed
752 2167 815 2189 non
837 2158 923 2189 idem

53 2203 117 2238 est,
140 2201 159 2232 si
182 2200 270 2231 usura
295 2201 404 2240 saepius
429 2200 591 2239 praestetur
607 2208 647 2230 ex
670 2198 831 2230 consensu.
856 2208 922 2230 non

54 2244 139 2274 enim
160 2242 317 2273 inducitur
333 2252 369 2272 ea
385 2251 418 2272 re
444 2241 602 2281 stipulatio
621 2249 714 2281 quam
731 2241 828 2272 usura:
845 2240 922 2272 defi-

54 2284 176 2315 derant.
200 2291 321 2314 tantum
340 2284 426 2322 prior
443 2281 644 2323 adgnoscitur
661 2280 848 2313 consensus:
867 2282 920 2321 qui

54 2325 93 2356 ad
109 2324 266 2355 usurarum
278 2324 493 2355 inductionem
511 2332 583 2354 ante
599 2324 719 2354 inutilis
735 2332 819 2355 erat:
836 2332 922 2354 nunc

52 2375 182 2410 quoque
201 2365 318 2396 inutilis
336 2373 458 2403 manet;
486 2374 559 2396 cum
577 2371 699 2400 tantum
718 2366 837 2396 nudum
857 2363 922 2396 effi-

54 2409 116 2439 ciat
132 2406 254 2447 pastum
275 2415 315 2437 ex
334 2415 399 2445 quo
424 2406 508 2437 nulla
522 2407 589 2445 jure
612 2406 698 2437 civili
718 2406 801 2437 acrio
824 2404 920 2437 nasci-

53 2456 113 2480 tur.
145 2449 175 2479 &
193 2448 233 2479 ita
250 2447 312 2478 est:
337 2448 488 2487 frequens
512 2448 541 2478 <Sc
564 2448 709 2479 diuturna
728 2447 826 2480 usurae
844 2456 922 2488 prze-

54 2489 165 2528 statio‚
189 2497 222 2519 ut
241 2489 378 2520 maxime
394 2488 490 2529 prosit
507 2490 546 2519 ad
572 2489 653 2530 pasti
679 2489 924 2529 probationem,

56 2537 158 2562 tamen
174 2553 183 2568 ,
208 2531 279 2569 quia
302 2531 341 2561 ad
363 2529 573 2569 stipulationis
598 2528 830 2562 solemnitatem
858 2539 924 2561 non

57 2570 186 2609 sufficit,
209 2572 238 2602 in
262 2570 405 2602 futurum
432 2571 636 2613 obligationis
661 2581 766 2612 neque
782 2571 923 2609 causam,

59 2619 161 2650 neque
186 2611 482 2653 praesumptionem,
507 2614 606 2654 parit:
632 2612 689 2644 etsi
707 2613 791 2644 varie
808 2620 922 2654 putant

62 2652 249 2685 eruditissimi
268 2653 421 2685 homines.

103 2691 195 2732 Atqui
220 2703 277 2734 pro
304 2695 349 2726 his
366 2695 421 2725 stat
442 2695 628 2736 Papinianus
645 2695 664 2726 l.
687 2698 717 2726 6.
743 2694 785 2726 D.
808 2696 841 2726 de
855 2695 923 2730 usu·

62 2733 120 2769 ris,
143 2732 188 2765 his
206 2735 317 2766 verbis.
361 2736 433 2767 Cum
451 2739 483 2767 de
507 2740 539 2768 in
565 2747 623 2768 rem
646 2737 725 2775 verso
743 2747 809 2768 cum
826 2737 924 2767 herede

57 2774 153 2814 patris
180 2774 225 2803 vel
255 2777 362 2806 domini
383 2786 513 2817 ageretur
531 2801 540 2816 ‚
565 2778 601 2812 ὅ)
632 2785 787 2818 usurarum
810 2775 924 2818 qzcoeflio

63 2820 242 2853 moveretur,
265 2815 419 2857 Imperator
436 2819 605 2850 Antoninus
620 2822 679 2850 ideo
687 2819 843 2859 solvendas
861 2820 927 2857 usit-

61 2865 110 2886 πυ
121 2856 286 2896 judicavit.
308 2859 379 2897 quod
395 2868 440 2889 eas
456 2862 510 2899 ipse
525 2863 655 2892 dominus
671 2861 718 2890 vel
735 2867 819 2901 poter
842 2860 924 2901 longo

60 2902 180 2936 tempore
200 2894 376 2937 proeflitz'ffet.
420 2899 494 2931 Non
518 2901 560 2932 ita
582 2902 651 2933 est:
677 2901 783 2933 saltem
806 2901 924 2933 foetum

61 2937 235 2971 considera.
261 2938 291 2968 id
306 2937 420 2984 factum
434 2942 495 2971 tale
513 2942 566 2973 est.
593 2942 710 2981 Filius,
728 2943 779 2973 vcl
798 2942 924 2981 servus,

60 2987 202 3014 mutuam
223 2987 346 3020 accepit
371 2982 556 3021 pecuniam,
580 2993 713 3023 eamque
729 2984 758 3015 ἂ
775 2985 840 3023 ejus
859 2982 925 3014 usu-

60 3030 110 3052 ras
139 3020 292 3050 creditori
331 3021 470 3061 promisit
502 3033 558 3063 per
582 3024 826 3066 stipulationem.
857 3023 926 3064 (fic

60 3061 145 3094 enim
163 3059 296 3100 censeo,
321 3063 350 3093 ὅ(
369 3061 527 3102 sequentia
545 3065 732 3106 ostendent)
755 3074 926 3106 pater,aut

61 3103 231 3140 dominus,
263 3102 365 3134 usuras
388 3103 487 3144 longo
517 3112 663 3147 tempore
694 3106 849 3147 praestitit.
885 3116 926 3140 eo

61 3152 208 3181 mortue,
232 3144 374 3176 creditor
390 3144 493 3177 usuras
509 3147 548 3178 ab
567 3147 685 3181 herede
703 3149 784 3188 petit
802 3148 926 3180 afflone

61 3185 146 3216 dein
164 3193 228 3216 rem
247 3185 347 3216 verso.
378 3186 407 3217 in
428 3196 519 3226 quam
539 3188 661 3220 constat
679 3191 788 3220 venire
804 3189 925 3229 usuras;

60 3225 112 3258 sed
133 3227 246 3268 (quod
269 3226 529 3271 observandum)
554 3239 621 3264 non
643 3230 717 3263 alias
733 3254 745 3270 ,
774 3240 867 3272 quam
893 3232 924 3264 in

1407 123 1501 160 Lm.
1534 122 1606 159 111.
1779 132 1845 169 199

966 211 1204 253 stipulationem
1223 214 1376 246 deduoas
1391 214 1412 246 l.
1439 223 1485 247 10.
1508 212 1537 255 §.
1560 223 1590 254 5.
1615 212 1656 246 D.
1679 213 1713 246 de
1726 214 1758 246 in
1782 223 1841 246 rem

965 254 1059 294 verso.
1083 263 1238 295 praeterea
1260 265 1326 288 non
1351 263 1448 298 negat
1476 257 1567 296 heres
1583 279 1594 296 ‚
1624 254 1728 287 usuras
1756 253 1798 287 fic
1826 265 1844 286 a

965 294 1034 340 filio
1051 303 1104 328 aut
1120 297 1211 328 servo
1235 297 1397 336 promissas
1418 297 1499 338 esse3
1523 296 1575 329 sed
1596 297 1711 338 (quod
1728 306 1768 328 ex
1786 297 1844 329 ini·

966 343 1013 370 tio
1029 338 1143 378 capitis
1161 339 1376 380 intelligitur)
1404 348 1516 380 negat,
1538 339 1706 380 pecuniam
1724 348 1764 370 ex
1781 347 1843 379 qua

965 377 1064 409 usurae
1087 387 1259 419 petuntur,
1283 382 1313 412 in
1339 390 1405 412 rem
1430 381 1526 422 patris
1555 388 1610 411 aut
1631 380 1753 411 domini
1778 379 1840 411 esse

966 419 1103 451 versam:
1127 421 1267 462 ideoque
1291 421 1320 453 se
1351 432 1421 460 eas,
1447 422 1502 453 etsi
1527 431 1542 453 a
1573 420 1641 453 filio
1667 430 1720 453 aut
1748 421 1840 453 servo

965 461 1129 501 promissas
1147 486 1156 501 ,
1196 464 1291 503 patris
1320 472 1373 495 aut
1400 464 1522 495 domini
1553 464 1683 494 nomine
1701 464 1839 495 deberet

964 501 1084 534 scilicet
1103 527 1114 542 ,
1137 505 1225 544 quod
1245 514 1310 536 non
1335 504 1463 544 poss'unt
1486 504 1585 536 usurae
1600 528 1610 543 ,
1642 504 1696 536 nisi
1724 506 1842 536 debitae

964 545 1128 585 pemniae,
1153 546 1308 585 promitti.
1326 546 1367 577 sic
1382 546 1486 578 heres.
1510 554 1542 577 at
1560 546 1726 578 creditor?
1751 547 1842 578 here-

965 586 1038 617 dem
1073 585 1185 619 frustra
1218 587 1358 619 resistere
1373 611 1384 626 ‚
1423 597 1463 618 ne
1489 586 1593 618 usuras
1620 587 1730 618 solvat.
1775 596 1842 619 non

965 629 1049 658 enim
1066 628 1226 668 promissas
1243 630 1342 660 modo
1360 639 1375 660 a
1393 628 1479 668 filio,
1495 637 1549 661 aut
1565 629 1674 667 servo,
1690 629 1772 668 effe3
1789 629 1842 661 sed

965 670 1062 700 etiam
1089 679 1105 700 a
1131 679 1239 710 patre,
1263 677 1316 701 aut
1343 671 1495 708 dominO,
1521 669 1689 710 ptaestitas:
1712 680 1772 701 nec
1798 670 1842 702 se-

966 711 1047 749 mel,
1067 710 1121 745 sed
1148 712 1219 745 diu:
1242 721 1349 751 neque
1369 712 1433 744 hoc
1452 711 1608 743 facturum
1636 712 1734 743 videri
1752 722 1761 751 ;
1784 710 1841 744 nifi

964 750 1123 791 scivisset,
1147 754 1314 793 pecuniam
1339 763 1380 784 ex
1405 762 1465 794 qua
1490 751 1647 793 promiffae
1672 751 1770 784 usurae
1791 763 1840 785 es-

964 792 1050 832 sent,
1068 795 1099 825 in
1118 803 1184 825 rem
1200 795 1266 833 ejus
1285 795 1404 826 versam
1423 794 1494 827 esse.
1513 804 1608 835 quem
1628 795 1712 826 enim
1734 793 1840 826 usuras

962 833 1105 873 solvere,
1124 835 1177 867 nisi
1197 836 1313 866 debitae
1331 836 1502 876 pecuniae?
1519 846 1616 876 porro
1634 842 1842 877 patrem‚aut

963 876 1150 915 dominum,
1175 876 1229 908 suo
1256 887 1387 909 nomine
1411 887 1475 909 non
1493 876 1632 909 debuisse
1650 878 1839 917 pecuniam,

962 917 1018 948 etsi
1042 916 1129 955 fili0‚
1155 925 1208 949 aut
1232 917 1342 956 servo,
1366 920 1520 951 creditam
1539 942 1548 958 ,
1571 927 1781 960 praeterquam
1808 920 1841 951 in

963 968 1029 990 rein
1054 958 1138 990 suam
1164 960 1294 992 versam.
1338 960 1436 993 habes
1460 960 1589 992 fastum.
1632 960 1733 1003 Quod
1768 968 1842 992 cum

964 1001 1107 1032 oblatum
1136 1001 1302 1033 Antonino
1328 1001 1422 1041 esset,
1444 1002 1619 1042 judicavit,
1644 1002 1731 1042 quod
1751 1010 1840 1043 pater

962 1050 1016 1074 aut
1043 1042 1192 1073 dominus
1217 1042 1247 1074 in
1270 1051 1337 1074 rem
1356 1042 1440 1075 suam
1459 1043 1582 1077 versum
1603 1043 1685 1083 effe,
1710 1051 1808 1085 atque
1824 1052 1843 1074 a

963 1082 993 1114 se
1010 1083 1139 1121 deberi,
1164 1083 1322 1122 ostendit,
1339 1085 1370 1115 id
1388 1085 1453 1125 ejus
1475 1085 1626 1117 heredem
1643 1086 1673 1117 in
1692 1095 1758 1117 rem
1776 1085 1843 1126 ejus

963 1123 1087 1157 versum
1112 1123 1175 1156 effe
1195 1149 1205 1164 ,
1241 1132 1339 1164 atque
1370 1126 1409 1157 ab
1434 1136 1474 1157 eo
1501 1127 1611 1158 deberi
1636 1137 1751 1168 negare
1775 1135 1843 1158 non

962 1165 1067 1207 poss’e:
1092 1175 1217 1207 patrem
1232 1189 1241 1205 ‚
1265 1174 1392 1206 autem,
1416 1176 1469 1199 aut
1487 1168 1651 1200 dominum
1669 1193 1677 1207 ‚
1702 1167 1757 1200 etsi
1774 1177 1843 1200 non

961 1207 1088 1246 verbis,
1112 1215 1218 1241 tamen
1244 1208 1337 1240 rebus
1354 1232 1363 1246 ,
1387 1208 1556 1240 declarasse
1572 1232 1581 1248 ,
1607 1210 1637 1241 in
1664 1219 1731 1241 rem
1758 1209 1842 1241 suam

961 1250 1081 1282 versam
1099 1271 1109 1287 ‚
1140 1257 1238 1289 atque
1261 1250 1344 1280 adeo
1365 1259 1381 1280 a
1408 1249 1437 1280 se
1463 1250 1603 1282 debitam
1621 1274 1630 1289 ,
1661 1251 1724 1282 esse
1747 1260 1845 1291 pecu·

963 1290 1074 1329 niam3
1103 1291 1193 1330 cujus
1217 1289 1321 1322 usuras
1346 1291 1446 1331 longo
1471 1299 1620 1332 tempore
1643 1292 1842 1332 praes’titiffet.

963 1331 1006 1365 fic
1032 1333 1224 1365 Antoninus.
1270 1331 1359 1375 Quid
1384 1333 1441 1364 ni?
1465 1343 1501 1364 an
1530 1334 1582 1374 qui
1600 1333 1704 1365 usuras
1721 1333 1844 1365 solvisse

965 1373 1138 1415 probatur,
1155 1374 1181 1403 is
1201 1373 1343 1404 debitum
1363 1373 1493 1406 inficiari
1511 1373 1643 1415 potest?
1667 1375 1718 1407 sed
1735 1375 1844 1416 placet

965 1415 1054 1455 quod
1071 1415 1153 1454 apud
1170 1413 1433 1455 Theophrastum
1446 1439 1455 1454 ‚
1480 1415 1593 1447 Etbicz's
1611 1415 1844 1456 characteribus,

964 1463 1026 1497 cap.
1051 1455 1098 1488 De
1120 1455 1302 1496 diffidentia,
1325 1456 1427 1488 homo
1443 1456 1610 1496 diffidens,
1637 1458 1687 1489 Ad
1704 1459 1844 1489 debitores

956 1498 1028 1538 suos
1045 1497 1148 1536 saenus
1163 1498 1255 1537 soriis
1277 1497 1435 1530 extitimus
1452 1521 1462 1537 ,
1486 1508 1552 1530 cum
1577 1497 1692 1539 testibus
1715 1500 1846 1540 accedit,

965 1549 1000 1570 ne
1017 1538 1134 1580 inficias
1149 1538 1281 1569 videlicet
1300 1541 1342 1570 ire
1353 1538 1468 1586 poffinc.
1493 1539 1570 1574 Non.
1588 1541 1683 1581 igitur
1699 1540 1770 1571 vult
1787 1539 1844 1570 Pa-

966 1579 1552 1621 pinianus,Imperatoremjudicaffe,
1570 1581 1672 1613 usuras
1689 1590 1759 1620 quae
1779 1590 1846 1614 non

967 1621 1181 1662 probarentur
1206 1620 1364 1662 promiffae
1385 1644 1394 1660 ‚
1417 1623 1540 1654 idcirco
1572 1622 1740 1654 solvendas
1764 1622 1847 1662 esse,

967 1665 1056 1704 quod
1079 1672 1098 1694 a
1123 1670 1214 1704 patre
1238 1670 1293 1696 aut
1316 1663 1450 1698 domino
1468 1664 1566 1705 longo
1581 1670 1730 1705 tempore
1746 1663 1847 1697 essent

967 1703 1135 1746 praestitae3
1159 1704 1292 1745 perinde
1308 1704 1392 1746 quasi
1408 1714 1514 1738 earum
1531 1704 1620 1736 causa
1639 1715 1679 1737 ex
1697 1705 1846 1738 diuturna

965 1745 1168 1786 praestatione
1183 1754 1236 1777 aut
1255 1746 1454 1786 adquiratur,
1466 1755 1520 1779 aut
1534 1746 1756 1788 praesumatur:
1772 1745 1824 1778 sed
1835 1769 1848 1785 ,

966 1788 1055 1828 quod
1072 1787 1189 1826 primus
1213 1795 1271 1827 per
1285 1787 1434 1821 nebulam
1452 1789 1532 1820 vidit
1550 1788 1589 1820 V.
1614 1788 1674 1821 CL.
1702 1787 1848 1819 Francis-

966 1837 1022 1861 cus
1040 1826 1229 1866 Duaremss,
1253 1829 1290 1861 ad
1310 1829 1357 1860 tit.
1374 1829 1407 1861 de
1422 1829 1519 1871 usuris
1545 1840 1569 1861 c.
1594 1840 1622 1862 2.
1648 1839 1721 1862 curn
1746 1829 1848 1870 lique-

966 1876 1016 1900 ret
1032 1891 1042 1907 ,
1074 1868 1179 1901 usuras
1204 1868 1409 1909 stipulatione
1435 1871 1600 1911 promiss'as
1626 1870 1688 1903 ess'e
1713 1879 1731 1902 a
1757 1869 1845 1909 filio,

966 1918 1020 1941 aut
1047 1909 1156 1956 servo;
1183 1909 1212 1942 ἃ
1240 1909 1474 1951 ambigeretur,
1498 1921 1535 1943 an
1562 1913 1700 1953 pecunia
1724 1922 1765 1945 ex
1784 1921 1847 1952 qua

968 1950 1126 1992 promissae
1152 1951 1359 1990 dicerentur,
1382 1951 1412 1985 in
1442 1962 1507 1986 rem
1525 1954 1622 1994 patris
1644 1961 1697 1986 aut
1721 1953 1845 1985 domini

968 1992 1056 2024 versa
1089 1991 1166 2023 esset
1189 2004 1197 2024 :
1233 1991 1464 2034 Imperatorem
1483 1993 1660 2035 judicasse,
1699 2003 1845 2036 patrem,

966 2041 1020 2065 aut
1045 2034 1210 2066 dominum
1229 2057 1238 2073 ,
1271 2033 1430 2067 usurarum
1455 2035 1615 2069 solutione
1631 2060 1639 2074 ,
1677 2043 1774 2077 atque
1807 2045 1847 2067 ea

966 2076 1053 2116 longi
1078 2077 1255 2115 temporis,
1279 2077 1446 2115 pecuniam
1471 2080 1501 2108 in
1531 2087 1595 2109 rem
1614 2076 1697 2110 suam
1725 2078 1846 2110 versam

966 2116 1047 2155 csse,
1071 2116 1138 2156 ipso
1156 2115 1242 2148 fatto
1259 2117 1448 2155 declaraffe3
1465 2118 1495 2149 ἃ
1512 2118 1587 2150 ideo
1605 2119 1757 2151 heredem
1776 2119 1844 2159 ejus

966 2158 1004 2189 ad
1028 2157 1187 2189 usurarum
1212 2167 1289 2197 quas
1314 2158 1456 2190 defunsti
1474 2159 1557 2191 filius
1575 2169 1629 2191 aut
1648 2161 1754 2192 servus
1770 2169 1846 2201 pro-

965 2198 1045 2230 misit
1064 2198 1255 2231 solutionem
1274 2201 1388 2231 teneri.
1414 2200 1441 2232 Is
1458 2200 1502 2232 est
1519 2200 1620 2233 sensus
1636 2203 1665 2234 d.
1674 2202 1692 2233 l.
1703 2206 1734 2233 6.
1755 2203 1842 2233 idem

965 2240 1080 2271 clarior
1095 2239 1240 2279 futurus,
1264 2242 1370 2272 addita
1386 2240 1490 2281 specie
1509 2242 1527 2284 §
1559 2252 1584 2274 1.
1609 2243 1748 2283 ejusdem
1767 2243 1842 2274 loci.

966 2282 1062 2313 verba
1079 2282 1143 2322 ejus
1153 2282 1181 2323 §.
1207 2285 1366 2323 Imperator
1382 2293 1494 2324 quoque
1511 2283 1603 2323 noster
1620 2285 1745 2315 Severus
1758 2284 1843 2324 filiae

965 2322 1064 2354 Flavii
1087 2323 1279 2363 Athenagorae
1295 2347 1304 2361 ‚
1329 2324 1413 2366 cujus
1436 2327 1507 2356 bona
1524 2326 1651 2365 fueram
1674 2327 1843 2366 publicata,

964 2366 998 2395 de
1015 2363 1088 2404 fisco
1112 2365 1173 2395 ideo
1195 2367 1346 2396 numerari
1377 2367 1465 2396 decies
1491 2374 1610 2397 centena
1635 2369 1707 2397 doris
1730 2368 1844 2397 nomine

959 2405 1062 2447 juffic,
1082 2407 1158 2447 quod
1180 2415 1212 2437 ea
1232 2412 1345 2446 patrem
1365 2404 1525 2447 proeftimffe
1549 2409 1625 2438 [lotis
1654 2410 1760 2447 usuras
1776 2408 1844 2439 alle-

961 2446 1063 2488 gaffet.
1089 2446 1210 2486 species
1228 2447 1284 2478 est.
1321 2447 1445 2479 Flavius
1466 2449 1687 2490 Athenagoras
1704 2459 1762 2489 pro
1779 2449 1845 2481 filia

968 2489 1037 2526 sua,
1059 2488 1121 2519 ritu
1138 2488 1292 2528 antiquo,
1316 2489 1401 2528 cujus
1419 2490 1563 2521 meminit
1579 2490 1760 2530 juvenalis,
1778 2491 1844 2523 Sat.

967 2539 996 2561 x.
1016 2529 1090 2569 vers.
1106 2538 1176 2569 335.
1200 2529 1307 2562 decies
1327 2538 1464 2561 centena
1488 2532 1540 2571 (id
1558 2531 1620 2569 est,
1643 2533 1751 2564 decies
1770 2542 1846 2564 cen-

967 2579 1041 2602 tena
1072 2571 1168 2602 millia
1193 2570 1406 2603 sestertiorum
1431 2582 1661 2612 nummorum3
1690 2583 1725 2605 ut
1742 2574 1843 2605 Anto-

966 2613 1037 2643 nius
1053 2611 1242 2652 Augustinus
1260 2612 1406 2644 observat
1421 2613 1469 2645 lib.
1481 2624 1508 2646 2.
1533 2614 1655 2646 Emena.
1673 2625 1697 2646 c.
1714 2616 1766 2655 6.)
1785 2616 1844 2648 do-

967 2655 1006 2685 tis
1032 2654 1161 2685 nomine
1179 2653 1331 2693 promisit.
1362 2655 1387 2685 is
1409 2655 1626 2697 Athenagoras
1644 2665 1712 2688 eam
1730 2658 1843 2689 dotem

966 2704 1031 2726 non
1056 2693 1166 2726 solvit:
1190 2694 1242 2725 sed
1261 2696 1388 2727 interim
1406 2695 1509 2728 usuras
1529 2698 1595 2737 ejus
1618 2697 1763 2738 praestitit
1782 2708 1842 2739 pro

965 2736 1039 2768 filiae
1056 2735 1268 2767 exhibitione.
1291 2736 1399 2776 (quod
1418 2738 1447 2770 ὅς
1466 2738 1584 2771 factum
1601 2739 1621 2771 l.
1637 2743 1687 2771 60.
1710 2739 1739 2781 ᾗ.
1758 2750 1786 2780 3.
1799 2738 1842 2770 D.

969 2777 1113 2809 Mandaei
1130 2777 1176 2808 vel
1193 2783 1291 2809 contra
1303 2801 1312 2815 ‚
1331 2777 1368 2812 ὅ)
1383 2778 1401 2809 l.
1412 2784 1461 2815 98-
1472 2779 1514 2811 D.
1523 2782 1557 2811 de
1571 2782 1751 2823 adquirenda
1767 2783 1842 2810 here-

969 2819 1083 2859 ditate)
1106 2819 1223 2850 deinde
1243 2819 1409 2851 commisso
1428 2822 1467 2852 ab
1484 2822 1687 2863 Athenagora
1704 2822 1843 2859 deliCto,

969 2860 1053 2892 bona
1066 2860 1130 2900 ejus
1149 2860 1310 2900 publicata
1320 2860 1398 2892 sunt.
1422 2861 1484 2894 filia
1499 2873 1515 2894 a
1527 2862 1603 2895 fisco
1614 2865 1697 2902 petit
1713 2864 1841 2899 dotem,

967 2911 984 2932 a
1010 2908 1098 2942 patre
1120 2901 1318 2942 promissam:
1342 2903 1432 2935 causa
1455 2914 1511 2943 ea,
1535 2906 1622 2945 quod
1647 2904 1736 2936 fiscus
1760 2905 1842 2943 patri

966 2941 1107 2975 succeffit
1122 2966 1132 2982 ‚
1156 2943 1185 2974 Gt
1203 2943 1268 2975 hoc
1285 2944 1416 2976 nomine
1432 2946 1496 2984 ejus
1514 2945 1727 2977 creditoribus
1750 2952 1842 2976 tene-

968 2991 1029 3016 tur.
1053 2984 1124 3025 quia
1145 3006 1155 3022 ‚
1186 2991 1221 3015 ut
1241 2987 1415 3018 commode
1443 2978 1685 3031 Quintilianus'‚
1706 2985 1841 3018 Declom.

968 3035 1038 3066 273.
1071 3025 1250 3057 Patrimonii
1278 3029 1309 3058 in
1333 3028 1425 3059 alium
1450 3027 1604 3066 tronficuri
1621 3036 1654 3057 ea
1675 3028 1749 3058 ratio
1780 3026 1841 3068 est,

967 3073 1001 3099 ut
1014 3067 1140 3108 primum
1157 3068 1413 3109 creditofiztisfiat.
1445 3078 1550 3107 neque
1567 3069 1599 3099 id
1615 3076 1709 3109 negat
1727 3066 1840 3109 fiscus;

967 3108 1019 3141 sed
1035 3109 1143 3140 dotem
1160 3108 1232 3141 filiae
1250 3119 1266 3141 a
1279 3118 1368 3150 patre
1384 3109 1446 3141 effe
1464 3109 1677 3140 constitutam.
1700 3110 1752 3141 illa
1764 3119 1842 3142 con·

967 3157 1014 3182 tra
1028 3149 1185 3186 ostendit,
1209 3158 1332 3190 patrem
1353 3150 1408 3182 sibi
1428 3151 1513 3182 dotis
1530 3149 1633 3181 usuras
1650 3151 1844 3191 praestitisse,

967 3201 1072 3233 neque
1088 3192 1120 3223 id
1147 3191 1304 3224 facturum
1329 3192 1439 3229 fuisse,
1463 3200 1528 3222 non
1553 3191 1725 3224 constituta
1751 3194 1841 3226 dote.

966 3234 1009 3266 ait
1026 3233 1235 3273 Papinianus,
1267 3233 1347 3273 Imp.
1362 3233 1515 3267 Severum
1526 3232 1638 3273 juffiffe
1647 3257 1658 3275 ‚
1682 3234 1755 3267 filiae
1771 3235 1795 3267 F
1798 3235 1841 3281 ¹³?

1792 3284 1840 3307 vit
