2036 3495
187 95 259 132 270
606 81 640 116 G
673 90 694 114 E
727 90 750 114 R
784 88 806 114 A
837 87 860 111 n
890 88 915 113 n
950 87 963 113 1
1021 75 1060 111 N

191 184 249 206 nus
264 174 297 209 in
314 172 426 215 peculio
441 169 523 207 erit„
540 173 592 201 aut
609 168 671 209 ejus
686 166 746 198 dolo
763 165 836 197 malo
853 165 908 196 erit
923 163 1056 202 fufium,

192 225 247 257 quo
264 216 359 246 minus
381 215 412 244 in
423 210 534 252 peculio
545 208 605 247 fit,
628 208 766 240 astionem
782 206 862 237 etaim.
889 204 969 238 Haec
987 204 1058 236 Edi-

193 256 232 287 cti
250 255 350 287 forma
374 262 413 283 ex
430 249 632 290 sequentibus
651 247 794 288 liquebit.
839 247 871 278 In
897 245 1059 287 praesentia

191 298 316 333 dicam,
340 293 465 334 quando
485 290 581 321 faciat
600 291 717 322 Praetor
742 289 857 320 aftioni
881 290 920 320 de
936 288 1061 327 peculio

189 338 304 369 locum.
329 335 358 365 ἀ
380 340 478 374 puto,
501 332 629 369 facere3
651 332 672 362 si
696 340 768 362 cum
796 339 834 360 eo
857 330 911 370 qui
930 331 961 360 in
985 330 1061 361 alte·

192 378 253 409 rius
271 373 422 415 potestate
437 373 501 412 est,
516 372 677 413 negotium
697 371 817 413 gestum
835 372 903 402 erit.
926 371 957 401 id
976 373 1060 402 enim

192 418 237 449 est
261 416 455 456 consequens
480 414 587 454 primis
611 413 712 445 EdiCli
730 413 843 443 verbis.
887 411 1005 443 Praetor
1021 412 1060 442 de

192 468 230 490 eo
248 456 402 498 quuitur,
427 465 489 487 non
514 456 554 487 de
578 464 632 486 ea:
654 455 704 486 sed
723 454 873 494 Ulpianus
895 452 924 494 §.
943 463 970 494 3.
993 454 1020 483 d.
1038 453 1059 483 l.

193 509 219 532 1.
242 498 283 530 ita
298 497 542 538 interpretatur,
564 503 599 527 ut
617 496 646 527 &
662 496 703 526 ob
723 505 790 527 eain
805 503 878 535 lquae
898 494 942 525 est
957 493 1061 525 foemi-

189 541 254 572 nini
272 540 381 578 sexus,
399 539 491 570 detur
508 548 549 569 ex
568 537 630 568 hoc
645 536 757 569 Edic'to
772 536 862 567 acuo.
887 534 1061 574 Ulpianum

189 581 356 612 confirmat
375 579 474 620 Gajus
491 579 507 610 l.
526 589 574 618 27.
593 581 620 609 d.
638 583 659 610 t.
704 578 745 608 Et
760 577 942 608 ancillarum
965 576 1062 607 nomi-

186 632 229 654 ne
245 621 410 663 inquiens,
434 622 462 652 &
480 618 748 652 filiarumfamilias
778 618 807 649 in
838 617 963 658 peculio
981 617 1063 648 actio

187 664 296 695 datur:
330 663 492 700 maxime,
530 661 550 693 si
573 670 634 700 qua
658 659 837 691 fascinatrix
862 666 915 690 aut
943 657 1061 690 textrix

187 705 247 737 erit
259 728 269 743 ,
294 712 347 736 aut
363 704 489 745 aliquod
506 701 672 733 artificium
692 702 823 742 vulgare
839 706 1005 731 exerceat:
1030 699 1060 730 &

191 746 279 778 addit
294 745 410 786 Gajus,
433 744 587 784 julianum
606 743 762 781 scribere,
781 740 914 782 depositi
933 750 1060 781 quoque

189 788 220 819 &
244 786 435 819 commodati
457 785 612 816 astionem
634 785 770 816 dandam
787 792 892 813 earum
911 781 1060 813 nomine:

188 830 282 870 longe
308 828 404 869 magis
429 836 491 858 non
517 825 669 864 dubitari,
694 826 722 856 &
747 824 768 856 fi
789 824 818 855 in
846 833 913 855 rem
939 823 1061 854 versum

190 870 253 906 est,
276 872 361 910 quod
387 868 463 908 juss‘u
481 867 595 909 patris,
620 866 780 898 dominive
800 864 998 896 contractum
1013 864 1060 895 fit.

189 910 361 942 Pollicetur
382 909 477 950 igitur
496 909 611 940 Praetor
636 907 791 939 afiionem
816 907 856 938 de
874 906 1017 946 peculio,
1040 904 1061 936 fi

189 961 263 983 cum
287 962 325 982 eo
347 960 401 990 qui
425 950 455 981 in
482 949 608 982 alterius
631 949 786 989 potestate
811 947 876 984 est,
899 947 1060 987 negotium

187 994 309 1034 gestum
327 992 396 1024 erit.
420 990 494 1032 quid
507 1014 516 1030 ,
539 990 559 1022 fi
578 1000 650 1022 cum
669 990 831 1030 impubere
850 988 914 1020 filio
935 996 987 1019 aut
1005 989 1062 1019 ser-

186 1045 228 1066 vo
252 1034 451 1066 contraitum
476 1032 534 1064 iit?
559 1032 601 1063 ait
622 1031 760 1071 Julianus
788 1030 816 1071 §.
831 1040 861 1069 4.
884 1032 911 1060 d.
930 1029 947 1060 l.
969 1038 994 1060 1.
1018 1027 1059 1059 ita

185 1077 321 1107 dandam
343 1074 374 1107 in
401 1073 561 1105 dominum
589 1073 641 1104 vel
664 1079 786 1113 patrem
810 1072 848 1103 de
871 1070 1014 1110 peculio,
1039 1069 1060 1101 si

181 1116 373 1158 locupletius
397 1124 506 1147 eorum
525 1114 686 1155 peculium
707 1113 826 1144 facturn
842 1112 896 1143 est.
1000 1150 1006 1154 Ι

224 1156 391 1191 Potestatis
408 1166 503 1203 porro
518 1157 651 1187 verbum
671 1154 825 1195 Ulpianus
849 1158 1059 1184 communiter

185 1199 303 1241 accipit
325 1207 388 1231 tam
410 1208 440 1230 in
465 1196 549 1236 filio,
574 1206 668 1238 quam
692 1196 722 1227 in
747 1195 835 1226 servo
856 1194 883 1236 ς.
902 1204 932 1234 5.
948 1195 976 1223 d.
992 1193 1010 1223 l.
1031 1202 1058 1224 1.

185 1242 214 1274 &
234 1249 426 1283 quamquam
445 1238 575 1271 dubium
598 1247 659 1270 nou
680 1237 742 1276 est,
766 1235 840 1277 quin
866 1234 1003 1276 potestas
1026 1233 1057 1265 in

183 1283 279 1314 servis
296 1280 422 1323 proprie
439 1279 613 1312 dominium
635 1278 803 1320 significet:
826 1284 933 1320 tamen
953 1274 1056 1320 Ulpia-

185 1334 246 1357 nus
269 1323 297 1366 §⁴
315 1327 345 1355 6.
364 1324 390 1354 d.
415 1322 432 1353 l.
455 1322 519 1362 eius
542 1320 606 1353 vim
632 1320 684 1351 hic
707 1318 831 1359 longius
853 1323 999 1358 porrigit.-
1023 1322 1057 1347 ut

187 1375 252 1398 nou
269 1364 367 1406 magis
385 1363 543 1404 spectetur
565 1360 736 1394 dominium
760 1361 939 1397 servorum,
963 1366 1056 1397 quam

186 1406 322 1439 facultas
349 1403 486 1437 habendi
511 1413 588 1435 eos:
619 1403 649 1434 &
673 1402 836 1440 causatur,
867 1410 929 1432 non
960 1399 1057 1430 solum

188 1449 350 1493 servorum
380 1444 584 1490 propriorum
618 1442 749 1475 nomine
781 1452 840 1474 nos
873 1439 1058 1484 conveniri,

188 1497 267 1521 item
297 1495 512 1520 communium
530 1508 539 1523 ,
571 1494 682 1516 verum
705 1493 817 1515 eorum
847 1492 976 1524 quoque
1005 1490 1060 1522 qui

188 1531 274 1562 bona
297 1528 360 1560 fide
385 1526 477 1559 nobis
502 1525 655 1564 serviunt,
678 1524 742 1557 five
765 1524 856 1556 liberi
884 1525 942 1556 fint
957 1546 967 1562 ,
997 1523 1060 1554 live

187 1571 265 1603 servi
290 1568 394 1602 alieni.
439 1567 492 1600 Ne
514 1566 566 1598 hic
590 1566 718 1608 quidem
743 1565 872 1597 subsistit
896 1564 1059 1606 Ulpianus.

187 1619 299 1644 contra
323 1612 344 1643 l.
364 1621 392 1652 3.
416 1610 442 1641 b.
468 1615 487 1640 t.
517 1609 611 1648 licet,
634 1607 754 1648 inquit,
780 1606 920 1645 Praecor,
944 1606 965 1637 fi
988 1614 1061 1636 cum

187 1663 229 1685 eo
255 1653 308 1694 qui
330 1652 360 1684 in
384 1650 544 1692 potestate
567 1649 604 1681 fic
622 1673 632 1688 ,
661 1649 783 1690 gestum
811 1647 846 1679 fit
877 1645 1061 1688 negotium,

187 1694 378 1740 polliceatur
395 1691 573 1729 actionem,
597 1697 702 1722 tamen
722 1689 882 1720 sciendum
905 1688 969 1726 est,
994 1688 1022 1718 ἃ
1042 1686 1062 1718 si

187 1745 219 1768 m
235 1734 348 1767 nullius
363 1733 399 1766 fit
418 1732 595 1774 potestate,
607 1730 672 1763 dari
690 1731 729 1762 de
746 1729 875 1771 peculio
891 1728 1061 1761 actionem:

190 1777 221 1808 &
243 1776 305 1808 tale
329 1775 420 1815 ponit
445 1774 644 1813 exemplum:
668 1779 702 1804 ut
725 1779 817 1812 puta,
841 1770 862 1802 fi
879 1780 951 1802 cum
971 1770 1061 1800 servo

188 1816 383 1849 hereditario
402 1815 599 1847 contractum
623 1813 659 1845 sit
683 1821 755 1844 ante
773 1814 886 1844 aditam
907 1810 1061 1842 heredita·

190 1868 267 1891 tein.
311 1857 354 1889 Et
376 1857 404 1898 §.
426 1866 451 1888 1.
477 1855 615 1895 subjicit,
638 1855 712 1886 inde
737 1853 922 1885 Labeonem
952 1851 1062 1883 scribe-

189 1910 243 1939 re,
269 1901 297 1931 &
324 1899 343 1931 si
370 1898 527 1936 secundo,
553 1895 691 1928 tertiove
709 1896 806 1935 gradu
832 1893 1010 1925 substitutus
1027 1892 1063 1923 [it

192 1942 316 1979 servus,
341 1941 370 1972 ἃ
397 1937 646 1971 deliberantibus
667 1937 774 1977 primis
797 1935 966 1967 heredibus
989 1943 1062 1965 curn

191 1992 233 2014 eo
255 1982 455 2014 conti-aetum
476 1980 511 2012 fit
526 2003 535 2019 ,
571 1988 650 2010 mox
674 1976 911 2018 repudiantibus
933 1975 977 2006 eis
999 1975 1062 2013 ipse

190 2023 272 2056 liber
298 2024 453 2061 heresque
481 2020 643 2058 extiterit,
668 2019 757 2059 posse
773 2017 855 2056 dici,
880 2019 919 2050 de
935 2016 1062 2057 peculio

192 2075 265 2098 eum
282 2064 468 2100 conveniri,
494 2064 523 2094 ἃ
541 2063 580 2093 de
598 2061 627 2093 in
652 2070 719 2093 rein
737 2060 837 2091 verso.

234 2108 277 2138 Ut
297 2106 390 2146 igitur
408 2106 515 2136 locum
540 2103 655 2134 habeat
677 2102 759 2133 aetio
779 2103 818 2133 de
837 2099 986 2140 peculio,
1008 2099 1062 2131 de-

192 2148 306 2181 fiderat
324 2148 443 2179 Praetor
455 2169 464 2184 ,
486 2155 559 2177 cuin
575 2154 615 2176 eo
633 2143 685 2182 qui
704 2144 734 2174 in
762 2142 888 2174 alterius
906 2140 1063 2182 potestate

192 2189 253 2229 fit,
283 2188 447 2229 negotium
471 2186 591 2228 gestum
616 2186 694 2216 effe:
724 2193 759 2215 ac
783 2184 855 2224 quia
884 2182 1065 2220 simpliciter

193 2230 253 2268 ait,
277 2231 429 2268 Alterius,
453 2237 513 2259 nec
531 2227 663 2258 verbum
677 2226 778 2257 addit:
802 2225 907 2265 placet
925 2223 1064 2263 Ulpiano

195 2275 222 2304 d.
242 2273 259 2304 l.
276 2282 303 2312 3.
321 2271 348 2313 §v
368 2281 396 2302 2.
423 2270 510 2309 parvi
537 2268 676 2305 referre,
700 2268 805 2298 servus
828 2266 896 2306 quis
920 2264 1063 2303 masculi,

193 2323 230 2344 an
251 2313 390 2345 mulieris
407 2312 540 2343 litznam
559 2311 598 2340 de
616 2307 742 2350 peculio
761 2308 789 2338 ἃ
806 2306 969 2338 mulierem
988 2315 1062 2337 con-

195 2354 304 2386 veniri.
329 2361 481 2393 praeterea
498 2350 617 2391 subjicit
634 2351 661 2392 §.
681 2360 707 2389 3.
750 2349 883 2380 Pedium
905 2349 1061 2386 scribere,

196 2400 288 2427 etiam
312 2395 493 2435 impuberes
517 2393 665 2425 dominos
691 2392 730 2422 de
755 2389 883 2429 peculio
912 2390 1062 2430 obligari:

194 2438 345 2469 videlicet
360 2459 370 2475 ,
394 2435 464 2476 quia
482 2444 546 2466 non
565 2443 636 2465 cum
661 2431 730 2472 ipsis
754 2430 969 2472 impuberibus
988 2439 1062 2461 con·

196 2478 346 2516 trahitur,
372 2485 406 2508 ut
432 2475 544 2508 tutoris
570 2473 792 2506 auctoritatem
811 2472 941 2512 spectes.
965 2472 1062 2503 idem-

196 2528 258 2559 que
273 2519 369 2558 juvari
392 2518 516 2549 videtur
534 2526 593 2554 cO,
617 2516 703 2556 quod
728 2513 833 2553 adjicit
850 2513 982 2552 Pedius,
1008 2523 1062 2553 pu-

196 2560 307 2601 pillum
330 2569 393 2590 non
419 2558 507 2600 poffe
536 2559 626 2589 servo
659 2555 818 2597 peculium
853 2554 1064 2590 constituere,

197 2610 259 2633 nec
283 2600 395 2632 tutoris
422 2599 618 2632 auctoritate.
641 2599 673 2629 id
703 2596 786 2628 enim
814 2605 878 2635 quo
901 2595 1064 2636 pertinet?

198 2642 274 2680 nifi,
297 2650 331 2671 ut
349 2650 511 2679 putemus,
536 2640 718 2680 impuberes
742 2638 891 2669 dominos
914 2638 954 2668 de
969 2645 1065 2675 pecu-

199 2685 243 2716 lio
262 2681 393 2722 obligari
410 2683 535 2713 demum
547 2705 556 2720 ,
580 2681 632 2712 ubi
649 2691 664 2712 a
681 2686 769 2720 patre
786 2677 993 2710 constitutum
1010 2677 1065 2708 est.

159 2732 163 2737 “
197 2727 268 2758 sane
294 2724 336 2753 ait
361 2722 508 2761 Ulpianus
530 2724 549 2754 l.
575 2732 603 2763 7.
630 2722 648 2764 §
687 2731 713 2752 1.
736 2721 763 2751 b.
788 2728 810 2750 1:-
835 2719 988 2759 pupillum
1014 2718 1066 2749 vel

199 2765 351 2799 furiosum
371 2773 433 2795 non
450 2764 576 2802 quidem
595 2763 681 2803 posse
699 2763 788 2793 servo
805 2760 996 2792 constituere
1014 2769 1066 2800 pe·

200 2806 338 2844 culium‚
362 2814 470 2836 verum
488 2812 558 2834 ante
575 2804 782 2836 constitutum
806 2804 890 2843 (hoc
907 2801 970 2840 est,
994 2809 1067 2832 ante

200 2849 344 2881 furorem
362 2869 371 2885 ,
405 2846 608 2888 vei-apati?
631 2845 741 2885 pupilli
767 2842 993 2881 constitutum)
1022 2841 1069 2873 his

202 2890 321 2923 casibus
342 2896 407 2919 non
426 2887 527 2917 adimi.
571 2885 658 2926 Quid
673 2887 768 2927 igitur
785 2885 853 2917 est?
877 2885 917 2915 ab
935 2884 1070 2924 Ulpiano

201 2934 229 2964 d.
244 2932 261 2962 l.
278 2941 304 2971 3.
320 2929 346 2971 ᾗ.
363 2939 390 2967 4.
413 2927 453 2959 sic
469 2926 619 2957 infertur:
643 2926 675 2957 ln
700 2926 807 2958 furiosi
836 2934 966 2966 quoque
983 2934 1069 2955 cura-

203 2981 308 3004 torem
325 2970 459 3001 dandam
478 2968 518 2999 de
533 2967 660 3006 peculio
677 2967 851 2998 actionem:
877 2976 945 2998 nam
967 2966 996 2997 ἃ
1016 2965 1069 2996 hu-

201 3016 249 3055 jus
265 3014 386 3046 servum
405 3008 562 3051 peculium
585 3007 701 3037 habere
719 3008 824 3045 poss'e,
849 3018 912 3039 non
937 3007 958 3039 fi
974 3006 1070 3038 fuerit

204 3053 406 3088 concessum,
431 3059 465 3082 ut
485 3050 614 3080 habeat:
630 3047 681 3078 sed
698 3046 719 3078 si
736 3058 797 3079 nou
815 3049 911 3080 fuerit
931 3047 1069 3089 prohibi-

205 3105 290 3133 tum,
315 3104 354 3125 ne
372 3094 498 3124 habeat.

249 3137 387 3167 Datur-„is
413 3136 507 3174 igitur
538 3131 694 3163 aftionem
720 3129 759 3160 de
783 3129 909 3167 peculio
933 3130 1072 3169 Praetor,

208 3178 296 3216 vult,
319 3186 392 3208 cum
408 3186 448 3207 eo
466 3174 518 3215 qui
534 3173 564 3205 in
581 3172 708 3205 alterius
726 3170 883 3211 potestate
901 3169 953 3209 fit,
978 3181 1075 3212 nego-

1095 83 1287 110 oonT
1342 75 1553 112 CoMM.

1100 169 1178 194 tium
1196 163 1258 196 effe
1275 164 1406 206 gestum.
1431 174 1497 206 quo
1514 166 1639 200 modo?
1663 175 1704 199 ex
1720 168 1902 207 contractu,
1917 156 1986 202 aut*

1101 203 1186 250 quafi
1205 214 1247 237 ex
1261 206 1438 240 contractu.
1463 208 1492 238 &
1509 216 1682 240 occurrunt
1697 209 1862 249 utriusque
1877 219 1972 250 gene-

1102 254 1143 276 ris
1170 247 1324 287 exempla.
1367 248 1415 293 An
1441 249 1536 280 etiam
1562 249 1765 291 obligationis
1790 260 1831 282 ex
1854 250 1971 282 delisto

1103 292 1156 316 aut
1178 287 1259 326 quasi
1282 298 1322 319 ex
1347 289 1463 321 delisto
1481 289 1498 321 ?
1528 291 1621 322 nulla.
1648 292 1678 322 ὅς
1705 291 1801 323 fuerit
1826 292 1972 331 rationis;

1105 336 1145 372 ne
1163 335 1252 366 pater
1268 337 1321 360 aut
1336 330 1485 375 dominus
1506 341 1546 362 ex
1564 332 1682 363 delicto
1706 331 1760 363 filii
1778 337 1831 363 'aut
1848 333 1925 364 servi
1941 342 1975 363 a-

1104 368 1209 414 fflone
1238 369 1277 414 de
1308 373 1435 410 peculio
1466 373 1699 404 conveniatur:
1730 375 1826 414 quia,
1856 372 1974 414 peculii

1104 408 1309 457 constitutio,
1333 420 1368 443 ut
1391 413 1474 452 dixi,
1499 415 1618 454 pendet
1646 424 1662 445 a
1691 415 1858 446 voluntate
1877 416 1972 455 patris

1104 457 1158 480 aut
1184 451 1303 495 domini
1326 452 1343 483 l.
1364 462 1387 484 1.
1410 453 1436 494 §.
1452 464 1481 493 5.
1505 457 1538 486 de
1562 456 1676 495 adquir.
1700 455 1805 496 poffeff.
1829 455 1880 494 qui
1906 464 1974 488 cre-

1105 491 1221 537 duntur
1238 493 1364 537 quidem
1383 495 1576 534 voluiffe,id
1592 506 1607 527 a
1624 497 1713 527 servo
1730 505 1784 527 aut
1800 496 1866 527 filio
1883 500 1982 536 exera,

1105 540 1169 562 ceri
1186 534 1505 580 augeriquehonesta
1518 538 1548 568 ὅ(
1561 537 1639 578 justa
1657 548 1696 568 ex
1714 538 1818 569 causa:
1841 538 1891 568 sed
1908 547 1980 571 non>

1103 581 1195 620 {eque
1219 582 1259 603 ex
1284 581 1366 622 turpi
1391 576 1565 619 Semiusta.
1587 580 1723 619 proinde
1747 580 1833 619 quod
1863 578 1901 610 ab
1925 579 1975 612 his

1103 613 1181 654 justa
1197 623 1237 644 ex
1264 617 1353 645 caula
1375 623 1511 662 geritur,
1533 620 1565 649 id
1591 630 1670 651 vero
1695 621 1811 660 peculii
1836 619 1916 658 effe,
1941 622 1982 654 δε,

1105 662 1228 695 patrem
1253 656 1303 686 vel
1327 656 1493 689 dominum
1517 665 1628 691 tenere
1651 660 1872 699 peculiotenus
1888 660 1974 701 quati

1104 705 1281 741 eit-*eorum
1307 698 1472 742 voluntate
1487 699 1624 739 gestum:
1646 702 1697 732 sed
1716 704 1803 741 quod
1820 712 1859 733 ex
1879 704 1982 734 male-“v

1103 737 1183 768 ficus
1206 737 1472 778 apprehenditur,
1497 749 1557 771 nec
1582 742 1697 780 peculii
1721 744 1841 775 caulam
1860 753 1973 783 appre-

1104 778 1245 809 hendere
1267 780 1286 810 l.
1311 789 1359 819 2⁴·
1387 780 1432 811 D.
1467 781 1494 811 d.
1518 787 1538 811 t.
1569 791 1630 813 nec
1653 790 1774 822 patrem
1796 792 1848 816 aut
1873 786 1984 816 domi-·

1104 828 1197 857 num,
1221 828 1337 859 praeter
1362 830 1474 853 eorum
1506 823 1706 855 voluntatem
1722 847 1732 863 ,
1762 831 1893 864 tenere,
1919 827 1980 858 aci-r

1104 862 1420 906 moduinp1·obabi1e
1441 862 1497 894 est.
1518 862 1672 904 Ulpianus
1695 873 1784 897 certe
1806 867 1844 906 (l.
1859 871 1908 906 58.
1928 867 1973 899 D.

1104 903 1137 931 (le
1158 911 1217 948 reg.
1232 912 1294 946 μιν.
1319 912 1398 948 ᾳυεε.
1413 903 1457 935 est
1480 904 1570 949 huius
1595 906 1678 938 loci:
1703 909 1823 947 quippe
1841 916 1913 939 cum
1937 907 1976 939 fii:

1105 952 1145 973 eit
1163 952 1228 982 ejus
1246 944 1297 975 lib.
1316 954 1344 976 2.
1359 944 1614 986 Disputationum
1633 956 1673 978 ex
1691 956 1754 987 quo
1772 948 1817 979 est
1837 949 1929 980 etiam
1950 949 1970 980 l.

1087 993 1154 1024 32.
1173 983 1275 1024 &²36.
1301 986 1328 1016 h.
1348 986 1396 1025 ι.)
1440 985 1489 1018 Ex
1513 987 1709 1028 poenalibus,
1733 988 1853 1029 inquit,
1876 989 1973 1021 causis
2004 1004 2010 1024 ,-

1105 1033 1171 1069 non
1190 1025 1268 1057 solet
1290 1026 1321 1057 in
1339 1036 1460 1067 patrem
1477 1029 1516 1058 de
1534 1030 1661 1069 peculio
1679 1030 1761 1060 aelio
1779 1029 1856 1061 dari.
1900 1030 1984 1061 Nec·

1102 1075 1204 1110 minus
1221 1069 1397 1113 commode·
1411 1069 1427 1100 l.
1452 1078 1477 1100 1.
1494 1070 1523 1110 §.
1544 1079 1572 1110 7.
1590 1071 1636 1102 D.
1653 1072 1686 1101 de
1702 1072 1746 1101 bis
1760 1075 1810 1112 qui
1824 1070 1913 1112 effztci.
1928 1070 1975 1102 vel

1102 1109 1187 1148 dejec.
1220 1108 1343 1140 Verba:
1369 1109 1400 1140 Si
1426 1109 1642 1143 filiusfamilias
1669 1113 1868 1143 coenaculum
1898 1122 1974 1143 con-

1102 1148 1230 1181 ductum
1241 1149 1367 1196 habuit,
1379 1152 1491 1183 &inde
1509 1152 1664 1192 deiectum
1684 1154 1735 1185 vel
1748 1153 1880 1185 effusum
1897 1153 1973 1194 quid

1101 1188 1156 1227 fit,
1181 1190 1221 1222 de
1249 1192 1377 1231 peculio
1410 1192 1441 1239 in
1469 1201 1592 1233 patrem
1617 1203 1680 1225 non
1711 1195 1811 1225 datur.
1842 1195 1972 1234 quaeffi,

1101 1239 1194 1276 quam
1212 1232 1255 1277 ob
1277 1233 1371 1264 rem?
1392 1241 1452 1265 ait:
1477 1234 1549 1275 quia
1578 1245 1644 1266 non
1671 1245 1711 1267 ex
1730 1236 1897 1267 conti-actu
1918 1245 1980 1267 ve·-

1102 1278 1157 1303 nit.
1180 1274 1257 1318 quid
1273 1284 1351 1314 ergo
1363 1274 1380 1306 ‘3
1402 1275 1443 1306 fic
1458 1276 1622 1307 concludit
1638 1276 1737 1308 bene:
1754 1278 1785 1308 in
1804 1277 1900 1316 ipsum
1919 1277 1975 1308 ita-

1099 1321 1162 1351 que
1181 1313 1279 1345 filium
1296 1315 1364 1360 haee
1381 1316 1463 1347 aCtio
1477 1317 1528 1356 (in
1546 1317 1664 1348 factum
1682 1319 1721 1349 de
1740 1319 1868 1357 deiectis
1885 1317 1973 1350 &ef-

1098 1353 1193 1396 fusis)
1224 1364 1390 1403 competit.
1413 1366 1548 1402 nempe,
1578 1358 1650 1398 quia
1672 1358 1888 1391 filiusfamilias
1903 1382 1913 1398 ‚
1936 1365 1973 1391 ut:

1100 1394 1188 1436 supra
1205 1397 1291 1443 dixi,
1315 1397 1380 1438 ipse
1406 1407 1446 1429 ex
1464 1399 1610 1430 omnibus
1624 1399 1725 1431 causis
1742 1407 1899 1440 tamquam
1918 1410 1973 1440 pa-

1101 1436 1286 1484 terfamilias
1301 1438 1479 1484 obligatur.
1521 1440 1583 1472 Sed
1604 1448 1754 1480 apparet,
1778 1442 1897 1482 negotii
1918 1448 1974 1480 ap-

1102 1478 1276 1524 pellatione
1300 1489 1331 1511 in
1351 1480 1415 1510 hoc
1438 1480 1553 1512 Edicto
1576 1482 1739 1513 dumtaxat
1763 1485 1871 1514 venire
1894 1483 1976 1514 obli-

1103 1527 1263 1560 gationem
1288 1531 1329 1552 ex
1345 1530 1423 1551 vero
1441 1528 1496 1553 aut
1511 1522 1595 1561 quafi
1620 1523 1795 1554 contractu.
1841 1522 1912 1554 Nec
1929 1530 1975 1554 ta-

1103 1569 1176 1606 men
1208 1562 1259 1592 vel
1291 1562 1346 1593 ista
1368 1562 1500 1602 semper.
1524 1561 1694 1603 fingamus,
1719 1563 1843 1595 servum
1872 1571 1924 1594 aut
1940 1562 1978 1594 fi-

1104 1602 1180 1649 liurn
1211 1612 1270 1642 pro
1295 1603 1356 1634 alio
1389 1601 1560 1643 fidejuffiffe
1581 1627 1589 1641 ‚
1620 1611 1673 1635 aut
1705 1604 1862 1636 mandaffe
1885 1603 1978 1636 alteri
2035 1629 2036 1632 ,

1105 1643 1193 1675 solm.
1217 1653 1255 1675 an
1277 1644 1316 1675 de
1343 1645 1470 1685 peculio
1499 1645 1658 1676 tenebitur
1682 1653 1770 1685 pater
1794 1654 1847 1676 auc
1874 1644 1984 1676 domi-·
2035 1663 2036 1677 ³

1105 1685 1190 1716 nus?
1214 1684 1369 1725 Ulpianus
1390 1686 1408 1716 l.
1427 1696 1455 1726 3.
1476 1685 1503 1727 §.
1519 1696 1549 1726 5.
1573 1687 1601 1717 b.
1620 1693 1640 1716 c.
1666 1685 1788 1717 servum
1814 1685 1978 1726 distinguit

1105 1735 1121 1756 a
1136 1725 1363 1758 filiofamilias:
1388 1728 1573 1765 arbitratus,
1599 1727 1629 1758 in
1649 1726 1739 1758 servo
1760 1727 1821 1759 effe
1837 1727 1981 1768 speetane

1106 1768 1175 1798 dam
1200 1766 1393 1808 fidejubendi
1419 1769 1469 1800 vel
1494 1769 1660 1800 mandandi
1686 1768 1826 1801 causam:
1859 1778 1930 1800 narn
1953 1768 1977 1801 fi

1105 1808 1186 1848 quali
1212 1809 1399 1843 intercessor
1429 1808 1661 1848 intervenerit,
1693 1819 1756 1841 non
1789 1819 1884 1851 agens
1908 1819 1977 1842 rem

1106 1850 1319 1896 peculiarem,
1343 1851 1509 1882 dominum
1536 1852 1576 1882 de
1595 1851 1724 1891 peculio
1741 1860 1801 1883 non
1821 1852 1976 1892 obligari:

1105 1890 1330 1932 similiterque,
1354 1891 1376 1924 fi
1401 1891 1507 1924 servus
1536 1893 1752 1931 mandaverit,
1776 1901 1810 1924 ut
1825 1893 1978 1924 creditori

1105 1932 1309 1971 solveretur,
1346 1932 1485 1972 referre,
1511 1942 1604 1973 quam
1633 1933 1779 1965 habuerit
1808 1933 1977 1966 mandandi

1105 1973 1328 2018 causamznam
1345 1974 1366 2006 fi
1385 1984 1442 2015 pro
1462 1975 1622 2006 creditore
1638 1974 1692 2006 suo
1709 1974 1782 2006 solvi
1800 1975 1978 2013 mandavit,

1104 2016 1268 2047 dominum
1285 2015 1347 2047 effe
1365 2017 1404 2047 de
1421 2017 1548 2056 peculio
1565 2016 1758 2056 obligatum:
1782 2018 1869 2056 quod
1887 2015 1908 2047 fi
1931 2016 1977 2049 in-

1105 2056 1284 2089 tercessoris
1308 2057 1418 2088 officio
1442 2056 1568 2088 functus
1592 2055 1648 2095 sit,
1674 2066 1739 2088 non
1766 2056 1899 2098 obligari
1920 2057 1980 2088 do-

1104 2098 1225 2130 minum
1252 2099 1292 2129 de
1317 2099 1455 2139 peculio.
1505 2099 1557 2129 Sic
1580 2098 1609 2129 in
1633 2100 1722 2129 servo
1748 2097 1922 2138 Ulpianus3
1946 2098 1978 2129 ὅτ.

1108 2139 1223 2179 probat
1238 2139 1351 2171 Paulus
1369 2141 1387 2170 l.
1403 2149 1452 2178 49.
1471 2139 1500 2181 §.
1525 2147 1551 2170 1.
1567 2139 1594 2170 h.
1613 2144 1633 2169 t.
1660 2139 1748 2180 Quid
1765 2140 1794 2171 in
1812 2138 1906 2171 filio?
1926 2140 1980 2171 Ul·

1107 2181 1217 2221 pianus
1236 2183 1263 2212 d.
1281 2181 1300 2212 l.
1319 2191 1348 2222 3.
1365 2181 1392 2222 §.
1410 2191 1438 2216 ς).
1465 2181 1555 2212 aliam
1575 2189 1661 2212 tenet
1687 2181 1784 2212 viam:
1798 2180 1983 2219 confessus,-

1107 2231 1212 2253 veram
1230 2221 1292 2253 esse
1310 2222 1494 2254 sententiam
1512 2222 1616 2252 Sabini
1634 2223 1662 2252 ἂ
1679 2222 1770 2253 Cassii
1783 2231 1789 2252 :
1802 2218 1991 2253 existiman-'

1106 2264 1184 2294 tium
1198 2286 1207 2302 ,
1219 2263 1482 2304 semperobligari
1493 2271 1613 2304 patrem
1625 2265 1664 2293 de
1676 2264 1802 2303 peculio
1813 2287 1822 2302 ,
1833 2264 1862 2294 ἃ
1877 2263 1978 2295 filium

1107 2303 1219 2336 distare
1237 2305 1268 2336 in
1287 2307 1350 2336 hoc
1373 2314 1390 2335 a
1421 2306 1523 2336 servo.
1567 2304 1681 2335 Similis
1700 2303 1879 2336 differentia
1894 2305 1978 2335 inter

1107 2355 1163 2377 eos
1180 2346 1263 2377 circa
1286 2345 1544 2386 compromiffum
1565 2345 1770 2384 observatur-3
1795 2345 1850 2376 etfi
1873 2346 1923 2376 vel
1941 2345 1978 2376 il-

1106 2387 1159 2418 lud
1177 2387 1396 2428 stipulatione,
1421 2388 1451 2418 id
1474 2387 1537 2426 est,
1561 2397 1677 2426 genere
1701 2387 1838 2426 quodam
1853 2386 1977 2427 negotii

1106 2428 1157 2459 seu
1173 2429 1353 2460 contractus
1371 2429 1505 2460 constet.
1549 2428 1625 2459 Eam
1644 2426 1856 2458 differentiam
1875 2428 1977 2466 tangit

1105 2471 1259 2510 Ulpianus
1276 2473 1304 2501 cl.
1319 2471 1338 2501 l.
1359 2480 1387 2510 3.
1403 2470 1431 2511 §.
1451 2474 1467 2503 8
1499 2469 1534 2503 &⁹
1553 2479 1599 2501 10.
1623 2470 1665 2499 ait
1681 2467 1835 2506 autem‚si
1853 2467 1977 2506 servus,

1107 2511 1136 2542 se
1154 2520 1211 2552 pro
1228 2512 1329 2542 libero
1351 2521 1482 2552 gerens,
1500 2508 1772 2549 compromiserit,
1791 2508 1891 2549 posita
1908 2518 1978 2548 poe-

1108 2562 1165 2591 na,
1189 2551 1244 2583 nifi
1264 2551 1360 2584 stetur
1377 2551 1538 2583 sententiae
1555 2551 1682 2583 arbitri.
1707 2550 1736 2581 e't
1756 2550 1872 2581 Nervae
1889 2550 1977 2588 filio,

1110 2594 1140 2624 &
1163 2592 1238 2632 fibi,
1261 2592 1377 2631 videri,
1411 2602 1452 2624 cx
1477 2590 1702 2630 compromisso
1730 2592 1873 2623 adversus
1897 2592 1998 2623 servi,
2031 2610 2032 2624 2

1109 2635 1273 2666 dominum
1290 2644 1354 2666 non
1372 2633 1433 2665 effe
1451 2632 1585 2664 dandam
1604 2633 1643 2663 de
1659 2633 1787 2672 peculio
1806 2632 1975 2665 actionem:

1108 2676 1345 2716 reputantibus,
1376 2673 1635 2714 compromissum
1658 2674 1758 2715 redigi
1779 2674 1817 2705 ad
1840 2673 1980 2705 {imilitu-
2030 2675 2031 2685 ¹

1110 2718 1216 2749 dinem
1230 2715 1418 2756 judiciorum
1442 2716 1460 2746 I.
1485 2724 1511 2748 1.
1529 2716 1575 2746 D.
1594 2717 1626 2746 de
1643 2721 1743 2755 recept.
1767 2715 1796 2746 δι
1823 2713 1985 2755 ῦ]υε1ἰςίο’

1111 2760 1277 2789 damnetur
1301 2757 1426 2795 servuS,
1449 2766 1509 2788 nec
1529 2755 1676 2788 adversus
1700 2765 1772 2787 eum
1797 2756 1861 2787 dari
1883 2756 1980 2787 afflo-

1111 2809 1183 2831 nem
1201 2798 1342 2840 J'udicati.
1368 2804 1483 2829 contra
1506 2798 1535 2840 §.
1558 2807 1604 2829 10.
1628 2798 1671 2828 ait
1694 2796 1755 2828 ess'e
1772 2797 1802 2828 in
1822 2796 1980 2828 filiofami-
2029 2793 2031 2827 ἑ

1112 2842 1185 2873 lias:
1210 2848 1281 2871 nam
1305 2849 1346 2870 ex
1370 2840 1434 2878 ejus
1458 2838 1684 2879 compromisso
1712 2839 1813 2869 teneri
1832 2846 1981 2879 patrem;
2029 2865 2030 2875 2

1112 2891 1172 2913 nec
1189 2880 1335 2912 intercise
1351 2890 1391 2911 ex
1408 2890 1468 2921 qua
1486 2880 1574 2912 causa
1589 2879 1858 2920 compromiserit:
1875 2887 1981 2910 utrum
2029 2878 2030 2899 i

1113 2933 1153 2954 ex
1177 2932 1212 2953 ea
1234 2931 1274 2953 ex
1297 2931 1358 2962 qua
1376 2923 1481 2961 potuit
1502 2922 1569 2962 quis
1587 2930 1660 2952 cum
1677 2928 1765 2960 patre
1788 2921 1827 2952 de
1850 2920 1988 2960 peculio

1112 2973 1224 3005 agere3
1248 2973 1285 2994 an
1310 2973 1387 2994 vero
1404 2973 1444 2994 ex
1469 2973 1504 2994 ea
1529 2972 1590 3002 qua
1614 2971 1678 2993 non
1696 2962 1818 3001 potuit:
1843 2969 1912 2991 cuin
1937 2958 2003 2990 ex*
2028 2954 2029 2979 i

1112 3006 1258 3045 stipulatu
1275 3012 1365 3045 pater
1387 3005 1604 3035 conveniatur.
1627 3002 1703 3034 Non
1721 3003 1821 3034 minus
1836 3000 1979 3031 notabile

1115 3047 1160 3078 est
1187 3047 1273 3086 quod
1301 3047 1331 3077 in
1361 3046 1388 3087 §.
1412 3055 1458 3076 ιι.
1481 3047 1509 3075 cl.
1527 3045 1544 3076 ί.
1562 3055 1591 3085 3.
1616 3045 1710 3075 tradit
1734 3041 1902 3082 Ulpianus.
1928 3049 1980 3079 pa·-

1116 3097 1195 3119 ti·em
1211 3086 1338 3128 judicati
1356 3096 1485 3126 quoque
1507 3087 1545 3117 de
1569 3086 1693 3125 peculio
1718 3084 1841 3114 aelione
1858 3082 1980 3118 teneri,

1117 3130 1212 3160 etiarn
1237 3129 1301 3168 ejus
1329 3129 1459 3160 aetionis
1483 3126 1630 3165 nomine,
1654 3134 1694 3156 ex
1718 3132 1776 3163 qua
1795 3131 1859 3153 non
1878 3122 1983 3163 potest

1118 3179 1208 3211 pater
1229 3171 1269 3202 de
1301 3170 1429 3210 peculio
1454 3168 1610 3200 astionem
1635 3165 1715 3207 pati:
1739 3164 1768 3196 ἂ
1790 3163 1870 3197 hanc
1887 3165 1984 3195 ratio-

1911 3212 1984 3236 nem
