2036 3495
457 92 669 138 INDEX
718 101 959 138 RERUM
1009 103 1046 140 ἃ
1098 95 1493 142 VERBORUM.

83 192 162 224 Servi
175 190 345 230 stigmatibus
357 191 448 220 inusli.

78 233 228 261 Servorum
257 229 398 258 venalium
425 230 542 258 virtutes
571 230 653 258 titulo

112 270 279 305 plerumque
300 267 333 295 de
351 268 428 296 collo
444 267 567 305 suspenso
584 267 653 296 indi-

113 307 256 335 cabantur.
599 309 654 340 306

75 344 155 372 Servi
171 344 346 373 ususfruftus.
367 343 422 371 vid.
447 343 634 371 Ususfruftus.

76 382 170 410 Servis
195 381 342 410 necessaria
361 381 395 409 ad
411 382 510 409 vietum
528 382 653 417 praebere

75 452 77 454 ,
113 429 129 448 a
151 420 285 449 Praefecto
310 416 381 447 Urbi
412 420 582 456 cogebantur
604 419 653 447 do-

116 459 193 487 mini.
597 460 651 492 356

77 495 202 525 Servitus
215 504 267 533 qua
283 494 393 523 ratione
408 503 499 530 neque
515 495 541 523 in
552 496 650 529 bonis,

114 543 207 571 neque
238 539 315 563 extra
341 533 413 560 bona
443 533 497 560 esse
534 533 650 561 dicatur.

454 578 486 604 32
497 591 506 604 ,
522 574 585 605 366.
594 571 650 606 seq.

76 608 104 637 in
138 607 325 637 Servitutibus
357 606 525 643 praediorum
551 608 651 637 consil-

112 647 222 675 tuendis
241 644 387 674 necessaria
407 645 445 672 est
464 647 568 675 utilitas
584 655 651 683 prze-

109 685 148 713 dii
162 683 329 712 dominantis
344 693 351 711 .-
368 691 424 718 quo
438 685 552 712 nomine
568 685 651 713 etiam

111 721 308 756 commodum,
335 722 496 756 amoenitas,
522 722 546 750 ὅ(
570 724 648 751 volu-

110 766 170 796 ptas
187 759 376 788 continentur.
551 768 583 795 3,
594 769 624 795 5,
636 769 650 796 7

73 794 197 827 Servitus
212 797 381 833 prospectus.
635 806 650 833 3

71 836 199 864 Servitus
225 834 320 870 przndii
350 843 383 862 an
415 835 486 868 ultra
515 837 573 870 ejus
603 846 650 865 ne-

110 873 260 902 ceffitatem
281 872 396 902 extendi
417 873 507 910 poffit.
531 883 556 909 5.
573 873 647 912 seqq.

71 947 196 979 Servitus
218 948 355 978 servitutis
378 957 429 984 an,
455 949 480 978 δε
503 951 650 986 quomodo

112 986 244 1015 constitui
258 987 348 1023 poffit.
567 996 581 1021 7
592 1010 598 1021 ,
615 996 650 1022 32

73 1026 220 1055 servitutis
235 1025 405 1060 personalis,
425 1025 450 1053 ἃ
470 1025 650 1063 obligationis

111 1062 263 1099 personalis
278 1062 432 1092 discrimen.
634 1067 649 1094 8

72 1101 261 1133 servitutum,
282 1100 307 1128 &
321 1102 465 1130 nominum
482 1101 649 1130 ususfruetus

110 1147 145 1167 ex
162 1139 410 1167 Senatusconsulto
428 1139 512 1173 legari
536 1139 649 1174 potest3

110 1176 137 1205 δι’.
155 1175 224 1213 quid
239 1177 281 1205 his
298 1176 394 1213 legatis
410 1177 571 1205 fructuarius
584 1185 651 1205 con-

103 1215 249 1250 sequatur.
459 1222 493 1248 3²
502 1236 509 1247 ,
521 1217 582 1248 366.
594 1215 650 1250 seq.

72 1252 239 1287 servitutis,
264 1251 291 1280 &
310 1251 475 1280 ususfructus
499 1260 532 1279 ex
552 1252 596 1280 die
616 1251 651 1280 ad

110 1296 217 1319 certum
233 1295 361 1324 tempus,
377 1290 422 1317 vel
438 1288 630 1317 conditionem
641 1311 648 1322 ,

111 1329 177 1356 item
200 1327 314 1356 alternis
338 1327 417 1355 annis
440 1325 584 1355 constituti
598 1326 649 1355 dif-

109 1365 235 1394 ferentia.
498 1372 561 1399 374.
573 1364 648 1404 seqq.

71 1403 195 1432 Servitus
226 1411 240 1430 a
263 1402 413 1430 frustuario
451 1402 558 1438 adquiri
591 1410 650 1431 non

108 1439 217 1479 potess;
239 1440 354 1469 retineri
374 1440 482 1476 potest,
512 1440 536 1467 &
555 1439 648 1468 debet.

110 1488 173 1515 350.
225 1487 285 1512 quae
312 1479 516 1514 proprietatem
546 1476 622 1506 simul
640 1499 649 1511 ,

110 1518 137 1545 δι
159 1515 352 1545 usumfrustum
383 1515 476 1543 adficit
490 1537 499 1550 ‚
533 1524 569 1544 ne
587 1516 650 1552 qui-

111 1556 174 1583 dem
194 1553 388 1582 consentiente
405 1553 553 1582 srut‘tuario
567 1562 652 1590 apro-

110 1592 244 1629 prietario
266 1590 372 1626 imponi
391 1591 497 1626 potest;
524 1600 585 1629 qua:
608 1590 649 1619 so-

108 1632 165 1659 lam
179 1629 396 1666 proprietatem,
421 1628 503 1657 etiam
524 1628 580 1657 sine
595 1629 650 1656 fru-

111 1667 207 1697 &uarii
222 1666 365 1695 consensu.
596 1674 647 1700 351

72 1706 229 1735 servitutes
244 1702 349 1740 praedio
374 1702 481 1731 debitas
502 1704 650 1739 quomodo

110 1744 296 1778 consequatur
312 1742 484 1770 fructuarius.
506 1742 563 1769 vid.
581 1742 651 1770 Usu-

111 1780 274 1810 fruc‘tuarius
297 1778 418 1808 servitut.

72 1818 198 1849 Servitus
219 1816 367 1854 quomodo
398 1825 456 1845 non
483 1814 590 1846 utendo
616 1816 651 1846 ad

108 1855 224 1886 modum
238 1855 389 1884 amittatur.
433 1886 435 1890 ¹
598 1858 648 1889 383

70 1894 196 1924 Servitus
223 1893 317 1922 oneris
341 1892 463 1925 ferendi,
491 1892 517 1921 ὅ(
536 1893 649 1928 parietis

108 1930 253 1962 reficiendi
268 1931 302 1959 ad
316 1939 403 1959 onera
417 1930 503 1958 vicini
521 1930 649 1959 sustinen-

108 1970 159 2005 da,
179 1968 325 2005 quomodo
341 1975 439 1997 contra
457 1974 583 1997 naturam
598 1969 650 1997 ser-

107 2008 205 2037 vitutis
221 2007 329 2036 inducta
345 2005 385 2034 fit.
594 2014 647 2042 443

72 2046 276 2081 Servitus‚pro
293 2045 372 2080 paeto
391 2049 535 2073 convento
551 2043 586 2073 de
600 2044 650 2072 im-

108 2084 239 2121 ponenda
254 2083 396 2111 servitute.

72 2122 198 2152 Servitus
218 2130 307 2157 poenae
327 2128 392 2154 cur,
419 2118 445 2148 ἃ
467 2128 521 2158 qua
540 2119 654 2149 fifflone

112 2160 184 2198 juris
201 2158 358 2187 constituta.
617 2165 651 2192 57

75 2196 215 2226 Severitas
239 2197 307 2230 juris
326 2195 402 2232 quid.
424 2203 449 2224 1.
471 2194 535 2224 add.
555 2195 654 2225 Stricta

114 2241 194 2263 ratio.

74 2272 118 2304 Si.
132 2281 184 2308 pro
200 2270 256 2299 etsi.
304 2303 306 2306 ι
612 2278 647 2306 37

74 2309 203 2339 sicarius.
225 2309 282 2337 vid.
299 2308 457 2337 Homicida.

74 2346 148 2383 Sigla
169 2354 306 2376 veterum.
326 2347 381 2375 vid.
397 2347 490 2375 Notae.

76 2386 199 2422 siliqua,
219 2385 422 2421 siliquaticurn.
517 2388 652 2419 176,196

74 2423 150 2452 Silva
165 2422 268 2452 caedua.
523 2431 584 2457 340.
595 2423 649 2460 seq.

75 2461 242 2496 Simplicitas
258 2461 334 2498 quid.
351 2469 395 2496 25.
432 2469 484 2498 pro
502 2463 582 2498 culpa
597 2460 650 2489 lata

114 2499 240 2527 babetur.
582 2498 650 2528 ibid.

76 2536 232 2564 Simulatio.
254 2535 310 2564 vid.
325 2537 445 2566 Veritas.

75 2574 222 2602 Solarium.
599 2581 650 2609 343

79 2610 174 2640 Solum
197 2612 303 2645 paRum
314 2633 320 2642 .
343 2620 393 2645 pro
411 2611 496 2640 nudo.
513 2616 566 2643 218
579 2631 587 2645 ‚
600 2621 652 2646 '229

80 2648 243 2684 Specialiter
263 2649 365 2676 deferri
388 2650 563 2683 Magistratus
590 2659 652 2687 quae

119 2685 255 2713 dicantur.
277 2686 334 2713 vid.
357 2686 544 2721 Magistratus.

81 2722 196 2758 Species
209 2744 216 2754 ‚
238 2726 290 2757 pro
306 2723 440 2758 frugibus.
525 2728 576 2761 135
587 2747 593 2759 ‚
605 2729 657 2759 196

83 2760 245 2797 Specierutn
260 2758 353 2787 usurae.
374 2759 430 2789 vid.
445 2761 549 2791 Usurae.

81 2797 273 2834 Specularium
290 2797 360 2824 usus.
604 2806 656 2835 345

82 2835 233 2873 Sponsalia.
258 2833 313 2861 vid.
332 2835 453 2869 Nuptiae.

86 2873 244 2910 Sportulae‚
264 2880 316 2907 pro
339 2872 516 2905 muneribus.
538 2882 596 2909 quae
611 2874 661 2902 soe-

124 2918 269 2939 neratores
292 2909 463 2946 accipiebant
479 2909 549 2938 ultra
573 2912 660 2947 legiti-

121 2957 178 2977 mas
199 2949 302 2976 usuras.
607 2952 660 2977 106

86 2986 192 3016 Statua.
214 2985 270 3014 vid.
287 2986 391 3020 Imago.

83 3021 209 3056 Statuas,
232 3023 275 3050 vel
298 3023 431 3056 imagines
454 3021 597 3058 ponendas
618 3022 657 3050 le-

121 3071 187 3098 gare
202 3061 279 3098 quid.
305 3069 365 3094 151.
380 3061 432 3096 seq,
453 3061 521 3095 poni
541 3061 607 3097 saepe
622 3067 660 3088 te-

124 3100 260 3129 stamento
278 3100 407 3126 “tinebant
422 3100 549 3126 Veteres.
607 3106 656 3132 151

86 3135 211 3165 stilicidii
226 3148 266 3164 vul
278 3148 297 3164 iu
315 3137 484 3166 siznisicatlo.
621 3143 656 3168 32

82 3173 257 3214 Stipendium
273 3175 418 3211 qttuuiodo
439 3183 454 3202 a
480 3175 585 3204 tributo
604 3173 654 3201 dis-

119 3212 200 3242 ferat.
601 3219 656 3247 344

634 2089 649 2117 7
677 2076 787 2108 Summa
804 2078 898 2115 culpa,
920 2088 973 2116 pro
989 2080 1050 2109 lata.

721 229 831 262 forma,
861 240 893 259 ac
920 232 1060 261 solemnia.
1090 241 1152 269 413.
1203 235 1258 264 sor-

720 276 763 295 ma
789 269 846 302 ejus
876 268 901 296 ln
930 270 1048 306 quadam
1071 279 1148 307 parte
1171 281 1257 301 muta-

721 311 764 340 ta,
792 306 819 333 in
848 316 879 335 ea
902 308 986 344 ccepit
1014 309 1066 337 esse
1093 311 1163 347 Juris
1192 320 1257 346 gen·

720 343 798 372 tium.
828 352 890 379 414.
948 346 1087 375 interdum
1112 357 1184 376 nexu
1212 349 1258 376 fie-

718 381 767 409 bat
786 390 835 417 per
858 391 907 415 res,
930 381 954 410 ἃ
979 382 1086 413 librant.
1107 394 1169 420 413.
1199 387 1257 414 sub—

717 419 785 453 je6ta
809 420 891 455 pactis
919 421 1008 449 nudis.
1051 423 1106 450 vid.
1144 424 1254 451 Pac‘tuui

719 458 834 486 nudum.
857 458 939 486 dotis.
977 459 1033 489 vid.
1056 457 1166 489 Pastum
1190 462 1255 490 taci-

720 502 788 524 turn.

680 535 728 570 qui
753 533 901 570 Stipulan'ti
920 543 968 570 per
982 536 1077 571 jocum
1100 536 1255 573 spoponde-

720 577 780 606 rat,
802 577 865 600 ante
882 574 1008 602 Edictum
1027 575 1133 611 Aquiiii
1151 575 1184 603 de
1207 576 1255 603 do-

719 609 766 644 lo,
792 611 853 644 jure
877 612 952 639 civili
975 613 1083 641 actione
1110 614 1255 641 tenebatur

717 647 772 676 sinc
789 649 1040 685 exceptione;post
1056 652 1254 686 exceptionem

719 686 777 713 doli
792 686 859 722 Jure
883 687 1016 715 Praetorio
1037 697 1181 724 opponere
1204 697 1254 724 po-

717 728 796 751 terat.
973 733 1035 759 300.
1051 726 1104 761 seq.
1126 729 1187 759 480.
1198 727 1253 762 seq.

680 770 696 790 e
719 761 905 797 stipulatione
936 762 991 790 fine
1025 763 1102 790 causa
1132 764 1198 791 fasta
1229 772 1254 790 a·

716 807 784 835 gens
809 800 987 827 submovetur
1014 801 1181 835 exceptione
1206 801 1254 828 ‹io-

717 838 745 865 li.
769 844 831 871 303.
859 846 874 865 e
895 837 1080 873 stipulatione
1102 837 1169 866 ser'vi
1184 838 1252 865 duo-

716 883 775 903 rum
794 874 989 908 dominorum‚
1016 875 1059 902 vel
1085 875 1166 903 bonae
1188 875 1253 903 fidel

716 912 892 949 possessorum
910 932 920 946 ‚
946 912 991 939 vel
1023 911 1253 944 fruftuariormn3

717 959 732 978 e
751 958 780 977 re
804 950 914 978 alterius
938 949 1111 985 simulantis,
1133 950 1184 977 utri
1206 959 1253 977 eo-

715 996 774 1016 rum
795 1007 804 1022 ,
844 987 869 1015 &
909 993 1042 1023 quantum
1084 987 1252 1022 adquiratur.

716 1028 779 1055 282.
797 1024 851 1060 seq.
873 1031 934 1059 354.
947 1024 1021 1061 seqq.
1053 1033 1068 1051 e
1089 1025 1252 1060 stipulatio-

716 1071 752 1091 ne
774 1061 841 1090 servi
863 1062 1001 1090 fructuarii
1019 1063 1115 1096 unius,
1141 1062 1253 1098 velplu-

717 1101 804 1132 rium,
840 1109 855 1128 e
882 1109 911 1127 re
934 1100 1063 1134 domini,
1095 1100 1139 1128 vel
1170 1101 1252 1128 unius

717 1137 873 1172 fructuarii,
895 1137 940 1164 vel
958 1139 1102 1173 utriusque
1125 1137 1252 1173 stipulan-

717 1176 768 1209 tis,
789 1176 848 1209 cui,
879 1174 904 1202 δε
924 1181 1058 1211 quantum
1080 1175 1249 1211 adquiratur.

680 1249 880 1288 stipulationes
897 1250 1073 1283 personarum
1095 1252 1251 1285 conjuncta-

717 1296 776 1317 rum
791 1295 824 1315 an
839 1286 943 1322 prosint
959 1288 1071 1323 liberis,
1091 1289 1138 1325 qui
1157 1290 1182 1317 in
1205 1298 1253 1317 eo-

716 1334 775 1354 rum
798 1324 936 1362 potestate
957 1333 1015 1354 non
1038 1326 1116 1361 sunt,
1142 1326 1167 1354 ὅς
1189 1327 1251 1354 vice

717 1363 804 1392 versa.
1102 1370 1164 1399 453.
1177 1365 1251 1401 seqq.

677 1400 773 1430 Stricta
788 1401 874 1437 ratio,
896 1400 1021 1429 Stristuni
1034 1401 1078 1435 jus
1094 1401 1170 1437 quid.
1237 1403 1249 1430 1

678 1439 774 1468 Stricta
796 1440 891 1472 ratio,
919 1439 1046 1467 Strictum
1066 1439 1109 1473 jus
1126 1461 1135 1474 ‚
1162 1440 1251 1474 Rigor

712 1476 795 1513 juris,
822 1485 879 1505 non
902 1476 1008 1513 semper
1031 1484 1129 1506 notant
1149 1477 1250 1505 subtili<

717 1514 900 1548 munitioris,
917 1523 930 1541 a
948 1523 1001 1549 qua
1020 1515 1187 1548 utilitate‚&
1204 1515 1250 1542 usu

716 1553 788 1589 Jurie
810 1552 941 1580 recessum
958 1551 1005 1579 est.
1156 1561 1186 1584 1,
1198 1555 1251 1586 389

679 1590 769 1619 Stricti
785 1589 856 1626 Juris
880 1591 1044 1618 contraflus.
1089 1589 1145 1617 vid.
1166 1591 1251 1618 Bone

713 1628 776 1655 fidei
792 1635 881 1655 contr.

679 1665 705 1693 in
721 1665 810 1694 Stricti
822 1666 889 1700 juris
903 1664 1013 1699 judiciis
1030 1665 1137 1693 Praetor
1157 1665 1191 1693 de
1211 1667 1252 1700 J'u-

718 1710 747 1732 re
767 1703 990 1740 quaerebat‚non
1005 1703 1038 1731 de
1055 1703 1163 1732 officiis.
1187 1711 1250 1738 300,

1197 1745 1253 1775 480

679 1777 785 1812 Stulti,
812 1784 864 1815 pro
895 1777 1003 1814 populo
1029 1777 1102 1815 apud
1128 1777 1250 1807 Stoicos.

1199 1820 1253 1850 169

679 1851 902 1889 Subscriptiones
922 1852 1038 1890 Legum.
1080 1852 1135 1882 vid.
1157 1854 1252 1882 Inscri-

714 1892 835 1927 ptiones.

676 1927 821 1958 Subsellia.
842 1927 1088 1965 vid.Magistratus
1102 1929 1253 1966 municipa-

715 1966 765 1995 les.

678 2003 854 2038 Substantia,
880 2003 936 2032 sive
959 2009 1055 2033 natura
1077 2005 1252 2039 contractus,

716 2050 785 2078 quae.
1032 2049 1101 2078 421,
1116 2050 1180 2078 441.
1197 2043 1251 2078 seq.

1199 2084 1253 2114 264

680 2118 842 2146 Summatim
863 2118 1042 2153 cognoscere.
1068 2117 1124 2146 vid.
1146 2117 1180 2146 de
1193 2118 1252 2146 Pla-

719 2159 767 2184 no.

681 2192 867 2231 Supellectilis
897 2193 989 2222 omnis
1011 2194 1061 2222 suae
1082 2193 1174 2229 legato
1196 2201 1253 2221 non

719 2232 880 2259 continetur
914 2231 1036 2268 supellex
1066 2231 1188 2258 teslatori
1215 2231 1255 2267 pi—

718 2269 801 2304 gnori
827 2269 891 2297 data
907 2291 914 2302 ,
946 2269 994 2296 nisi
1024 2268 1122 2295 fiducia
1147 2274 1256 2296 contra-

717 2307 758 2334 eta
780 2306 934 2335 dominium
958 2306 1083 2344 pignoris
1109 2307 1255 2342 acceperit.

1201 2351 1254 2379 ²77

679 2380 872 2418 Superlativus
896 2381 1034 2409 interdurn
1056 2389 1113 2409 non
1136 2381 1255 2410 intendit

717 2418 945 2455 significationem
961 2419 1079 2456 pofitivi.
1203 2426 1254 2453 177

678 2456 833 2494 synchysis.
1199 2459 1254 2490 289

795 2607 853 2636 vid.
873 2609 910 2636 D.

679 2608 710 2628 Γ

702 2605 771 2676 Γ.
797 2645 978 2680 Tautologia.
1142 2647 1255 2680 54,404

681 2686 834 2717 Τεὲἱοι-εε,
848 2685 874 2711 o't.
890 2683 1018 2711 Tectoria
1033 2684 1168 2719 parietum
1184 2685 1257 2719 apud

722 2724 850 2750 Veteres.
1041 2728 1088 2751 141
1100 2741 1109 2753 ,
1125 2723 1186 2754 346.
1203 2721 1257 2757 seq.

685 2760 873 2797 Tempestatis
889 2758 965 2786 varia
979 2757 1149 2794 fignilicatio.
1224 2768 1256 2794 55

686 2798 722 2826 de
742 2806 797 2834 qua
816 2796 994 2833 Tempestate
1014 2795 1204 2831 accipiendum
1227 2797 1258 2825 sit

722 2836 831 2872 pastum
847 2836 881 2862 de
902 2833 1069 2869 praestando,
1091 2832 1168 2869 quod
1190 2840 1257 2861 tem-

725 2872 827 2908 pestate
845 2873 941 2899 fastum
959 2871 1034 2898 esset.
1193 2871 1255 2899 ibid.

689 2911 814 2944 Tempus
832 2911 894 2946 Jure
920 2909 1002 2936 Civili
1026 2916 1082 2935 non
1104 2907 1142 2935 est
1156 2909 1254 2937 modus

725 2947 905 2979 inducendae,
929 2953 975 2974 aut
995 2944 1123 2973 finiendae
1152 2947 1255 2983 obliga-

725 2985 821 3012 tionis.
843 2984 897 3012 vid.
918 2983 1072 3019 obligatio.

689 3021 898 3050 Testamentum
922 3021 969 3057 qui
1001 3021 1125 3055 delevit,
1153 3030 1203 3055 an.
1229 3022 1255 3050 &

726 3060 769 3086 cui
786 3065 916 3087 teneatur
932 3060 1006 3095 Lege
1021 3059 1141 3094 Aquilia.
1204 3064 1254 3094 138

687 3096 895 3125 Testamentum
906 3097 1103 3133 imperfeetum.
1113 3097 1169 3127 vid.
1178 3098 1255 3127 Prin-

725 3142 801 3168 ceps.

684 3172 842 3200 Thesaurus
858 3180 873 3199 a
889 3172 969 3200 servo
989 3171 1137 3202 fructuario
1159 3173 1255 3202 inven-

682 3225 697 3244 t:
720 3216 762 3239 tus
783 3212 828 3239 cui
843 3210 1009 3247 adquiratur.
1203 3219 1255 3247 353

1140 3248 1216 3286 ΥΠ
1239 3257 1253 3284 3

949 2531 984 2559 T.

591 193 654 221 ibid.
681 189 831 226 stipulatio
853 192 925 229 Juris
947 193 1043 223 Civilis
1067 195 1122 228 est.
1145 197 1260 233 ejusque
1288 197 1433 226 Tonsorcs
1451 198 1548 226 Roma:
1569 198 1713 235 ponebant
1735 199 1812 229 sellas
1835 203 1863 229 in

1324 236 1448 272 publico,

1287 273 1396 306 Τοῑιιε,
1418 275 1593 310 pro'oinnis.

1287 311 1423 339 Tradere.
1447 312 1503 340 vid.
1525 313 1612 341 Dare.

1286 348 1415 377 Traditio
1438 350 1496 378 sifta
1513 352 1651 380 interdum
1669 352 1800 381 naturalis
1810 359 1861 380 vo-

1323 393 1416 421 catur,
1445 390 1510 424 quia
1532 389 1764 425 interpretatione
1783 391 1860 419 civili

1323 434 1375 461 pro
1394 426 1509 453 naturali
1526 426 1652 455 habetur.
1825 436 1861 463 37

1285 462 1312 490 in
1333 464 1546 492 Traditionibus
1562 464 1627 492 lictis
1643 465 1783 495 constituti
1797 474 1862 502 pos·

1324 500 1426 528 sessorii
1443 500 1584 537 praesentia
1600 504 1640 531 rei
1660 511 1718 532 non
1742 504 1861 532 necessu-

1322 538 1361 566 ‘ria
1379 538 1426 567 est.
1824 544 1858 575 38

1282 576 1356 610 quasi
1373 575 1502 605 Traditio
1518 577 1735 613 incorporalium
1757 587 1860 608 rerum.

1323 614 1376 642 vid.
1400 615 1593 651 incorporales
1607 623 1660 642 res,

1284 650 1450 685 Trajeffluae
1464 653 1588 688 pecuniae
1604 653 1696 681 usutae.
1715 654 1770 682 vid.
1788 654 1857 684 Usu—

1322 697 1360 716 ra.

1282 726 1511 760 Transaffionfs,
1546 727 1572 756 &
1601 727 1674 756 Paeti
1702 727 1857 757 discrimen.

1321 764 1375 791 vid.
1398 764 1506 792 Paetum
1521 773 1703 794 conventum.

1282 801 1461 837 Transigere,
1484 802 1510 830 δι
1522 804 1621 831 Pacisci
1636 804 1801 840 plerumque
1818 805 1858 833 di.

1319 837 1509 874 stinguuntur;
1534 841 1672 870 interdum
1688 851 1739 878 pro
1755 843 1858 872 eodem

1319 877 1500 912 accipiuntur.
1577 882 1639 909 228.
1655 879 1708 916 seq.
1725 888 1788 916 404.
1800 880 1856 916 seq.

1282 912 1317 940 de
1339 914 1585 946 Transaffionibus
1608 925 1657 944 cur
1684 925 1740 951 non
1769 917 1857 948 exstet

1319 951 1444 980 Edictum
1468 954 1594 983 Praetoris
1616 955 1643 983 in
1664 955 1785 992 Digestis
1809 955 1857 984 sub

1319 988 1368 1015 illo
1382 989 1493 1019 Titulo.
1801 1002 1857 1028 404

1282 1024 1444 1054 Transattio
1459 1035 1520 1056 curn
1536 1030 1627 1058 valere
1649 1030 1767 1065 dicitur,
1788 1031 1855 1067 quid

1318 1064 1372 1091 hoc
1387 1064 1413 1091 in
1428 1065 1492 1101 Jure
1508 1067 1647 1102 significet.
1799 1074 1856 1101 229

1279 1099 1442 1130 Transafflo
1473 1110 1570 1132 mutuo
1601 1105 1734 1133 consensu
1763 1107 1855 1142 perse-

1317 1139 1357 1166 eta
1379 1141 1517 1168 retraetari
1533 1151 1590 1170 non
1612 1143 1721 1178 potest,
1750 1144 1855 1172 etiarnsi

1316 1176 1412 1212 postea
1433 1185 1540 1213 reperta
1563 1180 1667 1209 fuerint
1694 1181 1857 1209 instrumen-

1320 1220 1348 1241 ta
1363 1236 1370 1247 ,
1392 1222 1408 1241 e
1422 1216 1521 1250 quibus
1542 1217 1662 1252 liqueat,
1693 1218 1780 1252 nihil,
1809 1225 1857 1247 aut

1319 1252 1410 1279 minus
1427 1252 1549 1282 debitum
1572 1253 1663 1285 fuiffe;
1690 1264 1705 1282 e
1731 1255 1801 1283 falsis
1817 1257 1856 1284 in-

1318 1290 1477 1318 strumentis
1499 1291 1568 1319 fasta
1593 1292 1730 1320 retractari
1754 1293 1856 1328 potest.

1317 1330 1382 1362 4'06.
1410 1328 1448 1356 ob
1470 1334 1574 1357 metum
1595 1329 1667 1363 litis,
1698 1330 1741 1357 vel
1767 1332 1856 1359 incer-

1318 1373 1377 1394 tum
1402 1366 1572 1395 conditionis
1601 1368 1675 1396 bona
1703 1367 1757 1395 lide
1787 1369 1855 1397 facta

1317 1402 1433 1432 rescindi
1459 1412 1515 1433 non
1540 1405 1641 1441 potest.
1661 1405 1726 1434 ibici.
1768 1406 1802 1434 de
1826 1415 1856 1434 re

1318 1447 1411 1475 certa,
1433 1448 1478 1469 aut
1498 1443 1546 1471 lite
1568 1443 1659 1476 finita,
1678 1450 1708 1471 ut
1732 1452 1761 1472 re
1784 1445 1857 1478 judi-

1317 1484 1378 1505 cata
1394 1499 1401 1510 ‚
1430 1478 1498 1507 faeta
1519 1480 1620 1508 nullius
1648 1483 1782 1510 momenti
1807 1482 1855 1511 eli.

1316 1523 1380 1550 407.
1421 1516 1456 1544 de
1479 1526 1602 1553 genere,
1630 1525 1659 1545 ut
1681 1518 1854 1554 hereditate,

1316 1554 1349 1581 ad
1371 1561 1470 1591 omnes
1493 1556 1551 1589 ejus
1572 1555 1695 1590 species,
1723 1557 1778 1584 sive
1806 1566 1857 1585 no-

1317 1598 1358 1619 tas
1372 1613 1379 1623 ,
1403 1591 1458 1619 sive
1475 1592 1857 1629 incognitas‚pertinet‚nec

1318 1628 1435 1656 rescindi
1463 1629 1553 1666 potest
1586 1637 1722 1665 praetextu
1754 1630 1856 1667 speciei

1317 1666 1379 1702 post
1399 1669 1532 1702 repertae';
1558 1675 1616 1695 non
1640 1668 1675 1695 ad
1699 1677 1744 1696 eas
1770 1671 1855 1705 perti-

1318 1711 1366 1732 net
1386 1722 1394 1738 ,
1434 1713 1501 1740 quas
1530 1706 1591 1740 quis
1621 1712 1748 1743 ternpore
1781 1706 1856 1735 faftae

1319 1743 1509 1770 transactionis
1526 1743 1559 1780 ad
1580 1743 1646 1772 illud
1665 1752 1753 1779 genus
1773 1746 1858 1780 perti-

1318 1787 1385 1807 nere
1398 1788 1455 1808 non
1472 1780 1564 1816 potuit
1578 1780 1727 1815 scire.409.
1750 1780 1785 1809 de
1798 1791 1858 1810 cer-

1319 1823 1346 1845 ta
1362 1825 1392 1845 re
1406 1817 1474 1846 facta
1489 1818 1523 1845 ad
1539 1818 1605 1847 alias
1625 1828 1667 1847 res
1689 1828 1747 1847 non
1771 1820 1857 1855 perti-

1318 1861 1385 1888 net,
1414 1855 1460 1883 etsi
1489 1856 1656 1891 generaliter
1681 1856 1782 1885 diffituin
1803 1856 1857 1892 sit,

1318 1892 1387 1920 nihil
1403 1892 1518 1929 amplius
1541 1895 1616 1929 peti,
1643 1902 1695 1922 nec
1713 1894 1855 1930 additum

1318 1938 1355 1958 eo
1381 1931 1504 1959 nomine.
1534 1931 1597 1960 ibid.
1627 1932 1680 1968 seq.
1721 1932 1757 1960 de
1778 1931 1856 1961 fidei-

1319 1969 1463 1997 commiffo
1487 1969 1693 1998 testamentario
1707 1977 1766 1998 non
1790 1978 1858 2007 por-

1318 2006 1416 2041 rigitur
1450 2005 1486 2033 ad
1521 2006 1681 2035 codicillare
1694 2028 1702 2040 ,
1742 2007 1761 2035 fi
1793 2007 1858 2044 post

1320 2042 1532 2073 transactionem
1555 2045 1653 2073 factam
1673 2045 1779 2081 reperti
1804 2045 1857 2075 sint

1319 2079 1453 2110 codicilli.
1474 2090 1538 2117 410.
1580 2081 1659 2118 paeto
1686 2082 1763 2110 nudo
1786 2082 1858 2112 faeta

1319 2119 1514 2155 exceptionem
1528 2121 1615 2156 parit,
1637 2129 1691 2156 qua
1705 2120 1723 2148 si
1743 2127 1806 2149 reus
1827 2121 1857 2149 si-

1321 2154 1384 2184 dem
1408 2165 1465 2186 non
1487 2158 1596 2186 servans
1618 2164 1711 2186 utatur
1727 2179 1734 2191 ,
1770 2159 1858 2188 actori

1319 2193 1431 2228 pristina
1458 2195 1565 2223 alitione
1586 2197 1679 2232 agenti
1708 2196 1855 2232 replicatio

1323 2231 1381 2259 doli
1404 2232 1484 2265 mali,
1512 2235 1556 2262 vel
1585 2234 1613 2261 in
1638 2233 1736 2261 fastum
1765 2233 1857 2262 datur.

1321 2276 1383 2303 432.
1405 2270 1484 2306 pasto
1506 2278 1564 2298 non
1588 2271 1681 2303 nudo,
1716 2273 1734 2299 i.
1755 2280 1780 2298 e.
1810 2274 1856 2301 cui

1321 2306 1412 2341 datio,
1435 2308 1479 2335 vel
1509 2308 1608 2336 fastum
1629 2309 1716 2337 subest
1731 2327 1739 2342 ‚
1768 2308 1858 2344 saffim

1319 2352 1401 2380 quam
1423 2346 1560 2374 astionem
1576 2346 1671 2382 pariat.
1725 2347 1787 2375 ibid.
1802 2347 1857 2384 seq.

1282 2380 1504 2414 Transactionis,
1527 2385 1554 2412 in
1572 2392 1626 2419 qua
1641 2384 1802 2420 interposita
1817 2386 1857 2414 est

1320 2419 1460 2455 stipulatio
1482 2421 1647 2457 Aquiliana,
1670 2421 1695 2449 &
1715 2422 1857 2451 subsecuta

1320 2459 1511 2493 acceptilatio;
1534 2460 1600 2486 item
1616 2459 1695 2493 ejus,
1713 2461 1757 2488 cui
1781 2460 1856 2488 addi-

1320 2500 1347 2522 ta
1362 2495 1400 2523 est
1415 2495 1556 2532 stipulatio
1574 2496 1710 2533 poenalis‚
1729 2496 1857 2526 effectus.

1419 2571 1424 2577 ,
1703 2542 1766 2569 433-
1781 2536 1857 2572 seqq·

1282 2570 1511 2600 Transac‘nonem
1529 2571 1708 2607 iureiurando
1720 2573 1854 2602 firmatam

1320 2616 1377 2636 non
1394 2610 1524 2638 servantis
1544 2618 1635 2646 poena.
1802 2619 1857 2646 434

1285 2646 1462 2679 Transaetto.
1490 2646 1536 2674 vel
1555 2648 1682 2682 pastum,
1711 2647 1746 2676 de
1775 2650 1858 2677 ornit-

1324 2682 1405 2711 tenda
1424 2684 1518 2719 civili,
1545 2684 1570 2712 ἃ
1591 2686 1749 2722 pecuniaria
1775 2687 1857 2714 actio-

1322 2729 1372 2753 ne,
1406 2731 1466 2758 quae
1482 2730 1515 2750 ex
1534 2722 1635 2751 delicto
1657 2726 1768 2759 privato
1782 2733 1858 2753 com-

1322 2760 1414 2795 petit,
1444 2760 1516 2788 valet
1537 2760 1598 2796 post
1621 2761 1762 2790 admissum
1789 2761 1856 2788 deli·

1323 2797 1413 2831 ctum,
1433 2806 1489 2826 non
1509 2803 1581 2826 ante.
1652 2807 1715 2832 229.
1731 2799 1784 2834 seq.
1802 2799 1856 2831 4:16

1285 2835 1506 2869 Transaettonts‚
1535 2836 1579 2863 vel
1599 2838 1668 2872 pasti
1684 2858 1690 2869 ,
1719 2836 1754 2863 de
1775 2837 1856 2862 ornit-

1323 2872 1402 2900 tenda
1418 2873 1493 2901 civili
1509 2873 1617 2901 afflone
1635 2874 1725 2901 delicti
1740 2872 1854 2908 privati,

1321 2918 1337 2937 e
1351 2918 1408 2946 quo
1421 2911 1635 2939 condemnatum
1646 2911 1755 2937 insaniit
1771 2909 1856 2942 sequi-

1321 2954 1380 2980 tur,
1404 2950 1464 2984 quis
1479 2948 1592 2976 effeetus
1605 2948 1636 2976 fit
1649 2947 1769 2983 respectu
1783 2947 1857 2983 3(Ίο->

1322 2986 1377 3020 ris,
1396 2986 1422 3014 δι,
1437 2987 1485 3015 rei.
1802 2992 1857 3018 230

1283 3023 1466 3058 Transaffio,
1487 3024 1648 3058 patrumve,
1677 3020 1713 3049 de
1733 3021 1855 3049 crimini·

1321 3062 1372 3090 bus
1393 3062 1529 3098 publicis,
1549 3059 1592 3087 vel
1615 3058 1744 3095 privatis,
1765 3067 1781 3086 e
1797 3059 1856 3096 qui-

1321 3101 1372 3128 bus
1395 3099 1575 3127 criminaliter
1597 3098 1684 3131 agitur
1698 3117 1706 3129 ‚
1735 3105 1792 3124 non
1809 3105 1856 3124 va-

1322 3137 1373 3169 let;
1394 3137 1440 3164 sed
1452 3144 1503 3172 pro
1518 3132 1684 3163 clandestina
1700 3135 1858 3170 corruptio-

1322 3183 1357 3202 ne
1373 3174 1497 3202 habctur.
1593 3171 1656 3200 ibid.
1666 3172 1720 3207 seq.
1730 3175 1791 3206 436.
1803 3172 1857 3208 seq.

1285 3221 1300 3240 e
1315 3211 1514 3242 Transaerione
1531 3208 1566 3240 de
1581 3210 1696 3239 crimine
1715 3209 1858 3273 accusatqr

1799 3255 1835 3275 nu
1850 3263 1860 3268 -

1729 245 1790 275 124.
1806 239 1863 275 seq.

1808 280 1862 312 136
