<?xml version="1.0" encoding="UTF-8"?>
<!DOCTYPE html PUBLIC "-//W3C//DTD XHTML 1.0 Transitional//EN"
    "http://www.w3.org/TR/xhtml1/DTD/xhtml1-transitional.dtd">
<html xmlns="http://www.w3.org/1999/xhtml" xml:lang="en" lang="en">
 <head>
  <title>
</title>
<meta http-equiv="Content-Type" content="text/html;charset=utf-8" />
  <meta name='ocr-system' content='tesseract 3.04.00' />
  <meta name='ocr-capabilities' content='ocr_page ocr_carea ocr_par ocr_line ocrx_word'/>
</head>
<body>
  <div class='ocr_page' id='page_1' title='image "./gerardinoodtnovi00nood_0122.png"; bbox 0 0 2052 3487; ppageno 0'>
   <div class='ocr_carea' id='block_1_1' title="bbox 903 318 1112 353">
    <p class='ocr_par' dir='ltr' id='par_1_1' title="bbox 903 318 1112 353">
     <span class='ocr_line' id='line_1_1' title="bbox 903 318 1112 353; baseline -0.01 -1"><span class='ocrx_word' id='word_1_1' title='bbox 903 318 1112 353; x_wconf 57' lang='lat' dir='ltr'><em>cipue</em></span> 
     </span>
    </p>
   </div>
   <div class='ocr_carea' id='block_1_2' title="bbox 786 152 1371 192">
    <p class='ocr_par' dir='ltr' id='par_1_2' title="bbox 786 152 1371 192">
     <span class='ocr_line' id='line_1_2' title="bbox 786 152 1371 192; baseline -0.01 0"><span class='ocrx_word' id='word_1_2' title='bbox 786 157 1093 192; x_wconf 67' lang='lat' dir='ltr'><em>GERArtnx</em></span> <span class='ocrx_word' id='word_1_3' title='bbox 1143 152 1371 188; x_wconf 74' lang='lat' dir='ltr'><em>Noonr</em></span> 
     </span>
    </p>
   </div>
   <div class='ocr_carea' id='block_1_3' title="bbox 1175 312 1289 354">
    <p class='ocr_par' dir='ltr' id='par_1_3' title="bbox 1175 312 1289 354">
     <span class='ocr_line' id='line_1_3' title="bbox 1175 312 1289 354; baseline 0.035 -4"><span class='ocrx_word' id='word_1_4' title='bbox 1175 312 1289 354; x_wconf 83' lang='lat' dir='ltr'>XIV.</span> 
     </span>
    </p>
   </div>
   <div class='ocr_carea' id='block_1_4' title="bbox 700 414 1464 472">
    <p class='ocr_par' dir='ltr' id='par_1_4' title="bbox 700 414 1464 472">
     <span class='ocr_line' id='line_1_4' title="bbox 700 414 1464 472; baseline -0.003 -13"><span class='ocrx_word' id='word_1_5' title='bbox 700 420 853 472; x_wconf 80' lang='lat' dir='ltr'><em>Ulpianus</em></span> <span class='ocrx_word' id='word_1_6' title='bbox 878 423 898 459; x_wconf 85' lang='lat' dir='ltr'><em>l.</em></span> <span class='ocrx_word' id='word_1_7' title='bbox 915 431 948 466; x_wconf 86' lang='lat'><em>7.</em></span> <span class='ocrx_word' id='word_1_8' title='bbox 974 422 1018 457; x_wconf 91' lang='lat' dir='ltr'><em>D.</em></span> <span class='ocrx_word' id='word_1_9' title='bbox 1044 414 1082 456; x_wconf 32' lang='lat' dir='ltr'><em>‘de</em></span> <span class='ocrx_word' id='word_1_10' title='bbox 1101 421 1164 455; x_wconf 79' lang='lat' dir='ltr'><em>dolo</em></span> <span class='ocrx_word' id='word_1_11' title='bbox 1180 421 1260 455; x_wconf 85' lang='lat' dir='ltr'><em>malo</em></span> <span class='ocrx_word' id='word_1_12' title='bbox 1277 421 1464 470; x_wconf 73' lang='lat' dir='ltr'><em>emendatus.</em></span> 
     </span>
    </p>
   </div>
   <div class='ocr_carea' id='block_1_5' title="bbox 199 529 1074 3290">
    <p class='ocr_par' dir='ltr' id='par_1_5' title="bbox 199 529 1063 861">
     <span class='ocr_line' id='line_1_5' title="bbox 278 529 1063 578; baseline -0.017 -6"><span class='ocrx_word' id='word_1_13' title='bbox 278 548 341 577; x_wconf 81' lang='lat' dir='ltr'><em>aec,</em></span> <span class='ocrx_word' id='word_1_14' title='bbox 364 537 394 570; x_wconf 87' lang='lat'>&amp;</span> <span class='ocrx_word' id='word_1_15' title='bbox 417 545 487 578; x_wconf 85' lang='lat' dir='ltr'><em>quae</em></span> <span class='ocrx_word' id='word_1_16' title='bbox 507 534 554 567; x_wconf 86' lang='lat' dir='ltr'><em>his</em></span> <span class='ocrx_word' id='word_1_17' title='bbox 581 531 812 573; x_wconf 79' lang='lat' dir='ltr'>consequentia</span> <span class='ocrx_word' id='word_1_18' title='bbox 840 529 929 568; x_wconf 85' lang='lat' dir='ltr'><em>sunt,</em></span> <span class='ocrx_word' id='word_1_19' title='bbox 960 530 1063 561; x_wconf 83' lang='lat' dir='ltr'><em>minus</em></span> 
     </span>
     <span class='ocr_line' id='line_1_6' title="bbox 199 542 1063 618; baseline -0.015 -5"><span class='ocrx_word' id='word_1_20' title='bbox 199 542 273 618; x_wconf 80' lang='lat' dir='ltr'>H</span> <span class='ocrx_word' id='word_1_21' title='bbox 299 579 481 611; x_wconf 69' lang='lat' dir='ltr'>observavit</span> <span class='ocrx_word' id='word_1_22' title='bbox 504 575 634 617; x_wconf 85' lang='lat' dir='ltr'>Ulpiani</span> <span class='ocrx_word' id='word_1_23' title='bbox 663 574 766 605; x_wconf 84' lang='lat' dir='ltr'><em>Vetus</em></span> <span class='ocrx_word' id='word_1_24' title='bbox 787 572 948 611; x_wconf 87' lang='lat' dir='ltr'><em>Interpres</em></span> <span class='ocrx_word' id='word_1_25' title='bbox 975 571 1063 610; x_wconf 87' lang='lat' dir='ltr'><em>cujus</em></span> 
     </span>
     <span class='ocr_line' id='line_1_7' title="bbox 199 612 1062 660; baseline -0.017 -4"><span class='ocrx_word' id='word_1_26' title='bbox 199 631 327 660; x_wconf 81' lang='lat' dir='ltr'><em>manus,</em></span> <span class='ocrx_word' id='word_1_27' title='bbox 351 620 406 653; x_wconf 88' lang='lat' dir='ltr'><em>nifi</em></span> <span class='ocrx_word' id='word_1_28' title='bbox 429 629 480 651; x_wconf 89' lang='lat' dir='ltr'><em>rne</em></span> <span class='ocrx_word' id='word_1_29' title='bbox 499 617 581 649; x_wconf 72' lang='lat' dir='ltr'><em>fallit</em></span> <span class='ocrx_word' id='word_1_30' title='bbox 604 615 807 659; x_wconf 67' lang='lat' dir='ltr'><em>conjectura,</em></span> <span class='ocrx_word' id='word_1_31' title='bbox 830 620 919 644; x_wconf 81' lang='lat' dir='ltr'><em>extat</em></span> <span class='ocrx_word' id='word_1_32' title='bbox 944 613 974 658; x_wconf 82' lang='lat' dir='ltr'><em>in</em></span> <span class='ocrx_word' id='word_1_33' title='bbox 994 612 1013 642; x_wconf 86' lang='lat' dir='ltr'><em>l.</em></span> <span class='ocrx_word' id='word_1_34' title='bbox 1033 621 1062 652; x_wconf 82' lang='lat'><em>7.</em></span> 
     </span>
     <span class='ocr_line' id='line_1_8' title="bbox 201 654 1062 700; baseline -0.015 -4"><span class='ocrx_word' id='word_1_35' title='bbox 201 664 244 697; x_wconf 91' lang='lat' dir='ltr'><em>D.</em></span> <span class='ocrx_word' id='word_1_36' title='bbox 262 666 295 694; x_wconf 83' lang='lat' dir='ltr'><em>de</em></span> <span class='ocrx_word' id='word_1_37' title='bbox 308 663 367 694; x_wconf 87' lang='lat' dir='ltr'><em>dolo</em></span> <span class='ocrx_word' id='word_1_38' title='bbox 386 662 475 698; x_wconf 82' lang='lat' dir='ltr'><em>malo,</em></span> <span class='ocrx_word' id='word_1_39' title='bbox 499 659 660 695; x_wconf 88' lang='lat' dir='ltr'><em>nondum,</em></span> <span class='ocrx_word' id='word_1_40' title='bbox 684 657 771 696; x_wconf 86' lang='lat' dir='ltr'><em>quod</em></span> <span class='ocrx_word' id='word_1_41' title='bbox 788 656 900 700; x_wconf 79' lang='lat' dir='ltr'><em>iciam,</em></span> <span class='ocrx_word' id='word_1_42' title='bbox 923 654 1062 699; x_wconf 78' lang='lat' dir='ltr'><em>animad-</em></span> 
     </span>
     <span class='ocr_line' id='line_1_9' title="bbox 201 694 1062 740; baseline -0.015 -3"><span class='ocrx_word' id='word_1_43' title='bbox 201 704 306 737; x_wconf 84' lang='lat' dir='ltr'><em>versa:</em></span> <span class='ocrx_word' id='word_1_44' title='bbox 332 703 386 735; x_wconf 85' lang='lat' dir='ltr'><em>etsi</em></span> <span class='ocrx_word' id='word_1_45' title='bbox 407 702 514 734; x_wconf 84' lang='lat' dir='ltr'><em>turbet</em></span> <span class='ocrx_word' id='word_1_46' title='bbox 539 698 665 740; x_wconf 80' lang='lat' dir='ltr'>Ulpiani</span> <span class='ocrx_word' id='word_1_47' title='bbox 694 699 820 734; x_wconf 87' lang='lat' dir='ltr'><em>locum,</em></span> <span class='ocrx_word' id='word_1_48' title='bbox 844 696 983 734; x_wconf 82' lang='lat' dir='ltr'><em>alioquin</em></span> <span class='ocrx_word' id='word_1_49' title='bbox 1001 694 1062 725; x_wconf 87' lang='lat' dir='ltr'><em>ele·</em></span> 
     </span>
     <span class='ocr_line' id='line_1_10' title="bbox 200 736 1062 788; baseline -0.015 -10"><span class='ocrx_word' id='word_1_50' title='bbox 200 753 327 788; x_wconf 69' lang='lat' dir='ltr'><em>gentem</em></span> <span class='ocrx_word' id='word_1_51' title='bbox 346 745 375 776; x_wconf 86' lang='lat'>&amp;</span> <span class='ocrx_word' id='word_1_52' title='bbox 392 745 529 785; x_wconf 83' lang='lat' dir='ltr'><em>planum.</em></span> <span class='ocrx_word' id='word_1_53' title='bbox 547 750 583 772; x_wconf 88' lang='lat' dir='ltr'><em>ea</em></span> <span class='ocrx_word' id='word_1_54' title='bbox 600 738 857 779; x_wconf 83' lang='lat' dir='ltr'><em>causaintegrum</em></span> <span class='ocrx_word' id='word_1_55' title='bbox 870 736 1041 767; x_wconf 80' lang='lat' dir='ltr'>adscribam</span> <span class='ocrx_word' id='word_1_56' title='bbox 1053 758 1062 773; x_wconf 92' lang='lat'><em>,</em></span> 
     </span>
     <span class='ocr_line' id='line_1_11' title="bbox 201 777 1063 827; baseline -0.013 -8"><span class='ocrx_word' id='word_1_57' title='bbox 201 789 247 818; x_wconf 90' lang='lat' dir='ltr'><em>uti</em></span> <span class='ocrx_word' id='word_1_58' title='bbox 266 787 442 827; x_wconf 79' lang='lat' dir='ltr'>corrigam,</span> <span class='ocrx_word' id='word_1_59' title='bbox 467 784 497 815; x_wconf 64' lang='grc' dir='ltr'><em>ὃς</em></span> <span class='ocrx_word' id='word_1_60' title='bbox 525 780 691 814; x_wconf 89' lang='lat' dir='ltr'><em>Studiosos</em></span> <span class='ocrx_word' id='word_1_61' title='bbox 711 780 795 821; x_wconf 81' lang='lat' dir='ltr'><em>Juris</em></span> <span class='ocrx_word' id='word_1_62' title='bbox 823 778 966 810; x_wconf 87' lang='lat' dir='ltr'><em>molestia</em></span> <span class='ocrx_word' id='word_1_63' title='bbox 985 777 1063 808; x_wconf 82' lang='lat' dir='ltr'><em>libe-</em></span> 
     </span>
     <span class='ocr_line' id='line_1_12' title="bbox 201 823 642 861; baseline -0.018 0"><span class='ocrx_word' id='word_1_64' title='bbox 201 838 279 861; x_wconf 84' lang='lat' dir='ltr'><em>rem.</em></span> <span class='ocrx_word' id='word_1_65' title='bbox 305 829 330 859; x_wconf 88' lang='lat' dir='ltr'><em>is</em></span> <span class='ocrx_word' id='word_1_66' title='bbox 346 829 440 858; x_wconf 85' lang='lat' dir='ltr'><em>locus</em></span> <span class='ocrx_word' id='word_1_67' title='bbox 472 824 513 855; x_wconf 86' lang='lat' dir='ltr'><em>fic</em></span> <span class='ocrx_word' id='word_1_68' title='bbox 533 823 642 854; x_wconf 76' lang='lat' dir='ltr'><em>hebet.</em></span> 
     </span>
    </p>

    <p class='ocr_par' dir='ltr' id='par_1_6' title="bbox 239 859 1062 909">
     <span class='ocr_line' id='line_1_13' title="bbox 239 859 1062 909; baseline -0.012 -9"><span class='ocrx_word' id='word_1_69' title='bbox 239 869 283 902; x_wconf 91' lang='lat' dir='ltr'><em>Et</em></span> <span class='ocrx_word' id='word_1_70' title='bbox 298 869 440 909; x_wconf 78' lang='lat' dir='ltr'><em>eleganter</em></span> <span class='ocrx_word' id='word_1_71' title='bbox 459 865 634 905; x_wconf 80' lang='lat' dir='ltr'><em>Pomponius</em></span> <span class='ocrx_word' id='word_1_72' title='bbox 650 863 707 894; x_wconf 68' lang='lat' dir='ltr'><em>haec</em></span> <span class='ocrx_word' id='word_1_73' title='bbox 725 863 832 900; x_wconf 82' lang='lat' dir='ltr'><em>verba,</em></span> <span class='ocrx_word' id='word_1_74' title='bbox 856 860 887 892; x_wconf 92' lang='lat' dir='ltr'><em>Si</em></span> <span class='ocrx_word' id='word_1_75' title='bbox 907 861 964 892; x_wconf 83' lang='lat' dir='ltr'><em>alia</em></span> <span class='ocrx_word' id='word_1_76' title='bbox 980 859 1062 891; x_wconf 71' lang='lat' dir='ltr'><em>acuo</em></span> 
     </span>
    </p>

    <p class='ocr_par' dir='ltr' id='par_1_7' title="bbox 253 902 1069 1476">
     <span class='ocr_line' id='line_1_14' title="bbox 261 902 1060 946; baseline -0.014 -4"><span class='ocrx_word' id='word_1_77' title='bbox 261 919 328 941; x_wconf 92' lang='lat' dir='ltr'><em>non</em></span> <span class='ocrx_word' id='word_1_78' title='bbox 346 908 401 946; x_wconf 89' lang='lat' dir='ltr'><em>fit,</em></span> <span class='ocrx_word' id='word_1_79' title='bbox 418 905 462 945; x_wconf 84' lang='lat' dir='ltr'><em>fic</em></span> <span class='ocrx_word' id='word_1_80' title='bbox 479 907 606 946; x_wconf 81' lang='lat' dir='ltr'><em>excipit,</em></span> <span class='ocrx_word' id='word_1_81' title='bbox 628 903 711 946; x_wconf 74' lang='lat' dir='ltr'><em>quusi</em></span> <span class='ocrx_word' id='word_1_82' title='bbox 719 914 763 935; x_wconf 84' lang='lat' dir='ltr'><em>res</em></span> <span class='ocrx_word' id='word_1_83' title='bbox 781 903 836 935; x_wconf 78' lang='lat' dir='ltr'><em>alio</em></span> <span class='ocrx_word' id='word_1_84' title='bbox 852 905 931 933; x_wconf 78' lang='lat' dir='ltr'><em>niodo</em></span> <span class='ocrx_word' id='word_1_85' title='bbox 948 904 992 940; x_wconf 84' lang='lat' dir='ltr'><em>ei,</em></span> <span class='ocrx_word' id='word_1_86' title='bbox 1022 902 1060 932; x_wconf 80' lang='lat' dir='ltr'><em>ad</em></span> 
     </span>
     <span class='ocr_line' id='line_1_15' title="bbox 259 942 1064 992; baseline -0.012 -10"><span class='ocrx_word' id='word_1_87' title='bbox 259 960 347 992; x_wconf 84' lang='lat' dir='ltr'><em>quam</em></span> <span class='ocrx_word' id='word_1_88' title='bbox 363 959 396 980; x_wconf 82' lang='lat' dir='ltr'><em>eo</em></span> <span class='ocrx_word' id='word_1_89' title='bbox 406 958 449 979; x_wconf 84' lang='lat' dir='ltr'><em>res</em></span> <span class='ocrx_word' id='word_1_90' title='bbox 462 949 588 989; x_wconf 72' lang='lat' dir='ltr'><em>pertinet</em></span> <span class='ocrx_word' id='word_1_91' title='bbox 599 947 702 985; x_wconf 75' lang='lat' dir='ltr'><em>‚saiva</em></span> <span class='ocrx_word' id='word_1_92' title='bbox 718 945 768 985; x_wconf 84' lang='lat' dir='ltr'><em>effe</em></span> <span class='ocrx_word' id='word_1_93' title='bbox 791 954 849 975; x_wconf 89' lang='lat' dir='ltr'><em>non</em></span> <span class='ocrx_word' id='word_1_94' title='bbox 860 945 974 985; x_wconf 85' lang='lat' dir='ltr'><em>poterit.</em></span> <span class='ocrx_word' id='word_1_95' title='bbox 997 942 1064 974; x_wconf 86' lang='lat' dir='ltr'><em>Nec</em></span> 
     </span>
     <span class='ocr_line' id='line_1_16' title="bbox 258 983 1065 1031; baseline -0.011 -8"><span class='ocrx_word' id='word_1_96' title='bbox 258 993 376 1023; x_wconf 80' lang='lat' dir='ltr'><em>videtur</em></span> <span class='ocrx_word' id='word_1_97' title='bbox 399 991 466 1021; x_wconf 80' lang='lat' dir='ltr'><em>huie</em></span> <span class='ocrx_word' id='word_1_98' title='bbox 481 989 633 1031; x_wconf 64' lang='lat' dir='ltr'><em>sententie</em></span> <span class='ocrx_word' id='word_1_99' title='bbox 657 988 804 1028; x_wconf 74' lang='lat' dir='ltr'><em>adversor-i</em></span> <span class='ocrx_word' id='word_1_100' title='bbox 820 1009 830 1024; x_wconf 92' lang='lat'>‚</span> <span class='ocrx_word' id='word_1_101' title='bbox 862 986 935 1027; x_wconf 80' lang='lat' dir='ltr'><em>quod</em></span> <span class='ocrx_word' id='word_1_102' title='bbox 965 983 1065 1025; x_wconf 80' lang='lat' dir='ltr'><em>Julia-</em></span> 
     </span>
     <span class='ocr_line' id='line_1_17' title="bbox 260 1027 1064 1069; baseline -0.009 -6"><span class='ocrx_word' id='word_1_103' title='bbox 260 1042 316 1064; x_wconf 84' lang='lat' dir='ltr'><em>nus</em></span> <span class='ocrx_word' id='word_1_104' title='bbox 340 1032 387 1063; x_wconf 76' lang='lat' dir='ltr'><em>lib.</em></span> <span class='ocrx_word' id='word_1_105' title='bbox 413 1042 441 1065; x_wconf 65' lang='lat' dir='ltr'><em>ct.</em></span> <span class='ocrx_word' id='word_1_106' title='bbox 460 1032 580 1069; x_wconf 75' lang='lat' dir='ltr'><em>scribit,</em></span> <span class='ocrx_word' id='word_1_107' title='bbox 597 1029 625 1067; x_wconf 88' lang='lat' dir='ltr'><em>fi</em></span> <span class='ocrx_word' id='word_1_108' title='bbox 641 1031 733 1060; x_wconf 81' lang='lat' dir='ltr'><em>minor</em></span> <span class='ocrx_word' id='word_1_109' title='bbox 750 1029 835 1059; x_wconf 80' lang='lat' dir='ltr'><em>annis</em></span> <span class='ocrx_word' id='word_1_110' title='bbox 851 1027 964 1068; x_wconf 73' lang='lat' dir='ltr'><em>‘viginti</em></span> <span class='ocrx_word' id='word_1_111' title='bbox 981 1028 1064 1066; x_wconf 81' lang='lat' dir='ltr'><em>quin-</em></span> 
     </span>
     <span class='ocr_line' id='line_1_18' title="bbox 262 1067 1063 1115; baseline -0.01 -11"><span class='ocrx_word' id='word_1_112' title='bbox 262 1083 317 1115; x_wconf 83' lang='lat' dir='ltr'><em>que</em></span> <span class='ocrx_word' id='word_1_113' title='bbox 341 1071 453 1111; x_wconf 81' lang='lat' dir='ltr'><em>confilio</em></span> <span class='ocrx_word' id='word_1_114' title='bbox 472 1073 555 1110; x_wconf 77' lang='lat' dir='ltr'><em>servi</em></span> <span class='ocrx_word' id='word_1_115' title='bbox 570 1070 827 1111; x_wconf 72' lang='lat' dir='ltr'><em>circumscriptus,</em></span> <span class='ocrx_word' id='word_1_116' title='bbox 853 1077 916 1098; x_wconf 87' lang='lat' dir='ltr'><em>eum</em></span> <span class='ocrx_word' id='word_1_117' title='bbox 931 1067 1063 1098; x_wconf 77' lang='lat' dir='ltr'><em>vendidit</em></span> 
     </span>
     <span class='ocr_line' id='line_1_19' title="bbox 263 1107 1062 1155; baseline -0.01 -9"><span class='ocrx_word' id='word_1_118' title='bbox 263 1125 329 1146; x_wconf 89' lang='lat' dir='ltr'><em>cum</em></span> <span class='ocrx_word' id='word_1_119' title='bbox 349 1114 478 1155; x_wconf 81' lang='lat' dir='ltr'><em>peculio,</em></span> <span class='ocrx_word' id='word_1_120' title='bbox 502 1117 662 1153; x_wconf 80' lang='lat' dir='ltr'><em>emptorque</em></span> <span class='ocrx_word' id='word_1_121' title='bbox 687 1120 752 1142; x_wconf 85' lang='lat' dir='ltr'><em>eum</em></span> <span class='ocrx_word' id='word_1_122' title='bbox 779 1107 969 1147; x_wconf 73' lang='lat' dir='ltr'><em>inanumzfit,</em></span> <span class='ocrx_word' id='word_1_123' title='bbox 991 1109 1062 1138; x_wconf 78' lang='lat' dir='ltr'><em>dan-</em></span> 
     </span>
     <span class='ocr_line' id='line_1_20' title="bbox 263 1148 1064 1194; baseline -0.011 -6"><span class='ocrx_word' id='word_1_124' title='bbox 263 1158 330 1188; x_wconf 78' lang='lat' dir='ltr'><em>dum</em></span> <span class='ocrx_word' id='word_1_125' title='bbox 360 1158 391 1187; x_wconf 86' lang='lat' dir='ltr'><em>in</em></span> <span class='ocrx_word' id='word_1_126' title='bbox 419 1153 621 1194; x_wconf 77' lang='lat' dir='ltr'><em>munumzffum</em></span> <span class='ocrx_word' id='word_1_127' title='bbox 656 1154 695 1185; x_wconf 81' lang='lat' dir='ltr'><em>dei</em></span> <span class='ocrx_word' id='word_1_128' title='bbox 716 1152 776 1183; x_wconf 78' lang='lat' dir='ltr'><em>doto</em></span> <span class='ocrx_word' id='word_1_129' title='bbox 801 1150 948 1182; x_wconf 65' lang='lat' dir='ltr'><em>outonem.</em></span> <span class='ocrx_word' id='word_1_130' title='bbox 998 1148 1064 1180; x_wconf 85' lang='lat' dir='ltr'><em>Hoc</em></span> 
     </span>
     <span class='ocr_line' id='line_1_21' title="bbox 263 1193 1066 1235; baseline -0.01 -7"><span class='ocrx_word' id='word_1_131' title='bbox 263 1200 338 1229; x_wconf 81' lang='lat' dir='ltr'><em>enim</em></span> <span class='ocrx_word' id='word_1_132' title='bbox 359 1195 403 1235; x_wconf 88' lang='lat' dir='ltr'><em>fic</em></span> <span class='ocrx_word' id='word_1_133' title='bbox 434 1196 609 1235; x_wconf 77' lang='lat' dir='ltr'><em>accipimus,</em></span> <span class='ocrx_word' id='word_1_134' title='bbox 633 1203 725 1225; x_wconf 80' lang='lat' dir='ltr'><em>carere</em></span> <span class='ocrx_word' id='word_1_135' title='bbox 748 1193 808 1224; x_wconf 82' lang='lat' dir='ltr'><em>dolo</em></span> <span class='ocrx_word' id='word_1_136' title='bbox 833 1197 1002 1232; x_wconf 79' lang='lat' dir='ltr'><em>emptorem,</em></span> <span class='ocrx_word' id='word_1_137' title='bbox 1032 1196 1066 1221; x_wconf 87' lang='lat' dir='ltr'><em>ut</em></span> 
     </span>
     <span class='ocr_line' id='line_1_22' title="bbox 263 1231 1065 1279; baseline -0.01 -10"><span class='ocrx_word' id='word_1_138' title='bbox 263 1249 300 1270; x_wconf 86' lang='lat' dir='ltr'><em>ex</em></span> <span class='ocrx_word' id='word_1_139' title='bbox 318 1245 407 1279; x_wconf 83' lang='lat' dir='ltr'><em>empto</em></span> <span class='ocrx_word' id='word_1_140' title='bbox 424 1237 514 1268; x_wconf 69' lang='lat' dir='ltr'><em>teneri</em></span> <span class='ocrx_word' id='word_1_141' title='bbox 528 1245 584 1267; x_wconf 87' lang='lat' dir='ltr'><em>non</em></span> <span class='ocrx_word' id='word_1_142' title='bbox 601 1234 701 1276; x_wconf 85' lang='lat' dir='ltr'><em>poffit:</em></span> <span class='ocrx_word' id='word_1_143' title='bbox 723 1239 775 1266; x_wconf 85' lang='lat' dir='ltr'><em>aut</em></span> <span class='ocrx_word' id='word_1_144' title='bbox 795 1233 906 1264; x_wconf 84' lang='lat' dir='ltr'><em>nullam</em></span> <span class='ocrx_word' id='word_1_145' title='bbox 927 1231 977 1272; x_wconf 86' lang='lat' dir='ltr'><em>effe</em></span> <span class='ocrx_word' id='word_1_146' title='bbox 996 1241 1065 1262; x_wconf 83' lang='lat' dir='ltr'><em>ven-</em></span> 
     </span>
     <span class='ocr_line' id='line_1_23' title="bbox 262 1275 1066 1317; baseline -0.01 -6"><span class='ocrx_word' id='word_1_147' title='bbox 262 1281 420 1317; x_wconf 78' lang='lat' dir='ltr'><em>ditionem,</em></span> <span class='ocrx_word' id='word_1_148' title='bbox 444 1277 471 1316; x_wconf 81' lang='lat' dir='ltr'><em>si</em></span> <span class='ocrx_word' id='word_1_149' title='bbox 493 1279 524 1308; x_wconf 81' lang='lat' dir='ltr'><em>in</em></span> <span class='ocrx_word' id='word_1_150' title='bbox 545 1279 595 1308; x_wconf 84' lang='lat' dir='ltr'><em>hoc</em></span> <span class='ocrx_word' id='word_1_151' title='bbox 616 1278 692 1317; x_wconf 79' lang='lat' dir='ltr'><em>ipso,</em></span> <span class='ocrx_word' id='word_1_152' title='bbox 716 1281 749 1307; x_wconf 80' lang='lat' dir='ltr'><em>ut</em></span> <span class='ocrx_word' id='word_1_153' title='bbox 770 1276 923 1313; x_wconf 82' lang='lat' dir='ltr'><em>venderet,</em></span> <span class='ocrx_word' id='word_1_154' title='bbox 946 1275 1066 1304; x_wconf 85' lang='lat' dir='ltr'><em>circum-</em></span> 
     </span>
     <span class='ocr_line' id='line_1_24' title="bbox 253 1316 1066 1362; baseline -0.01 -10"><span class='ocrx_word' id='word_1_155' title='bbox 253 1323 385 1362; x_wconf 81' lang='lat' dir='ltr'><em>scriptus</em></span> <span class='ocrx_word' id='word_1_156' title='bbox 402 1317 450 1360; x_wconf 82' lang='lat' dir='ltr'><em>est.</em></span> <span class='ocrx_word' id='word_1_157' title='bbox 475 1319 511 1353; x_wconf 55' lang='grc' dir='ltr'><em>ἃ</em></span> <span class='ocrx_word' id='word_1_158' title='bbox 534 1319 607 1359; x_wconf 79' lang='lat' dir='ltr'><em>quod</em></span> <span class='ocrx_word' id='word_1_159' title='bbox 635 1320 727 1348; x_wconf 82' lang='lat' dir='ltr'><em>minor</em></span> <span class='ocrx_word' id='word_1_160' title='bbox 741 1316 929 1357; x_wconf 71' lang='lat' dir='ltr'><em>proponitur,</em></span> <span class='ocrx_word' id='word_1_161' title='bbox 956 1316 1066 1359; x_wconf 75' lang='lat' dir='ltr'><em>nonin·</em></span> 
     </span>
     <span class='ocr_line' id='line_1_25' title="bbox 264 1357 1069 1401; baseline -0.011 -7"><span class='ocrx_word' id='word_1_162' title='bbox 264 1363 346 1394; x_wconf 83' lang='lat' dir='ltr'><em>ducit</em></span> <span class='ocrx_word' id='word_1_163' title='bbox 370 1363 401 1392; x_wconf 83' lang='lat' dir='ltr'><em>in</em></span> <span class='ocrx_word' id='word_1_164' title='bbox 424 1362 570 1401; x_wconf 77' lang='lat' dir='ltr'><em>integrum</em></span> <span class='ocrx_word' id='word_1_165' title='bbox 593 1357 816 1399; x_wconf 81' lang='lat' dir='ltr'><em>restitutionem:</em></span> <span class='ocrx_word' id='word_1_166' title='bbox 839 1367 908 1387; x_wconf 81' lang='lat' dir='ltr'><em>nam.</em></span> <span class='ocrx_word' id='word_1_167' title='bbox 932 1357 1069 1395; x_wconf 74' lang='lat' dir='ltr'><em>adversus</em></span> 
     </span>
     <span class='ocr_line' id='line_1_26' title="bbox 266 1394 1068 1442; baseline -0.012 -7"><span class='ocrx_word' id='word_1_168' title='bbox 266 1401 471 1442; x_wconf 78' lang='lat' dir='ltr'><em>manumiffum</em></span> <span class='ocrx_word' id='word_1_169' title='bbox 493 1401 575 1432; x_wconf 81' lang='lat' dir='ltr'><em>nulla</em></span> <span class='ocrx_word' id='word_1_170' title='bbox 597 1402 628 1431; x_wconf 83' lang='lat' dir='ltr'><em>in</em></span> <span class='ocrx_word' id='word_1_171' title='bbox 652 1402 798 1441; x_wconf 80' lang='lat' dir='ltr'><em>integrum</em></span> <span class='ocrx_word' id='word_1_172' title='bbox 819 1396 959 1438; x_wconf 80' lang='lat' dir='ltr'><em>restitutio</em></span> <span class='ocrx_word' id='word_1_173' title='bbox 980 1394 1068 1438; x_wconf 69' lang='lat' dir='ltr'><em>potest</em></span> 
     </span>
     <span class='ocr_line' id='line_1_27' title="bbox 265 1445 488 1476; baseline -0.013 -1"><span class='ocrx_word' id='word_1_174' title='bbox 265 1445 358 1476; x_wconf 79' lang='lat' dir='ltr'><em>locum</em></span> <span class='ocrx_word' id='word_1_175' title='bbox 379 1445 488 1474; x_wconf 67' lang='lat' dir='ltr'><em>[iubere.</em></span> 
     </span>
    </p>

    <p class='ocr_par' dir='ltr' id='par_1_8' title="bbox 199 1479 1074 3290">
     <span class='ocr_line' id='line_1_28' title="bbox 243 1479 1068 1523; baseline -0.007 -7"><span class='ocrx_word' id='word_1_176' title='bbox 243 1484 291 1516; x_wconf 85' lang='lat' dir='ltr'><em>Ita</em></span> <span class='ocrx_word' id='word_1_177' title='bbox 313 1485 358 1516; x_wconf 86' lang='lat' dir='ltr'><em>est</em></span> <span class='ocrx_word' id='word_1_178' title='bbox 383 1485 413 1515; x_wconf 93' lang='lat' dir='ltr'><em>in</em></span> <span class='ocrx_word' id='word_1_179' title='bbox 439 1483 597 1523; x_wconf 79' lang='lat' dir='ltr'><em>plerisque</em></span> <span class='ocrx_word' id='word_1_180' title='bbox 622 1481 874 1522; x_wconf 78' lang='lat' dir='ltr'><em>exemplaribus3</em></span> <span class='ocrx_word' id='word_1_181' title='bbox 899 1480 1012 1521; x_wconf 84' lang='lat' dir='ltr'><em>quibus</em></span> <span class='ocrx_word' id='word_1_182' title='bbox 1038 1479 1068 1510; x_wconf 55' lang='grc' dir='ltr'><em>δέ</em></span> 
     </span>
     <span class='ocr_line' id='line_1_29' title="bbox 202 1522 1067 1563; baseline -0.008 -5"><span class='ocrx_word' id='word_1_183' title='bbox 202 1526 331 1559; x_wconf 70' lang='lat' dir='ltr'><em>Basilica</em></span> <span class='ocrx_word' id='word_1_184' title='bbox 356 1525 562 1556; x_wconf 83' lang='lat' dir='ltr'><em>assentiuntur</em></span> <span class='ocrx_word' id='word_1_185' title='bbox 591 1523 636 1553; x_wconf 81' lang='lat' dir='ltr'><em>lib.</em></span> <span class='ocrx_word' id='word_1_186' title='bbox 656 1532 702 1553; x_wconf 82' lang='lat'><em>10.</em></span> <span class='ocrx_word' id='word_1_187' title='bbox 728 1525 774 1554; x_wconf 86' lang='lat' dir='ltr'><em>tit.</em></span> <span class='ocrx_word' id='word_1_188' title='bbox 801 1533 830 1563; x_wconf 57' lang='grc' dir='ltr'><em>ξς.</em></span> <span class='ocrx_word' id='word_1_189' title='bbox 860 1522 997 1562; x_wconf 83' lang='lat' dir='ltr'><em>Corrigo</em></span> <span class='ocrx_word' id='word_1_190' title='bbox 1026 1528 1067 1551; x_wconf 81' lang='lat' dir='ltr'><em>ta-</em></span> 
     </span>
     <span class='ocr_line' id='line_1_30' title="bbox 203 1563 1068 1604; baseline -0.008 -5"><span class='ocrx_word' id='word_1_191' title='bbox 203 1577 288 1600; x_wconf 86' lang='lat' dir='ltr'><em>men.</em></span> <span class='ocrx_word' id='word_1_192' title='bbox 332 1567 398 1597; x_wconf 85' lang='lat' dir='ltr'><em>Hoc</em></span> <span class='ocrx_word' id='word_1_193' title='bbox 427 1567 501 1597; x_wconf 80' lang='lat' dir='ltr'><em>enim</em></span> <span class='ocrx_word' id='word_1_194' title='bbox 522 1564 566 1603; x_wconf 87' lang='lat' dir='ltr'><em>fic</em></span> <span class='ocrx_word' id='word_1_195' title='bbox 590 1565 745 1604; x_wconf 78' lang='lat' dir='ltr'><em>accipimus</em></span> <span class='ocrx_word' id='word_1_196' title='bbox 762 1587 772 1603; x_wconf 93' lang='lat'><em>,</em></span> <span class='ocrx_word' id='word_1_197' title='bbox 809 1573 903 1594; x_wconf 81' lang='lat' dir='ltr'><em>curere</em></span> <span class='ocrx_word' id='word_1_198' title='bbox 932 1563 991 1593; x_wconf 85' lang='lat' dir='ltr'><em>dolo</em></span> <span class='ocrx_word' id='word_1_199' title='bbox 1014 1571 1068 1592; x_wconf 85' lang='lat' dir='ltr'><em>em-</em></span> 
     </span>
     <span class='ocr_line' id='line_1_31' title="bbox 199 1603 1068 1651; baseline -0.007 -11"><span class='ocrx_word' id='word_1_200' title='bbox 199 1615 333 1651; x_wconf 85' lang='lat' dir='ltr'><em>ptorem,</em></span> <span class='ocrx_word' id='word_1_201' title='bbox 365 1613 398 1638; x_wconf 80' lang='lat' dir='ltr'><em>ut</em></span> <span class='ocrx_word' id='word_1_202' title='bbox 429 1617 464 1638; x_wconf 75' lang='lat' dir='ltr'><em>ex</em></span> <span class='ocrx_word' id='word_1_203' title='bbox 485 1611 574 1647; x_wconf 82' lang='lat' dir='ltr'><em>empto</em></span> <span class='ocrx_word' id='word_1_204' title='bbox 599 1606 689 1636; x_wconf 85' lang='lat' dir='ltr'><em>teneri</em></span> <span class='ocrx_word' id='word_1_205' title='bbox 710 1615 767 1636; x_wconf 91' lang='lat' dir='ltr'><em>non</em></span> <span class='ocrx_word' id='word_1_206' title='bbox 791 1604 882 1645; x_wconf 85' lang='lat' dir='ltr'><em>poffit.</em></span> <span class='ocrx_word' id='word_1_207' title='bbox 925 1603 967 1635; x_wconf 87' lang='lat' dir='ltr'><em>Et</em></span> <span class='ocrx_word' id='word_1_208' title='bbox 994 1605 1068 1644; x_wconf 81' lang='lat' dir='ltr'><em>quod</em></span> 
     </span>
     <span class='ocr_line' id='line_1_32' title="bbox 204 1643 1066 1690; baseline -0.006 -10"><span class='ocrx_word' id='word_1_209' title='bbox 204 1651 297 1681; x_wconf 84' lang='lat' dir='ltr'><em>minor</em></span> <span class='ocrx_word' id='word_1_210' title='bbox 317 1650 489 1690; x_wconf 73' lang='lat' dir='ltr'><em>proponitur</em></span> <span class='ocrx_word' id='word_1_211' title='bbox 507 1670 516 1686; x_wconf 88' lang='lat'>‚</span> <span class='ocrx_word' id='word_1_212' title='bbox 546 1657 602 1677; x_wconf 89' lang='lat' dir='ltr'><em>non</em></span> <span class='ocrx_word' id='word_1_213' title='bbox 628 1647 740 1677; x_wconf 82' lang='lat' dir='ltr'><em>inducit</em></span> <span class='ocrx_word' id='word_1_214' title='bbox 768 1650 799 1677; x_wconf 84' lang='lat' dir='ltr'><em>in</em></span> <span class='ocrx_word' id='word_1_215' title='bbox 824 1643 1066 1686; x_wconf 66' lang='lat' dir='ltr'><em>integrumiresti-</em></span> 
     </span>
     <span class='ocr_line' id='line_1_33' title="bbox 205 1686 1066 1728; baseline -0.007 -6"><span class='ocrx_word' id='word_1_216' title='bbox 205 1692 364 1722; x_wconf 82' lang='lat' dir='ltr'><em>tutionem:</em></span> <span class='ocrx_word' id='word_1_217' title='bbox 386 1700 454 1721; x_wconf 77' lang='lat' dir='ltr'><em>nam</em></span> <span class='ocrx_word' id='word_1_218' title='bbox 475 1690 614 1727; x_wconf 77' lang='lat' dir='ltr'><em>adversus</em></span> <span class='ocrx_word' id='word_1_219' title='bbox 628 1686 834 1728; x_wconf 77' lang='lat' dir='ltr'><em>uzanumzffum</em></span> <span class='ocrx_word' id='word_1_220' title='bbox 849 1687 932 1718; x_wconf 81' lang='lat' dir='ltr'><em>nullu</em></span> <span class='ocrx_word' id='word_1_221' title='bbox 946 1687 978 1716; x_wconf 84' lang='lat' dir='ltr'><em>in</em></span> <span class='ocrx_word' id='word_1_222' title='bbox 993 1687 1066 1716; x_wconf 84' lang='lat' dir='ltr'><em>inte·</em></span> 
     </span>
     <span class='ocr_line' id='line_1_34' title="bbox 202 1727 1066 1773; baseline -0.006 -10"><span class='ocrx_word' id='word_1_223' title='bbox 202 1742 291 1773; x_wconf 82' lang='lat' dir='ltr'><em>grum</em></span> <span class='ocrx_word' id='word_1_224' title='bbox 309 1729 450 1772; x_wconf 81' lang='lat' dir='ltr'><em>restitutio</em></span> <span class='ocrx_word' id='word_1_225' title='bbox 469 1727 561 1771; x_wconf 76' lang='lat' dir='ltr'><em>potest</em></span> <span class='ocrx_word' id='word_1_226' title='bbox 584 1730 674 1760; x_wconf 81' lang='lat' dir='ltr'><em>locum</em></span> <span class='ocrx_word' id='word_1_227' title='bbox 698 1730 809 1760; x_wconf 77' lang='lat' dir='ltr'><em>habere.</em></span> <span class='ocrx_word' id='word_1_228' title='bbox 852 1728 941 1768; x_wconf 87' lang='lat' dir='ltr'><em>Ejeci</em></span> <span class='ocrx_word' id='word_1_229' title='bbox 968 1727 1066 1758; x_wconf 84' lang='lat' dir='ltr'><em>verba</em></span> 
     </span>
     <span class='ocr_line' id='line_1_35' title="bbox 204 1768 1064 1812; baseline -0.008 -7"><span class='ocrx_word' id='word_1_230' title='bbox 204 1773 280 1812; x_wconf 79' lang='lat' dir='ltr'><em>ista,</em></span> <span class='ocrx_word' id='word_1_231' title='bbox 306 1774 371 1804; x_wconf 86' lang='lat' dir='ltr'><em>Aut</em></span> <span class='ocrx_word' id='word_1_232' title='bbox 386 1772 497 1803; x_wconf 79' lang='lat' dir='ltr'><em>nullam</em></span> <span class='ocrx_word' id='word_1_233' title='bbox 519 1771 569 1811; x_wconf 83' lang='lat' dir='ltr'><em>effe</em></span> <span class='ocrx_word' id='word_1_234' title='bbox 590 1771 803 1809; x_wconf 80' lang='lat' dir='ltr'><em>venditionem,</em></span> <span class='ocrx_word' id='word_1_235' title='bbox 819 1768 848 1807; x_wconf 88' lang='lat' dir='ltr'><em>fi</em></span> <span class='ocrx_word' id='word_1_236' title='bbox 868 1771 899 1800; x_wconf 89' lang='lat' dir='ltr'><em>in</em></span> <span class='ocrx_word' id='word_1_237' title='bbox 915 1769 965 1799; x_wconf 75' lang='lat' dir='ltr'><em>hoc</em></span> <span class='ocrx_word' id='word_1_238' title='bbox 988 1769 1064 1808; x_wconf 82' lang='lat' dir='ltr'><em>ipso,</em></span> 
     </span>
     <span class='ocr_line' id='line_1_36' title="bbox 204 1809 1067 1852; baseline -0.006 -6"><span class='ocrx_word' id='word_1_239' title='bbox 204 1821 239 1847; x_wconf 87' lang='lat' dir='ltr'><em>ut</em></span> <span class='ocrx_word' id='word_1_240' title='bbox 261 1815 422 1852; x_wconf 79' lang='lat' dir='ltr'><em>venderet,</em></span> <span class='ocrx_word' id='word_1_241' title='bbox 459 1811 689 1851; x_wconf 82' lang='lat' dir='ltr'><em>circumscriptus</em></span> <span class='ocrx_word' id='word_1_242' title='bbox 716 1809 779 1851; x_wconf 75' lang='lat' dir='ltr'><em>est:</em></span> <span class='ocrx_word' id='word_1_243' title='bbox 813 1811 886 1850; x_wconf 85' lang='lat' dir='ltr'><em>quia</em></span> <span class='ocrx_word' id='word_1_244' title='bbox 915 1817 1067 1850; x_wconf 85' lang='lat' dir='ltr'><em>quantum</em></span> 
     </span>
     <span class='ocr_line' id='line_1_37' title="bbox 203 1849 1068 1895; baseline -0.009 -7"><span class='ocrx_word' id='word_1_245' title='bbox 203 1865 275 1888; x_wconf 84' lang='lat' dir='ltr'><em>mea</em></span> <span class='ocrx_word' id='word_1_246' title='bbox 294 1854 357 1887; x_wconf 91' lang='lat' dir='ltr'><em>fert</em></span> <span class='ocrx_word' id='word_1_247' title='bbox 382 1854 512 1895; x_wconf 87' lang='lat' dir='ltr'><em>opinio,</em></span> <span class='ocrx_word' id='word_1_248' title='bbox 537 1853 664 1893; x_wconf 81' lang='lat' dir='ltr'><em>aliqu&#39;us</em></span> <span class='ocrx_word' id='word_1_249' title='bbox 684 1851 868 1892; x_wconf 76' lang='lat' dir='ltr'><em>interpretis</em></span> <span class='ocrx_word' id='word_1_250' title='bbox 895 1850 973 1882; x_wconf 87' lang='lat' dir='ltr'><em>sunt.</em></span> <span class='ocrx_word' id='word_1_251' title='bbox 1012 1849 1068 1881; x_wconf 85' lang='lat' dir='ltr'><em>Ul-</em></span> 
     </span>
     <span class='ocr_line' id='line_1_38' title="bbox 204 1890 1068 1938; baseline -0.008 -10"><span class='ocrx_word' id='word_1_252' title='bbox 204 1898 288 1938; x_wconf 83' lang='lat' dir='ltr'><em>piani</em></span> <span class='ocrx_word' id='word_1_253' title='bbox 315 1903 403 1927; x_wconf 84' lang='lat' dir='ltr'><em>certe</em></span> <span class='ocrx_word' id='word_1_254' title='bbox 429 1905 493 1926; x_wconf 88' lang='lat' dir='ltr'><em>non</em></span> <span class='ocrx_word' id='word_1_255' title='bbox 525 1893 603 1925; x_wconf 82' lang='lat' dir='ltr'><em>sunt.</em></span> <span class='ocrx_word' id='word_1_256' title='bbox 655 1892 925 1933; x_wconf 75' lang='lat' dir='ltr'><em>interpretabatur</em></span> <span class='ocrx_word' id='word_1_257' title='bbox 961 1890 1068 1931; x_wconf 83' lang='lat' dir='ltr'><em>Ulpia-</em></span> 
     </span>
     <span class='ocr_line' id='line_1_39' title="bbox 204 1932 1067 1972; baseline -0.008 -3"><span class='ocrx_word' id='word_1_258' title='bbox 204 1948 264 1969; x_wconf 84' lang='lat' dir='ltr'><em>nus</em></span> <span class='ocrx_word' id='word_1_259' title='bbox 287 1937 390 1969; x_wconf 69' lang='lat' dir='ltr'><em>Editti</em></span> <span class='ocrx_word' id='word_1_260' title='bbox 416 1937 456 1968; x_wconf 90' lang='lat' dir='ltr'><em>dc</em></span> <span class='ocrx_word' id='word_1_261' title='bbox 480 1936 556 1967; x_wconf 87' lang='lat' dir='ltr'><em>dolo</em></span> <span class='ocrx_word' id='word_1_262' title='bbox 586 1935 670 1966; x_wconf 78' lang='lat' dir='ltr'><em>malo</em></span> <span class='ocrx_word' id='word_1_263' title='bbox 700 1935 796 1965; x_wconf 84' lang='lat' dir='ltr'><em>verba</em></span> <span class='ocrx_word' id='word_1_264' title='bbox 813 1957 822 1972; x_wconf 91' lang='lat'><strong>‚</strong></span> <span class='ocrx_word' id='word_1_265' title='bbox 857 1935 890 1964; x_wconf 77' lang='lat' dir='ltr'><em>St</em></span> <span class='ocrx_word' id='word_1_266' title='bbox 912 1933 971 1964; x_wconf 76' lang='lat' dir='ltr'><em>cilia</em></span> <span class='ocrx_word' id='word_1_267' title='bbox 993 1932 1067 1963; x_wconf 66' lang='lat' dir='ltr'><em>eum</em></span> 
     </span>
     <span class='ocr_line' id='line_1_40' title="bbox 204 1973 1066 2019; baseline -0.008 -9"><span class='ocrx_word' id='word_1_268' title='bbox 204 1989 262 2010; x_wconf 79' lang='lat' dir='ltr'><em>non</em></span> <span class='ocrx_word' id='word_1_269' title='bbox 288 1981 359 2017; x_wconf 85' lang='lat' dir='ltr'><em>erit,</em></span> <span class='ocrx_word' id='word_1_270' title='bbox 384 1979 530 2019; x_wconf 77' lang='lat' dir='ltr'><em>judicium</em></span> <span class='ocrx_word' id='word_1_271' title='bbox 550 1978 628 2008; x_wconf 78' lang='lat' dir='ltr'><em>dabo.</em></span> <span class='ocrx_word' id='word_1_272' title='bbox 673 1974 718 2006; x_wconf 85' lang='lat' dir='ltr'><em>Ea</em></span> <span class='ocrx_word' id='word_1_273' title='bbox 738 1985 816 2006; x_wconf 83' lang='lat' dir='ltr'><em>vero</em></span> <span class='ocrx_word' id='word_1_274' title='bbox 836 1974 932 2005; x_wconf 85' lang='lat' dir='ltr'><em>verba</em></span> <span class='ocrx_word' id='word_1_275' title='bbox 951 1973 990 2004; x_wconf 83' lang='lat' dir='ltr'><em>fic</em></span> <span class='ocrx_word' id='word_1_276' title='bbox 1016 1983 1066 2004; x_wconf 82' lang='lat' dir='ltr'><em>ac-</em></span> 
     </span>
     <span class='ocr_line' id='line_1_41' title="bbox 206 2016 1067 2060; baseline -0.008 -9"><span class='ocrx_word' id='word_1_277' title='bbox 206 2020 365 2060; x_wconf 84' lang='lat' dir='ltr'><em>cipiebat:</em></span> <span class='ocrx_word' id='word_1_278' title='bbox 399 2020 427 2050; x_wconf 76' lang='lat' dir='ltr'><em>Si</em></span> <span class='ocrx_word' id='word_1_279' title='bbox 447 2029 481 2049; x_wconf 78' lang='lat' dir='ltr'><em>cn</em></span> <span class='ocrx_word' id='word_1_280' title='bbox 504 2028 552 2049; x_wconf 88' lang='lat' dir='ltr'><em>res</em></span> <span class='ocrx_word' id='word_1_281' title='bbox 569 2018 631 2049; x_wconf 87' lang='lat' dir='ltr'><em>alio</em></span> <span class='ocrx_word' id='word_1_282' title='bbox 651 2017 751 2048; x_wconf 86' lang='lat' dir='ltr'><em>modo</em></span> <span class='ocrx_word' id='word_1_283' title='bbox 771 2017 800 2047; x_wconf 89' lang='lat' dir='ltr'><em>ei</em></span> <span class='ocrx_word' id='word_1_284' title='bbox 825 2016 862 2047; x_wconf 80' lang='lat' dir='ltr'><em>ad</em></span> <span class='ocrx_word' id='word_1_285' title='bbox 879 2024 974 2054; x_wconf 86' lang='lat' dir='ltr'><em>quem</em></span> <span class='ocrx_word' id='word_1_286' title='bbox 999 2024 1067 2054; x_wconf 84' lang='lat' dir='ltr'><em>per-</em></span> 
     </span>
     <span class='ocr_line' id='line_1_42' title="bbox 205 2057 1067 2099; baseline -0.009 -6"><span class='ocrx_word' id='word_1_287' title='bbox 205 2064 305 2099; x_wconf 88' lang='lat' dir='ltr'><em>tinet,</em></span> <span class='ocrx_word' id='word_1_288' title='bbox 331 2060 410 2091; x_wconf 80' lang='lat' dir='ltr'><em>salva</em></span> <span class='ocrx_word' id='word_1_289' title='bbox 427 2060 489 2091; x_wconf 69' lang='lat' dir='ltr'><em>ell&#39;e</em></span> <span class='ocrx_word' id='word_1_290' title='bbox 507 2069 570 2090; x_wconf 84' lang='lat' dir='ltr'><em>non</em></span> <span class='ocrx_word' id='word_1_291' title='bbox 588 2059 717 2099; x_wconf 87' lang='lat' dir='ltr'><em>poterit.</em></span> <span class='ocrx_word' id='word_1_292' title='bbox 742 2058 815 2088; x_wconf 86' lang='lat' dir='ltr'><em>huic</em></span> <span class='ocrx_word' id='word_1_293' title='bbox 831 2057 1067 2096; x_wconf 76' lang='lat' dir='ltr'><em>interpretatio·</em></span> 
     </span>
     <span class='ocr_line' id='line_1_43' title="bbox 204 2097 1068 2139; baseline -0.009 -5"><span class='ocrx_word' id='word_1_294' title='bbox 204 2104 238 2134; x_wconf 80' lang='lat' dir='ltr'><em>ni</em></span> <span class='ocrx_word' id='word_1_295' title='bbox 262 2101 414 2133; x_wconf 63' lang='lat' dir='ltr'><em>adversari</em></span> <span class='ocrx_word' id='word_1_296' title='bbox 442 2101 635 2138; x_wconf 69' lang='lat' dir='ltr'><em>videbatur,</em></span> <span class='ocrx_word' id='word_1_297' title='bbox 668 2101 755 2139; x_wconf 80' lang='lat' dir='ltr'><em>quod</em></span> <span class='ocrx_word' id='word_1_298' title='bbox 774 2098 914 2139; x_wconf 84' lang='lat' dir='ltr'><em>Julianus</em></span> <span class='ocrx_word' id='word_1_299' title='bbox 940 2097 1068 2135; x_wconf 80' lang='lat' dir='ltr'><em>scribit,</em></span> 
     </span>
     <span class='ocr_line' id='line_1_44' title="bbox 207 2138 1069 2181; baseline -0.008 -6"><span class='ocrx_word' id='word_1_300' title='bbox 207 2144 238 2175; x_wconf 77' lang='lat' dir='ltr'><em>Si</em></span> <span class='ocrx_word' id='word_1_301' title='bbox 255 2144 358 2175; x_wconf 89' lang='lat' dir='ltr'><em>minor</em></span> <span class='ocrx_word' id='word_1_302' title='bbox 384 2144 524 2180; x_wconf 74' lang='lat' dir='ltr'><em>servum,</em></span> <span class='ocrx_word' id='word_1_303' title='bbox 549 2143 613 2181; x_wconf 81' lang='lat' dir='ltr'><em>ejus</em></span> <span class='ocrx_word' id='word_1_304' title='bbox 639 2140 771 2172; x_wconf 80' lang='lat' dir='ltr'><em>consilio</em></span> <span class='ocrx_word' id='word_1_305' title='bbox 794 2138 1069 2179; x_wconf 82' lang='lat' dir='ltr'><em>circumscriptus,</em></span> 
     </span>
     <span class='ocr_line' id='line_1_45' title="bbox 206 2183 1070 2224; baseline -0.006 -10"><span class='ocrx_word' id='word_1_306' title='bbox 206 2185 353 2216; x_wconf 77' lang='lat' dir='ltr'><em>vendidit</em></span> <span class='ocrx_word' id='word_1_307' title='bbox 377 2194 447 2214; x_wconf 86' lang='lat' dir='ltr'><em>cum</em></span> <span class='ocrx_word' id='word_1_308' title='bbox 466 2183 615 2224; x_wconf 81' lang='lat' dir='ltr'><em>peculio,</em></span> <span class='ocrx_word' id='word_1_309' title='bbox 648 2191 841 2222; x_wconf 72' lang='lat' dir='ltr'><em>emptorque</em></span> <span class='ocrx_word' id='word_1_310' title='bbox 869 2190 942 2212; x_wconf 88' lang='lat' dir='ltr'><em>eum</em></span> <span class='ocrx_word' id='word_1_311' title='bbox 964 2189 1070 2211; x_wconf 79' lang='lat' dir='ltr'><em>manu-</em></span> 
     </span>
     <span class='ocr_line' id='line_1_46' title="bbox 205 2221 1069 2264; baseline -0.007 -7"><span class='ocrx_word' id='word_1_312' title='bbox 205 2226 315 2264; x_wconf 80' lang='lat' dir='ltr'><em>misit,</em></span> <span class='ocrx_word' id='word_1_313' title='bbox 346 2226 479 2255; x_wconf 77' lang='lat' dir='ltr'><em>dandam</em></span> <span class='ocrx_word' id='word_1_314' title='bbox 506 2226 537 2255; x_wconf 89' lang='lat' dir='ltr'><em>in</em></span> <span class='ocrx_word' id='word_1_315' title='bbox 561 2222 777 2254; x_wconf 74' lang='lat' dir='ltr'><em>manumili&#39;um</em></span> <span class='ocrx_word' id='word_1_316' title='bbox 805 2223 845 2254; x_wconf 88' lang='lat' dir='ltr'><em>de</em></span> <span class='ocrx_word' id='word_1_317' title='bbox 870 2222 946 2253; x_wconf 91' lang='lat' dir='ltr'><em>dolo</em></span> <span class='ocrx_word' id='word_1_318' title='bbox 973 2221 1069 2252; x_wconf 70' lang='lat' dir='ltr'><em>attio.</em></span> 
     </span>
     <span class='ocr_line' id='line_1_47' title="bbox 207 2262 1071 2306; baseline -0.008 -7"><span class='ocrx_word' id='word_1_319' title='bbox 207 2277 292 2299; x_wconf 88' lang='lat' dir='ltr'><em>nem.</em></span> <span class='ocrx_word' id='word_1_320' title='bbox 319 2276 389 2297; x_wconf 86' lang='lat' dir='ltr'><em>nam</em></span> <span class='ocrx_word' id='word_1_321' title='bbox 414 2267 488 2297; x_wconf 85' lang='lat' dir='ltr'><em>inde</em></span> <span class='ocrx_word' id='word_1_322' title='bbox 511 2273 639 2305; x_wconf 86' lang='lat' dir='ltr'><em>poterat</em></span> <span class='ocrx_word' id='word_1_323' title='bbox 657 2265 789 2306; x_wconf 83' lang='lat' dir='ltr'><em>colligi,</em></span> <span class='ocrx_word' id='word_1_324' title='bbox 819 2263 979 2304; x_wconf 81' lang='lat' dir='ltr'><em>Julianum</em></span> <span class='ocrx_word' id='word_1_325' title='bbox 1006 2262 1071 2293; x_wconf 87' lang='lat' dir='ltr'><em>vel-</em></span> 
     </span>
     <span class='ocr_line' id='line_1_48' title="bbox 207 2303 1071 2347; baseline -0.008 -6"><span class='ocrx_word' id='word_1_326' title='bbox 207 2309 256 2347; x_wconf 84' lang='lat' dir='ltr'><em>le,</em></span> <span class='ocrx_word' id='word_1_327' title='bbox 280 2308 414 2339; x_wconf 81' lang='lat' dir='ltr'><em>dandam</em></span> <span class='ocrx_word' id='word_1_328' title='bbox 434 2307 613 2345; x_wconf 71' lang='lat' dir='ltr'><em>venditori,</em></span> <span class='ocrx_word' id='word_1_329' title='bbox 638 2306 733 2336; x_wconf 79' lang='lat' dir='ltr'><em>etiam</em></span> <span class='ocrx_word' id='word_1_330' title='bbox 755 2315 827 2336; x_wconf 88' lang='lat' dir='ltr'><em>cum</em></span> <span class='ocrx_word' id='word_1_331' title='bbox 844 2314 893 2335; x_wconf 84' lang='lat' dir='ltr'><em>res</em></span> <span class='ocrx_word' id='word_1_332' title='bbox 912 2305 1001 2335; x_wconf 84' lang='lat' dir='ltr'><em>aliter</em></span> <span class='ocrx_word' id='word_1_333' title='bbox 1017 2303 1071 2334; x_wconf 86' lang='lat' dir='ltr'><em>sal-</em></span> 
     </span>
     <span class='ocr_line' id='line_1_49' title="bbox 206 2345 1072 2389; baseline -0.006 -9"><span class='ocrx_word' id='word_1_334' title='bbox 206 2359 248 2381; x_wconf 85' lang='lat' dir='ltr'><em>va</em></span> <span class='ocrx_word' id='word_1_335' title='bbox 267 2349 329 2380; x_wconf 81' lang='lat' dir='ltr'><em>ess&#39;e</em></span> <span class='ocrx_word' id='word_1_336' title='bbox 346 2347 471 2389; x_wconf 86' lang='lat' dir='ltr'><em>p0test,</em></span> <span class='ocrx_word' id='word_1_337' title='bbox 494 2349 534 2379; x_wconf 87' lang='lat' dir='ltr'><em>de</em></span> <span class='ocrx_word' id='word_1_338' title='bbox 551 2348 627 2379; x_wconf 87' lang='lat' dir='ltr'><em>dolo</em></span> <span class='ocrx_word' id='word_1_339' title='bbox 646 2347 804 2378; x_wconf 68' lang='lat' dir='ltr'><em>actionem</em></span> <span class='ocrx_word' id='word_1_340' title='bbox 824 2345 895 2377; x_wconf 85' lang='lat' dir='ltr'><em>esse.</em></span> <span class='ocrx_word' id='word_1_341' title='bbox 920 2345 1072 2386; x_wconf 81' lang='lat' dir='ltr'><em>quamob-</em></span> 
     </span>
     <span class='ocr_line' id='line_1_50' title="bbox 207 2386 1071 2430; baseline -0.007 -8"><span class='ocrx_word' id='word_1_342' title='bbox 207 2390 307 2422; x_wconf 77' lang='lat' dir='ltr'><em>rem?</em></span> <span class='ocrx_word' id='word_1_343' title='bbox 340 2391 414 2430; x_wconf 86' lang='lat' dir='ltr'><em>quia</em></span> <span class='ocrx_word' id='word_1_344' title='bbox 443 2398 570 2430; x_wconf 87' lang='lat' dir='ltr'><em>emptor</em></span> <span class='ocrx_word' id='word_1_345' title='bbox 587 2413 596 2427; x_wconf 90' lang='lat'><em>,</em></span> <span class='ocrx_word' id='word_1_346' title='bbox 627 2389 709 2429; x_wconf 77' lang='lat' dir='ltr'><em>apud</em></span> <span class='ocrx_word' id='word_1_347' title='bbox 735 2388 891 2428; x_wconf 73' lang='lat' dir='ltr'><em>julianum</em></span> <span class='ocrx_word' id='word_1_348' title='bbox 908 2410 917 2425; x_wconf 93' lang='lat'><em>,</em></span> <span class='ocrx_word' id='word_1_349' title='bbox 948 2395 1002 2418; x_wconf 82' lang='lat' dir='ltr'><em>aut</em></span> <span class='ocrx_word' id='word_1_350' title='bbox 1026 2386 1071 2417; x_wconf 85' lang='lat' dir='ltr'><em>est</em></span> 
     </span>
     <span class='ocr_line' id='line_1_51' title="bbox 208 2429 1069 2472; baseline -0.006 -9"><span class='ocrx_word' id='word_1_351' title='bbox 208 2433 275 2464; x_wconf 86' lang='lat' dir='ltr'><em>doli</em></span> <span class='ocrx_word' id='word_1_352' title='bbox 293 2433 473 2472; x_wconf 75' lang='lat' dir='ltr'><em>particeps,</em></span> <span class='ocrx_word' id='word_1_353' title='bbox 496 2439 548 2462; x_wconf 82' lang='lat' dir='ltr'><em>aut</em></span> <span class='ocrx_word' id='word_1_354' title='bbox 571 2431 648 2461; x_wconf 86' lang='lat' dir='ltr'><em>dolo</em></span> <span class='ocrx_word' id='word_1_355' title='bbox 669 2438 775 2461; x_wconf 83' lang='lat' dir='ltr'><em>caret:</em></span> <span class='ocrx_word' id='word_1_356' title='bbox 800 2430 850 2468; x_wconf 73' lang='grc' dir='ltr'><em>δι,</em></span> <span class='ocrx_word' id='word_1_357' title='bbox 875 2429 895 2460; x_wconf 84' lang='lat' dir='ltr'><em>si</em></span> <span class='ocrx_word' id='word_1_358' title='bbox 912 2429 978 2459; x_wconf 93' lang='lat' dir='ltr'><em>doli</em></span> <span class='ocrx_word' id='word_1_359' title='bbox 1002 2437 1069 2468; x_wconf 87' lang='lat' dir='ltr'><em>par-</em></span> 
     </span>
     <span class='ocr_line' id='line_1_52' title="bbox 209 2469 1069 2512; baseline -0.006 -8"><span class='ocrx_word' id='word_1_360' title='bbox 209 2474 313 2512; x_wconf 83' lang='lat' dir='ltr'><em>ticeps</em></span> <span class='ocrx_word' id='word_1_361' title='bbox 339 2472 383 2504; x_wconf 88' lang='lat' dir='ltr'><em>est</em></span> <span class='ocrx_word' id='word_1_362' title='bbox 402 2496 411 2511; x_wconf 90' lang='lat'><em>,</em></span> <span class='ocrx_word' id='word_1_363' title='bbox 443 2475 534 2503; x_wconf 84' lang='lat' dir='ltr'><em>datur</em></span> <span class='ocrx_word' id='word_1_364' title='bbox 558 2472 718 2503; x_wconf 87' lang='lat' dir='ltr'><em>venditori</em></span> <span class='ocrx_word' id='word_1_365' title='bbox 745 2470 828 2503; x_wconf 86' lang='lat' dir='ltr'><em>utilis</em></span> <span class='ocrx_word' id='word_1_366' title='bbox 846 2470 966 2501; x_wconf 82' lang='lat' dir='ltr'><em>venditi</em></span> <span class='ocrx_word' id='word_1_367' title='bbox 986 2469 1069 2500; x_wconf 63' lang='lat' dir='ltr'><em>actio</em></span> 
     </span>
     <span class='ocr_line' id='line_1_53' title="bbox 209 2511 1069 2554; baseline -0.005 -9"><span class='ocrx_word' id='word_1_368' title='bbox 209 2513 358 2545; x_wconf 85' lang='lat' dir='ltr'><em>adversus</em></span> <span class='ocrx_word' id='word_1_369' title='bbox 377 2522 569 2554; x_wconf 80' lang='lat' dir='ltr'><em>emptorem.</em></span> <span class='ocrx_word' id='word_1_370' title='bbox 594 2513 633 2543; x_wconf 85' lang='lat' dir='ltr'><em>ad</em></span> <span class='ocrx_word' id='word_1_371' title='bbox 656 2512 755 2551; x_wconf 75' lang='lat' dir='ltr'><em>quid?</em></span> <span class='ocrx_word' id='word_1_372' title='bbox 780 2520 813 2542; x_wconf 88' lang='lat' dir='ltr'><em>ut</em></span> <span class='ocrx_word' id='word_1_373' title='bbox 838 2519 890 2542; x_wconf 86' lang='lat' dir='ltr'><em>aut</em></span> <span class='ocrx_word' id='word_1_374' title='bbox 913 2511 1069 2550; x_wconf 81' lang='lat' dir='ltr'><em>emptioni</em></span> 
     </span>
     <span class='ocr_line' id='line_1_54' title="bbox 206 2552 1068 2594; baseline -0.005 -8"><span class='ocrx_word' id='word_1_375' title='bbox 206 2554 306 2587; x_wconf 83' lang='lat' dir='ltr'><em>stetur</em></span> <span class='ocrx_word' id='word_1_376' title='bbox 317 2577 326 2593; x_wconf 89' lang='lat'><em>,</em></span> <span class='ocrx_word' id='word_1_377' title='bbox 337 2562 389 2585; x_wconf 76' lang='lat' dir='ltr'><em>aut</em></span> <span class='ocrx_word' id='word_1_378' title='bbox 405 2564 439 2585; x_wconf 89' lang='lat' dir='ltr'><em>ut</em></span> <span class='ocrx_word' id='word_1_379' title='bbox 455 2555 575 2594; x_wconf 86' lang='lat' dir='ltr'><em>emptio</em></span> <span class='ocrx_word' id='word_1_380' title='bbox 589 2553 763 2584; x_wconf 84' lang='lat' dir='ltr'><em>resolvatur</em></span> <span class='ocrx_word' id='word_1_381' title='bbox 774 2564 782 2591; x_wconf 86' lang='lat'>;</span> <span class='ocrx_word' id='word_1_382' title='bbox 795 2553 823 2584; x_wconf 65' lang='grc' dir='ltr'>ἃ</span> <span class='ocrx_word' id='word_1_383' title='bbox 841 2554 922 2584; x_wconf 77' lang='lat' dir='ltr'><em>adeo</em></span> <span class='ocrx_word' id='word_1_384' title='bbox 942 2552 1045 2583; x_wconf 85' lang='lat' dir='ltr'><em>servus</em></span> <span class='ocrx_word' id='word_1_385' title='bbox 1059 2575 1068 2589; x_wconf 94' lang='lat'><em>,</em></span> 
     </span>
     <span class='ocr_line' id='line_1_55' title="bbox 203 2593 1069 2637; baseline -0.005 -10"><span class='ocrx_word' id='word_1_386' title='bbox 203 2596 316 2637; x_wconf 78' lang='lat' dir='ltr'><em>pretio</em></span> <span class='ocrx_word' id='word_1_387' title='bbox 334 2597 472 2636; x_wconf 79' lang='lat' dir='ltr'><em>emptori</em></span> <span class='ocrx_word' id='word_1_388' title='bbox 491 2596 655 2633; x_wconf 76' lang='lat' dir='ltr'><em>restituto,</em></span> <span class='ocrx_word' id='word_1_389' title='bbox 680 2596 838 2626; x_wconf 81' lang='lat' dir='ltr'><em>venditori</em></span> <span class='ocrx_word' id='word_1_390' title='bbox 858 2602 969 2624; x_wconf 82' lang='lat' dir='ltr'><em>contra</em></span> <span class='ocrx_word' id='word_1_391' title='bbox 986 2593 1069 2624; x_wconf 81' lang='lat' dir='ltr'><em>resti-</em></span> 
     </span>
     <span class='ocr_line' id='line_1_56' title="bbox 209 2634 1069 2676; baseline -0.006 -7"><span class='ocrx_word' id='word_1_392' title='bbox 209 2645 334 2675; x_wconf 83' lang='lat' dir='ltr'><em>tuatur,</em></span> <span class='ocrx_word' id='word_1_393' title='bbox 354 2637 510 2676; x_wconf 82' lang='lat' dir='ltr'><em>denique,</em></span> <span class='ocrx_word' id='word_1_394' title='bbox 526 2635 545 2667; x_wconf 84' lang='lat' dir='ltr'><em>si</em></span> <span class='ocrx_word' id='word_1_395' title='bbox 563 2637 593 2667; x_wconf 90' lang='lat' dir='ltr'><em>id</em></span> <span class='ocrx_word' id='word_1_396' title='bbox 612 2635 678 2667; x_wconf 86' lang='lat' dir='ltr'><em>fieri</em></span> <span class='ocrx_word' id='word_1_397' title='bbox 694 2643 832 2675; x_wconf 78' lang='lat' dir='ltr'><em>nequeat</em></span> <span class='ocrx_word' id='word_1_398' title='bbox 851 2635 913 2665; x_wconf 83' lang='lat' dir='ltr'><em>hoe</em></span> <span class='ocrx_word' id='word_1_399' title='bbox 933 2636 962 2666; x_wconf 92' lang='lat' dir='ltr'><em>in</em></span> <span class='ocrx_word' id='word_1_400' title='bbox 980 2634 1048 2665; x_wconf 84' lang='lat' dir='ltr'><em>casu</em></span> <span class='ocrx_word' id='word_1_401' title='bbox 1061 2657 1069 2671; x_wconf 89' lang='lat'>‚</span> 
     </span>
     <span class='ocr_line' id='line_1_57' title="bbox 209 2676 1070 2720; baseline -0.003 -11"><span class='ocrx_word' id='word_1_402' title='bbox 209 2685 345 2720; x_wconf 85' lang='lat' dir='ltr'><em>propter</em></span> <span class='ocrx_word' id='word_1_403' title='bbox 360 2677 553 2708; x_wconf 81' lang='lat' dir='ltr'><em>subsecutam</em></span> <span class='ocrx_word' id='word_1_404' title='bbox 571 2677 862 2714; x_wconf 82' lang='lat' dir='ltr'><em>nianumissionem,</em></span> <span class='ocrx_word' id='word_1_405' title='bbox 886 2677 916 2707; x_wconf 89' lang='lat' dir='ltr'><em>in</em></span> <span class='ocrx_word' id='word_1_406' title='bbox 933 2676 964 2707; x_wconf 90' lang='lat' dir='ltr'><em>id</em></span> <span class='ocrx_word' id='word_1_407' title='bbox 983 2676 1070 2715; x_wconf 81' lang='lat' dir='ltr'><em>quod</em></span> 
     </span>
     <span class='ocr_line' id='line_1_58' title="bbox 208 2716 1069 2757; baseline -0.002 -8"><span class='ocrx_word' id='word_1_408' title='bbox 208 2719 388 2751; x_wconf 84' lang='lat' dir='ltr'><em>venditoris</em></span> <span class='ocrx_word' id='word_1_409' title='bbox 420 2718 591 2757; x_wconf 76' lang='lat' dir='ltr'><em>interfuit,</em></span> <span class='ocrx_word' id='word_1_410' title='bbox 630 2727 694 2749; x_wconf 90' lang='lat' dir='ltr'><em>non</em></span> <span class='ocrx_word' id='word_1_411' title='bbox 724 2719 902 2749; x_wconf 81' lang='lat' dir='ltr'><em>manumitti</em></span> <span class='ocrx_word' id='word_1_412' title='bbox 935 2716 1069 2748; x_wconf 83' lang='lat' dir='ltr'><em>servum.</em></span> 
     </span>
     <span class='ocr_line' id='line_1_59' title="bbox 209 2758 1073 2800; baseline -0.005 -8"><span class='ocrx_word' id='word_1_413' title='bbox 209 2760 310 2799; x_wconf 87' lang='lat' dir='ltr'><em>Hoc,</em></span> <span class='ocrx_word' id='word_1_414' title='bbox 330 2759 352 2791; x_wconf 89' lang='lat' dir='ltr'>fi</span> <span class='ocrx_word' id='word_1_415' title='bbox 368 2768 495 2800; x_wconf 86' lang='lat' dir='ltr'><em>emptor</em></span> <span class='ocrx_word' id='word_1_416' title='bbox 511 2760 575 2791; x_wconf 88' lang='lat' dir='ltr'><em>doli</em></span> <span class='ocrx_word' id='word_1_417' title='bbox 595 2760 752 2799; x_wconf 77' lang='lat' dir='ltr'><em>particeps</em></span> <span class='ocrx_word' id='word_1_418' title='bbox 771 2759 831 2790; x_wconf 81' lang='lat' dir='ltr'><em>cst:</em></span> <span class='ocrx_word' id='word_1_419' title='bbox 865 2758 907 2789; x_wconf 81' lang='lat' dir='ltr'><em>sin</em></span> <span class='ocrx_word' id='word_1_420' title='bbox 928 2758 1004 2789; x_wconf 87' lang='lat' dir='ltr'><em>dolo</em></span> <span class='ocrx_word' id='word_1_421' title='bbox 1023 2767 1073 2788; x_wconf 84' lang='lat' dir='ltr'><em>ca-</em></span> 
     </span>
     <span class='ocr_line' id='line_1_60' title="bbox 210 2799 1071 2840; baseline -0.005 -6"><span class='ocrx_word' id='word_1_422' title='bbox 210 2809 279 2840; x_wconf 82' lang='lat' dir='ltr'><em>ret,</em></span> <span class='ocrx_word' id='word_1_423' title='bbox 304 2802 454 2833; x_wconf 91' lang='lat' dir='ltr'><em>venditor</em></span> <span class='ocrx_word' id='word_1_424' title='bbox 478 2808 570 2831; x_wconf 65' lang='lat' dir='ltr'><em>aetate</em></span> <span class='ocrx_word' id='word_1_425' title='bbox 588 2799 674 2831; x_wconf 70' lang='lat' dir='ltr'><em>laesus</em></span> <span class='ocrx_word' id='word_1_426' title='bbox 691 2800 754 2838; x_wconf 78' lang='lat' dir='ltr'><em>est3</em></span> <span class='ocrx_word' id='word_1_427' title='bbox 779 2800 851 2839; x_wconf 76' lang='lat' dir='ltr'><em>jure</em></span> <span class='ocrx_word' id='word_1_428' title='bbox 869 2799 1024 2830; x_wconf 75' lang='lat' dir='ltr'><em>Prcetorio</em></span> <span class='ocrx_word' id='word_1_429' title='bbox 1042 2799 1071 2830; x_wconf 90' lang='lat' dir='ltr'><em>ei</em></span> 
     </span>
     <span class='ocr_line' id='line_1_61' title="bbox 209 2840 1073 2883; baseline -0.005 -8"><span class='ocrx_word' id='word_1_430' title='bbox 209 2844 244 2875; x_wconf 85' lang='lat' dir='ltr'><em>in</em></span> <span class='ocrx_word' id='word_1_431' title='bbox 269 2844 426 2883; x_wconf 77' lang='lat' dir='ltr'><em>integrum</em></span> <span class='ocrx_word' id='word_1_432' title='bbox 456 2842 612 2873; x_wconf 88' lang='lat' dir='ltr'><em>restitutio</em></span> <span class='ocrx_word' id='word_1_433' title='bbox 645 2841 835 2881; x_wconf 81' lang='lat' dir='ltr'><em>indulgetur.</em></span> <span class='ocrx_word' id='word_1_434' title='bbox 886 2840 1073 2880; x_wconf 84' lang='lat' dir='ltr'><em>Utcumque</em></span> 
     </span>
     <span class='ocr_line' id='line_1_62' title="bbox 210 2882 1073 2925; baseline -0.005 -9"><span class='ocrx_word' id='word_1_435' title='bbox 210 2885 309 2925; x_wconf 81' lang='lat' dir='ltr'><em>igitur</em></span> <span class='ocrx_word' id='word_1_436' title='bbox 330 2883 389 2915; x_wconf 89' lang='lat' dir='ltr'><em>erit</em></span> <span class='ocrx_word' id='word_1_437' title='bbox 412 2884 442 2914; x_wconf 92' lang='lat' dir='ltr'><em>in</em></span> <span class='ocrx_word' id='word_1_438' title='bbox 460 2882 571 2922; x_wconf 85' lang='lat' dir='ltr'><em>Juliani</em></span> <span class='ocrx_word' id='word_1_439' title='bbox 595 2883 743 2921; x_wconf 78' lang='lat' dir='ltr'><em>exemplo</em></span> <span class='ocrx_word' id='word_1_440' title='bbox 761 2893 768 2913; x_wconf 92' lang='lat'>:</span> <span class='ocrx_word' id='word_1_441' title='bbox 802 2883 892 2913; x_wconf 83' lang='lat' dir='ltr'><em>datur</em></span> <span class='ocrx_word' id='word_1_442' title='bbox 911 2882 1073 2913; x_wconf 86' lang='lat' dir='ltr'><em>venditori</em></span> 
     </span>
     <span class='ocr_line' id='line_1_63' title="bbox 212 2922 1073 2963; baseline -0.006 -6"><span class='ocrx_word' id='word_1_443' title='bbox 212 2927 253 2957; x_wconf 87' lang='lat' dir='ltr'><em>de</em></span> <span class='ocrx_word' id='word_1_444' title='bbox 279 2925 357 2957; x_wconf 91' lang='lat' dir='ltr'><em>dolo</em></span> <span class='ocrx_word' id='word_1_445' title='bbox 383 2924 488 2962; x_wconf 65' lang='lat' dir='ltr'><em>aetio,</em></span> <span class='ocrx_word' id='word_1_446' title='bbox 525 2923 579 2955; x_wconf 86' lang='lat' dir='ltr'><em>etfi</em></span> <span class='ocrx_word' id='word_1_447' title='bbox 610 2922 715 2963; x_wconf 81' lang='lat' dir='ltr'><em>potest</em></span> <span class='ocrx_word' id='word_1_448' title='bbox 740 2924 767 2954; x_wconf 89' lang='lat' dir='ltr'><em>ei</em></span> <span class='ocrx_word' id='word_1_449' title='bbox 792 2933 840 2953; x_wconf 85' lang='lat' dir='ltr'><em>res</em></span> <span class='ocrx_word' id='word_1_450' title='bbox 873 2923 962 2954; x_wconf 84' lang='lat' dir='ltr'><em>aliter</em></span> <span class='ocrx_word' id='word_1_451' title='bbox 992 2922 1073 2954; x_wconf 81' lang='lat' dir='ltr'><em>salva</em></span> 
     </span>
     <span class='ocr_line' id='line_1_64' title="bbox 212 2964 1074 3006; baseline -0.003 -8"><span class='ocrx_word' id='word_1_452' title='bbox 212 2966 298 3005; x_wconf 80' lang='lat' dir='ltr'><em>effe,</em></span> <span class='ocrx_word' id='word_1_453' title='bbox 321 2975 414 3006; x_wconf 79' lang='lat' dir='ltr'><em>quam</em></span> <span class='ocrx_word' id='word_1_454' title='bbox 431 2965 556 2996; x_wconf 67' lang='lat' dir='ltr'><em>athone</em></span> <span class='ocrx_word' id='word_1_455' title='bbox 575 2965 615 2995; x_wconf 88' lang='lat' dir='ltr'><em>de</em></span> <span class='ocrx_word' id='word_1_456' title='bbox 639 2964 734 2995; x_wconf 89' lang='lat' dir='ltr'><em>dolo:</em></span> <span class='ocrx_word' id='word_1_457' title='bbox 758 2965 829 3003; x_wconf 82' lang='lat' dir='ltr'><em>quia</em></span> <span class='ocrx_word' id='word_1_458' title='bbox 853 2965 943 2995; x_wconf 69' lang='lat' dir='ltr'><em>(latur</em></span> <span class='ocrx_word' id='word_1_459' title='bbox 966 2964 1074 2995; x_wconf 87' lang='lat' dir='ltr'><em>vendi-</em></span> 
     </span>
     <span class='ocr_line' id='line_1_65' title="bbox 213 3004 1073 3044; baseline -0.003 -5"><span class='ocrx_word' id='word_1_460' title='bbox 213 3009 277 3039; x_wconf 79' lang='lat' dir='ltr'><em>tori</em></span> <span class='ocrx_word' id='word_1_461' title='bbox 298 3008 384 3039; x_wconf 87' lang='lat' dir='ltr'><em>utilis</em></span> <span class='ocrx_word' id='word_1_462' title='bbox 413 3007 532 3038; x_wconf 88' lang='lat' dir='ltr'><em>venditi</em></span> <span class='ocrx_word' id='word_1_463' title='bbox 555 3005 638 3036; x_wconf 59' lang='lat' dir='ltr'><em>attio</em></span> <span class='ocrx_word' id='word_1_464' title='bbox 656 3028 665 3044; x_wconf 95' lang='lat'><em>,</em></span> <span class='ocrx_word' id='word_1_465' title='bbox 696 3004 723 3038; x_wconf 76' lang='lat' dir='ltr'><em>fi,</em></span> <span class='ocrx_word' id='word_1_466' title='bbox 740 3008 894 3044; x_wconf 83' lang='lat' dir='ltr'><em>emptoris</em></span> <span class='ocrx_word' id='word_1_467' title='bbox 911 3005 1004 3036; x_wconf 88' lang='lat' dir='ltr'><em>dolus</em></span> <span class='ocrx_word' id='word_1_468' title='bbox 1027 3015 1073 3036; x_wconf 82' lang='lat' dir='ltr'><em>ar-</em></span> 
     </span>
     <span class='ocr_line' id='line_1_66' title="bbox 211 3042 1070 3088; baseline -0.001 -10"><span class='ocrx_word' id='word_1_469' title='bbox 211 3050 342 3088; x_wconf 71' lang='lat' dir='ltr'><em>guitur,</em></span> <span class='ocrx_word' id='word_1_470' title='bbox 373 3055 426 3079; x_wconf 84' lang='lat' dir='ltr'><em>aut</em></span> <span class='ocrx_word' id='word_1_471' title='bbox 451 3050 481 3079; x_wconf 89' lang='lat' dir='ltr'><em>in</em></span> <span class='ocrx_word' id='word_1_472' title='bbox 506 3048 663 3087; x_wconf 83' lang='lat' dir='ltr'><em>integrum</em></span> <span class='ocrx_word' id='word_1_473' title='bbox 683 3042 839 3077; x_wconf 79' lang='lat' dir='ltr'><em>restitutio</em></span> <span class='ocrx_word' id='word_1_474' title='bbox 855 3069 864 3083; x_wconf 94' lang='lat'>‚</span> <span class='ocrx_word' id='word_1_475' title='bbox 896 3045 917 3076; x_wconf 89' lang='lat' dir='ltr'>fi</span> <span class='ocrx_word' id='word_1_476' title='bbox 936 3056 1000 3077; x_wconf 88' lang='lat' dir='ltr'><em>non</em></span> <span class='ocrx_word' id='word_1_477' title='bbox 1025 3055 1070 3077; x_wconf 86' lang='lat' dir='ltr'><em>ar-</em></span> 
     </span>
     <span class='ocr_line' id='line_1_67' title="bbox 213 3087 1071 3129; baseline -0.002 -9"><span class='ocrx_word' id='word_1_478' title='bbox 213 3090 320 3128; x_wconf 84' lang='lat' dir='ltr'><em>guitur</em></span> <span class='ocrx_word' id='word_1_479' title='bbox 339 3089 430 3120; x_wconf 88' lang='lat' dir='ltr'><em>dolus</em></span> <span class='ocrx_word' id='word_1_480' title='bbox 455 3090 538 3129; x_wconf 81' lang='lat' dir='ltr'><em>ejus:</em></span> <span class='ocrx_word' id='word_1_481' title='bbox 563 3090 591 3118; x_wconf 70' lang='lat' dir='ltr'><em>cz</em></span> <span class='ocrx_word' id='word_1_482' title='bbox 616 3096 722 3119; x_wconf 87' lang='lat' dir='ltr'><em>tamen</em></span> <span class='ocrx_word' id='word_1_483' title='bbox 746 3096 762 3117; x_wconf 85' lang='lat' dir='ltr'><em>a</em></span> <span class='ocrx_word' id='word_1_484' title='bbox 783 3087 906 3126; x_wconf 75' lang='lat' dir='ltr'><em>juliano</em></span> <span class='ocrx_word' id='word_1_485' title='bbox 931 3087 970 3117; x_wconf 92' lang='lat' dir='ltr'><em>dc</em></span> <span class='ocrx_word' id='word_1_486' title='bbox 993 3087 1071 3118; x_wconf 93' lang='lat' dir='ltr'><em>dolo</em></span> 
     </span>
     <span class='ocr_line' id='line_1_68' title="bbox 214 3127 1071 3169; baseline -0.002 -10"><span class='ocrx_word' id='word_1_487' title='bbox 214 3128 298 3160; x_wconf 69' lang='lat' dir='ltr'><em>attio</em></span> <span class='ocrx_word' id='word_1_488' title='bbox 315 3131 515 3162; x_wconf 86' lang='lat' dir='ltr'><em>conceditur.</em></span> <span class='ocrx_word' id='word_1_489' title='bbox 558 3128 696 3169; x_wconf 70' lang='lat' dir='ltr'><em>Exposui</em></span> <span class='ocrx_word' id='word_1_490' title='bbox 720 3128 880 3168; x_wconf 86' lang='lat' dir='ltr'><em>duplicem</em></span> <span class='ocrx_word' id='word_1_491' title='bbox 905 3127 1071 3158; x_wconf 81' lang='lat' dir='ltr'><em>difficulta-</em></span> 
     </span>
     <span class='ocr_line' id='line_1_69' title="bbox 214 3167 1071 3211; baseline 0 -11"><span class='ocrx_word' id='word_1_492' title='bbox 214 3177 293 3200; x_wconf 84' lang='lat' dir='ltr'><em>tem.</em></span> <span class='ocrx_word' id='word_1_493' title='bbox 336 3169 449 3202; x_wconf 82' lang='lat' dir='ltr'><em>Dicam</em></span> <span class='ocrx_word' id='word_1_494' title='bbox 467 3195 476 3208; x_wconf 84' lang='lat'>‚</span> <span class='ocrx_word' id='word_1_495' title='bbox 511 3171 587 3211; x_wconf 80' lang='lat' dir='ltr'><em>quid</em></span> <span class='ocrx_word' id='word_1_496' title='bbox 605 3170 730 3210; x_wconf 83' lang='lat' dir='ltr'><em>utrique</em></span> <span class='ocrx_word' id='word_1_497' title='bbox 752 3175 888 3209; x_wconf 85' lang='lat' dir='ltr'><em>reponat</em></span> <span class='ocrx_word' id='word_1_498' title='bbox 905 3167 1071 3208; x_wconf 55' lang='lat' dir='ltr'><em>Ulpi-anum</em></span> 
     </span>
     <span class='ocr_line' id='line_1_70' title="bbox 214 3209 1072 3254; baseline -0.003 -13"><span class='ocrx_word' id='word_1_499' title='bbox 214 3211 304 3250; x_wconf 83' lang='lat' dir='ltr'><em>prior</em></span> <span class='ocrx_word' id='word_1_500' title='bbox 325 3210 491 3254; x_wconf 80' lang='lat' dir='ltr'><em>difficultas</em></span> <span class='ocrx_word' id='word_1_501' title='bbox 513 3213 581 3243; x_wconf 83' lang='lat' dir='ltr'><em>est:</em></span> <span class='ocrx_word' id='word_1_502' title='bbox 614 3212 701 3251; x_wconf 88' lang='lat' dir='ltr'><em>quod</em></span> <span class='ocrx_word' id='word_1_503' title='bbox 718 3234 728 3250; x_wconf 90' lang='lat'><em>,</em></span> <span class='ocrx_word' id='word_1_504' title='bbox 757 3210 776 3241; x_wconf 82' lang='lat' dir='ltr'><strong>fi</strong></span> <span class='ocrx_word' id='word_1_505' title='bbox 804 3209 957 3249; x_wconf 85' lang='lat' dir='ltr'><em>emptoris</em></span> <span class='ocrx_word' id='word_1_506' title='bbox 980 3209 1072 3239; x_wconf 89' lang='lat' dir='ltr'><em>dolus</em></span> 
     </span>
     <span class='ocr_line' id='line_1_71' title="bbox 210 3249 1073 3290; baseline -0.006 -5"><span class='ocrx_word' id='word_1_507' title='bbox 210 3252 411 3290; x_wconf 71' lang='lat' dir='ltr'><em>intervenit,</em></span> <span class='ocrx_word' id='word_1_508' title='bbox 444 3254 534 3285; x_wconf 73' lang='lat' dir='ltr'><em>datur</em></span> <span class='ocrx_word' id='word_1_509' title='bbox 559 3253 717 3284; x_wconf 83' lang='lat' dir='ltr'><em>venditori</em></span> <span class='ocrx_word' id='word_1_510' title='bbox 742 3251 826 3283; x_wconf 86' lang='lat' dir='ltr'><em>utilis</em></span> <span class='ocrx_word' id='word_1_511' title='bbox 844 3250 966 3283; x_wconf 80' lang='lat' dir='ltr'><em>venditi</em></span> <span class='ocrx_word' id='word_1_512' title='bbox 991 3249 1073 3281; x_wconf 66' lang='lat' dir='ltr'><em>attio</em></span> 
     </span>
    </p>
   </div>
   <div class='ocr_carea' id='block_1_6' title="bbox 1105 522 1988 3330">
    <p class='ocr_par' dir='ltr' id='par_1_9' title="bbox 1105 522 1975 1767">
     <span class='ocr_line' id='line_1_72' title="bbox 1105 522 1966 574; baseline 0.001 -15"><span class='ocrx_word' id='word_1_513' title='bbox 1105 527 1252 574; x_wconf 78' lang='lat' dir='ltr'><em>adversus</em></span> <span class='ocrx_word' id='word_1_514' title='bbox 1273 535 1473 568; x_wconf 82' lang='lat' dir='ltr'><em>emptorem:</em></span> <span class='ocrx_word' id='word_1_515' title='bbox 1498 529 1594 561; x_wconf 82' lang='lat' dir='ltr'><em>habet</em></span> <span class='ocrx_word' id='word_1_516' title='bbox 1613 529 1707 570; x_wconf 84' lang='lat' dir='ltr'><em>igitur</em></span> <span class='ocrx_word' id='word_1_517' title='bbox 1726 528 1833 560; x_wconf 88' lang='lat' dir='ltr'><em>locum</em></span> <span class='ocrx_word' id='word_1_518' title='bbox 1850 528 1890 560; x_wconf 88' lang='lat' dir='ltr'><em>de</em></span> <span class='ocrx_word' id='word_1_519' title='bbox 1908 522 1966 560; x_wconf 82' lang='lat' dir='ltr'><em>do-</em></span> 
     </span>
     <span class='ocr_line' id='line_1_73' title="bbox 1107 569 1968 610; baseline 0.002 -11"><span class='ocrx_word' id='word_1_520' title='bbox 1107 570 1139 600; x_wconf 90' lang='lat' dir='ltr'><em>lo</em></span> <span class='ocrx_word' id='word_1_521' title='bbox 1160 569 1243 600; x_wconf 72' lang='lat' dir='ltr'><em>atho</em></span> <span class='ocrx_word' id='word_1_522' title='bbox 1268 580 1309 601; x_wconf 78' lang='lat' dir='ltr'><em>ex</em></span> <span class='ocrx_word' id='word_1_523' title='bbox 1327 570 1440 609; x_wconf 74' lang='lat' dir='ltr'><em>juliani</em></span> <span class='ocrx_word' id='word_1_524' title='bbox 1464 570 1637 610; x_wconf 83' lang='lat' dir='ltr'><em>sententia,</em></span> <span class='ocrx_word' id='word_1_525' title='bbox 1661 580 1733 602; x_wconf 84' lang='lat' dir='ltr'><em>cum</em></span> <span class='ocrx_word' id='word_1_526' title='bbox 1752 581 1801 602; x_wconf 88' lang='lat' dir='ltr'><em>res</em></span> <span class='ocrx_word' id='word_1_527' title='bbox 1818 570 1882 601; x_wconf 83' lang='lat' dir='ltr'><em>alio</em></span> <span class='ocrx_word' id='word_1_528' title='bbox 1899 579 1968 601; x_wconf 59' lang='lat' dir='ltr'><em>moa</em></span> 
     </span>
     <span class='ocr_line' id='line_1_74' title="bbox 1107 611 1970 653; baseline 0.001 -12"><span class='ocrx_word' id='word_1_529' title='bbox 1107 612 1150 641; x_wconf 93' lang='lat' dir='ltr'><em>do</em></span> <span class='ocrx_word' id='word_1_530' title='bbox 1168 611 1197 641; x_wconf 89' lang='lat' dir='ltr'><em>ei</em></span> <span class='ocrx_word' id='word_1_531' title='bbox 1219 611 1258 642; x_wconf 85' lang='lat' dir='ltr'><em>ad</em></span> <span class='ocrx_word' id='word_1_532' title='bbox 1283 620 1379 651; x_wconf 87' lang='lat' dir='ltr'><em>quem</em></span> <span class='ocrx_word' id='word_1_533' title='bbox 1395 613 1535 651; x_wconf 82' lang='lat' dir='ltr'><em>pertinet</em></span> <span class='ocrx_word' id='word_1_534' title='bbox 1554 636 1563 651; x_wconf 93' lang='lat'>‚</span> <span class='ocrx_word' id='word_1_535' title='bbox 1594 612 1675 644; x_wconf 76' lang='lat' dir='ltr'><em>salva</em></span> <span class='ocrx_word' id='word_1_536' title='bbox 1698 611 1760 643; x_wconf 84' lang='lat' dir='ltr'><em>esse</em></span> <span class='ocrx_word' id='word_1_537' title='bbox 1778 613 1916 653; x_wconf 86' lang='lat' dir='ltr'><em>poterit:</em></span> <span class='ocrx_word' id='word_1_538' title='bbox 1940 621 1970 642; x_wconf 78' lang='lat' dir='ltr'><em>a·</em></span> 
     </span>
     <span class='ocr_line' id='line_1_75' title="bbox 1107 651 1971 694; baseline 0.001 -12"><span class='ocrx_word' id='word_1_539' title='bbox 1107 652 1178 683; x_wconf 89' lang='lat' dir='ltr'><em>liter</em></span> <span class='ocrx_word' id='word_1_540' title='bbox 1210 659 1307 691; x_wconf 84' lang='lat' dir='ltr'><em>atque</em></span> <span class='ocrx_word' id='word_1_541' title='bbox 1335 651 1489 693; x_wconf 80' lang='lat' dir='ltr'><em>Ulpianus</em></span> <span class='ocrx_word' id='word_1_542' title='bbox 1521 656 1748 694; x_wconf 78' lang='lat' dir='ltr'><em>interpretatus</em></span> <span class='ocrx_word' id='word_1_543' title='bbox 1780 653 1835 685; x_wconf 83' lang='lat' dir='ltr'><em>est.</em></span> <span class='ocrx_word' id='word_1_544' title='bbox 1889 652 1971 684; x_wconf 83' lang='lat' dir='ltr'><em>Haec</em></span> 
     </span>
     <span class='ocr_line' id='line_1_76' title="bbox 1105 693 1971 735; baseline 0.002 -11"><span class='ocrx_word' id='word_1_545' title='bbox 1105 693 1193 734; x_wconf 88' lang='lat' dir='ltr'><em>prior</em></span> <span class='ocrx_word' id='word_1_546' title='bbox 1215 693 1404 725; x_wconf 80' lang='lat' dir='ltr'><em>difficultas:</em></span> <span class='ocrx_word' id='word_1_547' title='bbox 1427 693 1479 726; x_wconf 85' lang='lat' dir='ltr'><em>sed</em></span> <span class='ocrx_word' id='word_1_548' title='bbox 1503 694 1673 735; x_wconf 85' lang='lat' dir='ltr'><em>respondet</em></span> <span class='ocrx_word' id='word_1_549' title='bbox 1694 694 1846 735; x_wconf 84' lang='lat' dir='ltr'><em>Ulpianus</em></span> <span class='ocrx_word' id='word_1_550' title='bbox 1863 717 1872 732; x_wconf 95' lang='lat'><em>,</em></span> <span class='ocrx_word' id='word_1_551' title='bbox 1905 703 1971 726; x_wconf 85' lang='lat' dir='ltr'><em>non</em></span> 
     </span>
     <span class='ocr_line' id='line_1_77' title="bbox 1106 734 1972 776; baseline 0.001 -11"><span class='ocrx_word' id='word_1_552' title='bbox 1106 735 1208 766; x_wconf 86' lang='lat' dir='ltr'><em>videri</em></span> <span class='ocrx_word' id='word_1_553' title='bbox 1224 734 1380 774; x_wconf 87' lang='lat' dir='ltr'><em>Julianum</em></span> <span class='ocrx_word' id='word_1_554' title='bbox 1402 734 1522 767; x_wconf 82' lang='lat' dir='ltr'><em>sensisse</em></span> <span class='ocrx_word' id='word_1_555' title='bbox 1542 738 1582 768; x_wconf 90' lang='lat' dir='ltr'><em>de</em></span> <span class='ocrx_word' id='word_1_556' title='bbox 1606 736 1676 767; x_wconf 81' lang='lat' dir='ltr'><em>casu</em></span> <span class='ocrx_word' id='word_1_557' title='bbox 1697 746 1761 776; x_wconf 86' lang='lat' dir='ltr'><em>quo</em></span> <span class='ocrx_word' id='word_1_558' title='bbox 1780 743 1908 775; x_wconf 78' lang='lat' dir='ltr'><em>emptor</em></span> <span class='ocrx_word' id='word_1_559' title='bbox 1926 735 1972 766; x_wconf 77' lang='lat' dir='ltr'><em>eit</em></span> 
     </span>
     <span class='ocr_line' id='line_1_78' title="bbox 1105 777 1971 817; baseline -0.001 -10"><span class='ocrx_word' id='word_1_560' title='bbox 1105 777 1183 807; x_wconf 92' lang='lat' dir='ltr'><em>dolo</em></span> <span class='ocrx_word' id='word_1_561' title='bbox 1208 777 1372 816; x_wconf 85' lang='lat' dir='ltr'><em>proximus</em></span> <span class='ocrx_word' id='word_1_562' title='bbox 1392 786 1402 815; x_wconf 70' lang='grc' dir='ltr'><strong>ς</strong></span> <span class='ocrx_word' id='word_1_563' title='bbox 1434 777 1487 808; x_wconf 89' lang='lat' dir='ltr'><em>sed</em></span> <span class='ocrx_word' id='word_1_564' title='bbox 1506 778 1546 808; x_wconf 88' lang='lat' dir='ltr'><em>de</em></span> <span class='ocrx_word' id='word_1_565' title='bbox 1573 778 1642 809; x_wconf 84' lang='lat' dir='ltr'><em>casu</em></span> <span class='ocrx_word' id='word_1_566' title='bbox 1661 787 1725 817; x_wconf 85' lang='lat' dir='ltr'><em>quo</em></span> <span class='ocrx_word' id='word_1_567' title='bbox 1745 785 1875 817; x_wconf 87' lang='lat' dir='ltr'><em>emptor</em></span> <span class='ocrx_word' id='word_1_568' title='bbox 1893 777 1971 807; x_wconf 88' lang='lat' dir='ltr'><em>dolo</em></span> 
     </span>
     <span class='ocr_line' id='line_1_79' title="bbox 1105 818 1972 858; baseline 0 -10"><span class='ocrx_word' id='word_1_569' title='bbox 1105 826 1220 849; x_wconf 80' lang='lat' dir='ltr'><em>vacat:</em></span> <span class='ocrx_word' id='word_1_570' title='bbox 1252 818 1282 849; x_wconf 66' lang='grc' dir='ltr'><em>ὅ(</em></span> <span class='ocrx_word' id='word_1_571' title='bbox 1307 818 1466 850; x_wconf 71' lang='lat' dir='ltr'><em>aulonem</em></span> <span class='ocrx_word' id='word_1_572' title='bbox 1492 828 1532 850; x_wconf 87' lang='lat' dir='ltr'><em>ex</em></span> <span class='ocrx_word' id='word_1_573' title='bbox 1561 819 1693 850; x_wconf 88' lang='lat' dir='ltr'><em>vendito</em></span> <span class='ocrx_word' id='word_1_574' title='bbox 1719 819 1877 849; x_wconf 84' lang='lat' dir='ltr'><em>venditori</em></span> <span class='ocrx_word' id='word_1_575' title='bbox 1904 818 1972 858; x_wconf 83' lang='lat' dir='ltr'><em>qui-</em></span> 
     </span>
     <span class='ocr_line' id='line_1_80' title="bbox 1105 859 1972 900; baseline -0.001 -10"><span class='ocrx_word' id='word_1_576' title='bbox 1105 859 1179 890; x_wconf 87' lang='lat' dir='ltr'><em>dem</em></span> <span class='ocrx_word' id='word_1_577' title='bbox 1199 860 1239 890; x_wconf 89' lang='lat' dir='ltr'><em>de</em></span> <span class='ocrx_word' id='word_1_578' title='bbox 1265 859 1342 890; x_wconf 86' lang='lat' dir='ltr'><em>dolo</em></span> <span class='ocrx_word' id='word_1_579' title='bbox 1360 860 1426 891; x_wconf 79' lang='lat' dir='ltr'><em>clari</em></span> <span class='ocrx_word' id='word_1_580' title='bbox 1450 859 1598 891; x_wconf 78' lang='lat' dir='ltr'><em>adversus</em></span> <span class='ocrx_word' id='word_1_581' title='bbox 1617 867 1795 900; x_wconf 80' lang='lat' dir='ltr'><em>emptorem</em></span> <span class='ocrx_word' id='word_1_582' title='bbox 1810 883 1819 897; x_wconf 87' lang='lat'>‚</span> <span class='ocrx_word' id='word_1_583' title='bbox 1851 868 1924 890; x_wconf 88' lang='lat' dir='ltr'><em>cum</em></span> <span class='ocrx_word' id='word_1_584' title='bbox 1947 859 1972 890; x_wconf 86' lang='lat' dir='ltr'><em>is</em></span> 
     </span>
     <span class='ocr_line' id='line_1_81' title="bbox 1106 900 1972 942; baseline -0.001 -11"><span class='ocrx_word' id='word_1_585' title='bbox 1106 900 1216 931; x_wconf 87' lang='lat' dir='ltr'><em>dolum</em></span> <span class='ocrx_word' id='word_1_586' title='bbox 1233 900 1408 940; x_wconf 81' lang='lat' dir='ltr'><em>commifit3</em></span> <span class='ocrx_word' id='word_1_587' title='bbox 1432 900 1484 932; x_wconf 89' lang='lat' dir='ltr'><em>sed</em></span> <span class='ocrx_word' id='word_1_588' title='bbox 1500 911 1565 933; x_wconf 89' lang='lat' dir='ltr'><em>non</em></span> <span class='ocrx_word' id='word_1_589' title='bbox 1585 911 1675 942; x_wconf 83' lang='lat' dir='ltr'><em>aeque</em></span> <span class='ocrx_word' id='word_1_590' title='bbox 1691 925 1699 939; x_wconf 91' lang='lat'><em>‚</em></span> <span class='ocrx_word' id='word_1_591' title='bbox 1732 901 1752 933; x_wconf 79' lang='lat' dir='ltr'><em>ii</em></span> <span class='ocrx_word' id='word_1_592' title='bbox 1769 910 1784 932; x_wconf 83' lang='lat' dir='ltr'><em>a</em></span> <span class='ocrx_word' id='word_1_593' title='bbox 1805 901 1882 932; x_wconf 91' lang='lat' dir='ltr'><em>dolo</em></span> <span class='ocrx_word' id='word_1_594' title='bbox 1898 900 1972 931; x_wconf 79' lang='lat' dir='ltr'><em>alie-</em></span> 
     </span>
     <span class='ocr_line' id='line_1_82' title="bbox 1108 941 1972 983; baseline -0.001 -10"><span class='ocrx_word' id='word_1_595' title='bbox 1108 951 1167 973; x_wconf 87' lang='lat' dir='ltr'><em>nus</em></span> <span class='ocrx_word' id='word_1_596' title='bbox 1198 942 1400 981; x_wconf 88' lang='lat' dir='ltr'><em>proponitur.</em></span> <span class='ocrx_word' id='word_1_597' title='bbox 1439 943 1535 983; x_wconf 81' lang='lat' dir='ltr'><em>igitur</em></span> <span class='ocrx_word' id='word_1_598' title='bbox 1565 943 1720 983; x_wconf 82' lang='lat' dir='ltr'><em>Julianum</em></span> <span class='ocrx_word' id='word_1_599' title='bbox 1756 952 1820 974; x_wconf 93' lang='lat' dir='ltr'><em>non</em></span> <span class='ocrx_word' id='word_1_600' title='bbox 1852 941 1972 973; x_wconf 77' lang='lat' dir='ltr'><em>dedisse</em></span> 
     </span>
     <span class='ocr_line' id='line_1_83' title="bbox 1108 983 1971 1023; baseline 0 -10"><span class='ocrx_word' id='word_1_601' title='bbox 1108 983 1267 1014; x_wconf 66' lang='lat' dir='ltr'><em>astionem</em></span> <span class='ocrx_word' id='word_1_602' title='bbox 1284 983 1324 1013; x_wconf 82' lang='lat' dir='ltr'><em>de</em></span> <span class='ocrx_word' id='word_1_603' title='bbox 1339 983 1436 1020; x_wconf 88' lang='lat' dir='ltr'><em>dolo,</em></span> <span class='ocrx_word' id='word_1_604' title='bbox 1461 992 1533 1015; x_wconf 91' lang='lat' dir='ltr'><em>cum</em></span> <span class='ocrx_word' id='word_1_605' title='bbox 1551 994 1600 1015; x_wconf 83' lang='lat' dir='ltr'><em>res</em></span> <span class='ocrx_word' id='word_1_606' title='bbox 1618 984 1723 1023; x_wconf 84' lang='lat' dir='ltr'><em>potest</em></span> <span class='ocrx_word' id='word_1_607' title='bbox 1742 984 1900 1015; x_wconf 88' lang='lat' dir='ltr'><em>venditori</em></span> <span class='ocrx_word' id='word_1_608' title='bbox 1919 984 1971 1014; x_wconf 85' lang='lat' dir='ltr'><em>ali·</em></span> 
     </span>
     <span class='ocr_line' id='line_1_84' title="bbox 1109 1022 1972 1066; baseline 0 -11"><span class='ocrx_word' id='word_1_609' title='bbox 1109 1032 1156 1055; x_wconf 91' lang='lat' dir='ltr'><em>ter</em></span> <span class='ocrx_word' id='word_1_610' title='bbox 1175 1024 1255 1056; x_wconf 86' lang='lat' dir='ltr'><em>salva</em></span> <span class='ocrx_word' id='word_1_611' title='bbox 1274 1022 1345 1055; x_wconf 81' lang='lat' dir='ltr'><em>effe.</em></span> <span class='ocrx_word' id='word_1_612' title='bbox 1377 1024 1506 1055; x_wconf 82' lang='lat' dir='ltr'><em>Sublata</em></span> <span class='ocrx_word' id='word_1_613' title='bbox 1522 1024 1566 1056; x_wconf 90' lang='lat' dir='ltr'><em>est</em></span> <span class='ocrx_word' id='word_1_614' title='bbox 1583 1026 1668 1065; x_wconf 90' lang='lat' dir='ltr'><em>prior</em></span> <span class='ocrx_word' id='word_1_615' title='bbox 1685 1025 1864 1057; x_wconf 79' lang='lat' dir='ltr'><em>difficultas.</em></span> <span class='ocrx_word' id='word_1_616' title='bbox 1890 1024 1972 1066; x_wconf 82' lang='lat' dir='ltr'><em>Quae</em></span> 
     </span>
     <span class='ocr_line' id='line_1_85' title="bbox 1106 1062 1973 1105; baseline 0 -9"><span class='ocrx_word' id='word_1_617' title='bbox 1106 1065 1229 1097; x_wconf 78' lang='lat' dir='ltr'><em>altera?</em></span> <span class='ocrx_word' id='word_1_618' title='bbox 1252 1065 1342 1105; x_wconf 85' lang='lat' dir='ltr'><em>quod</em></span> <span class='ocrx_word' id='word_1_619' title='bbox 1359 1066 1529 1105; x_wconf 87' lang='lat' dir='ltr'><em>venditor,</em></span> <span class='ocrx_word' id='word_1_620' title='bbox 1552 1065 1573 1097; x_wconf 86' lang='lat' dir='ltr'>fi</span> <span class='ocrx_word' id='word_1_621' title='bbox 1591 1066 1621 1097; x_wconf 87' lang='lat'>&amp;</span> <span class='ocrx_word' id='word_1_622' title='bbox 1639 1066 1742 1097; x_wconf 88' lang='lat' dir='ltr'><em>minor</em></span> <span class='ocrx_word' id='word_1_623' title='bbox 1762 1062 1825 1104; x_wconf 87' lang='lat' dir='ltr'><em>est,</em></span> <span class='ocrx_word' id='word_1_624' title='bbox 1851 1066 1880 1096; x_wconf 72' lang='grc' dir='ltr'><em>ὅ(</em></span> <span class='ocrx_word' id='word_1_625' title='bbox 1901 1073 1973 1096; x_wconf 69' lang='lat' dir='ltr'><em>zeta·</em></span> 
     </span>
     <span class='ocr_line' id='line_1_86' title="bbox 1107 1105 1971 1147; baseline -0.001 -9"><span class='ocrx_word' id='word_1_626' title='bbox 1107 1115 1139 1138; x_wconf 85' lang='lat' dir='ltr'><em>te</em></span> <span class='ocrx_word' id='word_1_627' title='bbox 1164 1105 1265 1147; x_wconf 82' lang='lat' dir='ltr'><em>lapsus</em></span> <span class='ocrx_word' id='word_1_628' title='bbox 1281 1130 1290 1145; x_wconf 94' lang='lat'><em>,</em></span> <span class='ocrx_word' id='word_1_629' title='bbox 1322 1114 1357 1137; x_wconf 86' lang='lat' dir='ltr'><em>ut</em></span> <span class='ocrx_word' id='word_1_630' title='bbox 1378 1107 1410 1138; x_wconf 90' lang='lat' dir='ltr'><em>in</em></span> <span class='ocrx_word' id='word_1_631' title='bbox 1436 1106 1597 1147; x_wconf 83' lang='lat' dir='ltr'><em>proposita</em></span> <span class='ocrx_word' id='word_1_632' title='bbox 1616 1105 1720 1147; x_wconf 90' lang='lat' dir='ltr'><em>specie</em></span> <span class='ocrx_word' id='word_1_633' title='bbox 1736 1130 1745 1145; x_wconf 94' lang='lat'><em>,</em></span> <span class='ocrx_word' id='word_1_634' title='bbox 1776 1107 1871 1138; x_wconf 85' lang='lat' dir='ltr'><em>etiam</em></span> <span class='ocrx_word' id='word_1_635' title='bbox 1896 1116 1971 1138; x_wconf 88' lang='lat' dir='ltr'><em>cum</em></span> 
     </span>
     <span class='ocr_line' id='line_1_87' title="bbox 1109 1147 1973 1189; baseline 0 -10"><span class='ocrx_word' id='word_1_636' title='bbox 1109 1149 1195 1180; x_wconf 86' lang='lat' dir='ltr'><em>valet</em></span> <span class='ocrx_word' id='word_1_637' title='bbox 1214 1148 1415 1187; x_wconf 69' lang='lat' dir='ltr'><em>contractus,</em></span> <span class='ocrx_word' id='word_1_638' title='bbox 1441 1149 1472 1179; x_wconf 91' lang='lat' dir='ltr'><em>in</em></span> <span class='ocrx_word' id='word_1_639' title='bbox 1490 1149 1646 1189; x_wconf 82' lang='lat' dir='ltr'><em>integrum</em></span> <span class='ocrx_word' id='word_1_640' title='bbox 1663 1147 1864 1180; x_wconf 85' lang='lat' dir='ltr'><em>restitutione</em></span> <span class='ocrx_word' id='word_1_641' title='bbox 1887 1148 1973 1188; x_wconf 81' lang='lat' dir='ltr'><em>adju-</em></span> 
     </span>
     <span class='ocr_line' id='line_1_88' title="bbox 1109 1189 1974 1230; baseline -0.001 -9"><span class='ocrx_word' id='word_1_642' title='bbox 1109 1198 1219 1221; x_wconf 81' lang='lat' dir='ltr'><em>vatur:</em></span> <span class='ocrx_word' id='word_1_643' title='bbox 1243 1190 1334 1220; x_wconf 84' lang='lat' dir='ltr'><em>datur</em></span> <span class='ocrx_word' id='word_1_644' title='bbox 1353 1190 1447 1230; x_wconf 89' lang='lat' dir='ltr'><em>igitur</em></span> <span class='ocrx_word' id='word_1_645' title='bbox 1473 1199 1490 1220; x_wconf 87' lang='lat' dir='ltr'><em>a</em></span> <span class='ocrx_word' id='word_1_646' title='bbox 1507 1189 1633 1229; x_wconf 83' lang='lat' dir='ltr'><em>Juliano</em></span> <span class='ocrx_word' id='word_1_647' title='bbox 1659 1191 1698 1221; x_wconf 91' lang='lat' dir='ltr'><em>de</em></span> <span class='ocrx_word' id='word_1_648' title='bbox 1718 1190 1796 1221; x_wconf 84' lang='lat' dir='ltr'><em>dolo</em></span> <span class='ocrx_word' id='word_1_649' title='bbox 1812 1189 1895 1221; x_wconf 63' lang='lat' dir='ltr'><em>aelio</em></span> <span class='ocrx_word' id='word_1_650' title='bbox 1919 1190 1974 1220; x_wconf 87' lang='lat' dir='ltr'><em>ubi</em></span> 
     </span>
     <span class='ocr_line' id='line_1_89' title="bbox 1109 1230 1974 1271; baseline -0.001 -9"><span class='ocrx_word' id='word_1_651' title='bbox 1109 1241 1158 1263; x_wconf 84' lang='lat' dir='ltr'><em>res</em></span> <span class='ocrx_word' id='word_1_652' title='bbox 1177 1231 1267 1262; x_wconf 87' lang='lat' dir='ltr'><em>aliter</em></span> <span class='ocrx_word' id='word_1_653' title='bbox 1285 1230 1366 1262; x_wconf 86' lang='lat' dir='ltr'><em>salva</em></span> <span class='ocrx_word' id='word_1_654' title='bbox 1386 1230 1447 1262; x_wconf 84' lang='lat' dir='ltr'><em>effe</em></span> <span class='ocrx_word' id='word_1_655' title='bbox 1462 1230 1577 1271; x_wconf 85' lang='lat' dir='ltr'><em>potest.</em></span> <span class='ocrx_word' id='word_1_656' title='bbox 1620 1231 1682 1262; x_wconf 88' lang='lat' dir='ltr'><em>Sed</em></span> <span class='ocrx_word' id='word_1_657' title='bbox 1699 1231 1974 1263; x_wconf 83' lang='lat' dir='ltr'><em>animadvertebat</em></span> 
     </span>
     <span class='ocr_line' id='line_1_90' title="bbox 1109 1271 1973 1313; baseline 0 -10"><span class='ocrx_word' id='word_1_658' title='bbox 1109 1271 1265 1313; x_wconf 87' lang='lat' dir='ltr'><em>Ulpianus</em></span> <span class='ocrx_word' id='word_1_659' title='bbox 1281 1295 1291 1310; x_wconf 93' lang='lat'>‚</span> <span class='ocrx_word' id='word_1_660' title='bbox 1322 1272 1417 1303; x_wconf 86' lang='lat' dir='ltr'><em>etiam</em></span> <span class='ocrx_word' id='word_1_661' title='bbox 1440 1273 1472 1304; x_wconf 93' lang='lat' dir='ltr'><em>id</em></span> <span class='ocrx_word' id='word_1_662' title='bbox 1498 1271 1611 1303; x_wconf 82' lang='lat' dir='ltr'><em>frustra</em></span> <span class='ocrx_word' id='word_1_663' title='bbox 1627 1272 1736 1312; x_wconf 80' lang='lat' dir='ltr'><em>colligi</em></span> <span class='ocrx_word' id='word_1_664' title='bbox 1755 1284 1762 1303; x_wconf 93' lang='lat'>:</span> <span class='ocrx_word' id='word_1_665' title='bbox 1797 1273 1870 1312; x_wconf 84' lang='lat' dir='ltr'><em>quia</em></span> <span class='ocrx_word' id='word_1_666' title='bbox 1887 1273 1973 1303; x_wconf 79' lang='lat' dir='ltr'><em>idern</em></span> 
     </span>
     <span class='ocr_line' id='line_1_91' title="bbox 1110 1313 1974 1354; baseline -0.002 -9"><span class='ocrx_word' id='word_1_667' title='bbox 1110 1313 1215 1345; x_wconf 86' lang='lat' dir='ltr'><em>servus</em></span> <span class='ocrx_word' id='word_1_668' title='bbox 1240 1314 1292 1354; x_wconf 88' lang='lat' dir='ltr'><em>qui</em></span> <span class='ocrx_word' id='word_1_669' title='bbox 1319 1322 1335 1343; x_wconf 91' lang='lat' dir='ltr'>a</span> <span class='ocrx_word' id='word_1_670' title='bbox 1358 1314 1483 1345; x_wconf 87' lang='lat' dir='ltr'><em>minore</em></span> <span class='ocrx_word' id='word_1_671' title='bbox 1509 1314 1657 1345; x_wconf 87' lang='lat' dir='ltr'><em>venditus</em></span> <span class='ocrx_word' id='word_1_672' title='bbox 1680 1315 1743 1351; x_wconf 79' lang='lat' dir='ltr'><em>est,</em></span> <span class='ocrx_word' id='word_1_673' title='bbox 1775 1315 1858 1354; x_wconf 81' lang='lat' dir='ltr'><em>apud</em></span> <span class='ocrx_word' id='word_1_674' title='bbox 1881 1314 1974 1353; x_wconf 82' lang='lat' dir='ltr'><em>Julia-</em></span> 
     </span>
     <span class='ocr_line' id='line_1_92' title="bbox 1109 1354 1975 1396; baseline -0.002 -9"><span class='ocrx_word' id='word_1_675' title='bbox 1109 1365 1185 1387; x_wconf 89' lang='lat' dir='ltr'><em>num</em></span> <span class='ocrx_word' id='word_1_676' title='bbox 1211 1354 1250 1385; x_wconf 86' lang='lat' dir='ltr'><em>ab</em></span> <span class='ocrx_word' id='word_1_677' title='bbox 1278 1362 1426 1395; x_wconf 85' lang='lat' dir='ltr'><em>emptore</em></span> <span class='ocrx_word' id='word_1_678' title='bbox 1449 1354 1651 1386; x_wconf 73' lang='lat' dir='ltr'><em>manumissus</em></span> <span class='ocrx_word' id='word_1_679' title='bbox 1673 1356 1888 1396; x_wconf 84' lang='lat' dir='ltr'><em>proponitur:</em></span> <span class='ocrx_word' id='word_1_680' title='bbox 1923 1356 1975 1385; x_wconf 86' lang='lat' dir='ltr'><em>ad-</em></span> 
     </span>
     <span class='ocr_line' id='line_1_93' title="bbox 1110 1395 1975 1437; baseline 0 -11"><span class='ocrx_word' id='word_1_681' title='bbox 1110 1395 1216 1427; x_wconf 77' lang='lat' dir='ltr'><em>versus</em></span> <span class='ocrx_word' id='word_1_682' title='bbox 1233 1396 1450 1428; x_wconf 75' lang='lat' dir='ltr'><em>manumissum</em></span> <span class='ocrx_word' id='word_1_683' title='bbox 1469 1404 1574 1428; x_wconf 83' lang='lat' dir='ltr'><em>autem</em></span> <span class='ocrx_word' id='word_1_684' title='bbox 1593 1397 1675 1428; x_wconf 81' lang='lat' dir='ltr'><em>nulla</em></span> <span class='ocrx_word' id='word_1_685' title='bbox 1694 1407 1724 1428; x_wconf 83' lang='lat' dir='ltr'><em>in</em></span> <span class='ocrx_word' id='word_1_686' title='bbox 1750 1397 1907 1437; x_wconf 81' lang='lat' dir='ltr'><em>integrum</em></span> <span class='ocrx_word' id='word_1_687' title='bbox 1928 1405 1975 1426; x_wconf 87' lang='lat' dir='ltr'><em>re-</em></span> 
     </span>
     <span class='ocr_line' id='line_1_94' title="bbox 1110 1437 1971 1478; baseline -0.001 -10"><span class='ocrx_word' id='word_1_688' title='bbox 1110 1438 1231 1469; x_wconf 87' lang='lat' dir='ltr'><em>stitutio</em></span> <span class='ocrx_word' id='word_1_689' title='bbox 1258 1437 1366 1469; x_wconf 90' lang='lat' dir='ltr'><em>locum</em></span> <span class='ocrx_word' id='word_1_690' title='bbox 1390 1438 1497 1469; x_wconf 84' lang='lat' dir='ltr'><em>habet.</em></span> <span class='ocrx_word' id='word_1_691' title='bbox 1521 1447 1586 1469; x_wconf 88' lang='lat' dir='ltr'><em>non</em></span> <span class='ocrx_word' id='word_1_692' title='bbox 1609 1438 1702 1478; x_wconf 84' lang='lat' dir='ltr'><em>igitur</em></span> <span class='ocrx_word' id='word_1_693' title='bbox 1727 1439 1832 1477; x_wconf 82' lang='lat' dir='ltr'><em>potest</em></span> <span class='ocrx_word' id='word_1_694' title='bbox 1856 1438 1898 1468; x_wconf 89' lang='lat' dir='ltr'><em>ibi</em></span> <span class='ocrx_word' id='word_1_695' title='bbox 1916 1437 1971 1468; x_wconf 89' lang='lat' dir='ltr'><em>mi-</em></span> 
     </span>
     <span class='ocr_line' id='line_1_95' title="bbox 1111 1479 1973 1519; baseline -0.001 -9"><span class='ocrx_word' id='word_1_696' title='bbox 1111 1480 1180 1510; x_wconf 92' lang='lat' dir='ltr'><em>nori</em></span> <span class='ocrx_word' id='word_1_697' title='bbox 1199 1502 1208 1518; x_wconf 95' lang='lat'><em>,</em></span> <span class='ocrx_word' id='word_1_698' title='bbox 1240 1479 1409 1519; x_wconf 83' lang='lat' dir='ltr'><em>eidemque</em></span> <span class='ocrx_word' id='word_1_699' title='bbox 1432 1479 1615 1517; x_wconf 84' lang='lat' dir='ltr'><em>venditori,</em></span> <span class='ocrx_word' id='word_1_700' title='bbox 1648 1480 1697 1509; x_wconf 89' lang='lat' dir='ltr'><em>cui</em></span> <span class='ocrx_word' id='word_1_701' title='bbox 1716 1488 1820 1519; x_wconf 84' lang='lat' dir='ltr'><em>neque</em></span> <span class='ocrx_word' id='word_1_702' title='bbox 1846 1481 1875 1509; x_wconf 92' lang='lat' dir='ltr'><em>in</em></span> <span class='ocrx_word' id='word_1_703' title='bbox 1894 1479 1973 1509; x_wconf 87' lang='lat' dir='ltr'><em>inte-</em></span> 
     </span>
     <span class='ocr_line' id='line_1_96' title="bbox 1109 1520 1969 1562; baseline -0.002 -10"><span class='ocrx_word' id='word_1_704' title='bbox 1109 1529 1200 1562; x_wconf 85' lang='lat' dir='ltr'><em>grum</em></span> <span class='ocrx_word' id='word_1_705' title='bbox 1221 1520 1396 1559; x_wconf 87' lang='lat' dir='ltr'><em>restitutio,</em></span> <span class='ocrx_word' id='word_1_706' title='bbox 1427 1530 1531 1561; x_wconf 85' lang='lat' dir='ltr'><em>neque</em></span> <span class='ocrx_word' id='word_1_707' title='bbox 1550 1521 1633 1551; x_wconf 87' lang='lat' dir='ltr'><em>utilis</em></span> <span class='ocrx_word' id='word_1_708' title='bbox 1656 1521 1737 1551; x_wconf 69' lang='lat' dir='ltr'><em>attio</em></span> <span class='ocrx_word' id='word_1_709' title='bbox 1755 1544 1764 1558; x_wconf 98' lang='lat'><em>,</em></span> <span class='ocrx_word' id='word_1_710' title='bbox 1796 1520 1969 1560; x_wconf 74' lang='lat' dir='ltr'><em>competit,</em></span> 
     </span>
     <span class='ocr_line' id='line_1_97' title="bbox 1110 1560 1975 1602; baseline -0.002 -9"><span class='ocrx_word' id='word_1_711' title='bbox 1110 1572 1159 1593; x_wconf 87' lang='lat' dir='ltr'><em>res</em></span> <span class='ocrx_word' id='word_1_712' title='bbox 1176 1562 1267 1593; x_wconf 82' lang='lat' dir='ltr'><em>aliter</em></span> <span class='ocrx_word' id='word_1_713' title='bbox 1284 1561 1364 1593; x_wconf 81' lang='lat' dir='ltr'><em>salva</em></span> <span class='ocrx_word' id='word_1_714' title='bbox 1381 1560 1464 1601; x_wconf 80' lang='lat' dir='ltr'><em>effe,</em></span> <span class='ocrx_word' id='word_1_715' title='bbox 1483 1571 1576 1602; x_wconf 84' lang='lat' dir='ltr'><em>quam</em></span> <span class='ocrx_word' id='word_1_716' title='bbox 1593 1562 1720 1593; x_wconf 72' lang='lat' dir='ltr'><em>afflone</em></span> <span class='ocrx_word' id='word_1_717' title='bbox 1739 1562 1778 1593; x_wconf 87' lang='lat' dir='ltr'><em>de</em></span> <span class='ocrx_word' id='word_1_718' title='bbox 1795 1563 1883 1593; x_wconf 86' lang='lat' dir='ltr'><em>dolo.</em></span> <span class='ocrx_word' id='word_1_719' title='bbox 1909 1560 1975 1592; x_wconf 89' lang='lat' dir='ltr'><em>Hie</em></span> 
     </span>
     <span class='ocr_line' id='line_1_98' title="bbox 1111 1601 1975 1645; baseline -0.001 -11"><span class='ocrx_word' id='word_1_720' title='bbox 1111 1602 1240 1644; x_wconf 76' lang='lat' dir='ltr'><em>Ulpiani</em></span> <span class='ocrx_word' id='word_1_721' title='bbox 1264 1602 1367 1634; x_wconf 80' lang='lat' dir='ltr'><em>seusus</em></span> <span class='ocrx_word' id='word_1_722' title='bbox 1386 1602 1430 1635; x_wconf 91' lang='lat' dir='ltr'><em>est</em></span> <span class='ocrx_word' id='word_1_723' title='bbox 1445 1604 1473 1634; x_wconf 86' lang='lat' dir='ltr'><em>d.</em></span> <span class='ocrx_word' id='word_1_724' title='bbox 1491 1604 1511 1635; x_wconf 86' lang='lat' dir='ltr'><em>l.</em></span> <span class='ocrx_word' id='word_1_725' title='bbox 1533 1614 1561 1645; x_wconf 83' lang='lat'><em>7.</em></span> <span class='ocrx_word' id='word_1_726' title='bbox 1579 1611 1674 1644; x_wconf 86' lang='lat' dir='ltr'><em>atque</em></span> <span class='ocrx_word' id='word_1_727' title='bbox 1696 1603 1781 1635; x_wconf 86' lang='lat' dir='ltr'><em>hunc</em></span> <span class='ocrx_word' id='word_1_728' title='bbox 1799 1601 1864 1640; x_wconf 87' lang='lat' dir='ltr'><em>ipse</em></span> <span class='ocrx_word' id='word_1_729' title='bbox 1888 1604 1975 1642; x_wconf 90' lang='lat' dir='ltr'><em>(non</em></span> 
     </span>
     <span class='ocr_line' id='line_1_99' title="bbox 1111 1643 1975 1684; baseline -0.002 -8"><span class='ocrx_word' id='word_1_730' title='bbox 1111 1646 1194 1676; x_wconf 90' lang='lat' dir='ltr'><em>enim</em></span> <span class='ocrx_word' id='word_1_731' title='bbox 1218 1643 1330 1684; x_wconf 84' lang='lat' dir='ltr'><em>poffim</em></span> <span class='ocrx_word' id='word_1_732' title='bbox 1356 1647 1400 1676; x_wconf 90' lang='lat' dir='ltr'><em>uti</em></span> <span class='ocrx_word' id='word_1_733' title='bbox 1429 1645 1528 1684; x_wconf 82' lang='lat' dir='ltr'><em>magis</em></span> <span class='ocrx_word' id='word_1_734' title='bbox 1550 1645 1670 1676; x_wconf 89' lang='lat' dir='ltr'><em>idoneo</em></span> <span class='ocrx_word' id='word_1_735' title='bbox 1690 1652 1743 1675; x_wconf 87' lang='lat' dir='ltr'><em>aut</em></span> <span class='ocrx_word' id='word_1_736' title='bbox 1767 1644 1897 1683; x_wconf 62' lang='lat' dir='ltr'><em>auctore</em></span> <span class='ocrx_word' id='word_1_737' title='bbox 1920 1651 1975 1674; x_wconf 81' lang='lat' dir='ltr'><em>aut</em></span> 
     </span>
     <span class='ocr_line' id='line_1_100' title="bbox 1107 1684 1975 1726; baseline -0.001 -9"><span class='ocrx_word' id='word_1_738' title='bbox 1107 1686 1311 1726; x_wconf 85' lang='lat' dir='ltr'><em>interprete)</em></span> <span class='ocrx_word' id='word_1_739' title='bbox 1339 1686 1370 1717; x_wconf 91' lang='lat' dir='ltr'><em>in</em></span> <span class='ocrx_word' id='word_1_740' title='bbox 1387 1685 1405 1717; x_wconf 88' lang='lat' dir='ltr'><em>l.</em></span> <span class='ocrx_word' id='word_1_741' title='bbox 1417 1695 1446 1722; x_wconf 89' lang='lat'><em>9.</em></span> <span class='ocrx_word' id='word_1_742' title='bbox 1465 1685 1494 1726; x_wconf 82' lang='lat'><em>§.</em></span> <span class='ocrx_word' id='word_1_743' title='bbox 1505 1685 1559 1718; x_wconf 88' lang='lat' dir='ltr'><em>ult.</em></span> <span class='ocrx_word' id='word_1_744' title='bbox 1577 1685 1613 1720; x_wconf 75' lang='lat'><em>&amp;²</em></span> <span class='ocrx_word' id='word_1_745' title='bbox 1633 1686 1651 1717; x_wconf 86' lang='lat' dir='ltr'><em>l.</em></span> <span class='ocrx_word' id='word_1_746' title='bbox 1668 1695 1715 1717; x_wconf 82' lang='grc' dir='ltr'><em>ιι.</em></span> <span class='ocrx_word' id='word_1_747' title='bbox 1734 1684 1775 1716; x_wconf 88' lang='lat' dir='ltr'><em>D.</em></span> <span class='ocrx_word' id='word_1_748' title='bbox 1799 1686 1832 1716; x_wconf 84' lang='lat' dir='ltr'><em>de</em></span> <span class='ocrx_word' id='word_1_749' title='bbox 1856 1685 1975 1716; x_wconf 82' lang='lat' dir='ltr'><em>minori-</em></span> 
     </span>
     <span class='ocr_line' id='line_1_101' title="bbox 1107 1726 1811 1767; baseline 0.001 -9"><span class='ocrx_word' id='word_1_750' title='bbox 1107 1729 1159 1759; x_wconf 84' lang='lat' dir='ltr'><em>bus</em></span> <span class='ocrx_word' id='word_1_751' title='bbox 1183 1727 1276 1767; x_wconf 79' lang='lat' dir='ltr'><em>plane</em></span> <span class='ocrx_word' id='word_1_752' title='bbox 1294 1728 1446 1764; x_wconf 84' lang='lat' dir='ltr'><em>exprimit</em></span> <span class='ocrx_word' id='word_1_753' title='bbox 1465 1727 1669 1767; x_wconf 82' lang='lat' dir='ltr'><em>sequentibus</em></span> <span class='ocrx_word' id='word_1_754' title='bbox 1696 1726 1811 1759; x_wconf 85' lang='lat' dir='ltr'><em>verbis.</em></span> 
     </span>
    </p>

    <p class='ocr_par' dir='ltr' id='par_1_10' title="bbox 1150 1766 1974 1810">
     <span class='ocr_line' id='line_1_102' title="bbox 1150 1766 1974 1810; baseline -0.004 -11"><span class='ocrx_word' id='word_1_755' title='bbox 1150 1769 1302 1807; x_wconf 79' lang='lat' dir='ltr'><em>Adversus</em></span> <span class='ocrx_word' id='word_1_756' title='bbox 1321 1768 1481 1799; x_wconf 73' lang='lat' dir='ltr'><em>libertatem</em></span> <span class='ocrx_word' id='word_1_757' title='bbox 1495 1777 1604 1810; x_wconf 82' lang='lat' dir='ltr'><em>quoque</em></span> <span class='ocrx_word' id='word_1_758' title='bbox 1621 1769 1723 1798; x_wconf 81' lang='lat' dir='ltr'><em>minori</em></span> <span class='ocrx_word' id='word_1_759' title='bbox 1739 1778 1756 1798; x_wconf 83' lang='lat' dir='ltr'><em>a</em></span> <span class='ocrx_word' id='word_1_760' title='bbox 1772 1767 1897 1798; x_wconf 80' lang='lat' dir='ltr'><em>Proetore</em></span> <span class='ocrx_word' id='word_1_761' title='bbox 1905 1766 1974 1806; x_wconf 83' lang='lat' dir='ltr'><em>sub-</em></span> 
     </span>
    </p>

    <p class='ocr_par' dir='ltr' id='par_1_11' title="bbox 1168 1808 1975 1850">
     <span class='ocr_line' id='line_1_103' title="bbox 1168 1808 1975 1850; baseline -0.002 -10"><span class='ocrx_word' id='word_1_762' title='bbox 1168 1810 1264 1840; x_wconf 85' lang='lat' dir='ltr'><em>veniri</em></span> <span class='ocrx_word' id='word_1_763' title='bbox 1285 1808 1434 1850; x_wconf 81' lang='lat' dir='ltr'><em>impoffihle</em></span> <span class='ocrx_word' id='word_1_764' title='bbox 1452 1808 1500 1849; x_wconf 77' lang='lat' dir='ltr'><em>est.</em></span> <span class='ocrx_word' id='word_1_765' title='bbox 1526 1819 1627 1839; x_wconf 79' lang='lat' dir='ltr'><em>verum</em></span> <span class='ocrx_word' id='word_1_766' title='bbox 1642 1809 1687 1838; x_wconf 82' lang='lat' dir='ltr'><em>vel</em></span> <span class='ocrx_word' id='word_1_767' title='bbox 1704 1810 1737 1839; x_wconf 71' lang='lat' dir='ltr'><em>de</em></span> <span class='ocrx_word' id='word_1_768' title='bbox 1751 1808 1831 1847; x_wconf 79' lang='lat' dir='ltr'><em>dolo,</em></span> <span class='ocrx_word' id='word_1_769' title='bbox 1853 1808 1899 1839; x_wconf 68' lang='lat' dir='ltr'><em>‘&#39;vel</em></span> <span class='ocrx_word' id='word_1_770' title='bbox 1916 1809 1975 1838; x_wconf 86' lang='lat' dir='ltr'><em>uti-</em></span> 
     </span>
    </p>

    <p class='ocr_par' dir='ltr' id='par_1_12' title="bbox 1167 1849 1974 1932">
     <span class='ocr_line' id='line_1_104' title="bbox 1170 1849 1974 1890; baseline 0 -10"><span class='ocrx_word' id='word_1_771' title='bbox 1170 1850 1204 1880; x_wconf 86' lang='lat' dir='ltr'><em>lis</em></span> <span class='ocrx_word' id='word_1_772' title='bbox 1222 1849 1295 1880; x_wconf 73' lang='grc' dir='ltr'><em>αὲἶὶο</em></span> <span class='ocrx_word' id='word_1_773' title='bbox 1313 1853 1367 1880; x_wconf 81' lang='lat' dir='ltr'><em>erit</em></span> <span class='ocrx_word' id='word_1_774' title='bbox 1382 1860 1413 1880; x_wconf 77' lang='lat' dir='ltr'><em>tn</em></span> <span class='ocrx_word' id='word_1_775' title='bbox 1432 1852 1480 1888; x_wconf 83' lang='lat' dir='ltr'><em>id,</em></span> <span class='ocrx_word' id='word_1_776' title='bbox 1503 1851 1577 1890; x_wconf 80' lang='lat' dir='ltr'><em>quod</em></span> <span class='ocrx_word' id='word_1_777' title='bbox 1598 1850 1717 1881; x_wconf 83' lang='lat' dir='ltr'><em>minoris</em></span> <span class='ocrx_word' id='word_1_778' title='bbox 1732 1851 1890 1890; x_wconf 81' lang='lat' dir='ltr'><em>interfuit,</em></span> <span class='ocrx_word' id='word_1_779' title='bbox 1915 1859 1974 1880; x_wconf 82' lang='lat' dir='ltr'><em>uon</em></span> 
     </span>
     <span class='ocr_line' id='line_1_105' title="bbox 1167 1891 1549 1932; baseline 0.003 -11"><span class='ocrx_word' id='word_1_780' title='bbox 1167 1892 1347 1922; x_wconf 80' lang='lat' dir='ltr'><em>manumitti.</em></span> <span class='ocrx_word' id='word_1_781' title='bbox 1370 1891 1398 1922; x_wconf 70' lang='grc' dir='ltr'>δί</span> <span class='ocrx_word' id='word_1_782' title='bbox 1417 1892 1549 1932; x_wconf 82' lang='lat' dir='ltr'><em>reliqua.</em></span> 
     </span>
    </p>

    <p class='ocr_par' dir='ltr' id='par_1_13' title="bbox 1110 1931 1988 3294">
     <span class='ocr_line' id='line_1_106' title="bbox 1152 1931 1975 1973; baseline 0 -10"><span class='ocrx_word' id='word_1_783' title='bbox 1152 1931 1235 1964; x_wconf 87' lang='lat' dir='ltr'><em>Cum</em></span> <span class='ocrx_word' id='word_1_784' title='bbox 1260 1936 1303 1963; x_wconf 85' lang='lat' dir='ltr'><em>ait</em></span> <span class='ocrx_word' id='word_1_785' title='bbox 1328 1931 1479 1973; x_wconf 86' lang='lat' dir='ltr'><em>Ulpianus</em></span> <span class='ocrx_word' id='word_1_786' title='bbox 1497 1956 1506 1971; x_wconf 93' lang='lat'>‚</span> <span class='ocrx_word' id='word_1_787' title='bbox 1538 1933 1649 1964; x_wconf 85' lang='lat' dir='ltr'><em>minori</em></span> <span class='ocrx_word' id='word_1_788' title='bbox 1674 1934 1707 1964; x_wconf 81' lang='lat' dir='ltr'><em>cie</em></span> <span class='ocrx_word' id='word_1_789' title='bbox 1732 1933 1791 1964; x_wconf 70' lang='lat' dir='ltr'><em>tiolo</em></span> <span class='ocrx_word' id='word_1_790' title='bbox 1815 1932 1975 1963; x_wconf 60' lang='lat' dir='ltr'><em>actionem</em></span> 
     </span>
     <span class='ocr_line' id='line_1_107' title="bbox 1110 1973 1971 2012; baseline 0.001 -9"><span class='ocrx_word' id='word_1_791' title='bbox 1110 1974 1195 2012; x_wconf 87' lang='lat' dir='ltr'><em>dari;</em></span> <span class='ocrx_word' id='word_1_792' title='bbox 1225 1981 1292 2004; x_wconf 87' lang='lat' dir='ltr'><em>tum</em></span> <span class='ocrx_word' id='word_1_793' title='bbox 1316 1982 1424 2004; x_wconf 87' lang='lat' dir='ltr'><em>verum</em></span> <span class='ocrx_word' id='word_1_794' title='bbox 1444 1974 1489 2004; x_wconf 85' lang='lat' dir='ltr'><em>est</em></span> <span class='ocrx_word' id='word_1_795' title='bbox 1505 1997 1514 2012; x_wconf 87' lang='lat'>‚</span> <span class='ocrx_word' id='word_1_796' title='bbox 1548 1973 1567 2005; x_wconf 80' lang='lat' dir='ltr'><em>ii</em></span> <span class='ocrx_word' id='word_1_797' title='bbox 1586 1975 1758 2005; x_wconf 79' lang='lat' dir='ltr'><em>intervenit</em></span> <span class='ocrx_word' id='word_1_798' title='bbox 1786 1975 1879 2005; x_wconf 85' lang='lat' dir='ltr'><em>dolus</em></span> <span class='ocrx_word' id='word_1_799' title='bbox 1905 1983 1971 2004; x_wconf 86' lang='lat' dir='ltr'><em>uon</em></span> 
     </span>
     <span class='ocr_line' id='line_1_108' title="bbox 1110 2014 1975 2055; baseline 0 -10"><span class='ocrx_word' id='word_1_800' title='bbox 1110 2014 1383 2054; x_wconf 86' lang='lat' dir='ltr'><em>emptoris,verbi</em></span> <span class='ocrx_word' id='word_1_801' title='bbox 1395 2015 1508 2055; x_wconf 84' lang='lat' dir='ltr'><em>gratia,</em></span> <span class='ocrx_word' id='word_1_802' title='bbox 1525 2014 1574 2045; x_wconf 83' lang='lat' dir='ltr'><em>sed</em></span> <span class='ocrx_word' id='word_1_803' title='bbox 1594 2015 1767 2046; x_wconf 75' lang='lat' dir='ltr'><em>manumissi</em></span> <span class='ocrx_word' id='word_1_804' title='bbox 1785 2015 1884 2046; x_wconf 87' lang='lat' dir='ltr'><em>servi:</em></span> <span class='ocrx_word' id='word_1_805' title='bbox 1902 2024 1975 2045; x_wconf 89' lang='lat' dir='ltr'><em>cum</em></span> 
     </span>
     <span class='ocr_line' id='line_1_109' title="bbox 1111 2055 1973 2096; baseline 0 -10"><span class='ocrx_word' id='word_1_806' title='bbox 1111 2065 1189 2086; x_wconf 76' lang='lat' dir='ltr'><em>vero</em></span> <span class='ocrx_word' id='word_1_807' title='bbox 1216 2055 1310 2093; x_wconf 85' lang='lat' dir='ltr'><em>infit,</em></span> <span class='ocrx_word' id='word_1_808' title='bbox 1343 2055 1397 2086; x_wconf 81' lang='lat' dir='ltr'><em>Vet</em></span> <span class='ocrx_word' id='word_1_809' title='bbox 1417 2056 1523 2087; x_wconf 74' lang='lat' dir='ltr'><em>utilem</em></span> <span class='ocrx_word' id='word_1_810' title='bbox 1547 2055 1687 2087; x_wconf 59' lang='lat' dir='ltr'><em>oeiioncm</em></span> <span class='ocrx_word' id='word_1_811' title='bbox 1705 2057 1772 2094; x_wconf 76' lang='lat' dir='ltr'><em>fure</em></span> <span class='ocrx_word' id='word_1_812' title='bbox 1796 2057 1826 2086; x_wconf 77' lang='lat' dir='ltr'><em>in</em></span> <span class='ocrx_word' id='word_1_813' title='bbox 1851 2057 1882 2086; x_wconf 81' lang='lat' dir='ltr'><em>id</em></span> <span class='ocrx_word' id='word_1_814' title='bbox 1899 2057 1973 2096; x_wconf 76' lang='lat' dir='ltr'><em>quod</em></span> 
     </span>
     <span class='ocr_line' id='line_1_110' title="bbox 1112 2097 1971 2137; baseline 0.001 -10"><span class='ocrx_word' id='word_1_815' title='bbox 1112 2099 1231 2127; x_wconf 80' lang='lat' dir='ltr'><em>minoris</em></span> <span class='ocrx_word' id='word_1_816' title='bbox 1255 2097 1418 2136; x_wconf 83' lang='lat' dir='ltr'><em>interfuit,</em></span> <span class='ocrx_word' id='word_1_817' title='bbox 1449 2107 1506 2127; x_wconf 80' lang='lat' dir='ltr'><em>non</em></span> <span class='ocrx_word' id='word_1_818' title='bbox 1532 2099 1720 2133; x_wconf 70' lang='lat' dir='ltr'><em>nuinuntitti5</em></span> <span class='ocrx_word' id='word_1_819' title='bbox 1752 2105 1818 2128; x_wconf 89' lang='lat' dir='ltr'><em>tum</em></span> <span class='ocrx_word' id='word_1_820' title='bbox 1843 2098 1971 2137; x_wconf 86' lang='lat' dir='ltr'><em>placet,</em></span> 
     </span>
     <span class='ocr_line' id='line_1_111' title="bbox 1113 2137 1971 2178; baseline 0.001 -10"><span class='ocrx_word' id='word_1_821' title='bbox 1113 2147 1185 2169; x_wconf 90' lang='lat' dir='ltr'><em>cum</em></span> <span class='ocrx_word' id='word_1_822' title='bbox 1208 2137 1301 2178; x_wconf 81' lang='lat' dir='ltr'><em>ipfius</em></span> <span class='ocrx_word' id='word_1_823' title='bbox 1327 2138 1482 2178; x_wconf 83' lang='lat' dir='ltr'><em>emptoris</em></span> <span class='ocrx_word' id='word_1_824' title='bbox 1507 2138 1598 2170; x_wconf 86' lang='lat' dir='ltr'><em>dolus</em></span> <span class='ocrx_word' id='word_1_825' title='bbox 1621 2138 1822 2169; x_wconf 76' lang='lat' dir='ltr'><em>intervenisse</em></span> <span class='ocrx_word' id='word_1_826' title='bbox 1845 2139 1971 2169; x_wconf 85' lang='lat' dir='ltr'><em>dicitur.</em></span> 
     </span>
     <span class='ocr_line' id='line_1_112' title="bbox 1113 2179 1975 2220; baseline -0.001 -10"><span class='ocrx_word' id='word_1_827' title='bbox 1113 2179 1200 2219; x_wconf 85' lang='lat' dir='ltr'><em>quod</em></span> <span class='ocrx_word' id='word_1_828' title='bbox 1218 2179 1434 2210; x_wconf 82' lang='lat' dir='ltr'><em>emendationi</em></span> <span class='ocrx_word' id='word_1_829' title='bbox 1452 2189 1532 2210; x_wconf 83' lang='lat' dir='ltr'><em>meae</em></span> <span class='ocrx_word' id='word_1_830' title='bbox 1555 2181 1720 2210; x_wconf 80' lang='lat' dir='ltr'><em>convenit.</em></span> <span class='ocrx_word' id='word_1_831' title='bbox 1764 2179 1902 2211; x_wconf 88' lang='lat' dir='ltr'><em>Proinde</em></span> <span class='ocrx_word' id='word_1_832' title='bbox 1922 2189 1975 2220; x_wconf 81' lang='lat' dir='ltr'><em>ap-</em></span> 
     </span>
     <span class='ocr_line' id='line_1_113' title="bbox 1113 2220 1976 2261; baseline 0.001 -11"><span class='ocrx_word' id='word_1_833' title='bbox 1113 2229 1204 2261; x_wconf 83' lang='lat' dir='ltr'><em>paret</em></span> <span class='ocrx_word' id='word_1_834' title='bbox 1220 2244 1230 2259; x_wconf 94' lang='lat'>‚</span> <span class='ocrx_word' id='word_1_835' title='bbox 1261 2222 1290 2251; x_wconf 76' lang='lat' dir='ltr'><em>d.</em></span> <span class='ocrx_word' id='word_1_836' title='bbox 1314 2220 1332 2250; x_wconf 83' lang='lat' dir='ltr'><em>l.</em></span> <span class='ocrx_word' id='word_1_837' title='bbox 1355 2230 1383 2261; x_wconf 86' lang='lat'><em>7.</em></span> <span class='ocrx_word' id='word_1_838' title='bbox 1408 2221 1504 2252; x_wconf 84' lang='lat' dir='ltr'><em>verba</em></span> <span class='ocrx_word' id='word_1_839' title='bbox 1523 2244 1531 2257; x_wconf 93' lang='lat'><strong>‚</strong></span> <span class='ocrx_word' id='word_1_840' title='bbox 1562 2229 1614 2251; x_wconf 82' lang='lat' dir='ltr'><em>aut</em></span> <span class='ocrx_word' id='word_1_841' title='bbox 1640 2221 1752 2252; x_wconf 80' lang='lat' dir='ltr'><em>nullam</em></span> <span class='ocrx_word' id='word_1_842' title='bbox 1780 2222 1976 2251; x_wconf 80' lang='lat' dir='ltr'><em>venditionem</em></span> 
     </span>
     <span class='ocr_line' id='line_1_114' title="bbox 1113 2261 1978 2302; baseline 0 -10"><span class='ocrx_word' id='word_1_843' title='bbox 1113 2261 1164 2302; x_wconf 84' lang='lat' dir='ltr'><em>effe</em></span> <span class='ocrx_word' id='word_1_844' title='bbox 1182 2285 1191 2301; x_wconf 95' lang='lat'><em>,</em></span> <span class='ocrx_word' id='word_1_845' title='bbox 1217 2261 1245 2299; x_wconf 88' lang='lat' dir='ltr'><em>fi</em></span> <span class='ocrx_word' id='word_1_846' title='bbox 1262 2262 1293 2292; x_wconf 82' lang='lat' dir='ltr'><em>in</em></span> <span class='ocrx_word' id='word_1_847' title='bbox 1313 2262 1362 2293; x_wconf 83' lang='lat' dir='ltr'><em>hoc</em></span> <span class='ocrx_word' id='word_1_848' title='bbox 1379 2261 1434 2302; x_wconf 86' lang='lat' dir='ltr'><em>ipso</em></span> <span class='ocrx_word' id='word_1_849' title='bbox 1450 2285 1460 2300; x_wconf 93' lang='lat'>‚</span> <span class='ocrx_word' id='word_1_850' title='bbox 1491 2268 1524 2293; x_wconf 85' lang='lat' dir='ltr'><em>ut</em></span> <span class='ocrx_word' id='word_1_851' title='bbox 1546 2263 1681 2293; x_wconf 77' lang='lat' dir='ltr'><em>venderet</em></span> <span class='ocrx_word' id='word_1_852' title='bbox 1699 2286 1709 2300; x_wconf 89' lang='lat'><em>,</em></span> <span class='ocrx_word' id='word_1_853' title='bbox 1739 2262 1978 2302; x_wconf 38' lang='lat' dir='ltr'><em>circumscriptus·-</em></span> 
     </span>
     <span class='ocr_line' id='line_1_115' title="bbox 1114 2302 1976 2344; baseline -0.002 -9"><span class='ocrx_word' id='word_1_854' title='bbox 1114 2303 1152 2344; x_wconf 78' lang='lat' dir='ltr'><em>est</em></span> <span class='ocrx_word' id='word_1_855' title='bbox 1170 2327 1179 2342; x_wconf 92' lang='lat'><em>,</em></span> <span class='ocrx_word' id='word_1_856' title='bbox 1212 2312 1276 2334; x_wconf 92' lang='lat' dir='ltr'><em>non</em></span> <span class='ocrx_word' id='word_1_857' title='bbox 1302 2304 1406 2334; x_wconf 84' lang='lat' dir='ltr'><em>dicam</em></span> <span class='ocrx_word' id='word_1_858' title='bbox 1430 2312 1542 2334; x_wconf 81' lang='lat' dir='ltr'><em>vacare</em></span> <span class='ocrx_word' id='word_1_859' title='bbox 1559 2327 1568 2343; x_wconf 89' lang='lat'><em>,</em></span> <span class='ocrx_word' id='word_1_860' title='bbox 1596 2303 1648 2334; x_wconf 89' lang='lat' dir='ltr'><em>sed</em></span> <span class='ocrx_word' id='word_1_861' title='bbox 1665 2304 1820 2334; x_wconf 84' lang='lat' dir='ltr'><em>rationem</em></span> <span class='ocrx_word' id='word_1_862' title='bbox 1840 2302 1976 2343; x_wconf 83' lang='lat' dir='ltr'><em>disputa-</em></span> 
     </span>
     <span class='ocr_line' id='line_1_116' title="bbox 1114 2344 1975 2388; baseline -0.001 -12"><span class='ocrx_word' id='word_1_863' title='bbox 1114 2344 1210 2377; x_wconf 84' lang='lat' dir='ltr'><em>tionis</em></span> <span class='ocrx_word' id='word_1_864' title='bbox 1233 2345 1375 2385; x_wconf 83' lang='lat' dir='ltr'><em>alioquin</em></span> <span class='ocrx_word' id='word_1_865' title='bbox 1401 2345 1580 2385; x_wconf 80' lang='lat' dir='ltr'><em>elegantem</em></span> <span class='ocrx_word' id='word_1_866' title='bbox 1603 2345 1815 2384; x_wconf 81' lang='lat' dir='ltr'><em>interpellare.</em></span> <span class='ocrx_word' id='word_1_867' title='bbox 1859 2344 1975 2388; x_wconf 48' lang='lat' dir='ltr'><em>Etuta-</em></span> 
     </span>
     <span class='ocr_line' id='line_1_117' title="bbox 1112 2384 1988 2426; baseline -0.002 -8"><span class='ocrx_word' id='word_1_868' title='bbox 1112 2395 1186 2418; x_wconf 87' lang='lat' dir='ltr'><em>men</em></span> <span class='ocrx_word' id='word_1_869' title='bbox 1207 2384 1364 2425; x_wconf 73' lang='lat' dir='ltr'><em>adscripsit</em></span> <span class='ocrx_word' id='word_1_870' title='bbox 1381 2385 1562 2426; x_wconf 71' lang='lat' dir='ltr'><em>interpres,</em></span> <span class='ocrx_word' id='word_1_871' title='bbox 1586 2388 1725 2426; x_wconf 77' lang='lat' dir='ltr'><em>quisquis</em></span> <span class='ocrx_word' id='word_1_872' title='bbox 1744 2387 1769 2417; x_wconf 90' lang='lat' dir='ltr'><em>is</em></span> <span class='ocrx_word' id='word_1_873' title='bbox 1795 2385 1876 2417; x_wconf 87' lang='lat' dir='ltr'><em>fuit:</em></span> <span class='ocrx_word' id='word_1_874' title='bbox 1902 2386 1988 2425; x_wconf 21' lang='lat' dir='ltr'><em>quia,</em></span> 
     </span>
     <span class='ocr_line' id='line_1_118' title="bbox 1115 2427 1975 2467; baseline 0 -10"><span class='ocrx_word' id='word_1_875' title='bbox 1115 2427 1263 2466; x_wconf 81' lang='lat' dir='ltr'><em>videbat,</em></span> <span class='ocrx_word' id='word_1_876' title='bbox 1287 2427 1338 2458; x_wconf 90' lang='lat' dir='ltr'><em>ubi</em></span> <span class='ocrx_word' id='word_1_877' title='bbox 1359 2428 1512 2467; x_wconf 88' lang='lat' dir='ltr'><em>emptoris</em></span> <span class='ocrx_word' id='word_1_878' title='bbox 1533 2428 1625 2458; x_wconf 82' lang='lat' dir='ltr'><em>dolus</em></span> <span class='ocrx_word' id='word_1_879' title='bbox 1643 2429 1802 2467; x_wconf 64' lang='lat' dir='ltr'><em>arguitur,</em></span> <span class='ocrx_word' id='word_1_880' title='bbox 1827 2427 1975 2458; x_wconf 89' lang='lat' dir='ltr'><em>vendito-</em></span> 
     </span>
     <span class='ocr_line' id='line_1_119' title="bbox 1113 2469 1975 2508; baseline -0.002 -8"><span class='ocrx_word' id='word_1_881' title='bbox 1113 2469 1137 2500; x_wconf 90' lang='lat' dir='ltr'><em>ri</em></span> <span class='ocrx_word' id='word_1_882' title='bbox 1161 2478 1201 2500; x_wconf 84' lang='lat' dir='ltr'><em>ex</em></span> <span class='ocrx_word' id='word_1_883' title='bbox 1219 2469 1352 2500; x_wconf 87' lang='lat' dir='ltr'><em>vendito</em></span> <span class='ocrx_word' id='word_1_884' title='bbox 1376 2469 1534 2500; x_wconf 55' lang='lat' dir='ltr'><em>aeti-„inem</em></span> <span class='ocrx_word' id='word_1_885' title='bbox 1559 2471 1621 2499; x_wconf 88' lang='lat' dir='ltr'><em>dari</em></span> <span class='ocrx_word' id='word_1_886' title='bbox 1638 2470 1807 2508; x_wconf 65' lang='lat' dir='ltr'><em>hactenus,</em></span> <span class='ocrx_word' id='word_1_887' title='bbox 1840 2475 1874 2499; x_wconf 88' lang='lat' dir='ltr'><em>ut</em></span> <span class='ocrx_word' id='word_1_888' title='bbox 1896 2477 1975 2498; x_wconf 94' lang='lat' dir='ltr'><em>con-</em></span> 
     </span>
     <span class='ocr_line' id='line_1_120' title="bbox 1114 2508 1975 2549; baseline -0.002 -7"><span class='ocrx_word' id='word_1_889' title='bbox 1114 2509 1225 2542; x_wconf 70' lang='lat' dir='ltr'><em>trastui</em></span> <span class='ocrx_word' id='word_1_890' title='bbox 1244 2509 1358 2541; x_wconf 88' lang='lat' dir='ltr'><em>stetur:</em></span> <span class='ocrx_word' id='word_1_891' title='bbox 1392 2511 1522 2541; x_wconf 79' lang='lat' dir='ltr'><em>videbat</em></span> <span class='ocrx_word' id='word_1_892' title='bbox 1539 2519 1669 2549; x_wconf 72' lang='lat' dir='ltr'><em>quoqne</em></span> <span class='ocrx_word' id='word_1_893' title='bbox 1686 2534 1694 2548; x_wconf 93' lang='lat'><strong><em>‚</em></strong></span> <span class='ocrx_word' id='word_1_894' title='bbox 1728 2510 1836 2541; x_wconf 84' lang='lat' dir='ltr'><em>dolum</em></span> <span class='ocrx_word' id='word_1_895' title='bbox 1860 2510 1913 2549; x_wconf 85' lang='lat' dir='ltr'><em>qui</em></span> <span class='ocrx_word' id='word_1_896' title='bbox 1938 2508 1975 2540; x_wconf 81' lang='lat' dir='ltr'><em>sit</em></span> 
     </span>
     <span class='ocr_line' id='line_1_121' title="bbox 1113 2550 1974 2589; baseline -0.002 -6"><span class='ocrx_word' id='word_1_897' title='bbox 1113 2553 1143 2583; x_wconf 90' lang='lat' dir='ltr'><em>in</em></span> <span class='ocrx_word' id='word_1_898' title='bbox 1165 2553 1258 2582; x_wconf 83' lang='lat' dir='ltr'><em>bonae</em></span> <span class='ocrx_word' id='word_1_899' title='bbox 1275 2550 1349 2582; x_wconf 89' lang='lat' dir='ltr'><em>fidei</em></span> <span class='ocrx_word' id='word_1_900' title='bbox 1367 2551 1533 2582; x_wconf 63' lang='lat' dir='ltr'><em>conti-afflu</em></span> <span class='ocrx_word' id='word_1_901' title='bbox 1556 2551 1719 2589; x_wconf 68' lang='lat' dir='ltr'><em>admissus,</em></span> <span class='ocrx_word' id='word_1_902' title='bbox 1752 2561 1824 2582; x_wconf 87' lang='lat' dir='ltr'><em>eum</em></span> <span class='ocrx_word' id='word_1_903' title='bbox 1847 2557 1974 2581; x_wconf 75' lang='lat' dir='ltr'><em>contra-</em></span> 
     </span>
     <span class='ocr_line' id='line_1_122' title="bbox 1114 2591 1974 2632; baseline -0.002 -8"><span class='ocrx_word' id='word_1_904' title='bbox 1114 2593 1218 2631; x_wconf 71' lang='lat' dir='ltr'><em>Ctum,</em></span> <span class='ocrx_word' id='word_1_905' title='bbox 1239 2592 1260 2624; x_wconf 83' lang='lat' dir='ltr'><strong>fi</strong></span> <span class='ocrx_word' id='word_1_906' title='bbox 1276 2593 1308 2624; x_wconf 87' lang='lat' dir='ltr'><em>id</em></span> <span class='ocrx_word' id='word_1_907' title='bbox 1335 2593 1423 2624; x_wconf 86' lang='lat' dir='ltr'><em>malit</em></span> <span class='ocrx_word' id='word_1_908' title='bbox 1446 2593 1593 2623; x_wconf 86' lang='lat' dir='ltr'><em>venditor</em></span> <span class='ocrx_word' id='word_1_909' title='bbox 1613 2616 1621 2630; x_wconf 94' lang='lat'>‚</span> <span class='ocrx_word' id='word_1_910' title='bbox 1651 2592 1718 2632; x_wconf 77' lang='lat' dir='ltr'><em>ipso</em></span> <span class='ocrx_word' id='word_1_911' title='bbox 1736 2592 1804 2631; x_wconf 85' lang='lat' dir='ltr'><em>jure</em></span> <span class='ocrx_word' id='word_1_912' title='bbox 1825 2591 1974 2622; x_wconf 85' lang='lat' dir='ltr'><em>diss&#39;olve-</em></span> 
     </span>
     <span class='ocr_line' id='line_1_123' title="bbox 1114 2632 1974 2673; baseline -0.002 -8"><span class='ocrx_word' id='word_1_913' title='bbox 1114 2645 1172 2667; x_wconf 82' lang='lat' dir='ltr'><em>re:</em></span> <span class='ocrx_word' id='word_1_914' title='bbox 1202 2641 1374 2673; x_wconf 74' lang='lat' dir='ltr'><em>utrumque</em></span> <span class='ocrx_word' id='word_1_915' title='bbox 1398 2642 1475 2663; x_wconf 89' lang='lat' dir='ltr'><em>vero</em></span> <span class='ocrx_word' id='word_1_916' title='bbox 1493 2633 1625 2664; x_wconf 68' lang='lat' dir='ltr'><em>aetionis</em></span> <span class='ocrx_word' id='word_1_917' title='bbox 1649 2635 1770 2664; x_wconf 88' lang='lat' dir='ltr'><em>venditi</em></span> <span class='ocrx_word' id='word_1_918' title='bbox 1794 2632 1876 2670; x_wconf 80' lang='lat' dir='ltr'><em>effe,</em></span> <span class='ocrx_word' id='word_1_919' title='bbox 1907 2642 1974 2663; x_wconf 89' lang='lat' dir='ltr'><em>non</em></span> 
     </span>
     <span class='ocr_line' id='line_1_124' title="bbox 1114 2673 1975 2714; baseline -0.003 -7"><span class='ocrx_word' id='word_1_920' title='bbox 1114 2676 1267 2707; x_wconf 85' lang='lat' dir='ltr'><em>videbat:</em></span> <span class='ocrx_word' id='word_1_921' title='bbox 1297 2676 1404 2714; x_wconf 83' lang='lat' dir='ltr'><em>itaque</em></span> <span class='ocrx_word' id='word_1_922' title='bbox 1424 2673 1562 2714; x_wconf 87' lang='lat' dir='ltr'><em>Ulpiano</em></span> <span class='ocrx_word' id='word_1_923' title='bbox 1581 2675 1796 2713; x_wconf 78' lang='lat' dir='ltr'><em>importunam</em></span> <span class='ocrx_word' id='word_1_924' title='bbox 1819 2674 1975 2713; x_wconf 85' lang='lat' dir='ltr'><em>interpre-</em></span> 
     </span>
     <span class='ocr_line' id='line_1_125' title="bbox 1115 2714 1975 2757; baseline -0.003 -9"><span class='ocrx_word' id='word_1_925' title='bbox 1115 2719 1272 2748; x_wconf 81' lang='lat' dir='ltr'><em>tationem</em></span> <span class='ocrx_word' id='word_1_926' title='bbox 1291 2716 1417 2756; x_wconf 84' lang='lat' dir='ltr'><em>adjecit.</em></span> <span class='ocrx_word' id='word_1_927' title='bbox 1441 2715 1642 2757; x_wconf 76' lang='lat' dir='ltr'><em>Quamquam</em></span> <span class='ocrx_word' id='word_1_928' title='bbox 1661 2725 1751 2755; x_wconf 80' lang='lat' dir='ltr'><em>aeque</em></span> <span class='ocrx_word' id='word_1_929' title='bbox 1770 2715 1895 2754; x_wconf 85' lang='lat' dir='ltr'><em>ineptus</em></span> <span class='ocrx_word' id='word_1_930' title='bbox 1912 2714 1975 2745; x_wconf 87' lang='lat' dir='ltr'><em>fuit</em></span> 
     </span>
     <span class='ocr_line' id='line_1_126' title="bbox 1116 2756 1976 2798; baseline -0.005 -8"><span class='ocrx_word' id='word_1_931' title='bbox 1116 2760 1169 2798; x_wconf 80' lang='lat' dir='ltr'><em>qui</em></span> <span class='ocrx_word' id='word_1_932' title='bbox 1196 2759 1278 2789; x_wconf 87' lang='lat' dir='ltr'><em>hanc</em></span> <span class='ocrx_word' id='word_1_933' title='bbox 1303 2768 1320 2788; x_wconf 92' lang='lat' dir='ltr'><em>e</em></span> <span class='ocrx_word' id='word_1_934' title='bbox 1347 2757 1487 2797; x_wconf 83' lang='lat' dir='ltr'><em>margine</em></span> <span class='ocrx_word' id='word_1_935' title='bbox 1520 2758 1550 2787; x_wconf 89' lang='lat' dir='ltr'><em>in</em></span> <span class='ocrx_word' id='word_1_936' title='bbox 1577 2764 1765 2787; x_wconf 79' lang='lat' dir='ltr'><em>contextum</em></span> <span class='ocrx_word' id='word_1_937' title='bbox 1797 2756 1976 2794; x_wconf 78' lang='lat' dir='ltr'><em>transtulit3</em></span> 
     </span>
     <span class='ocr_line' id='line_1_127' title="bbox 1116 2796 1976 2839; baseline -0.005 -8"><span class='ocrx_word' id='word_1_938' title='bbox 1116 2801 1164 2839; x_wconf 68' lang='grc' dir='ltr'><em>ἃ,</em></span> <span class='ocrx_word' id='word_1_939' title='bbox 1189 2809 1260 2831; x_wconf 83' lang='lat' dir='ltr'><em>curn</em></span> <span class='ocrx_word' id='word_1_940' title='bbox 1277 2798 1437 2838; x_wconf 81' lang='lat' dir='ltr'><em>scripiiffet</em></span> <span class='ocrx_word' id='word_1_941' title='bbox 1462 2796 1636 2837; x_wconf 81' lang='lat' dir='ltr'><em>Ulpianus,</em></span> <span class='ocrx_word' id='word_1_942' title='bbox 1668 2798 1762 2837; x_wconf 76' lang='lat' dir='ltr'><em>(Hoc</em></span> <span class='ocrx_word' id='word_1_943' title='bbox 1781 2796 1909 2835; x_wconf 79' lang='lat' dir='ltr'><em>enimfic</em></span> <span class='ocrx_word' id='word_1_944' title='bbox 1925 2807 1976 2828; x_wconf 84' lang='lat' dir='ltr'><em>oc·</em></span> 
     </span>
     <span class='ocr_line' id='line_1_128' title="bbox 1115 2839 1976 2882; baseline -0.003 -10"><span class='ocrx_word' id='word_1_945' title='bbox 1115 2843 1253 2882; x_wconf 82' lang='lat' dir='ltr'><em>cipimus,</em></span> <span class='ocrx_word' id='word_1_946' title='bbox 1277 2849 1371 2871; x_wconf 85' lang='lat' dir='ltr'><em>carere</em></span> <span class='ocrx_word' id='word_1_947' title='bbox 1394 2840 1453 2870; x_wconf 78' lang='lat' dir='ltr'><em>dolo</em></span> <span class='ocrx_word' id='word_1_948' title='bbox 1472 2847 1639 2879; x_wconf 70' lang='grc' dir='ltr'><em>ευιριιτευι,</em></span> <span class='ocrx_word' id='word_1_949' title='bbox 1662 2846 1694 2869; x_wconf 85' lang='lat' dir='ltr'><em>ut</em></span> <span class='ocrx_word' id='word_1_950' title='bbox 1712 2849 1747 2870; x_wconf 75' lang='lat' dir='ltr'><em>ex</em></span> <span class='ocrx_word' id='word_1_951' title='bbox 1770 2845 1859 2879; x_wconf 82' lang='lat' dir='ltr'><em>empto</em></span> <span class='ocrx_word' id='word_1_952' title='bbox 1885 2839 1976 2869; x_wconf 71' lang='lat' dir='ltr'><em>teneri</em></span> 
     </span>
     <span class='ocr_line' id='line_1_129' title="bbox 1114 2879 1975 2922; baseline -0.002 -10"><span class='ocrx_word' id='word_1_953' title='bbox 1114 2893 1172 2913; x_wconf 87' lang='lat' dir='ltr'><em>non</em></span> <span class='ocrx_word' id='word_1_954' title='bbox 1189 2880 1283 2922; x_wconf 86' lang='lat' dir='ltr'><em>poffit.</em></span> <span class='ocrx_word' id='word_1_955' title='bbox 1314 2880 1350 2914; x_wconf 63' lang='grc' dir='ltr'><em>ὅ)</em></span> <span class='ocrx_word' id='word_1_956' title='bbox 1371 2882 1445 2921; x_wconf 80' lang='lat' dir='ltr'><em>quod</em></span> <span class='ocrx_word' id='word_1_957' title='bbox 1463 2882 1564 2911; x_wconf 83' lang='lat' dir='ltr'><em>minor.</em></span> <span class='ocrx_word' id='word_1_958' title='bbox 1591 2880 1681 2920; x_wconf 53' lang='lat' dir='ltr'><em>Effe.)</em></span> <span class='ocrx_word' id='word_1_959' title='bbox 1710 2880 1758 2911; x_wconf 89' lang='lat' dir='ltr'><em>his</em></span> <span class='ocrx_word' id='word_1_960' title='bbox 1782 2879 1874 2911; x_wconf 88' lang='lat' dir='ltr'><em>stulte</em></span> <span class='ocrx_word' id='word_1_961' title='bbox 1896 2880 1975 2910; x_wconf 82' lang='lat' dir='ltr'><em>inse-</em></span> 
     </span>
     <span class='ocr_line' id='line_1_130' title="bbox 1115 2921 1975 2962; baseline -0.006 -7"><span class='ocrx_word' id='word_1_962' title='bbox 1115 2924 1193 2962; x_wconf 87' lang='lat' dir='ltr'><em>ruit,</em></span> <span class='ocrx_word' id='word_1_963' title='bbox 1216 2928 1268 2954; x_wconf 74' lang='lat' dir='ltr'><em>aut</em></span> <span class='ocrx_word' id='word_1_964' title='bbox 1284 2922 1395 2953; x_wconf 79' lang='lat' dir='ltr'><em>nullam</em></span> <span class='ocrx_word' id='word_1_965' title='bbox 1419 2921 1469 2962; x_wconf 82' lang='lat' dir='ltr'><em>effe</em></span> <span class='ocrx_word' id='word_1_966' title='bbox 1486 2923 1678 2952; x_wconf 76' lang='lat' dir='ltr'><em>venditionem</em></span> <span class='ocrx_word' id='word_1_967' title='bbox 1695 2945 1704 2960; x_wconf 90' lang='lat'><em>,</em></span> <span class='ocrx_word' id='word_1_968' title='bbox 1731 2921 1759 2959; x_wconf 85' lang='lat' dir='ltr'><strong><em>fi</em></strong></span> <span class='ocrx_word' id='word_1_969' title='bbox 1781 2923 1811 2951; x_wconf 85' lang='lat' dir='ltr'><em>in</em></span> <span class='ocrx_word' id='word_1_970' title='bbox 1827 2921 1877 2951; x_wconf 77' lang='lat' dir='ltr'><em>hoc</em></span> <span class='ocrx_word' id='word_1_971' title='bbox 1897 2923 1975 2960; x_wconf 73' lang='lat' dir='ltr'><em>ipso,</em></span> 
     </span>
     <span class='ocr_line' id='line_1_131' title="bbox 1114 2961 1973 3003; baseline -0.003 -7"><span class='ocrx_word' id='word_1_972' title='bbox 1114 2971 1149 2996; x_wconf 82' lang='lat' dir='ltr'><em>ut</em></span> <span class='ocrx_word' id='word_1_973' title='bbox 1170 2967 1330 3001; x_wconf 74' lang='lat' dir='ltr'><em>venderet,</em></span> <span class='ocrx_word' id='word_1_974' title='bbox 1362 2963 1592 3003; x_wconf 76' lang='lat' dir='ltr'><em>circumscriptus</em></span> <span class='ocrx_word' id='word_1_975' title='bbox 1615 2961 1663 3003; x_wconf 78' lang='lat' dir='ltr'><em>est.</em></span> <span class='ocrx_word' id='word_1_976' title='bbox 1716 2962 1749 2993; x_wconf 84' lang='lat' dir='ltr'><em>ld</em></span> <span class='ocrx_word' id='word_1_977' title='bbox 1778 2962 1861 2993; x_wconf 89' lang='lat' dir='ltr'><em>enim</em></span> <span class='ocrx_word' id='word_1_978' title='bbox 1887 2962 1973 2993; x_wconf 83' lang='lat' dir='ltr'><em>idem</em></span> 
     </span>
     <span class='ocr_line' id='line_1_132' title="bbox 1115 3003 1973 3044; baseline -0.003 -8"><span class='ocrx_word' id='word_1_979' title='bbox 1115 3006 1220 3044; x_wconf 87' lang='lat' dir='ltr'><em>valet,</em></span> <span class='ocrx_word' id='word_1_980' title='bbox 1243 3014 1280 3036; x_wconf 85' lang='lat' dir='ltr'><em>ac</em></span> <span class='ocrx_word' id='word_1_981' title='bbox 1296 3004 1316 3036; x_wconf 83' lang='lat' dir='ltr'>fi</span> <span class='ocrx_word' id='word_1_982' title='bbox 1335 3004 1430 3042; x_wconf 74' lang='lat' dir='ltr'><em>effer,</em></span> <span class='ocrx_word' id='word_1_983' title='bbox 1456 3005 1537 3041; x_wconf 82' lang='lat' dir='ltr'><em>Aut,</em></span> <span class='ocrx_word' id='word_1_984' title='bbox 1563 3004 1582 3035; x_wconf 77' lang='lat' dir='ltr'><em>si</em></span> <span class='ocrx_word' id='word_1_985' title='bbox 1606 3005 1635 3035; x_wconf 88' lang='lat' dir='ltr'><em>in</em></span> <span class='ocrx_word' id='word_1_986' title='bbox 1660 3005 1722 3035; x_wconf 80' lang='lat' dir='ltr'><em>hoc</em></span> <span class='ocrx_word' id='word_1_987' title='bbox 1738 3003 1823 3044; x_wconf 86' lang='lat' dir='ltr'><em>ipso,</em></span> <span class='ocrx_word' id='word_1_988' title='bbox 1847 3010 1881 3032; x_wconf 81' lang='lat' dir='ltr'><em>nt</em></span> <span class='ocrx_word' id='word_1_989' title='bbox 1898 3012 1973 3033; x_wconf 76' lang='lat' dir='ltr'><em>ven-</em></span> 
     </span>
     <span class='ocr_line' id='line_1_133' title="bbox 1115 3043 1974 3085; baseline -0.006 -7"><span class='ocrx_word' id='word_1_990' title='bbox 1115 3048 1225 3085; x_wconf 84' lang='lat' dir='ltr'><em>deret,</em></span> <span class='ocrx_word' id='word_1_991' title='bbox 1247 3045 1502 3084; x_wconf 74' lang='lat' dir='ltr'><em>circumscriptus</em></span> <span class='ocrx_word' id='word_1_992' title='bbox 1523 3045 1558 3077; x_wconf 74' lang='lat' dir='ltr'><em>iit</em></span> <span class='ocrx_word' id='word_1_993' title='bbox 1576 3046 1725 3076; x_wconf 78' lang='lat' dir='ltr'><em>venditor</em></span> <span class='ocrx_word' id='word_1_994' title='bbox 1740 3067 1749 3082; x_wconf 87' lang='lat'><em>,</em></span> <span class='ocrx_word' id='word_1_995' title='bbox 1768 3043 1894 3074; x_wconf 75' lang='lat' dir='ltr'><em>&#39;nullam</em></span> <span class='ocrx_word' id='word_1_996' title='bbox 1910 3043 1974 3074; x_wconf 76' lang='lat' dir='ltr'><em>ess&#39;e</em></span> 
     </span>
     <span class='ocr_line' id='line_1_134' title="bbox 1114 3085 1973 3127; baseline -0.003 -8"><span class='ocrx_word' id='word_1_997' title='bbox 1114 3087 1335 3119; x_wconf 88' lang='lat' dir='ltr'><em>venditionem</em></span> <span class='ocrx_word' id='word_1_998' title='bbox 1352 3097 1361 3126; x_wconf 84' lang='lat'>3</span> <span class='ocrx_word' id='word_1_999' title='bbox 1387 3097 1492 3127; x_wconf 80' lang='lat' dir='ltr'><em>eoque</em></span> <span class='ocrx_word' id='word_1_1000' title='bbox 1512 3087 1553 3118; x_wconf 80' lang='lat' dir='ltr'><em>sic</em></span> <span class='ocrx_word' id='word_1_1001' title='bbox 1571 3096 1639 3118; x_wconf 86' lang='lat' dir='ltr'><em>eam</em></span> <span class='ocrx_word' id='word_1_1002' title='bbox 1657 3085 1777 3125; x_wconf 83' lang='lat' dir='ltr'><em>accipi,</em></span> <span class='ocrx_word' id='word_1_1003' title='bbox 1803 3085 1886 3124; x_wconf 77' lang='lat' dir='ltr'><em>quali</em></span> <span class='ocrx_word' id='word_1_1004' title='bbox 1904 3094 1973 3116; x_wconf 90' lang='lat' dir='ltr'><em>om-</em></span> 
     </span>
     <span class='ocr_line' id='line_1_135' title="bbox 1114 3124 1975 3168; baseline -0.005 -8"><span class='ocrx_word' id='word_1_1005' title='bbox 1114 3131 1143 3160; x_wconf 88' lang='lat' dir='ltr'><em>ni</em></span> <span class='ocrx_word' id='word_1_1006' title='bbox 1163 3128 1288 3168; x_wconf 85' lang='lat' dir='ltr'><em>prorsus</em></span> <span class='ocrx_word' id='word_1_1007' title='bbox 1310 3135 1416 3159; x_wconf 83' lang='lat' dir='ltr'><em>careat</em></span> <span class='ocrx_word' id='word_1_1008' title='bbox 1434 3128 1549 3160; x_wconf 68' lang='lat' dir='ltr'><em>efl&#39;ezftu</em></span> <span class='ocrx_word' id='word_1_1009' title='bbox 1568 3151 1577 3165; x_wconf 90' lang='lat'><em>,</em></span> <span class='ocrx_word' id='word_1_1010' title='bbox 1607 3137 1672 3158; x_wconf 91' lang='lat' dir='ltr'><em>non</em></span> <span class='ocrx_word' id='word_1_1011' title='bbox 1698 3124 1844 3156; x_wconf 80' lang='lat' dir='ltr'><em>adversus</em></span> <span class='ocrx_word' id='word_1_1012' title='bbox 1865 3127 1975 3157; x_wconf 85' lang='lat' dir='ltr'><em>vendi-</em></span> 
     </span>
     <span class='ocr_line' id='line_1_136' title="bbox 1116 3166 1973 3209; baseline -0.006 -8"><span class='ocrx_word' id='word_1_1013' title='bbox 1116 3178 1219 3201; x_wconf 88' lang='lat' dir='ltr'><em>torem</em></span> <span class='ocrx_word' id='word_1_1014' title='bbox 1238 3177 1359 3201; x_wconf 86' lang='lat' dir='ltr'><em>tantum</em></span> <span class='ocrx_word' id='word_1_1015' title='bbox 1378 3170 1430 3209; x_wconf 89' lang='lat' dir='ltr'><em>qui</em></span> <span class='ocrx_word' id='word_1_1016' title='bbox 1447 3170 1486 3200; x_wconf 78' lang='lat' dir='ltr'><em>ab</em></span> <span class='ocrx_word' id='word_1_1017' title='bbox 1511 3176 1657 3209; x_wconf 87' lang='lat' dir='ltr'><em>emptore</em></span> <span class='ocrx_word' id='word_1_1018' title='bbox 1679 3167 1834 3207; x_wconf 82' lang='lat' dir='ltr'><em>deceptus</em></span> <span class='ocrx_word' id='word_1_1019' title='bbox 1852 3166 1896 3197; x_wconf 87' lang='lat' dir='ltr'><em>est</em></span> <span class='ocrx_word' id='word_1_1020' title='bbox 1915 3167 1973 3197; x_wconf 89' lang='lat' dir='ltr'><em>do-</em></span> 
     </span>
     <span class='ocr_line' id='line_1_137' title="bbox 1115 3209 1975 3249; baseline -0.005 -7"><span class='ocrx_word' id='word_1_1021' title='bbox 1115 3211 1147 3242; x_wconf 87' lang='lat' dir='ltr'><em>lo</em></span> <span class='ocrx_word' id='word_1_1022' title='bbox 1172 3212 1280 3249; x_wconf 84' lang='lat' dir='ltr'><em>malo,</em></span> <span class='ocrx_word' id='word_1_1023' title='bbox 1309 3210 1362 3242; x_wconf 89' lang='lat' dir='ltr'><em>sed</em></span> <span class='ocrx_word' id='word_1_1024' title='bbox 1385 3210 1531 3242; x_wconf 81' lang='lat' dir='ltr'><em>adversus</em></span> <span class='ocrx_word' id='word_1_1025' title='bbox 1562 3217 1741 3246; x_wconf 75' lang='lat' dir='ltr'><em>emptorem</em></span> <span class='ocrx_word' id='word_1_1026' title='bbox 1767 3216 1897 3247; x_wconf 81' lang='lat' dir='ltr'><em>quoque</em></span> <span class='ocrx_word' id='word_1_1027' title='bbox 1919 3209 1975 3246; x_wconf 81' lang='lat' dir='ltr'><em>qui</em></span> 
     </span>
     <span class='ocr_line' id='line_1_138' title="bbox 1116 3248 1973 3294; baseline -0.006 -11"><span class='ocrx_word' id='word_1_1028' title='bbox 1116 3253 1321 3284; x_wconf 82' lang='lat' dir='ltr'><em>venditorem</em></span> <span class='ocrx_word' id='word_1_1029' title='bbox 1343 3251 1420 3283; x_wconf 91' lang='lat' dir='ltr'><em>dolo</em></span> <span class='ocrx_word' id='word_1_1030' title='bbox 1437 3251 1583 3291; x_wconf 82' lang='lat' dir='ltr'><em>decepit3</em></span> <span class='ocrx_word' id='word_1_1031' title='bbox 1609 3250 1637 3280; x_wconf 62' lang='lat' dir='ltr'><em>dt</em></span> <span class='ocrx_word' id='word_1_1032' title='bbox 1663 3249 1736 3280; x_wconf 84' lang='lat' dir='ltr'><em>ideo</em></span> <span class='ocrx_word' id='word_1_1033' title='bbox 1760 3249 1815 3281; x_wconf 92' lang='lat' dir='ltr'><em>illo</em></span> <span class='ocrx_word' id='word_1_1034' title='bbox 1834 3250 1865 3280; x_wconf 92' lang='lat' dir='ltr'><em>in</em></span> <span class='ocrx_word' id='word_1_1035' title='bbox 1884 3248 1973 3294; x_wconf 73' lang='lat' dir='ltr'><em>casu,</em></span> 
     </span>
    </p>

    <p class='ocr_par' dir='ltr' id='par_1_14' title="bbox 1905 3298 1979 3330">
     <span class='ocr_line' id='line_1_139' title="bbox 1905 3298 1979 3330; baseline 0.014 -10"><span class='ocrx_word' id='word_1_1036' title='bbox 1905 3298 1979 3330; x_wconf 75' lang='lat' dir='ltr'><em>quia</em></span> 
     </span>
    </p>
   </div>
  </div>
 </body>
</html>
