2036 3495
500 98 570 133 Dr²
610 97 802 132 Pac-rrs
843 106 901 131 ΞΤ
941 98 1487 137 TRANSACTtoniaus.

101 199 160 227 re,
192 188 256 229 ejus
283 185 465 227 inspiciendi
492 185 754 223 describendique
781 185 966 218 facultatem

102 230 186 261 fieri:
204 232 261 260 hac
280 228 384 266 causa,
403 236 437 259 ut
455 227 475 259 fi
491 228 588 258 velint
605 229 643 258 de
661 227 851 258 testamento
870 227 967 267 litiga-

102 282 152 306 re.
177 273 258 310 apud
274 270 417 309 judicem
436 269 527 310 poffit
546 268 667 308 exquiri
686 268 819 298 veritas:
842 268 882 299 lin
903 278 965 299 ma-

100 313 157 343 lint
176 312 342 349 decidere,
367 310 429 341 sine
453 309 562 349 judi-ce
587 309 678 349 poffit
696 308 817 353 transigi
837 317 965 355 contro:

100 353 206 384 versia.
239 353 331 393 igitur
349 351 449 381 voluit
473 351 599 391 quidem
624 350 813 387 Proconsul,
837 360 893 381 eos
909 359 962 390 qul

99 402 263 431 cogitent,
288 392 432 424 dirimere
456 391 685 422 controversias
708 400 747 421 ex
774 390 963 422 testamento

98 426 355 474 proticu'centes,
379 434 523 472 adjuvare
546 433 662 472 apertis
681 431 858 463 testamenti
875 433 963 463 tabu-

101 478 154 507 lis:
179 485 242 515 quo
259 475 381 506 facilius
400 483 436 504 ac
460 473 594 503 securius
610 472 728 503 faciant
746 474 833 512 quod
851 474 895 505 eis
912 483 963 504 ne-

99 526 220 557 gotium
241 516 293 547 cst.
325 523 355 546 at
371 524 433 545 non
452 515 573 551 voluit,
595 514 856 551 transachonem,
874 514 894 545 fi
911 513 963 545 fiat

100 560 183 588 bona
207 557 267 588 fide
285 580 293 594 ‚
324 565 386 586 non
411 555 557 593 inspectis
581 556 759 595 cognitisve
785 555 963 586 testamenti

98 600 223 634 verbis,
241 599 360 628 idcirco
377 595 550 627 infirmare:
568 596 655 636 quod
671 596 706 627 fit
722 595 821 633 fasta,
838 606 900 628 non
919 597 963 627 in·

98 639 205 679 specto
222 640 251 670 ἃ
267 637 398 677 cognito
416 645 489 667 ante
509 637 708 668 testamento.
734 638 872 669 minime.
897 647 961 669 non

99 681 144 711 est
161 681 222 710 hoc
246 679 358 709 Edicto
380 678 662 717 comprehensum:
685 688 789 718 neque
806 679 879 710 alias
898 679 961 718 pla-

99 722 164 751 cuit
182 721 299 760 legibus
315 727 366 749 aut
382 720 521 749 moribus
540 720 653 759 Populi
672 719 814 751 Romani.
835 729 894 750 nec
909 720 962 760 igi-

98 770 147 792 tur
166 759 267 801 potuit
284 771 298 790 a
319 759 400 800 Gajo
418 761 497 791 dici:
514 761 630 801 quippe
645 770 716 791 cum
735 770 797 791 non
811 759 847 791 fit
862 761 963 801 priva-

95 804 120 834 ti
143 802 380 842 Jurisconsulti,
405 802 490 843 leges
516 802 622 833 facere
638 824 648 841 ,
672 801 723 834 sed
744 801 841 833 sastas
866 802 961 833 inter-

1812 111 1878 147 ιω

1011 188 1138 227 pretori.
1168 198 1204 219 ac
1228 189 1248 221 fi
1273 190 1480 231 explicanda,
1505 197 1538 223 ut
1564 197 1718 233 oportet,
1742 201 1782 224 ex
1805 191 1878 231 Gaji

1010 237 1118 260 mente
1140 228 1175 260 lit
1198 232 1226 261 d.
1250 232 1269 262 Ζ.
1286 235 1314 262 6.
1337 231 1373 266 69⁹
1391 233 1409 264 Ζ.
1430 242 1454 264 1.
1473 232 1557 274 §..1:
1581 242 1692 265 neutra
1717 233 1878 275 improbat

1010 271 1251 303 transactionem
1276 273 1315 303 de
1343 273 1532 305 testamento
1557 274 1689 313 faCtam,
1713 284 1787 313 ante
1810 283 1876 305 non

1008 310 1154 350 inspeetis
1179 314 1359 353 cognitisve
1383 315 1449 355 ejus
1473 315 1595 347 tabulis.
1627 324 1738 347 contra
1757 313 1875 347 veriffi·

1006 360 1091 383 mum
1109 351 1170 389 est,
1195 357 1282 393 quod
1307 354 1485 387 observavit
1508 357 1664 388 Antonius
1690 356 1807 396 Faber,
1831 355 1872 386 V.

1007 392 1298 434 CL.Rationalil1us,
1315 395 1429 436 Gajum
1441 420 1451 435 ‚
1468 405 1539 428 cum
1550 407 1662 438 negat,
1678 399 1769 429 aliter
1784 396 1873 437 posse

1007 433 1130 475 transigi
1155 436 1192 466 de
1219 435 1267 467 his
1289 437 1512 469 controverfiis
1538 447 1607 478 quae
1624 448 1663 470 ex
1682 439 1872 470 testamento

1006 474 1261 515 profiCIscantu1·,
1286 487 1379 518 quam
1400 477 1545 518 inspectis
1561 480 1742 520 cognitisve
1765 479 1872 511 verbis

1007 516 1201 555 testamenti,
1226 525 1347 550 tantum
1370 519 1409 550 de
1424 518 1530 559 facto,
1553 530 1617 551 non
1634 521 1756 561 dejure
1771 521 1872 559 loqui.

1005 555 1103 594 Dixi,
1126 567 1193 596 quae
1213 559 1289 590 mihi
1306 559 1367 590 visa
1382 561 1455 592 inde
1472 570 1488 591 a
1505 561 1603 601 prima
1616 562 1786 600 juventute
1801 560 1871 592 sunt

1005 598 1190 638 probabilia.
1215 601 1302 639 plura
1316 601 1421 631 attulit
1439 602 1560 641 pridem
1578 602 1617 634 V.
1637 601 1695 633 CL.
1712 601 1870 633 Antonius

1004 639 1236 681 Schultingius,
1252 642 1376 683 egregia
1394 641 1598 682 Differtatiorze
1604 643 1693 682 super
1707 650 1871 674 controver-

998 678 1052 717 fiz's
1069 690 1130 721 qua:
1140 691 1177 711 ex
1191 682 1300 712 ultimis
1315 683 1513 714 voluntatibus
1522 683 1766 724 proficiscuntur,
1781 684 1868 714 etiam

1004 730 1061 752 non
1074 721 1203 761 inspeetis
1216 723 1261 753 vel
1276 725 1396 764 cognitis
1406 724 1521 756 illarum
1535 726 1628 756 verbis
1636 724 1708 756 νεὲἶε
1723 725 1868 755 ineunda:

1005 770 1065 792 nec
1081 762 1201 802 pigebit
1217 764 1334 795 vidisse.
1353 764 1461 804 spero,
1478 775 1567 806 aeque
1584 765 1721 806 placebit
1736 765 1802 805 ejus
1816 764 1868 804 Ju-

1004 803 1216 843 risprudentia
1231 805 1499 845 Antejustinianea
1516 815 1610 849 quam
1626 805 1855 848 exspectamus.

789 906 1010 941 CAPUT
1066 906 1176 941 XIX.

94 997 223 1033 Praetori
241 1010 298 1033 non
314 997 368 1043 effi?
381 997 562 1044 proprfitmn
576 998 613 1031 ‘in
630 998 682 1032 hoc
710 996 826 1037 Edicto,
843 994 973 1042 seruare
987 996 1078 1041 pana
1100 1005 1268 1041 conventa,
1284 998 1381 1044 fabia
1406 999 1550 1046 adversus
1575 1002 1639 1046 Jus
1660 1002 1774 1045 Civile,
1797 1013 1866 1037 cum

134 1047 285 1093 firiptum
296 1074 303 1084 ,
331 1056 394 1080 timi
414 1059 469 1081 non
480 1046 640 1091 sirriptum.

692 1045 742 1079 De
755 1044 866 1089 forma
885 1045 1033 1090 plerisque
1058 1048 1189 1091 negotiis
1210 1047 1282 1080 data
1309 1048 1396 1083 Civili

1422 1049 1512 1094 Jure.
1545 1048 1585 1088 ὅ)
1601 1063 1641 1085 an
1667 1059 1771 1086 contra
1789 1052 1868 1085 hanc

138 1094 227 1141 pfffit
239 1097 362 1141 pubium
379 1106 554 1130 convemum
564 1093 638 1139 fleri
657 1092 788 1139 express&
805 1093 856 1128 vel
870 1093 971 1128 tacite.
1005 1090 1046 1132 fi?
1062 1095 1134 1139 quid
1147 1095 1182 1129 cle
1195 1094 1319 1140 caufis?

173 1214 210 1236 uc
227 1214 325 1245 usque
339 1203 424 1244 dixi,
441 1203 567 1245 quando
583 1212 645 1234 non
664 1201 956 1247 servethetorpa·

92 1207 164 1278 Η
185 1247 231 1276 Cia
256 1254 413 1277 conventa
439 1243 585 1276 adversus
611 1243 713 1284 Leges
730 1266 738 1281 ,
769 1242 954 1281 Plebiscita,

93 1286 385 1324 senatusconsulta,
402 1286 529 1324 Edicta,
545 1283 684 1316 Decreta
693 1284 958 1324 Principum,aut

92 1331 123 1361 in
143 1337 252 1360 eorum
271 1326 412 1358 fraudem
431 1326 522 1357 facta.
554 1325 721 1366 Reliquum
740 1324 800 1357 est:
818 1333 851 1355 ut
868 1326 956 1357 inve-

90 1370 199 1411 stigem
218 1369 291 1408 quid
311 1368 357 1399 his
372 1367 521 1408 indigitet
539 1367 660 1404 verbis,
678 1365 955 1412 Leges,·Plebisci-

90 1420 137 1450 ta,
155 1408 446 1446 Senamsconsusta,
463 1408 591 1446 Edicta,
609 1407 748 1439 Decreta
760 1407 952 1446 Principum:

93 1462 167 1485 vcum
193 1453 268 1490 Imp.
286 1449 472 1489 justinianus
487 1450 506 1481 l.
525 1456 587 1487 pen.
608 1449 640 1480 C.
658 1450 691 1479 cle
704 1447 795 1489 patris
811 1448 956 1488 simplici-

95 1502 142 1524 ter
158 1494 241 1524 dicat
252 1515 260 1530 ,
279 1491 338 1531 Ipso
359 1491 493 1522 Praetoris
509 1489 629 1527 Editio,
640 1489 728 1530 ραέἶα
743 1495 884 1521 conventa
897 1499 957 1531 quar

95 1544 184 1575 neque
200 1540 299 1564 contra
315 1533 404 1573 leges,
428 1541 517 1572 neque
539 1532 597 1562 dolo
614 1531 686 1562 molo
700 1531 876 1570 initasunt‚
900 1541 957 1561 om-

95 1576 204 1606 nimodo
223 1573 488 1612 observandasurzt.
524 1571 606 1603 Mihi
624 1582 701 1603 vero
719 1573 861 1611 videtur,
886 1581 956 1612 pro-

91 1616 228 1657 positum
245 1614 306 1646 esse
325 1614 469 1652 Praetori,
487 1623 550 1644 non
569 1613 691 1644 servare
708 1613 798 1653 pana
815 1622 955 1644 conven-

91 1666 138 1690 ta.
155 1656 236 1688 facta
253 1654 398 1686 adversus
414 1654 466 1694 Jus
484 1653 652 1694 scriptum:
671 1655 700 1685 ἃ
713 1664 776 1685 non
789 1653 955 1694 scriptum:

90 1708 151 1730 nec
167 1696 310 1729 interesse
326 1696 409 1735 ejus,
428 1703 530 1726 utrum
547 1695 752 1735 sitproprium
770 1694 882 1735 Populi
894 1694 956 1726 Ro-

90 1740 192 1777 mani,
221 1747 258 1768 an
282 1746 452 1768 commune
475 1738 614 1767 omnium
641 1736 821 1768 hominum:
845 1736 899 1767 etii
918 1735 956 1767 E-

93 1780 166 1810 dicti
195 1779 289 1809 verba
316 1784 437 1808 tantum
462 1778 645 1817 improbent
670 1777 759 1816 pacta
774 1785 952 1816 conventa,

92 1820 173 1851 facta
190 1818 337 1852 adversus
352 1817 404 1857 Jus
422 1817 569 1858 scriptum
585 1829 592 1848 :
624 1819 712 1858 quod
730 1817 868 1859 Legibus
885 1819 955 1850 Ple-

93 1862 230 1899 bil'citis‚
254 1859 557 1898 Senatusconsultis,
584 1858 702 1891 Editus
727 1859 901 1891 Praetorum
926 1859 956 1891 &

90 1902 243 1934 Decretis
260 1901 442 1939 Principum
467 1900 631 1931 constabat
654 1908 801 1941 tempore
821 1900 956 1939 juliani:

91 1944 144 1984 qui
161 1942 341 1983 composuit
357 1942 502 1972 EdiCtum
516 1942 714 1982 perpetuum.
739 1940 889 1973 Occurrit
906 1942 957 1972 ali-

92 1985 218 2017 ouoties
242 1984 309 2015 talis
332 1984 448 2014 veteris
474 1982 578 2014 Edisti
597 1983 814 2022 interpolatio.
847 1983 956 2014 notavi

91 2018 159 2057 e'am
182 2026 218 2055 ad
244 2024 454 2066 praecedentia
473 2025 588 2061 verba,
612 2024 716 2065 Neque
733 2024 792 2054 dolo
810 2023 902 2055 malo.-
925 2023 955 2055 ὅ(

91 2067 121 2098 in
138 2066 270 2105 Edicto,
287 2065 385 2107 Quod
397 2072 498 2096 metus
516 2064 620 2102 causa,
637 2065 665 2095 ἀ
681 2063 733 2095 De
749 2065 956 2097 commodato

89 2108 151 2147 jam
175 2109 249 2139 olim
277 2106 406 2138 similem
435 2105 614 2137 observavit
637 2104 789 2146 Ulpianus
812 2106 831 2137 l.
861 2113 886 2137 Ι.
912 2106 955 2138 D.

95 2148 180 2191 ,Quod
202 2154 290 2179 metus
314 2148 398 2188 causa
416 2170 425 2185 ,
447 2146 484 2181 ὣς
505 2147 524 2177 Ζ.
557 2156 580 2178 1.
601 2146 630 2188 §.
651 2157 678 2178 1.
698 2146 739 2178 D.
769 2147 953 2178 Commodati.

91 2188 190 2222 Deest
213 2192 306 2219 eriam
334 2188 430 2219 hodie
445 2189 477 2219 in
496 2188 609 2219 Edicto
627 2188 778 2219 AEdilium
797 2189 954 2219 curulium

92 2231 217 2267 versus,
237 2229 349 2260 Titulus
366 2230 535 2269 scriptorum
545 2228 727 2269 singulorum
742 2235 775 2260 ut
791 2230 816 2260 ei
830 2230 954 2269 scriptus

89 2271 148 2310 fit,
173 2270 242 2304 &cx
265 2279 358 2310 quem
375 2269 494 2301 versum
512 2271 588 2301 olim
605 2268 695 2301 fuisse
712 2271 743 2301 in
759 2279 800 2301 eo
821 2269 953 2309 Edicto,

95 2313 203 2344 auctor
220 2311 264 2342 est
280 2312 315 2341 A.
334 2309 458 2342 Gellius
472 2311 516 2341 lib.
536 2321 565 2342 2.
585 2310 675 2342 Νοὲῗ.
694 2311 786 2342 Αιιιέ.
803 2321 827 2342 c.
847 2321 875 2342 2.
917 2311 953 2343 Iu

94 2353 256 2394 praesentia
274 2361 352 2383 vero
376 2351 532 2382 confinxit
548 2351 685 2391 Julianus
703 2352 818 2384 veteris
834 2352 953 2384 Praeto-

93 2395 134 2426 ris
151 2394 245 2424 verba
262 2394 298 2424 ad
316 2402 421 2423 mores
439 2392 481 2423 sui
500 2395 662 2432 temporis.
690 2392 785 2424 Nulla
801 2393 885 2424 enim
901 2403 952 2425 an-

92 2443 124 2466 te
137 2435 296 2465 inductum
316 2433 527 2474 Principatum
544 2433 672 2465 fuerunt
690 2434 871 2474 Principum
888 2434 953 2465 De-

92 2484 194 2506 creta:
211 2485 281 2507 cum
299 2475 393 2506 hodie
405 2475 435 2506 iu
452 2475 612 2514 Perpetuo
626 2474 740 2506 Edicto
758 2475 809 2506 hie
825 2485 841 2506 a
858 2475 952 2515 Julia-

92 2525 134 2546 no
151 2515 203 2546 fiat
220 2525 329 2547 eorum
347 2516 479 2547 mentio.
523 2515 598 2546 Non
618 2517 717 2547 minus
735 2517 889 2548 convenit
911 2516 952 2548 se·

65 2579 68 2582 .
95 2557 167 2586 culo
190 2556 298 2595 juliani
317 2580 326 2595 ,
357 2557 443 2596 quod
464 2559 495 2588 in
521 2556 637 2587 Edicto
660 2566 724 2588 non
749 2559 952 2589 nominantur

94 2594 248 2635 Responsa
265 2597 469 2629 Prudentum:
487 2606 519 2628 ut
538 2606 572 2628 ut
587 2607 623 2628 ca
639 2597 702 2636 Juri
722 2597 837 2638 scripto
853 2608 949 2630 annu·

94 2645 194 2667 meret
213 2636 289 2676 Imp.
308 2637 490 2675 justinianus
502 2638 527 2679 §.
539 2649 567 2678 3.
585 2637 655 2678 Infi.
676 2640 785 2680 dejure
800 2641 950 2671 naturali:

95 2677 148 2715 qui
171 2686 205 2706 ea
229 2676 425 2708 confirmavit
441 2678 458 2709 l.
478 2689 504 2709 2.
524 2679 569 2710 De
588 2679 799 2719 confirmatione
821 2679 950 2721 Digesto-

92 2727 175 2747 rum:
191 2716 266 2747 sicut
283 2717 311 2747 &
327 2725 398 2749 ante
408 2718 475 2749 sunt
491 2719 674 2751 confirmata
690 2721 728 2752 ab
744 2721 822 2762 Imp.
840 2721 950 2752 Theo-

92 2757 181 2789 dosio
197 2758 214 2787 l.
233 2758 311 2787 vinis.
327 2758 393 2788 Cod.
412 2758 514 2790 Theod.
537 2760 584 2790 De
606 2761 738 2801 responsis
757 2764 950 2802 prudentum.-

93 2808 165 2829 cum
192 2805 264 2831 ante
290 2807 357 2830 eam
380 2798 481 2839 legem
502 2799 554 2838 Jus
574 2800 676 2833 Civile
693 2806 777 2843 quod
796 2804 826 2834 in
845 2803 949 2844 specie

93 2839 134 2871 fic
161 2846 315 2876 vocatur,
344 2848 361 2869 a
385 2839 614 2878 jurisconsultis
637 2843 848 2884 compositum
874 2844 948 2875 Fori

92 2879 314 2919 Disputatione
338 2879 400 2910 fine
426 2879 540 2920 scripto
560 2882 666 2913 venire
681 2906 690 2921 ,
713 2892 817 2916 certus
841 2885 949 2916 aussor

89 2921 126 2953 fit
144 2920 338 2959 Pomponius
357 2920 375 2950 Ζ.
395 2930 420 2952 2.
439 2920 467 2961 §.
486 2931 514 2960 5.
534 2921 576 2952 D.
594 2924 627 2952 de
640 2925 745 2965 origine
754 2926 844 2965 juris,
881 2925 948 2957 Cae.

91 2970 192 2993 terum
217 2960 271 2992 etsi
295 2959 394 2992 Edisti
421 2962 513 2993 verba
531 2970 593 2992 non
610 2967 809 2997 meminerint
825 2976 948 2998 morum

90 3002 204 3043 Populi
223 3002 373 3039 Romani,
390 3003 421 3034 id
438 3001 500 3040 est,
517 3001 595 3041 juris
611 3012 675 3035 non
693 3004 814 3045 scripti:
830 3008 948 3047 placuit

91 3053 194 3075 tamen
223 3043 406 3081 Veteribus,
430 3052 533 3074 mores
551 3053 615 3074 non
633 3045 802 3078 excludere
819 3049 857 3078 ab
876 3047 948 3078 Edi-

89 3085 130 3115 ἑὶί
154 3084 323 3115 sententia:
347 3093 410 3115 uno
434 3084 580 3115 Praetoris
603 3085 752 3124 consilio,
776 3089 857 3119 tueri
873 3098 947 3120 con-

87 3126 281 3165 junctionem
304 3125 404 3156 civilis
428 3125 586 3156 societatis
612 3134 676 3157 non
699 3128 800 3159 minus
817 3138 833 3160 a
856 3130 948 3161 mori·

90 3169 165 3239 ὺυῗ,
188 3175 280 3238 ςυῗηι
297 3176 314 3198 a
331 3166 451 3208 scriptis
468 3166 587 3210 legibus
603 3167 805 3209 pendentem.
835 3171 909 3212 quid
925 3171 945 3207 si

152 3217 202 3239 om.
244 3230 252 3239 .

984 2968 1098 3008 pastis:
1119 2969 1230 3001 Paulus
1254 2971 1272 3002 Ζ.
1297 2981 1344 3011 27.

999 1210 1104 1235 mores
1120 1204 1214 1236 ctiam
1232 1205 1346 1246 Populi
1364 1205 1451 1248 leges
1469 1206 1561 1239 sunt?
1580 1215 1644 1239 non
1661 1209 1763 1240 minus
1779 1210 1867 1242 enim

999 1243 1114 1285 Populi
1135 1246 1331 1278 voluntatem
1357 1249 1454 1279 tacite
1481 1249 1574 1279 rebus
1591 1248 1620 1280 δε
1640 1247 1747 1288 factis,
1771 1259 1866 1290 quam

999 1285 1084 1326 leges
1109 1296 1178 1318 earn
1201 1288 1374 1320 manifestis
1398 1289 1517 1321 clvium
1538 1288 1688 1330 suffragiis
1705 1291 1867 1322 declarant

999 1326 1019 1357 Ζ.
1040 1336 1088 1366 32.
1111 1327 1139 1369 §.
1161 1337 1185 1359 1.
1200 1328 1219 1360 Ζ.
1238 1339 1286 1369 35.
1305 1329 1342 1364 ὅ)
1357 1333 1406 1371 36.
1421 1330 1464 1362 D.
1481 1332 1514 1361 de
1530 1331 1647 1371 legibus.
1685 1330 1760 1363 Hoc
1777 1331 1866 1363 sensu

998 1366 1077 1407 Imp.
1095 1367 1281 1408 justinianus
1299 1371 1319 1401 Ζ.
1335 1377 1398 1411 pen.
1418 1372 1451 1403 C.
1466 1373 1498 1402 de
1508 1372 1624 1412 partis,
1647 1371 1726 1413 Ipso,
1743 1373 1867 1413 inquit,

1000 1408 1136 1440 Praetoris
1154 1409 1256 1441 Editio
1267 1411 1356 1452 pasta
1372 1418 1512 1444 conventa
1531 1423 1593 1454 quoe
1608 1423 1697 1455 neque
1713 1420 1811 1445 contra
1828 1414 1866 1444 le-

994 1458 1065 1492 ges,
1080 1459 1170 1491 neque
1184 1452 1244 1482 dolo
1261 1453 1333 1483 malo
1349 1454 1524 1494 initaszmt‚
1541 1455 1696 1486 omnimodo
1713 1456 1864 1494 observan-

998 1492 1036 1521 αα
1045 1491 1131 1530 sunt.
1175 1492 1236 1524 Sed
1254 1493 1374 1525 Praetor
1395 1504 1435 1525 ne
1453 1494 1585 1526 Naturae
1601 1496 1729 1535 quidem
1743 1497 1791 1535 J'us
1810 1505 1868 1527 ne-

998 1532 1115 1572 glexit:
1138 1541 1210 1565 cum
1235 1533 1300 1565 hoc
1321 1533 1357 1565 fit
1373 1535 1424 1566 lex
1441 1535 1471 1566 δε
1488 1544 1556 1566 mos
1578 1538 1702 1576 generis
1719 1537 1866 1568 humani:

998 1573 1086 1613 cujus
1109 1574 1177 1613 jure
1204 1584 1293 1614 aeque
1317 1584 1354 1606 ac
1377 1583 1465 1616 parte
1481 1575 1626 1608 censetur
1640 1576 1781 1616 Populus
1800 1576 1867 1608 Ro-

998 1622 1107 1646 manus
1121 1615 1149 1655 §.
1169 1624 1196 1646 2.
1213 1614 1286 1656 Irzft.
1305 1616 1417 1657 dejure
1432 1617 1572 1650 naturali.
1601 1618 1724 1658 optime
1746 1618 1865 1650 Cicero

998 1656 1030 1685 in
1048 1655 1275 1694 Partitionibus,
1299 1657 1406 1698 Legis,
1430 1659 1553 1699 inquit,
1576 1658 1627 1699 effe
1643 1659 1762 1699 propria
1777 1660 1865 1692 etiam

998 1705 1031 1727 ea
1047 1706 1109 1737 quae
1117 1695 1182 1734 sine
1196 1698 1286 1729 literis
1300 1705 1352 1729 aut
1365 1701 1497 1741 gentium
1506 1700 1592 1741 jure,
1615 1705 1668 1732 aut
1683 1709 1758 1731 more
1774 1701 1865 1742 majo-

998 1747 1063 1768 rum
1079 1739 1249 1771 retinentur.
1283 1739 1507 1779 Improbantur
1523 1741 1618 1781 igitur
1637 1740 1737 1772 Edicri
1756 1743 1864 1774 verbis

998 1779 1088 1819 pacta
1108 1779 1140 1810 in
1164 1781 1270 1819 primis
1287 1779 1369 1813 facta
1394 1781 1540 1814 adversus
1555 1782 1604 1823 jus
1620 1781 1787 1822 scriptum:
1810 1783 1866 1816 sed

998 1827 1107 1851 mente
1124 1820 1189 1860 ejus
1213 1821 1242 1852 &
1261 1820 1414 1854 sententia
1438 1824 1533 1854 etiam
1550 1823 1636 1864 pacta
1652 1822 1736 1855 faeta
1752 1824 1865 1856 adver-

999 1859 1046 1892 sus
1065 1860 1113 1900 jus
1139 1870 1203 1893 non
1226 1861 1395 1903 scriptum3
1417 1863 1480 1896 five
1502 1863 1538 1896 sit
1562 1866 1723 1905 proprium
1747 1865 1866 1907 Populi

999 1900 1153 1941 Romani,
1175 1901 1238 1935 five
1265 1903 1301 1935 fit
1325 1913 1494 1937 commune
1516 1907 1642 1946 generis
1666 1906 1803 1939 humani.
1832 1908 1866 1940 ὄζ

999 1943 1092 1973 valde
1109 1943 1233 1983 probo,
1251 1946 1338 1985 quod
1355 1949 1398 1978 ait
1412 1946 1599 1986 Justinianus
1614 1948 1632 1978 Ζ.
1643 1947 1696 1978 ult.
1716 1948 1747 1979 C.
1764 1950 1866 1988 depa-

999 1983 1070 2022 stis,
1092 1983 1124 2015 id
1149 1986 1306 2017 contineri
1326 1988 1440 2028 regulis
1461 1988 1552 2027 juris:
1577 1987 1674 2020 solitis
1690 1988 1865 2021 Veteribus

1000 2034 1040 2056 ex
1062 2025 1184 2066 legibus
1208 2035 1305 2068 atque
1329 2028 1448 2060 Edistis
1471 2029 1613 2061 condere
1635 2029 1709 2069 juris
1727 2031 1864 2071 regulas.

999 2065 1123 2098 Eodem
1146 2068 1246 2099 modo
1269 2069 1298 2099 δι
1324 2068 1410 2101 sensu
1434 2070 1614 2102 Antoninus
1627 2071 1647 2101 I.
1664 2073 1693 2102 6.
1712 2071 1743 2102 C.
1769 2072 1864 2113 depa-

999 2106 1069 2145 ciis,
1093 2107 1203 2147 Patra,
1228 2109 1347 2149 inquit,
1369 2120 1431 2151 quae
1456 2118 1556 2142 contra
1574 2111 1662 2152 leges,
1686 2110 1864 2152 constitutio-

998 2157 1119 2189 nesque,
1141 2149 1187 2179 vel
1210 2156 1310 2181 contra
1332 2151 1415 2182 bonos
1438 2161 1525 2183 mores
1542 2151 1643 2192 fiunt,
1666 2153 1777 2185 nullam
1798 2156 1861 2186 vim

996 2190 1113 2228 habere,
1137 2191 1296 2221 indubitati
1304 2191 1384 2232 juris
1401 2190 1450 2233 est.
1488 2192 1534 2224 Ita
1550 2193 1666 2225 summa
1682 2194 1744 2234 est,
1767 2196 1862 2227 Gene-

995 2232 1096 2261 raliter
1117 2232 1224 2271 quoties
1240 2231 1359 2272 pastum
1375 2243 1391 2264 α
1400 2235 1468 2274 jure
1482 2236 1626 2266 communi
1642 2242 1781 2267 remotum
1797 2235 1857 2276 est,

986 2273 1104 2311 servari
1119 2281 1176 2302 uon
1192 2279 1322 2312 oportere.
1346 2273 1398 2304 Sic
1413 2274 1558 2306 subducit
1578 2274 1730 2315 Ulpianus
1746 2277 1765 2308 Ζ.
1785 2287 1812 2317 7.
1830 2278 1859 2319 §.

999 2317 1046 2343 16.
1066 2311 1108 2343 D.
1128 2314 1186 2343 eod.
1207 2314 1252 2345 tit.
1289 2313 1471 2347 Nec'aliter
1488 2324 1578 2356 putat
1595 2316 1692 2356 Gajus
1710 2318 1729 2347 Ζ.
1748 2322 1797 2352 28.
1813 2319 1861 2351 D.

995 2354 1054 2384 eod.
1072 2354 1117 2384 tit.
1142 2354 1267 2394 Contra,
1290 2356 1435 2396 inquiens
1446 2380 1455 2395 ,
1472 2358 1553 2399 juris
1570 2357 1667 2387 civilis
1681 2359 1795 2399 regulas
1804 2367 1861 2401 pa·
1876 2382 1878 2384 v

995 2393 1041 2425 &a
1056 2401 1197 2426 conventa
1211 2403 1277 2427 roza
1292 2406 1349 2428 non
1365 2398 1471 2430 haberi.
1497 2398 1683 2438 Papinianus
1694 2407 1824 2440 quoque
1838 2402 1860 2433 Ζ.

994 2440 1044 2476 38.
1063 2435 1106 2467 D.
1121 2437 1178 2467 eod.
1189 2438 1235 2468 tit.
1250 2436 1329 2477 Jus,
1353 2437 1440 2477 infit,
1451 2439 1599 2480 publicum
1609 2440 1795 2480 privatorum
1803 2449 1858 2483 pa-

994 2477 1047 2507 ctis
1063 2479 1172 2508 mutari
1186 2487 1243 2509 non
1255 2477 1355 2520 potest.
1592 2512 1594 2515 ,

1035 2517 1113 2549 Non
1130 2517 1283 2551 subsistam
1302 2520 1365 2551 hoc
1380 2518 1461 2551 fine:
1485 2521 1565 2552 ultra
1582 2523 1775 2555 monendum
1791 2524 1856 2565 est,

994 2559 1124 2590 inditam
1141 2568 1157 2590 a
1168 2559 1263 2591 Civili
1279 2561 1309 2592 ἀ
1324 2561 1479 2593 Praetorio
1495 2561 1568 2601 Jure
1582 2564 1738 2605 plerisque
1756 2574 1858 2607 nego-

993 2601 1064 2638 tiis,
1088 2609 1146 2641 pro
1163 2599 1308 2632 faciliore
1324 2611 1433 2633 eorum
1451 2603 1685 2644 explicatione,
1708 2605 1770 2637 ess'e
1788 2607 1856 2639 for-

993 2650 1095 2681 mam,
1117 2639 1178 2672 five
1195 2640 1412 2681 substantiam,
1435 2643 1498 2675 five
1518 2653 1677 2685 naturam,
1700 2646 1740 2677 ab
1759 2650 1856 2689 aequi-

993 2690 1081 2721 tate,
1111 2683 1234 2723 pudore
1253 2706 1262 2721 ,
1292 2683 1481 2723 honestate,
1505 2685 1534 2717 &
1558 2687 1686 2727 publico
1710 2691 1854 2721 omnium

992 2724 1167 2754 commodo
1185 2732 1280 2762 atque
1296 2726 1431 2757 utilitate
1453 2735 1517 2758 non
1535 2728 1678 2760 alienam.
1710 2732 1855 2762 meminit

992 2763 1083 2802 hujus
1095 2763 1208 2795 formae
1225 2764 1303 2805 Imp.
1320 2765 1504 2806 justinianus
1521 2768 1549 2810 §.
1567 2769 1621 2801 ult.
1636 2768 1706 2810 lust.
1723 2772 1756 2801 de
1770 2782 1853 2802 man-

991 2806 1074 2843 dato,
1098 2804 1128 2835 ὅ(
1141 2813 1214 2836 ante
1232 2815 1302 2838 eurn
1323 2807 1429 2839 Celsus
1447 2808 1466 2840 l.
1483 2818 1531 2849 47.
1548 2809 1577 2851 §.
1595 2811 1648 2842 ult.
1670 2811 1712 2842 D.
1729 2814 1786 2843 eod.
1804 2813 1851 2843 tic.

992 2844 1147 2885 Ulpianus
1172 2855 1300 2888 quoque
1322 2848 1341 2880 Ζ.
1359 2858 1386 2889 7.
1403 2849 1431 2890 §.
1455 2858 1501 2891 15.
1519 2850 1561 2882 D.
1585 2853 1618 2882 de
1628 2851 1738 2892 poetis.-
1760 2852 1852 2891 Papi-

991 2886 1100 2918 nianus
1125 2886 1320 2920 substantiam
1346 2891 1425 2921 dixit
1449 2891 1468 2923 Ζ.
1486 2901 1534 2932 72.
1550 2892 1594 2924 D.
1612 2894 1645 2924 de
1660 2893 1852 2924 contrahenda

991 2928 1144 2967 emptione.-
1168 2926 1320 2969 Ulpianus
1341 2938 1480 2963 naturam
1503 2935 1530 2964 ci.
1555 2934 1574 2964 l.
1602 2943 1630 2973 7.
1653 2933 1681 2973 §.
1702 2943 1730 2972 5.
1749 2932 1790 2963 D.
1817 2935 1852 2965 de

1370 2972 1399 3013 §.
1415 2983 1444 3013 3.
1462 2973 1503 3004 D.
1523 2975 1579 3004 eod.
1597 2975 1642 3004 tit.
1666 2981 1803 3005 naturam
1819 2975 1851 3007 ὅτ.

990 3009 1143 3042 formam:
1166 3011 1194 3042 &
1210 3011 1228 3043 Ζ.
1246 3015 1293 3045 26.
1310 3013 1338 3055 §.
1359 3023 1384 3045 1.
1403 3014 1444 3046 D.
1464 3013 1577 3054 depofiti
1590 3013 1736 3045 modurn:
1759 3014 1851 3055 Papi-

990 3051 1096 3083 nianus
1112 3051 1131 3082 1.
1149 3061 1197 3091 24.
1214 3052 1256 3085 D.
1273 3058 1330 3086 eod.
1350 3057 1395 3086 tit.
1427 3063 1566 3086 naturam
1584 3054 1613 3084 δε
1630 3062 1725 3085 notos
1743 3057 1852 3088 termi-

990 3100 1067 3123 nos:
1092 3092 1121 3123 δι
1137 3092 1154 3124 Ζ,
1172 3101 1199 3129 9.
1218 3093 1246 3135 ἓ.
1273 3103 1296 3127 1.
1316 3095 1358 3127 D.
1375 3098 1408 3126 de
1422 3097 1528 3127 duobus
1544 3096 1599 3124 reis
1616 3094 1726 3126 statum
1746 3096 1775 3127 ἀ
1797 3107 1850 3128 na-

991 3140 1099 3165 turam.
1123 3133 1166 3164 ita
1183 3135 1289 3175 pana,
1305 3136 1449 3168 adversus
1465 3136 1548 3175 leges
1565 3134 1665 3173 fasta,
1680 3135 1711 3167 in
1732 3136 1847 3170 Edicto

986 3173 1055 3209 sunt
1070 3174 1256 3249 passakfsssta
1272 3176 1418 3212 adversus
1435 3176 1588 3215 formam,
1605 3184 1744 3212 naturam
1753 3202 1764 3218 ‚
1766 3179 1849 3251 [sub-

1795 3229 1848 3253 an·
