2036 3495
455 123 519 160 Au
551 124 641 159 L1B.
668 122 694 158 1.
732 121 830 158 Tun
860 119 920 157 XI.
956 119 1006 155 De
1021 117 1134 166 Officio
1152 118 1298 168 Praeseffl
1315 119 1471 155 Prcerotio.

736 211 1090 249 Trrufrus

1833 129 1876 164 33

1148 210 1215 246 XI.

718 291 768 327 De
786 288 897 336 Officio
913 287 1060 335 Prcefeffbi
1075 287 1234 323 Pmtorio.

139 385 328 419 Rffirnc'rns
344 383 519 421 Praetorio,
536 381 588 422 qui
606 381 683 412 item
699 379 833 412 habetur
849 379 953 421 Magi-

139 428 248 461 stratus
259 427 405 459 Urbanus
424 425 451 455 ὅ(
471 422 638 464 major,fic
654 423 848 463 appellatus:
866 421 955 461 quod

86 470 229 509 praeesset
254 468 408 502 Praetorio
433 465 496 497 live
522 464 678 496 Praetorio
688 463 816 502 ¹casti-03
839 471 873 494 ut
890 462 953 501 est,

88 514 120 542 in
145 511 263 552 Corpore
286 510 407 541 Grzcteri
426 513 495 548 pag.
517 511 582 546 183.
609 506 742 546 inscript.
767 514 790 536 i.
811 514 839 535 2.
859 514 888 545 3.
909 513 955 535 10.

87 551 124 587 &⁹
145 562 190 584 11.
208 551 419 593 fignificantur
435 557 540 581 autem
565 550 629 578 noc
655 547 785 579 nomine
802 546 955 577 cobortes

83 594 264 631 Praetoriae,
280 594 309 623 in
326 592 395 623 unis
406 589 510 621 castris
528 589 612 629 apud
628 588 762 619 Romam
779 596 869 618 extra
883 596 955 627 por-

86 643 150 668 tam
175 634 364 666 Viminalem
392 632 568 662 tendentes.
592 631 675 661 unde
702 630 753 669 qui
781 627 952 660 Praefectus

83 677 238 710 Praetorio
251 676 380 712 dicitur,
398 673 469 704 alias
480 671 651 703 Praefectus
672 670 826 702 Praetoriis
836 670 952 700 cohor-

84 720 168 751 tibus
185 725 318 748 vocatur
335 716 418 756 apud
433 713 640 751 Suetonium,
658 712 774 753 Caliga!
801 721 831 750 4.
853 720 905 748 η,
924 710 953 741 &

85 759 237 792 Tacitum
254 758 301 788 lib.
313 767 341 795 4.
361 756 475 787 Annal.
494 765 518 786 c.
542 764 567 785 1.
592 754 668 785 Erat
685 763 761 784 vero
779 752 831 783 hic
849 751 952 792 Magi-

81 801 192 834 stratus
208 800 300 831 initio
312 800 378 829 non
394 797 578 828 Senatorius
589 818 597 833 ‚
615 794 668 826 sed
686 794 863 835 Equestris,
883 794 952 833 (au-

82 843 170 875 crore
184 842 360 878 Suetonio,
381 838 447 869 Tito
464 848 487 869 c.
505 848 523 875 4
535 860 543 875 ‚
568 838 597 868 &
615 837 657 867 ibi
675 835 874 875 Torrentio)
891 834 953 864 cle·

82 884 150 916 stus
175 893 193 915 a
217 882 362 921 Principe
384 880 421 912 ad
439 878 674 911 similitudinem
699 875 841 917 Magistri
866 875 953 921 equi-

80 923 150 958 ‘tum
160 948 169 964 ‚
183 925 260 956 olim
277 923 458 964 proximum
469 930 484 950 a
497 919 663 951 Dictatore
679 919 786 950 locum
803 918 952 961 obtinen-

80 968 122 1000 tis
144 978 152 999 :
174 964 445 1007 quemadmodum
471 961 642 993 Praefectus
664 959 819 992 Praetorio
845 957 951 988 secuti-

83 1006 156 1040 dam
180 1017 197 1038 a
215 1006 361 1046 Principe
377 1003 541 1044 personam
560 1001 738 1033 sustinebat.
763 1008 829 1031 erat
857 999 952 1038 igitur

84 1050 151 1091 eius
176 1046 334 1089 potestas,
360 1054 394 1077 ut
412 1054 452 1076 ex
469 1043 589 1075 Tacito
606 1045 633 1074 d.
648 1044 696 1074 lib.
715 1051 744 1081 4.
762 1051 786 1073 c.
806 1051 833 1072 2.
853 1039 888 1074 δ’
904 1040 951 1070 lib.

83 1095 115 1122 6.
132 1100 156 1121 c.
176 1094 203 1124 8.
222 1089 334 1120 Amicii.
355 1087 479 1118 constat
498 1109 507 1124 ,
530 1085 670 1117 militaris
687 1084 715 1115 δι
732 1083 873 1114 modica:
899 1080 953 1111 sed

85 1131 236 1173 paulatim
254 1129 366 1161 crevit.
400 1127 545 1159 Aurelius
565 1125 715 1157 Arcadius
732 1124 751 1155 i.
771 1124 848 1169 unic.
871 1121 909 1167 D.
922 1122 950 1152 h.

85 1181 108 1204 τ.
123 1173 183 1211 ait,
201 1171 375 1211 pleniorem
392 1167 582 1209 potestatem
599 1167 626 1197 ei
643 1167 746 1197 datam
762 1166 800 1196 ad
817 1163 950 1208 discipli-

86 1223 136 1246 nae
152 1213 286 1254 publicae
302 1210 568 1243 emendationem.
593 1207 718 1246 accepit
742 1205 813 1237 sane
829 1204 952 1245 jurisdi-

87 1255 226 1287 ctionem
249 1255 343 1284 etiam
369 1253 398 1282 in
419 1250 564 1281 civilibus
580 1247 675 1279 causis
690 1247 709 1278 l.
729 1257 777 1285 40.
794 1246 835 1277 D.
851 1246 883 1276 de
893 1246 950 1276 reb.

85 1297 158 1327 cred.
176 1305 236 1326 nec
246 1293 387 1326 minusin
404 1290 617 1322 criminalibus
634 1289 654 1320 i.
670 1298 694 1319 1.
711 1288 739 1329 §.
756 1298 783 1325 4.
804 1286 845 1318 D.
864 1287 896 1317 de
915 1286 951 1316 le-

83 1343 148 1379 gat.
166 1337 213 1367 lib.
231 1346 266 1373 ‘32
290 1334 319 1365 ὅ(
338 1333 465 1373 quidem
484 1339 618 1367 tantam,
636 1338 669 1360 ut
687 1333 726 1360 ab
742 1330 807 1368 ejus
828 1327 950 1359 senten-

82 1379 124 1410 tia
142 1370 289 1416 appellari
306 1384 369 1405 non
387 1371 505 1412 posset:
528 1372 680 1402 credente
702 1370 868 1410 Principe,
892 1378 949 1400 eos

83 1419 138 1456 qui
160 1419 202 1448 ob
225 1415 407 1447 finuulatem
431 1412 629 1449 industriam,
653 1411 822 1452 explorata
836 1419 949 1442 eorum

81 1458 145 1490 fide
167 1459 196 1489 ἃ
219 1449 391 1498 ςγέίιῐιεῑθ,
415 1456 453 1486 ad
478 1455 567 1494 hujus
583 1453 682 1485 officii
699 1453 948 1494 magnitudinem

80 1500 288 1538 adhibentur,
303 1508 368 1530 non
386 1497 475 1529 aliter
489 1496 705 1537 judicaturos,
720 1504 781 1536 pro
796 1493 948 1536 sapientia

718 1579 1070 1614 T1Ttitus

997 387 1033 409 ac
1050 377 1122 408 luce
1139 375 1320 417 dignitatis,
1340 384 1432 417 quam
1449 374 1514 417 ipse
1530 374 1617 407 foret
1630 373 1825 415 judicaturus
1842 371 1872 407 d.

997 420 1016 451 l.
1033 420 1112 450 unic.
1131 418 1160 459 §.
1181 427 1207 451 1.
1240 417 1372 449 Subnixi
1390 419 1539 449 dicuntur
1557 417 1699 448 Praefecti
1718 417 1874 449 Praetorio

998 461 1093 492 etiam
1121 460 1183 490 alio
1202 459 1389 499 privilegio:
1413 468 1453 490 ne
1471 469 1487 489 a
1507 458 1669 490 sententiis
1686 469 1797 491 eorum
1814 460 1872 491 mi-

997 511 1092 534 nores
1117 509 1211 531 aetate
1235 500 1274 530 ab
1291 501 1358 530 aliis
1376 499 1634 541 Magistratibus‚
1658 499 1711 531 nisi
1735 501 1774 531 ab
1800 500 1873 541 ipsis

998 541 1158 576 Praefectis
1183 541 1358 579 Praetorio‚
1381 541 1500 572 restitui
1524 541 1640 581 poffint
1657 542 1684 572 ci.
1706 541 1724 572 l.
1743 543 1822 573 unic.
1839 542 1872 583 §.

999 595 1026 616 2.
1044 585 1063 616 l.
1080 593 1124 624 17-
1139 583 1180 614 D.
1197 584 1230 614 de
1246 584 1413 613 minoribus.
1438 582 1513 614 Non
1530 585 1634 614 minus
1646 583 1789 615 notabile
1805 582 1873 621 est,

997 626 1084 667 quod
1101 625 1226 656 cuidam
1245 623 1404 655 Restituto
1421 623 1462 655 sic
1480 622 1634 663 rescripsit
1651 624 1832 656 Alexander
1847 624 1880 657 l.·

996 678 1023 699 2.
1044 667 1077 698 C.
1096 668 1129 697 cle
1139 665 1401 705 Praefe&.Proetor.
1421 665 1570 703 Orientis,
1588 663 1736 697 Formam
1751 675 1768 696 a
1785 666 1869 697 Praen

995 708 1084 739 fecto
1101 707 1256 739 Praetorio
1274 708 1396 746 datam,
1414 706 1468 738 etsi
1486 706 1641 747 generalis
1659 705 1716 745 fit,
1738 707 1873 738 minime

996 750 1119 790 legibus
1137 750 1166 780 &
1179 748 1469 780 Constitutionibus
1485 748 1662 786 contraria,
1682 747 1702 779 fi
1720 748 1797 779 niliil
1812 757 1873 788 po-

994 791 1059 822 stea
1085 799 1125 821 ex
1150 789 1338 822 auctoritate
1356 799 1426 821 mea
1451 790 1641 821 innovatum
1667 788 1730 820 est:
1754 787 1872 821 servati

996 840 1120 871 aequum
1137 830 1193 862 est.

1035 872 1215 910 Caeterum,
1240 871 1294 903 etii
1306 871 1435 904 Titulus
1446 871 1563 911 habet,
1587 871 1639 903 De
1656 871 1767 904 officio
1791 870 1874 903 Prae·

995 913 1073 944 feffi
1092 913 1268 944 Prae'torio:
1285 912 1377 944 fuere
1392 914 1581 954 plerumque
1597 915 1672 945 duo.
1688 922 1749 945 nce
1764 921 1873 946 tamen

995 955 1119 994 semper
1137 955 1161 985 is
1178 953 1239 984 fuit
1249 963 1408 985 numerus.
1427 962 1496 986 nam
1508 956 1677 995 aliquando
1695 964 1773 987 unus
1788 954 1871 994 fuit3

995 996 1165 1034 aliquando
1176 1003 1250 1026 tres.
1268 994 1494 1027 Constantinus
1510 996 1590 1027 fecit
1606 1005 1753 1037 quatuor.
1771 1005 1872 1029 unuin

993 1037 1074 1077 J'ussit
1091 1035 1218 1077 praeesse
1235 1035 1379 1074 Orienti,
1403 1037 1536 1068 alterum
1563 1037 1712 1079 Illyrico,
1737 1039 1870 1070 tertium

995 1079 1109 1116 Italiae,
1123 1086 1280 1117 -quartuin
1305 1076 1426 1110 Gallis:
1452 1079 1480 1109 (St
1498 1078 1624 1119 singulis
1640 1079 1794 1112 dioeceses
1812 1080 1870 1110 de-

993 1120 1097 1151 finivit
1124 1120 1295 1160 ingentes:
1319 1120 1471 1151 translato
1494 1120 1533 1150 ab
1558 1121 1603 1152 eis
1629 1122 1668 1152 ad
1694 1120 1869 1162 Magistros

994 1161 1130 1193 militum
1148 1160 1235 1191 omni
1252 1161 1283 1191 in
1302 1160 1419 1192 milites
1436 1162 1584 1200 imperio.

1038 1201 1117 1233 Haec
1143 1211 1205 1242 ego
1229 1201 1367 1234 brevius.
1393 1203 1480 1242 plura
1506 1201 1695 1234 desideranti
1713 1204 1823 1235 licebit
1839 1213 1870 1235 a·

994 1244 1061 1275 dire
1086 1243 1120 1275 P.
1139 1243 1272 1275 Fabrum
1299 1243 1348 1275 lib.
1375 1252 1400 1274 1.
1421 1241 1552 1283 Semestr.
1578 1254 1603 1275 c.
1623 1253 1649 1275 1.
1670 1254 1698 1275 2.
1719 1245 1756 1278 &³
1772 1255 1812 1286 3,
1836 1246 1869 1277 &

993 1285 1025 1316 in
1049 1284 1156 1326 primis
1181 1284 1335 1324 jacobum
1359 1284 1555 1315 Gutherium
1579 1284 1626 1315 lib.
1650 1294 1679 1316 2.
1705 1285 1753 1316 De
1767 1285 1869 1325 officiis

993 1328 1093 1357 domus
1107 1324 1249 1367 Augustae
1266 1336 1292 1357 c.
1311 1335 1337 1358 1.
1357 1325 1485 1367 &stqsp
1528 1325 1592 1357 Sed
1617 1325 1686 1357 haec
1710 1326 1869 1359 sufficiunt:

992 1367 1047 1399 fini
1066 1368 1155 1408 hujus
1171 1366 1284 1400 Tituli.

1032 1409 1142 1440 Solum
1160 1409 1263 1440 adhuc
1280 1409 1443 1449 moneb0;
1469 1409 1556 1450 quod
1575 1407 1733 1441 Praefefto
1750 1417 1870 1450 praeto-

991 1451 1039 1482 rio
1057 1450 1219 1491 adjunctus
1235 1451 1425 1491 plerumque
1441 1451 1503 1482 fuit
1517 1450 1678 1482 Vicarius:
1694 1452 1734 1482 de
1752 1460 1817 1493 quo
1835 1461 1870 1485 a·

990 1493 1095 1533 liquid
1111 1493 1177 1524 dixi
1193 1492 1240 1525 lib.
1258 1502 1288 1524 2.
1306 1492 1353 1524 De
1362 1491 1514 1534 jurisdift.
1531 1492 1568 1526 δ’
1584 1493 1652 1533 imp.
1669 1502 1694 1524 c.
1716 1502 1743 1525 1.

1129 1574 1220 1612 XII.

745 1656 795 1691 De
815 1652 926 1700 Officio
946 1652 1095 1701 Prcefesiz'
1110 1653 1197 1690 Urbi.

135 1749 335 1780 Rffirrcrmr
358 1743 437 1779 Urbi
457 1746 509 1787 qui
534 1744 597 1777 fuit
615 1743 764 1777 Urbanus
787 1744 948 1786 Magistra·

148 1799 215 1826 tus,
239 1790 266 1821 ἀ
285 1789 399 1829 major,
422 1789 596 1820 institutum
621 1788 660 1818 ab
682 1787 728 1818 Au
755 1786 821 1817 usto
838 1786 947 1825 fuifl'e,

82 1831 184 1863 refert
205 1830 339 1861 Tacitus
362 1831 408 1860 lib.
425 1834 455 1861 6.
483 1829 594 1861 Annal.
612 1838 636 1860 c.
660 1837 707 1860 11.
749 1828 821 1859 uiffe
841 1836 946 1860 tamen

81 1873 127 1902 ait
140 1873 234 1903 etiam
253 1871 305 1903 sub
324 1871 462 1912 Regibus
481 1871 510 1902 δι
526 1871 678 1911 deinceps
695 1869 867 1901 Praefectos
888 1868 946 1900 Ur-

83 1913 135 1951 bi,
159 1913 208 1944 sed
236 1921 481 1953 temporaneos,
505 1912 536 1943 ὅτ.
559 1910 627 1943 fere
654 1911 832 1942 Latinarum
856 1910 946 1942 feria-

80 1963 150 1986 rum
173 1955 279 1992 causa,
303 1954 352 1985 vel
381 1964 436 1994 per
452 1952 621 1984 absentiam
642 1952 737 1993 Regis
756 1961 810 1984 aut
828 1951 947 1984 Consu-

78 1995 155 2027 lum.
179 2003 210 2026 at
226 2004 319 2034 quem
334 1994 487 2035 Augustus
502 1993 600 2032 fecit,
617 1994 681 2034 ejus
698 1994 881 2025 continuam
900 1993 947 2025 fu-

78 2036 133 2068 iss'e
150 2036 350 2076 potestatem.
368 2045 404 2066 ac
420 2036 555 2075 primum
572 2035 747 2067 coercuisse
763 2035 905 2074 servitia,
917 2035 947 2066 δι

77 2077 99 2110 fi
117 2079 204 2118 quod
221 2078 336 2108 civium
354 2077 484 2109 audacia
499 2076 658 2108 turbidum
671 2100 680 2114 ,
699 2076 753 2108 nifi
770 2077 832 2108 vim
849 2084 948 2108 metu-

80 2126 122 2150 at.
147 2118 256 2159 postea
274 2118 362 2150 aucta
378 2118 441 2158 ejus
458 2117 636 2159 potestate,
659 2118 769 2149 habuit
791 2119 947 2159 integi-am

79 2160 348 2200 iurisdietionem,
371 2169 442 2191 cum
467 2160 613 2197 civilem,
637 2166 704 2191 tum
729 2160 945 2198 criminalem,

81 2202 162 2233 intra
179 2199 321 2240 Urbem,
345 2201 375 2233 ἂ
391 2202 545 2233 terminos
564 2198 681 2240 Urbis,
701 2210 802 2242 usque
818 2203 857 2232 ad
875 2210 948 2232 cen-

81 2241 224 2274 tesimum
249 2243 397 2283 lapidem.
425 2243 531 2282 aitque
549 2240 721 2282 Ulpianus,
747 2243 777 2274 id
798 2242 947 2274 declarari

82 2283 212 2324 epistola
230 2283 306 2315 Divi
324 2283 430 2315 Severi
449 2285 485 2315 ad
504 2282 636 2315 Fabium
653 2283 843 2322 Chilonem,
867 2284 947 2315 1³1·ae-

79 2324 201 2356 fecium
214 2324 292 2356 Urbi
305 2325 353 2362 ‚in
365 2325 451 2365 cujus
467 2325 559 2356 initio
576 2325 617 2355 ita
628 2324 777 2365 scriptum
795 2325 857 2357 est:
875 2326 949 2356 Cum

85 2365 193 2398 Urbem
218 2364 344 2407 nostram
362 2366 436 2406 fidei
460 2372 515 2396 tuce
531 2366 750 2406 commiserimus
766 2367 785 2397 l.
804 2375 830 2398 1.
844 2373 891 2407 pr.
909 2366 946 2401 δέ’

78 2407 108 2449 §.
126 2417 155 2447 4.
178 2408 246 2438 item
262 2409 280 2438 ι.
299 2408 352 2438 uli.
374 2409 401 2438 h.
422 2413 443 2439 t.
473 2408 551 2439 ultra
575 2407 783 2439 centesimum
806 2408 946 2448 lapidem

77 2458 141 2479 non
170 2448 314 2480 Praefcffl
341 2448 441 2488 Urbi,
465 2448 516 2479 sed
539 2447 766 2480 Praefettorum
791 2448 946 2480 Praetorio

77 2489 168 2521 fuisse
184 2491 422 2530 cognitionem,
440 2490 524 2522 idem
544 2488 650 2521 scribit
667 2489 822 2531 Ulpianus
841 2491 946 2523 collar.

77 2530 148 2572 Leg.
176 2531 298 2565 Μυλαῖς.
326 2531 362 2564 &⁹
389 2532 510 2562 Roman.
538 2532 585 2562 tii.
614 2541 659 2570 14.
684 2531 713 2573 §.
730 2542 759 2573 3.
785 2532 944 2564 Caeterum

78 2580 151 2602 ante
167 2572 341 2603 institutum
362 2571 438 2603 Urbi
454 2572 641 2604 Praefectum
656 2595 666 2611 ,
690 2573 782 2605 elcffi
810 2582 944 2613 quotan-

80 2613 128 2643 nis
145 2621 162 2643 a
185 2613 310 2653 Populo
333 2613 423 2644 fuere
447 2613 657 2656 Quaefitores,
683 2615 736 2652 qui
753 2614 944 2654 quaestiones

79 2652 222 2693 publicas
240 2662 446 2692 exercerent,
465 2656 564 2687 veluti
585 2656 624 2686 de
642 2654 739 2693 falso,
762 2657 800 2687 de
818 2656 943 2696 parrici-

79 2694 153 2732 dio,
178 2694 217 2724 dc
234 2694 347 2726 ficariis
364 2694 380 2724 l.
399 2705 426 2726 2.
443 2695 472 2736 §.
489 2707 539 2737 32.
561 2696 603 2727 D.
627 2697 660 2726 de
676 2698 784 2737 origine
794 2698 892 2739 juris,
915 2697 945 2728 &

78 2734 245 2766 similibus:
268 2739 374 2773 ‘neque
402 2736 452 2773 lii,
476 2746 609 2776 propter
633 2736 712 2768 Urbi
733 2738 943 2776 Praefeftum,

78 2775 182 2807 statim
199 2774 354 2806 desierunt
367 2775 462 2807 dehis
471 2777 675 2818 cognoscere.
692 2780 766 2818 quin
784 2782 944 2819 integrum

78 2816 143 2848 fuit
166 2815 359 2855 accusatori,
384 2827 471 2848 reum
488 2826 541 2848 aut
558 2818 627 2856 hic,
651 2827 705 2850 aut
721 2821 786 2852 illic
802 2821 944 2852 deferre:

78 2859 187 2890 donec
203 2857 483 2888 Senatusconsulto
499 2868 668 2892 vetaretur.
689 2862 797 2893 auCtor
811 2861 947 2892 Tacitus

79 2900 130 2931 lib.
153 2909 200 2935 14.
221 2899 333 2930 Annal.
350 2909 373 2929 c.
392 2907 450 2938 41,
476 2899 522 2930 his
540 2900 653 2931 verbis.
700 2902 773 2934 Pari
789 2904 948 2944 ignominia

80 2940 217 2972 Valerius
235 2940 371 2971 Ponticus
387 2939 531 2979 officitur,
547 2943 621 2981 quod
634 2951 708 2981 reos,
723 2953 758 2974 rie
775 2946 851 2984 apud
870 2944 949 2975 Prre-

74 2981 188 3022 festum
203 2982 283 3011 urbis
300 2988 510 3021 arguerentur,
526 2984 562 3011 ad
573 2982 721 3014 Praetorem
736 2985 892 3025 detuliffet,
902 2986 948 3015 iri-

77 3025 161 3054 zerim
168 3023 261 3064 specie
277 3022 389 3063 legum,
413 3031 479 3052 mox
501 3023 715 3061 praevaricamio
738 3025 871 3057 ultionem
890 3026 946 3056 elii-

71 3067 172 3103 μινυς.
196 3064 314 3094 additur
330 3063 632 3103 senatusconsiriium:
658 3065 721 3107 Qui
738 3067 821 3097 talem
837 3074 948 3107 operam

80 3105 268 3146 eiiipcitaffet‚
290 3104 495 3144 vendidi'ffeit'e
512 3128 521 3143 ,
546 3111 579 3135 ui
598 3108 716 3145 perinde
732 3112 819 3146 paena
842 3114 948 3137 tenere-

82 3151 129 3176 iur
145 3169 154 3185 ,
182 3157 215 3177 ac
238 3146 266 3184 fi
288 3147 399 3185 publico
426 3146 537 3185 jndicio
561 3147 708 3177 calumniae
734 3150 946 3180 condenmaius.

80 3187 155 3218 Hoc
173 3187 318 3219 interfuit
332 3188 412 3218 inter
430 3186 625 3230 Quaefitores
643 3188 869 3221 &Praefetfftum
887 3188 946 3221 Ur·

81 3228 458 3301 bii'quoiilquaemooes
486 3238 526 3261 ex
552 3229 672 3270 legibus
692 3230 759 3271 jure
784 3231 814 3263 &
833 3231 945 3264 ordine

144 3279 196 3301 om.
266 3293 273 3301 .

988 1744 1189 1786 iudicarent,
1211 1740 1304 1785 jurati
1322 1745 1353 1776 in
1371 1744 1468 1777 verba
1485 1744 1602 1786 legum.
1626 1741 1867 1786 Quintilianus,

992 1786 1121 1818 Deciam.
1138 1795 1208 1827 33¹·
1230 1792 1311 1825 parce
1323 1786 1422 1818 altem.
1469 1786 1588 1817 Habent
1603 1794 1636 1816 ea
1657 1785 1805 1826 (publica
1817 1788 1866 1826 ju-

991 1828 1092 1869 dicia)
1105 1827 1194 1867 suam
1207 1828 1354 1867 formam,
1372 1829 1459 1866 suum
1469 1828 1636 1869 judicium,
1652 1827 1742 1867 suum
1763 1836 1865 1858 nume-

989 1880 1071 1907 riam,
1089 1870 1177 1907 sicum
1201 1867 1403 1911 Qcaefitorein,
1419 1875 1478 1909 suci
1499 1875 1640 1908 tempora,
1656 1869 1715 1907 sua
1734 1871 1866 1901 nomina.

990 1910 1162 1942 Praefeftus
1186 1910 1267 1942 Urbi
1293 1919 1384 1942 extra
1408 1912 1553 1942 ordinem
1579 1909 1797 1950 cognoscebat
1821 1919 1866 1943 ex

990 1951 1152 1984 Mandatis
1169 1951 1322 1993 Principis
1339 1952 1359 1983 l.
1381 1962 1406 1983 1.
1422 1952 1450 1992 §.
1464 1952 1518 1982 ult.
1533 1950 1574 1982 D.
1591 1952 1624 1981 de
1634 1952 1738 1991 poeizis.
1761 1951 1805 1982 illi
1823 1952 1866 1983 de

990 1992 1075 2025 saffo
1088 1994 1288 2032 iudicabant,
1307 2003 1401 2033 poena
1420 1997 1490 2034 iege
1510 1991 1648 2031 servata3
1665 1998 1700 2023 ut
1717 1991 1762 2023 est
1779 1992 1867 2032 apud

990 2035 1198 2075 Papinianum
1217 2035 1236 2067 i.
1260 2044 1304 2075 15.
1328 2035 1369 2065 D.
1389 2035 1439 2065 Ari
1455 2033 1621 2074 muni'cipal.
1646 2033 1768 2065 Contra
1786 2034 1868 2065 licet

990 2077 1064 2107 huic
1090 2077 1143 2117 qui
1173 2084 1260 2107 extra
1283 2076 1427 2107 ordinem
1458 2076 1498 2107 de
1521 2074 1653 2106 crimine
1676 2074 1867 2115 cognoscit,

990 2127 1084 2158 quam
1103 2119 1171 2149 vult
1187 2117 1377 2148 sententiam
1393 2116 1496 2155 ferre,
1521 2116 1573 2147 vel
1590 2116 1788 2156 graviorem,
1811 2116 1867 2149 vel

990 2160 1165 2191 leviorem:
1183 2159 1224 2189 ita
1236 2166 1269 2189 ut
1285 2165 1423 2199 utroque
1439 2158 1539 2190 modo
1556 2159 1711 2189 rationem
1729 2167 1795 2189 non
1811 2167 1869 2190 ex-

991 2202 1085 2232 cedat
1099 2201 1119 2231 l.
1134 2209 1178 2241 13.
1192 2199 1231 2230 D.
1244 2201 1384 2240 depoenis.
1408 2198 1524 2231 Omnia
1540 2199 1635 2239 igitur
1652 2200 1786 2231 omnino
1805 2199 1868 2230 cri-

991 2244 1075 2274 mina
1102 2240 1291 2277 Praefeciura
1314 2239 1410 2271 Urbis
1434 2240 1489 2272 fibi
1508 2240 1684 2272 vindicavit
1700 2240 1719 2271 l.
1746 2249 1771 2271 1.
1789 2240 1819 2272 h.
1839 2245 1867 2272 t.

992 2292 1099 2323 eoque
1117 2283 1270 2323 quidquid
1286 2282 1366 2313 intra
1383 2281 1505 2314 Urbem
1522 2281 1768 2319 admittitur‚ad
1782 2280 1868 2312 Prae-

990 2324 1112 2356 fectum
1124 2323 1203 2355 Urbi
1214 2325 1340 2355 videtur
1349 2324 1526 2364 pertinere:
1544 2323 1595 2354 sed
1613 2322 1642 2353 &
1658 2321 1678 2354 fi
1694 2323 1775 2353 intra
1791 2331 1868 2355 ceti-

991 2366 1134 2397 teflmum
1157 2365 1337 2397 milliarium
1360 2365 1524 2397 adrniss'um
1540 2363 1595 2402 fit,
1617 2364 1655 2395 ad
1673 2362 1868 2397 Praefectum

991 2407 1070 2438 Urbi
1094 2407 1248 2448 pertinet:
1273 2407 1362 2438 nullo
1386 2406 1582 2443 discrimine,
1606 2413 1712 2437 ntrum
1737 2405 1867 2438 ordina-

990 2450 1069 2480 rium
1096 2449 1217 2479 crimen
1235 2448 1291 2487 fit,
1313 2458 1351 2479 an
1368 2447 1667 2479 extraordinarium.
1698 2456 1763 2478 non
1779 2456 1866 2488 opus

990 2499 1135 2521 enarrare
1158 2489 1296 2529 specics:
1321 2489 1447 2530 possunt
1465 2488 1565 2519 videri
1588 2487 1607 2518 l.
1627 2497 1656 2529 3.
1674 2487 1703 2529 §.
1724 2497 1749 2519 1.
1767 2487 1809 2521 D.
1826 2490 1861 2520 de

988 2530 1061 2571 offic.
1079 2530 1213 2570 Praefeti.
1233 2531 1326 2571 Vigil.
1347 2530 1384 2565 δέ)
1401 2531 1419 2561 l.
1441 2539 1466 2561 1.
1485 2529 1512 2571 §.
1525 2539 1553 2569 5.
1571 2533 1600 2560 6.
1618 2539 1648 2566 9.
1667 2539 1714 2561 10.
1735 2538 1780 2568 14.
1798 2531 1862 2562 h.t.

987 2573 1139 2604 Similiter
1155 2573 1193 2603 ad
1213 2571 1354 2603 officium
1368 2570 1513 2603 Praefeeti
1532 2569 1609 2602 Urbi
1627 2571 1768 2611 pertinet
1786 2580 1863 2602 cura

989 2614 1090 2645 carnis
1104 2615 1227 2651 omnis,
1243 2612 1364 2652 utjusto
1375 2614 1479 2653 pretio
1495 2612 1690 2652 praebeatur,
1706 2612 1737 2643 ἃ
1753 2611 1864 2644 forum

989 2655 1121 2686 suarium
1138 2655 1168 2686 ἃ
1184 2662 1374 2686 caeterorum
1391 2663 1544 2694 pecorum
1563 2654 1625 2685 five
1643 2662 1863 2686 armentorum

989 2705 1060 2735 quae
1084 2697 1121 2727 ad
1150 2695 1329 2736 hujusmodi
1346 2695 1568 2736 praebitioncm
1586 2694 1725 2736 spectant
1742 2696 1770 2726 d.
1790 2695 1810 2726 l.
1832 2705 1860 2727 1.

988 2737 1016 2778 §.
1041 2747 1086 2768 11.
1119 2736 1192 2768 Nec
1209 2738 1312 2768 minus
1331 2738 1421 2778 quies
1435 2737 1633 2778 popularium
1648 2738 1678 2768 &
1697 2736 1862 2775 disciplina

988 2778 1238 2818 ipectaculorum
1255 2779 1282 2808 d.
1299 2778 1318 2808 l.
1333 2778 1394 2820 i.§
1423 2788 1467 2810 12.
1495 2788 1565 2810 nam
1584 2778 1613 2809 &
1625 2779 1689 2809 hoc
1706 2777 1863 2809 convenit:

989 2820 1095 2850 verbis
1113 2818 1273 2858 epistolae,
1297 2819 1369 2850 Cum
1384 2821 1480 2851 urbem
1496 2818 1701 2860 nostramfidez'
1720 2825 1775 2848 tuiz·
1788 2827 1862 2861 com-

989 2861 1158 2898 miserimus.
1182 2859 1256 2892 Non
1272 2861 1374 2892 minus
1393 2861 1442 2893 h-is
1458 2861 1655 2901 consequens
1670 2860 1715 2890 est
1726 2882 1734 2897 ,
1751 2865 1785 2888 ut
1801 2865 1860 2888 eti-

990 2911 1038 2932 am
1058 2901 1204 2933 concess'a
1220 2901 1373 2934 Praefecto
1390 2901 1470 2934 Urbi
1488 2903 1652 2934 videantur
1666 2900 1771 2932 omnia
1789 2907 1860 2938 qum

992 2944 1030 2973 ad
1048 2952 1084 2973 ca
1110 2943 1282 2975 obtinenda
1307 2943 1364 2975 fint
1383 2944 1552 2976 neceffaria
1577 2944 1604 2973 d.
1623 2942 1642 2972 l.
1665 2950 1688 2971 x.
1707 2939 1736 2980 §.
1755 2948 1800 2970 12.
1817 2938 1857 2973 {5⁹

994 2993 1041 3024 13.
1066 2984 1109 3014 Ea
1128 2993 1215 3016 certe
1231 2984 1348 3017 venisse
1364 2987 1471 3018 omnia
1487 2995 1528 3016 ex
1543 2982 1674 3024 epistola
1692 2980 1733 3011 l).
1746 2979 1860 3012 Severi.

992 3028 1031 3056 ad
1054 3024 1184 3057 Fabium
1205 3026 1396 3067 Chilonem,
1420 3026 1605 3066 intelligitur
1623 3031 1663 3052 ex
1685 3022 1704 3052 i.
1722 3025 1752 3052 6.
1776 3021 1805 3063 §.
1827 3031 1857 3053 1.

991 3066 1034 3097 D.
1057 3068 1089 3097 a'e
1113 3068 1215 3098 interd.
1238 3067 1274 3102 ἐξ
1296 3069 1380 3110 releg.
1404 3069 1476 3099 inde
1494 3067 1592 3106 liquet
1609 3071 1757 3102 quoque,
1781 3072 1858 3095 cum

990 3106 1107 3139 habere
1120 3109 1166 3148 jus
1183 3110 1385 3150 deportandi.
1426 3108 1505 3140 Illud
1520 3108 1549 3137 in
1569 3103 1744 3149 transcursu
1762 3111 1856 3135 nota·

988 3148 1047 3180 bo:
1070 3150 1157 3188 quod
1182 3159 1215 3182 ut
1240 3152 1270 3182 in
1296 3150 1506 3191 superioribus
1523 3153 1643 3177 tantum
1662 3146 1715 3175 fiat
1731 3147 1857 3176 mentio

986 3189 1126 3230 epistolae
1153 3191 1196 3223 D.
1220 3192 1356 3231 Severi,
1379 3186 1597 3233 tamen-fuisse
1621 3185 1786 3226 epistolam
1810 3186 1854 3217 D.

985 3230 1140 3306 Severifdt
1163 3233 1329 3268 Antonini.
1351 3233 1382 3264 id
1405 3230 1500 3262 didici
1524 3238 1564 3261 ex
1580 3227 1599 3261 l.
1620 3237 1645 3261 1.
1662 3227 1691 3270 §‚
1708 3238 1743 3268 4.
1758 3227 1798 3299 Is).
1821 3229 1854 3261 d‘i

1114 3294 1124 3304 .
1779 3274 1854 3309 egat.
