2036 3495
149 69 218 111 380

152 163 205 195 que
221 153 317 184 Cinna
325 152 440 190 scribit,
456 157 518 180 eum
532 148 584 188 qui
599 144 737 182 absentem
753 141 813 182 (sic
830 141 954 172 editur:
970 139 1022 171 sed

153 205 193 226 ex
215 195 418 235 praecedente
440 192 457 222 l.
478 201 506 230 5.
534 187 595 218 esse
613 185 803 226 legendum,
826 192 889 213 eum
904 183 956 222 qui
976 182 1023 212 ab·

155 242 234 275 sens,
260 238 341 267 bene
358 228 537 265 observavit
552 229 587 260 P.
612 226 713 258 Faber
729 224 776 255 lib.
796 234 823 255 2.
848 221 980 263 Semestr.
998 232 1023 253 c.

158 278 230 317 23.)
252 278 359 315 accepit
382 281 520 305 uxorem,
552 269 654 299 deinde
674 267 783 297 rediens
807 275 825 295 a
841 273 920 295 coena
930 265 1024 306 juxta

160 319 284 350 Tiz'crim
296 315 426 357 perfiet,
443 314 478 342 ab
493 319 582 342 uxore
597 309 765 350 lugendum.
781 306 886 346 AEque
898 307 958 336 huc
976 314 1022 335 re-

155 360 204 391 dit
228 360 288 388 hoc
313 355 396 387 Pauli
423 354 432 383 l
468 362 494 392 7.
523 351 643 391 Ideoque
664 346 849 389 potelifieri,
872 353 905 377 ut
929 349 959 377 in
976 347 1025 376 hoc

156 402 225 440 casu
242 401 340 438 aliqua
356 397 438 435 virgo
456 393 493 428 ὅ)
510 396 616 429 dotem,
644 390 680 425 ἐξ·
702 392 736 421 de
752 391 812 420 dote
828 389 928 419 habeat
942 386 1026 418 ιιὲἶίυ-

153 451 228 472 nem.
253 438 358 470 Restat
374 435 479 467 forma
497 443 556 475 qua
567 443 602 464 ea
619 430 803 471 coniunctio
814 428 880 460 fieri
899 430 1025 460 debeat.

153 484 186 514 in
212 490 247 511 ea
272 477 390 516 refert,
416 476 493 517 quid
516 475 552 506 iit
574 475 696 506 atium:
720 481 791 503 nam
817 478 870 515 aut
895 470 1021 511 paetum

152 528 350 553 conventum
369 519 433 556 est;
450 526 484 548 ut
500 516 656 547 solemnes
673 513 731 545 fint
748 520 884 551 nuptiae,
901 512 930 542 dt
948 512 1021 552 legi-

153 564 230 594 time
255 560 331 592 fiant
355 560 429 599 jure
450 558 565 596 Civili3
590 563 643 587 aut
666 554 849 594 fimpliciter
876 554 1022 584 ineuntur

150 606 218 645 jure
234 601 388 643 gentium.
411 600 525 641 prioris
535 598 647 629 forniae
658 595 842 635 exemplum
853 593 1021 635 repraesen-

154 655 199 677 tat
215 645 277 676 hoc
293 644 452 683 juvenalis
464 665 473 679 ,
498 641 560 671 Sat.
581 648 626 670 10.
643 638 718 677 vers.
736 645 806 678 333.

236 703 248 710 -
272 704 283 710 -
307 702 315 709 ·
343 685 470 716 Durium
484 684 556 719 ledet
573 681 623 711 illa
634 684 738 720 parato

211 726 381 759 Flammeolo
391 749 400 764 ‚
425 724 586 764 Tyriusque
601 723 699 761 palam
711 718 836 760 genialis
851 717 882 747 in
897 715 987 747 hortis

218 769 385 803 Sternitur3
410 765 446 800 δέ)
462 766 549 796 decies
567 763 629 792 ritu
647 767 764 791 centena
780 760 928 789 dabuntur

210 810 366 850 Antiqu03
388 808 484 838 veniet
501 815 565 835 cum
576 801 775 844 fignatoribus
793 800 914 839 auspex.

216 851 290 883 Haec
308 857 341 880 tu
361 851 464 879 secreta
482 846 518 881 ὃ
530 847 632 885 paucis
649 841 791 880 commiſja
803 842 946 882 putabas,

214 893 285 923 Non
301 889 355 928 nzfi
369 890 493 931 legitime
505 887 572 918 vult
589 887 703 918 nubere.
728 902 738 908 ·
762 902 771 908 -
795 901 806 906 -

151 931 344 973 Hujusmodi
368 940 465 972 porro
500 928 616 969 nuptiae
649 926 804 956 solemnes
827 923 900 962 Jure
930 920 1024 953 Civili

151 975 272 1007 fiebant
287 973 386 1005 tribus
403 971 524 1003 modis:
549 968 620 1006 usu,
644 966 745 1004 farre,
762 968 790 997 ὅ(
807 964 1024 1003 coemptione.

153 1026 234 1056 quos
259 1014 484 1055 exposuerunt*
502 1011 570 1042 Viri
595 1011 734 1045 Summi,
760 1006 950 1039 Raevardus‚
975 1003 1025 1034 Ad

150 1059 203 1099 leg.
232 1055 358 1088 Duodec.
379 1054 448 1093 Tab.
469 1063 493 1084 c.
513 1062 561 1084 21.
582 1049 726 1092 Sigonius
741 1049 789 1079 lib.
813 1056 837 1078 1.
859 1047 908 1077 De
930 1045 1023 1085 antiq.

147 1096 210 1141 jur.
225 1098 303 1130 civil.
324 1108 349 1128 c.
368 1106 396 1134 9.
418 1094 590 1127 ssrissonius
618 1093 663 1123 De
677 1093 737 1122 ritu
755 1095 839 1130 nupt.
863 1088 932 1118 alii:
964 1094 1024 1131 nec

150 1141 217 1182 ipse
234 1140 345 1171 addam
366 1138 536 1178 quidquam
555 1142 669 1175 praeter
687 1131 812 1162 laudem
830 1129 961 1161 cruditae
981 1129 1025 1157 di-

150 1182 301 1222 ligentiae.
327 1180 399 1219 Jure
417 1178 561 1220 gentium
581 1173 813 1218 contrahuntur
830 1170 966 1209 nuptiae,
989 1167 1022 1199 si-

150 1233 192 1255 ve
211 1221 468 1258 matrimonium,
490 1217 692 1255 fiinplieiter,
716 1215 748 1246 id
775 1213 838 1251 est,
862 1211 927 1242 solo
945 1218 1021 1240 con-

149 1265 254 1302 sensu,
279 1272 313 1295 ut
336 1272 376 1294 ex
393 1260 476 1300 Gajo
501 1259 637 1291 dictum:
660 1264 765 1295 neque
787 1251 939 1297 interest,
956 1259 1021 1291 quo

151 1306 272 1340 modo,
297 1312 399 1344 quave
415 1302 541 1338 forma,
565 1300 806 1336 interponatur:
830 1295 904 1325 dum
922 1294 1022 1332 lique-

156 1355 189 1378 at
205 1345 394 1387 propoiitum
413 1341 728 1374 coeundiliberorum
746 1335 1021 1381 procreandorum

180 1389 266 1419 tatia.
283 1387 336 1418 Sic
345 1383 579 1426 Quintilianus,
601 1380 728 1411 Decium.
739 1387 806 1416 247.
817 1379 848 1407 in
857 1376 915 1415 fin.
927 1375 1020 1405 serm.

155 1399 321 1471 {singaram
336 1427 453 1465 nuptias
462 1423 562 1463 feciffe
577 1422 689 1452 nullus:
704 1419 794 1458 coiiffe
811 1424 909 1448 aulem
927 1417 1024 1446 libero-

159 1481 226 1502 rum
248 1468 434 1500 creandorum
456 1466 576 1505 gratia:
598 1471 655 1492 non
679 1468 774 1490 tamen
793 1468 867 1489 uxor
883 1467 940 1488 non
952 1457 1027 1494 erit,

157 1510 292 1554 quamvis
312 1508 423 1546 nuptiis
439 1503 546 1541 nonsit
566 1500 726 1533 collocata?
759 1499 976 1541 Quintilianus
994 1496 1027 1528 si-

155 1551 301 1595 gnifieat,
319 1549 419 1579 virum
431 1548 460 1576 &
471 1553 603 1576 uxorem
621 1543 672 1574 vel
684 1541 867 1573 solemniter
877 1538 1026 1579 conjungi

152 1597 221 1637 jure
238 1591 343 1628 civili3
368 1588 418 1620 vel
436 1586 619 1628 simpliciter
633 1585 701 1624 jure
712 1581 871 1627 gentium.
888 1583 1027 1620 primum

155 1633 357 1669 solemniter:
381 1630 414 1661 id
430 1628 494 1667 est,
509 1626 601 1658 faCtis
618 1626 744 1665 nuptiis.
762 1624 877 1656 deinde
892 1621 955 1653 fine
971 1631 1025 1652 nu-

155 1676 248 1720 ptiis,
280 1674 312 1705 id
337 1670 401 1710 est,
432 1669 506 1710 Jure
538 1668 680 1709 gentium
711 1663 912 1706 simpliciter,
940 1663 1029 1694 nudo

155 1713 332 1751 consensu:
356 1712 435 1755 Quo
460 1709 584 1743 modo?
615 1708 668 1740 vel
697 1707 827 1751 palam,
850 1705 902 1736 vel
921 1704 1029 1735 tacite.

156 1760 282 1802 palam,
312 1752 480 1788 manifesta
504 1751 720 1784 declaratione
752 1750 830 1780 co‘i'ri
854 1747 1036 1789 liberorum

156 1798 427 1843 procreandorum
453 1793 570 1836 gratia:
594 1791 658 1824 five
683 1789 897 1822 interveniant
914 1787 1030 1818 tabulae

155 1841 316 1883 nuptiales
327 1850 335 1871 :
346 1837 409 1871 five
425 1836 489 1869 fine
509 1834 649 1875 scriptis,
660 1831 713 1864 fiat
723 1841 759 1863 ea
769 1832 809 1863 de
825 1839 858 1862 re
868 1828 996 1873 testatio
1010 1828 1032 1859 l.

157 1895 188 1925 4.
211 1883 240 1914 D
268 1882 300 1913 de
313 1880 490 1921 pignoribus.
519 1875 556 1912 ὅ)
571 1876 592 1907 l.
609 1885 638 1915 4.
659 1873 700 1905 D.
717 1872 816 1913 defici.
831 1869 912 1912 infir,
935 1869 998 1901 Ubi
1013 1869 1032 1901 2

159 1934 270 1959 coram
286 1922 397 1954 vicinis
413 1920 553 1958 aliisque.
576 1917 722 1949 Breviter
738 1915 890 1955 Ulpianus
904 1912 923 1943 l.
939 1915 970 1943 6.
990 1910 1034 1942 D.

161 1970 194 2000 de
209 1967 253 1998 bis
270 1964 403 2007 quisunt
422 1963 466 1997 sui
480 1960 526 1991 vel
547 1959 630 1991 alien.
646 1958 710 1999 jar.
727 1955 826 1994 dicit,
849 1954 960 1985 vicinis
979 1951 1035 1983 sci-

160 2008 308 2041 entibus:
332 2005 363 2036 id
379 2003 439 2041 est,
455 2003 532 2035 licet
548 1999 755 2033 matrimonio
773 1995 958 2039 contracto,
982 1993 1035 2025 ad-

161 2049 273 2082 hibitis
296 2047 410 2078 vicinis
435 2043 585 2080 testibus,
609 2041 673 2073 sive
693 2039 775 2071 facta
792 2047 898 2069 coram
915 2036 974 2067 illis
992 2042 1036 2066 te-

162 2091 302 2124 statione
319 2111 329 2126 ‚
359 2086 389 2118 se
413 2086 579 2117 mulierem
605 2083 692 2114 domi
716 2081 833 2112 habere
862 2078 1037 2109 liberorum

163 2130 439 2173 procreandorum
464 2124 572 2167 gratia.
613 2124 741 2154 Plenius
767 2121 846 2161 Imp.
870 2119 993 2151 Probus
1016 2119 1036 2148 l.

165 2184 194 2211 9.
213 2175 246 2204 C.
264 2173 292 2204 h.
308 2177 329 2202 t.
349 2169 389 2202 sic
411 2167 577 2208 exprimit:
606 2165 638 2196 Si
653 2164 758 2195 vicinis
781 2162 827 2193 vel
843 2160 1035 2199 aliisscienti

167 2218 219 2246 bus
244 2222 362 2244 uxorem
386 2211 537 2241 liberorum
573 2207 814 2247 procreandorum
833 2202 934 2243 gratia
963 2201 1037 2232 domi

168 2253 310 2294 habuisti,
333 2252 369 2287 ὃ)
386 2261 422 2282 ex
437 2261 465 2281 eo
481 2248 664 2280 matrimonio
682 2245 751 2285 filia
759 2245 895 2285 suscepta
906 2267 913 2279 ,
937 2252 1036 2283 quam-

168 2299 214 2328 vis
235 2305 324 2337 neque
349 2292 492 2334 nuptiales
515 2289 635 2325 tabulae,
658 2296 749 2328 neque
765 2287 803 2317 ud
831 2292 930 2315 natam
940 2285 1038 2324 filiam

167 2341 342 2379 pertinentes
354 2333 444 2373 fat‘loe
453 2331 535 2371 fint,
557 2340 614 2361 non
623 2330 683 2360 ideo
699 2329 794 2359 minus
809 2327 960 2357 veritatem
977 2335 1036 2355 nia—

170 2380 298 2410 trimonii
325 2384 377 2408 aut
400 2375 532 2416 suscepta
548 2372 620 2412 filice
640 2372 726 2409 suam
747 2369 847 2400 habere
866 2365 1038 2407 potestatem.

169 2421 214 2453 At
232 2420 277 2450 vir
294 2420 322 2450 ἃ
342 2427 422 2449 uxor
443 2425 508 2446 non
526 2421 648 2444 tantum
667 2412 769 2452 palam
784 2409 820 2441 fit
839 2407 990 2440 consensu
1006 2408 1039 2439 in

171 2461 409 2494 matrimonium
426 2457 599 2489 liberorum
624 2452 832 2485 creandorum
848 2450 965 2492 gratia:
988 2459 1040 2480 ve-

172 2511 243 2536 rum
267 2501 360 2532 etiam
389 2500 504 2536 tacite,
527 2496 662 2528 maritali
680 2495 804 2525 honore
822 2493 850 2524 ἀ
867 2490 1039 2523 affectione

170 2553 229 2585 per
246 2540 519 2572 cohabitationem
531 2540 612 2569 inter
630 2545 720 2576 pares
738 2533 970 2567 demonstrato:
989 2541 1040 2563 au·

174 2586 260 2616 Ctore
269 2583 439 2622 Papiniano
453 2583 471 2612 l.
482 2590 531 2622 31.
547 2579 585 2610 D.
597 2580 629 2609 de
646 2580 743 2609 demit.
755 2577 852 2607 etiam
862 2574 1041 2612 Suetonio,

175 2624 311 2665 Caligula
327 2633 351 2653 c.
370 2632 415 2660 24.
434 2632 505 2653 nam
519 2631 559 2653 eo
576 2620 692 2660 spectat
702 2619 741 2650 de
752 2617 895 2658 Caligula
912 2615 952 2646 fic
971 2615 1041 2646 sci-i-

173 2668 272 2699 bens:
292 2663 365 2695 Mox
382 2664 470 2693 Lucio
481 2662 569 2702 Caffio
580 2662 712 2702 Longino
724 2656 868 2700 consulari
877 2657 1041 2687 collocatam

173 2707 316 2744 abduxit,
340 2703 376 2738 ὅ)
392 2706 423 2734 in
439 2706 548 2734 niodum
558 2701 644 2745 juslae
658 2703 757 2733 lixoris
769 2700 916 2741 propalam
931 2698 1040 2729 habuit.

177 2750 287 2782 Simile
310 2745 433 2786 cogitat
458 2743 567 2776 Paulus
590 2746 606 2774 ι.
636 2754 686 2785 35.
713 2742 754 2773 D.
779 2744 812 2772 de
835 2750 900 2771 azir.
925 2738 961 2773 ὅ)
976 2749 1042 2780 arg.

176 2792 231 2833 leg.
252 2789 333 2820 'sitiae
350 2787 444 2818 amicae
461 2793 527 2815 nzeae
538 2807 547 2822 ,
570 2795 633 2816 cum
647 2794 705 2826 qua
715 2783 778 2820 fine
801 2782 943 2814 mendacio
958 2783 1044 2818 vixi,

175 2834 242 2866 auri
253 2831 344 2870 povillo,
356 2828 480 2868 quinque
496 2826 560 2855 dari
571 2826 641 2856 volo.
659 2826 755 2868 Quod
764 2825 846 2865 apud
856 2823 1045 2855 Suetonium

177 2874 242 2912 est,
270 2873 304 2903 In
321 2870 436 2901 niodum
450 2865 530 2907 justa
546 2867 644 2897 uxoris
656 2867 805 2907 propalam
822 2867 940 2903 babere,
963 2864 1047 2904 apud

179 2915 311 2948 Paulum
322 2911 365 2942 est
377 2935 386 2946 ,
398 2910 471 2941 Cum
488 2908 580 2940 amica
589 2905 651 2942 sine
665 2908 808 2939 mendacio
817 2905 929 2947 vixiffe.
942 2906 974 2937 id
984 2904 1029 2936 est
1038 2927 1049 2943 ,

180 2956 245 2988 sine
257 2953 497 2987 diffinio-latione
506 2947 615 2980 viitisse
631 2947 775 2987 publice,
800 2957 961 2989 tamquam
976 2955 1050 2978 cum

180 3007 284 3028 uxore
301 2996 472 3026 liberor-im
488 2988 758 3029 procreandorum
768 2989 881 3029 gratia:
899 2998 963 3020 non
980 2997 1051 3020 eam

181 3039 302 3069 habere
327 3036 413 3068 domi
442 3032 544 3074 specie
570 3030 685 3062 sororis
700 3037 752 3059 aut
769 3031 829 3060 alio
843 3030 992 3062 nomine:
1017 3037 1053 3060 ut

184 3080 355 3111 annuamus
373 3076 490 3107 factum
515 3073 647 3105 traditur
669 3071 689 3102 l.
708 3079 754 3114 19¹
771 3071 804 3100 C.
821 3072 853 3101 de
870 3072 998 3112 Episcop.
1016 3069 1053 3105 &-

185 3121 285 3151 Clerzc.
299 3119 376 3151 Haec
392 3119 475 3149 inter
486 3125 584 3153 pares.
595 3123 623 3145 at
637 3114 717 3144 inter
726 3109 861 3149 dispares
878 3112 939 3143 sola
955 3113 1051 3143 coha-

184 3161 342 3195 bitatione
358 3159 421 3192 fine
438 3157 568 3192 testibus
583 3164 635 3190 aut
645 3152 757 3190 tabulis
765 3152 890 3194 nuptias
899 3154 1035 3196 intelligi
1044 3175 1055 3194 ,

590 51 1250 94 GERARD1NoonT
1308 51 1520 86 CoMM.

1066 148 1131 171 non
1147 139 1285 172 [iverunt
1302 141 1457 186 Veteres,
1468 141 1498 172 δε
1514 146 1602 172 vetat
1610 139 1796 181 justinianus
1811 143 1831 175 l.
1850 154 1898 184 23.
1910 146 1940 187 §.

1066 189 1094 220 7.
1114 180 1146 211 C.
1160 181 1192 227 P·
1212 187 1234 212 t.
1246 182 1448 215 Modestinus
1460 192 1565 214 tamen
1574 182 1592 213 l.
1602 192 1650 222 24.
1661 183 1702 214 D.
1711 185 1769 216 ιω,
1789 186 1832 215 rei
1848 187 1941 218 clarae

1069 220 1182 270 affudit
1201 224 1346 256 tenebras
1355 224 1444 255 hisce
1453 225 1576 262 verbis,
1590 224 1627 255 In
1643 224 1733 256 liberae
1743 225 1868 257 mulieris
1876 229 1942 258 con*-

1065 264 1213 300 suetudine
1236 274 1293 296 non
1311 267 1515 297 concubinatus
1526 289 1535 303 ‚
1551 265 1604 304 sed
1620 268 1727 305 nuptiae
1751 267 1942 309 intelligendae

1057 308 1152 344 sunt:
1155 303 1184 342 fi
1191 314 1247 336 non
1256 314 1366 348 corpore
1374 305 1511 347 qualium
1517 307 1634 347 fecerit.
1645 307 1706 337 Eas
1722 308 1871 339 tenebras
1880 309 1940 340 ob-

1070 344 1367 380 servatScholiastes
1379 347 1530 385 Graecus,
1542 346 1654 386 Bafilic.
1671 348 1719 379 lib.
1738 352 1786 382 28.
1804 344 1880 387 cita.
1892 350 1938 382 lit.

1071 386 1108 417 P.
1122 393 1270 433 pag4264.
1281 396 1343 420 tom.
1355 399 1384 427 4.
1401 388 1443 421 fic
1462 388 1712 421 scribens:Nota
1721 390 1773 430 jus
1789 392 1939 430 mirabile,

1066 430 1199 468 praesumz
1215 439 1297 469 quem
1311 440 1370 461 eam
1380 440 1495 461 uxorem
1505 431 1604 462 habere
1613 432 1743 471 adquam
1758 433 1941 471 consuetudi-

1070 470 1246 515 mentuali-et,
1256 470 1283 508 fi
1299 472 1384 502 libera
1395 471 1433 508 fit
1443 495 1452 507 ,
1480 482 1531 502 nec
1547 478 1658 512 corpore
1673 470 1811 512 quaestum
1824 474 1938 511 feceritss

1065 509 1118 541 Sic
1128 509 1333 556 Scholiastes‚
1358 511 1408 542 sed
1426 512 1501 543 nihil
1518 514 1659 552 expedit.
1684 512 1753 552 Ipse
1771 514 1939 554 experiar,

1065 561 1102 582 an
1118 551 1223 593 aliqua
1237 551 1274 583 fit
1292 553 1331 598 ad
1346 552 1449 584 lucem
1468 555 1536 584 via:
1550 556 1579 585 <St
1596 561 1694 595 puto,
1706 553 1768 592 est3
1792 554 1811 586 si
1829 556 1938 587 creda-

1066 602 1155 630 mus,
1178 592 1399 624 Modestinum
1429 593 1580 632 voluisse,
1613 595 1643 626 in
1670 594 1776 626 liberae
1798 593 1938 628 mulieris

1067 633 1299 665 consuetudine
1323 635 1444 674 semper
1466 635 1599 675 intelligi
1623 637 1890 674 concubinatum,
1913 638 1938 670 fi

1065 684 1204 716 corpore
1222 675 1373 716 quaestum
1390 674 1515 706 fecerit.
1533 684 1564 705 at
1580 676 1601 706 ii
1616 676 1752 708 hocnon
1761 686 1869 718 extet3
1885 680 1940 711 ali-

1066 717 1195 760 quando
1212 717 1482 754 concubinatum,
1503 716 1673 755 aliquando
1683 721 1807 755 nuptias
1823 721 1937 760 prael‘u-

1066 767 1107 788 mi
1120 768 1138 804 :-
1159 757 1214 802 has
1239 758 1321 789 inter
1348 766 1457 799 pares;
1489 757 1577 789 illum
1603 758 1685 787 inter
1708 758 1853 798 dispares.
1884 761 1939 793 Sic

1066 801 1224 839 conjicio,
1248 799 1336 831 forte
1356 798 1521 830 audacter:
1540 805 1572 828 at
1588 797 1799 836 superioribus
1817 811 1938 834 conve-

1066 841 1211 872 nienter:
1236 842 1268 873 in
1294 840 1401 881 primis
1426 839 1521 871 etiam
1547 838 1715 870 Marciano
1735 839 1753 869 l.
1778 850 1808 880 3.
1837 843 1876 872 D.
1904 845 1939 874 de

1068 882 1243 913 concubinis.
1265 882 1305 913 de
1322 891 1384 922 qua
1400 880 1481 913 infra
1499 880 1553 911 sub
1579 880 1635 911 illo
1652 878 1767 911 Titulo
1784 881 1944 919 pluribus.*

1072 922 1207 954 Veteres
1225 932 1322 963 porro
1339 925 1378 954 ab
1396 922 1577 963 hujusmodi
1588 921 1740 960 loquendi
1758 920 1868 954 formis
1884 925 1940 954 du-

1069 965 1110 995 ris
1127 971 1224 1003 atque
1240 963 1354 1005 asperis
1372 973 1438 995 non
1452 963 1574 1003 semper
1589 961 1790 1002 abstinuisse,
1811 962 1872 995 suis
1887 972 1942 996 ex-

1069 1006 1180 1045 emplis
1196 1005 1364 1045 aliquoties
1380 1005 1606 1036 demonstravi.

1107 1045 1169 1077 Sed
1194 1048 1291 1077 redeo
1315 1047 1353 1078 ad
1370 1045 1600 1077 definitionem.
1623 1045 1656 1076 in
1674 1053 1710 1076 ea
1732 1045 1864 1078 aestimat
1881 1046 1943 1078 Im-

1067 1095 1195 1134 perator
1213 1088 1355 1128 nuptias,
1378 1087 1441 1119 five
1466 1087 1720 1124 matrimonium,
1744 1086 1802 1119 viri
1829 1087 1858 1118 &
1876 1096 1943 1119 mu-

1068 1130 1152 1160 lieris
1167 1129 1407 1168 conjunfflone.
1431 1128 1542 1167 quali?
1566 1128 1763 1160 individuam
1775 1127 1845 1159 vitae
1861 1138 1944 1161 con-

1066 1168 1263 1201 suetudinem
1297 1170 1498 1201 continente.
1536 1171 1579 1201 ait
1617 1169 1834 1202 individuam:
1874 1180 1942 1203 non

1064 1211 1152 1250 quod
1169 1212 1268 1255 nolit,
1294 1220 1363 1242 eam
1380 1211 1521 1242 divortio
1538 1219 1687 1250 umquam
1706 1210 1782 1242 solvi
1800 1221 1841 1242 ex
1856 1212 1943 1251 post-

1063 1252 1168 1284 fatto:
1193 1253 1244 1283 ied
1263 1254 1351 1292 quod
1369 1253 1465 1290 velit,
1490 1253 1553 1283 hoc
1571 1259 1648 1283 voto
1666 1251 1755 1289 fieri3
1775 1262 1815 1284 ne
1830 1253 1941 1292 aliter,

1063 1301 1157 1332 quam
1174 1302 1299 1331 morte,
1325 1295 1583 1333 interrumpatur.
1622 1292 1674 1324 Ne
1694 1292 1813 1324 deeffet
1836 1303 1945 1325 exem-

1064 1335 1170 1374 plum,
1195 1335 1326 1375 apposui
1344 1335 1405 1365 hoc
1420 1334 1542 1366 Tibulli
1565 1335 1614 1365 lib.
1633 1342 1661 1375 3.
1681 1334 1762 1375 Eleg.
1780 1344 1808 1375 3.
1824 1339 1898 1376 vers.
1916 1345 1944 1376 7.

1131 1376 1186 1406 Sea
1200 1382 1294 1406 tecum
1311 1382 1343 1406 ut
1361 1376 1449 1415 lcngae
1459 1376 1598 1416 sociarem
1612 1376 1726 1416 gaudia
1739 1377 1828 1414 vitea,

1176 1417 1266 1458 Inque
1284 1423 1332 1447 tuo
1349 1420 1461 1447 caderet
1482 1414 1580 1457 nostra
1598 1415 1708 1452 limesia
1723 1414 1806 1452 sinu,-

1136 1455 1218 1488 Tunc
1235 1468 1300 1488 cum
1311 1458 1471 1498 praemenfie
1488 1456 1642 1495 ilesunftus
1660 1463 1786 1497 tempora
1802 1457 1874 1490 lucis

1093 1539 1098 1544 .
1170 1499 1282 1530 Nudus
1301 1499 1410 1529 Lethea
1425 1508 1536 1539 cogerer
1555 1499 1596 1528 ire
1612 1502 1686 1528 rate.

1069 1539 1220 1571 Similiter
1236 1537 1387 1570 mereti-ix
1405 1540 1477 1570 vitae
1500 1539 1559 1569 suae
1584 1538 1737 1570 rationem
1757 1547 1950 1578 comparans

1070 1581 1100 1611 e'i
1117 1590 1186 1621 quae
1213 1580 1258 1611 est
1281 1579 1423 1611 foeminae
1442 1579 1577 1612 honeste
1594 1580 1754 1618 viventis,
1779 1582 1861 1620 apud
1877 1579 1946 1613 Te-

1070 1630 1206 1654 rentium
1225 1621 1387 1653 Heautont.
1404 1632 1431 1653 2.
1447 1633 1476 1662 4.
1493 1620 1569 1661 vers]
1589 1629 1636 1652 12.
1654 1620 1696 1651 sic
1713 1621 1864 1661 loquitur.

1133 1663 1222 1695 Vobis
1248 1672 1314 1745 cszgm
1339 1672 1396 1694 uno
1411 1663 1520 1704 semel,
1541 1663 1592 1694 ulii
1615 1667 1729 1693 aetatem.
1747 1671 1832 1704 agere
1856 1664 1950 1697 decre-

1174 1710 1236 1735 tum
1252 1705 1259 1715 ’
1300 1705 1365 1736 viro

1138 1745 1230 1786 Cujus
1252 1755 1310 1777 mos
1335 1727 1496 1787 nzaa‘ime'si
1518 1743 1669 1789 consimilis
1689 1742 1839 1787 vostrum,
1872 1746 1946 1788 hise

1174 1789 1212 1818 ad
1231 1796 1284 1818 vos
1299 1798 1315 1819 a
1335 1787 1456 1827 plicant.

1138 1827 1207 1876 Hoc¹
1233 1830 1298 1876 bene
1323 1830 1363 1861 cio
1385 1830 1502 1871 uerique
1530 1830 1567 1861 ab
1586 1829 1717 1871 atrisque
1747 1835 1816 1860 vero
1848 1829 1954 1861 devin-

1182 1880 1300 1910 czmzni,

1141 1910 1186 1942 Ut
1206 1921 1366 1983 numquam
1395 1911 1457 1943 ulla
1477 1912 1570 1944 amori
1589 1910 1683 1954 vestro
1714 1911 1844 1945 incidere
1866 1909 1953 1953 poffit

1178 1963 1210 1983 ca
1224 1960 1338 1984 amnas.

1078 1993 1253 2035 Intelligis,
1269 2004 1326 2026 cur
1348 1995 1424 2026 vitae
1448 1994 1649 2027 consuetudo
1675 1994 1735 2027 viri
1759 1995 1789 2027 ὅ(
1812 1993 1953 2027 mulieris

1077 2044 1233 2081 perpetua
1250 2035 1440 2077 appelletur.
1457 2045 1555 2076 porro
1566 2037 1698 2075 addam,
1715 2036 1777 2076 ipsa
1792 2035 1953 2076 indigitari

1078 2087 1143 2109 non
1162 2078 1264 2108 dicam
1282 2076 1479 2118 propositum
1498 2085 1659 2118 perpetuae
1679 2075 1952 2115 cohabitationis,

1078 2128 1112 2149 ut
1138 2118 1294 2163 aliquibus
1323 2118 1471 2157 videturg
1495 2118 1546 2150 sed
1568 2118 1674 2150 solida:
1701 2118 1873 2159 conjugalis
1896 2118 1954 2149 be-

1078 2160 1286 2191 nevolentiae:
1308 2168 1368 2191 nec
1384 2168 1492 2190 tamen
1510 2160 1560 2190 vel
1578 2160 1660 2191 illam
1676 2161 1855 2199 excipiam3
1878 2167 1954 2190 cum

1079 2211 1119 2232 ne
1138 2201 1208 2232 haec
1224 2201 1352 2241 quidem
1370 2201 1460 2232 aliter
1477 2201 1607 2232 retineri
1625 2209 1731 2240 queat.
1755 2199 1806 2232 Sic
1822 2200 1966 2236 Laetaris

1080 2243 1140 2274 tius
1157 2243 1205 2273 lib.
1225 2252 1254 2283 3.
1272 2243 1384 2273 Divin.
1404 2239 1496 2282 instit.
1519 2251 1544 2273 c.
1564 2251 1612 2273 21.
1633 2242 1710 2287 Quis
1733 2248 1784 2273 aut
1802 2243 1850 2272 vir
1867 2241 1955 2271 muli«

1080 2294 1171 2322 erem,
1197 2290 1250 2314 aut
1274 2285 1379 2314 mulier
1401 2285 1502 2314 virum
1516 2284 1644 2324 ianget,
1674 2281 1731 2319 nisi
1752 2283 1950 2314 habitaverint·

1077 2326 1187 2366 semper
1202 2335 1280 2356 una:
1303 2323 1359 2362 nisi
1374 2325 1476 2356 devota
1492 2334 1572 2356 mens
1588 2324 1625 2359 ὃ)
1637 2328 1754 2361 servata
1776 2323 1898 2353 invicem
1907 2319 1951 2359 fi-

1082 2368 1129 2398 des
1153 2367 1338 2397 individuam
1355 2366 1463 2401 fecerit
1488 2365 1667 2397 charitatem.
1692 2364 1779 2396 Bene
1803 2362 1873 2393 ille:
1895 2360 1950 2392 led

1083 2407 1205 2448 optime
1223 2406 1426 2438 Modestinus
1441 2407 1459 2437 l.
1480 2415 1504 2438 1.
1527 2408 1572 2438 D,
1595 2407 1623 2438 b.
1639 2411 1660 2436 t.
1685 2403 1823 2443 Nuptiae‚
1847 2403 1953 2441 inqui-

1081 2459 1158 2488 ensv,
1172 2450 1247 2488 ,lunt
1273 2448 1435 2487 conjunctio
1458 2449 1548 2479 maris
1570 2447 1606 2482 &³
1615 2447 1761 2487 faeniz'nae,
1784 2444 1956 2477 consortium

1081 2493 1171 2522 onmis
1188 2491 1257 2521 vitae
1272 2489 1415 2523 divini&
1430 2490 1550 2520 humani
1558 2489 1636 2530 juris
1650 2485 1876 2517 communicatio.
1887 2484 1957 2515 Aut:

1070 2532 1161 2564 ‘mihi
1177 2530 1341 2569 blandior,
1365 2538 1418 2561 aut
1431 2529 1632 2560 Modestinus
1649 2526 1822 2567 fignificat,
1838 2523 1958 2565 nuptiis

1081 2574 1189 2605 induci
1207 2573 1343 2613 speciem
1355 2571 1501 2602 amicitiae
1521 2570 1577 2600 viri
1597 2570 1625 2600 ἃ
1641 2568 1784 2599 mulieris
1803 2566 1956 2597 omnibus

1083 2614 1222 2646 numeris
1240 2612 1390 2653 perfectae
1413 2618 1509 2650 atque
1527 2610 1696 2647 absolutae;
1719 2617 1822 2648 eoque
1841 2617 1904 2638 non
1923 2607 1958 2638 fi-

1084 2656 1187 2686 nentis
1196 2653 1257 2685 effe
1266 2676 1276 2691 ,
1292 2654 1378 2692 cujus
1388 2651 1456 2682 usus
1468 2652 1548 2682 inter
1559 2651 1688 2690 eosjure
1698 2648 1935 2680 benevolentiae
1945 2670 1959 2687 ‚

1084 2696 1206 2736 semper
1223 2704 1287 2725 non
1302 2693 1338 2725 fit
1353 2693 1543 2724 communis.
1559 2691 1796 2732 simpliciffimus
1813 2690 1864 2721 hic
1882 2689 1958 2720 Mo-

1086 2737 1196 2770 destini
1213 2735 1332 2767 sensus:
1356 2742 1451 2773 atque
1469 2743 1509 2765 eo
1530 2732 1831 2772 evidentior,quod
1849 2741 1864 2762 a
1883 2731 1961 2762 Nlo-

1087 2778 1211 2812 destino
1220 2775 1337 2817 nuptiae
1345 2774 1415 2806 fere
1425 2775 1536 2806 iisdem
1549 2773 1745 2806 definiuntur
1755 2772 1860 2804 verbis
1872 2795 1882 2812 ‚
1892 2772 1960 2812 qui·
1982 2807 1985 2811 ,
2002 2778 2009 2790 ν’

1088 2822 1146 2854 bus
1162 2829 1179 2851 a
1197 2819 1354 2851 Cicerone
1369 2817 1500 2856 aliisque
1517 2816 1661 2856 perfecta
1675 2814 1862 2846 describitur
1884 2814 1961 2844 ami-

1089 2863 1172 2894 citia.
1190 2869 1286 2902 quare
1295 2867 1356 2891 nec
1365 2858 1478 2890 mirum
1492 2858 1636 2898 ,utrique
1645 2855 1739 2888 tribui
1750 2853 1865 2887 effecta
1874 2878 1882 2893 ,
1893 2864 1962 2887 non

1090 2905 1192 2937 dicam
1204 2909 1351 2942 peraeque
1367 2898 1553 2930 omniatsed
1572 2908 1643 2939 quae
1659 2897 1778 2940 patitur
1796 2896 1962 2936 utriusque

1091 2953 1211 2978 natura.
1243 2941 1364 2974 Verum
1388 2941 1456 2972 haec
1469 2941 1532 2981 jam
1547 2940 1621 2973 olim
1638 2937 1879 2978 comparatione
1889 2936 1961 2968 satis

1095 2992 1258 3023 accurata,
1273 2983 1487 3016 demonstravi
1503 2983 1550 3013 lib.
1566 2991 1593 3013 2.
1612 2980 1807 3012 Probabilium
1822 2988 1848 3011 c.
1866 2987 1895 3014 9.

1138 3026 1310 3067 intelligis,
1332 3024 1409 3065 quid
1419 3024 1475 3055 sint
1491 3026 1620 3064 nuptiae.
1636 3021 1747 3062 quaeris
1759 3043 1767 3058 ,
1784 3020 1866 3051 inter
1881 3027 1964 3059 quos

1096 3070 1157 3102 illae
1181 3067 1418 3100 contrahantur.
1448 3065 1625 3106 Imperator
1646 3070 1690 3104 pr.
1717 3060 1788 3102 Inft.
1815 3060 1842 3090 b.
1861 3064 1885 3091 t.
1904 3061 1966 3091 ait:
2006 3079 2007 3082 κ

1097 3109 1202 3152 Jassas
1225 3110 1343 3151 nuptias
1366 3109 1442 3139 inter
1461 3108 1490 3142 se
1513 3108 1586 3137 cives
1616 3105 1738 3136 Romani
1766 3101 1964 3139 contrahunt,

1099 3152 1318 3196 qnisecundum
1328 3148 1572 3193 praecepmlegam
1580 3147 1691 3181 cok'unt.
1707 3144 1755 3177 Sic
1765 3141 1964 3187 Imperator,
2005 3172 2008 3173 ⁷

1902 3193 1971 3225 opi-
