2052 3487
405 188 483 224 Da
532 185 844 223 Fozxonn
894 196 962 222 ar
1012 184 1276 222 Usuais.

49 280 142 316 nribus
165 285 218 310 a-ut
243 277 418 311 necessariis
443 275 632 316 praestentur
654 273 718 307 fine
744 274 906 308 mercede.

49 325 114 361 imo
135 321 286 361 memini,
314 320 490 354 Varronem
512 317 560 348 lib.
577 327 607 356 4.
632 316 680 348 De
699 317 802 359 lingna
821 317 907 348 Lan·-

51 373 90 395 na
115 371 186 405 pag.
208 372 258 400 29.
287 361 328 394 sic
351 360 512 397 scribere3
543 358 690 390 Mutuum
713 359 788 399 quod
815 357 909 389 Siculi

49 409 136 443 ,κοῖτον
168 405 211 435 ila
219 401 324 445 fi'ribft
341 403 477 443 Sophron.
500 403 588 437 μῡῖτον
605 399 819 437 οἱνκτίθημον,ξς“)
835 399 907 430 Mu-

50 457 122 485 nus,
147 447 222 488 quod
237 451 335 476 mutuo
356 445 448 475 animo
465 441 601 483 quisunt
616 465 626 479 ,
648 443 721 472 dant
737 440 824 482 efficii
840 450 906 471 αιτι-

42 498 90 529 ja.
134 488 194 519 Sed
219 494 290 518 cum
313 485 353 516 de
374 484 494 523 usuris,
524 483 556 514 id
583 482 628 514 est
644 506 654 521 ,
685 483 725 513 de
756 483 843 513 lucro
868 491 905 512 ac

50 529 223 566 mercede,
254 525 451 566 disputatur-3
480 533 546 555 non
575 523 716 555 officium
740 524 905 564 quaestioni

51 571 116 608 est,
140 570 192 602 sed
211 570 259 610 ius
277 567 440 599 Gentium.
463 574 496 597 at
519 574 588 606 quae
611 565 755 596 affinibus
774 574 827 596 aut
850 574 904 597 ne-

47 611 180 643 ceffariis
203 610 403 651 indulgentur
419 632 428 647 ‚
461 615 616 639 movente
632 606 768 652 affectu,
799 607 829 638 dt
854 615 905 646 pa-

49 655 149 684 tiente
164 651 311 689 fortuna,
335 650 404 681 haec
423 659 487 681 non
509 649 558 689 jus
574 647 729 679 Gentium
752 656 904 688 imperat3

49 693 101 725 sed
132 692 284 724 officium.
323 700 383 723 nee
420 691 515 732 igitui-
552 691 701 721 omnibus
732 688 906 734 praestanda

48 734 138 773 sunt,
161 734 255 765 etiam
280 733 423 774 ignotis,
457 739 510 762 aut
528 732 642 772 quibus
669 731 752 762 nulla
770 739 906 762 tenearis

48 776 98 809 vel
118 776 289 817 sanguinis,
313 775 363 806 vel
380 775 586 810 meritorum.
609 772 847 804 neceilitudine.

88 815 170 849 Nam
192 817 333 848 officium
349 825 414 848 non
438 815 483 848 est
499 815 642 847 omnium
658 823 740 854 quos
752 813 800 853 jus
818 811 907 857 Gen·

49 859 126 891 tium
144 866 252 897 tenet,
276 857 328 890 sed
344 858 424 898 filii,
446 858 565 895 uxoris,
595 857 632 890 δ’
655 864 754 886 earum
772 855 908 900 peryona-

50 911 114 932 rum
130 910 202 942 quas
218 899 384 940 neceffiludo
395 900 540 939 suscitat,
572 896 608 932 ὅ)
616 897 699 936 ferre
715 902 791 937 opem
802 896 906 936 jubet:

49 942 177 974 aut'tore
202 940 323 973 Seneca
348 941 395 972 lib.
412 951 441 982 3.
465 939 512 972 De
534 938 674 979 beneficiis
695 944 756 977 cap.
779 942 824 970 18.
856 935 907 966 In-

50 984 89 1015 de
106 983 187 1023 apud
204 981 350 1022 Festum,
372 981 533 1022 Neceffarii
546 982 641 1020 sunt,
671 984 703 1010 ut
725 978 829 1010 Gallus
847 978 907 1008 Ae·

50 1025 107 1056 lius
129 1027 195 1063 uit,
226 1025 277 1065 qui
304 1029 357 1056 aut
383 1024 515 1065 cognati,
539 1028 592 1053 aut
615 1020 725 1060 adfines
742 1020 818 1060 sunt
836 1042 845 1058 ,
875 1019 907 1050 in

51 1075 120 1107 quos
139 1075 205 1106 nece
229 1066 293 1097 aria
318 1063 412 1106 officia
442 1064 632 1104 conferuntur
654 1067 758 1103 preter
786 1066 906 1091 ceteros.

53 1107 117 1138 Sed
134 1108 164 1139 &
216 1107 356 1139 ornelius
377 1106 499 1137 Fronto
516 1104 641 1142 scribit,
665 1100 844 1143 Neceffitudo
860 1101 908 1131 vel

45 1149 223 1190 sanguinis,
246 1148 292 1180 vel
307 1148 488 1186 meritorum,
510 1155 574 1177 cum
585 1146 820 1186 praeceptoribus,
840 1152 906 1189 cum

52 1191 161 1222 amicis.
202 1187 396 1221 Beneficium
413 1189 503 1220 latius
521 1193 619 1228 patet.
661 1185 813 1216 Senecam
834 1184 907 1230 audi

56 1232 85 1262 d.
109 1231 160 1263 loc.
183 1231 244 1269 ait,
273 1229 446 1270 Beneficium
469 1227 508 1269 est
523 1228 599 1270 quod
621 1226 731 1257 alienus
754 1227 818 1256 det.-
840 1226 908 1256 alze-

54 1281 112 1303 nus
136 1269 175 1312 eft
192 1294 201 1310 ,
234 1273 286 1312 qui
299 1272 397 1312 potuit
408 1268 474 1307 fine
496 1265 701 1309 reprehensione
727 1267 836 1307 testare.
860 1266 906 1298 id-

53 1321 116 1353 que
139 1314 169 1344 in
192 1313 282 1344 donis
333 1311 424 1343 robat
453 1310 635 1342 Marcianus
666 1308 686 1339 l.
712 1318 780 1346 2¹4·
806 1308 848 1339 D.
874 1309 908 1338 cie

50 1355 199 1384 verborum
209 1321 431 1393 fignffifgatione.
472 1350 514 1383 Et
535 1351 618 1382 bene
634 1349 818 1382 Concilium
837 1349 908 1380 Me-

51 1394 244 1426 diomatricis
265 1403 289 1425 c.
301 1394 449 1434 precariae.
470 1403 495 1424 c.
518 1401 564 1424 10.
587 1402 615 1434 q.
629 1401 658 1422 2.
683 1391 757 1422 Cum
778 1392 852 1422 ratio
870 1390 907 1424 &³⁹

50 1435 120 1475 usus
135 1436 277 1473 obtineat,
299 1436 437 1466 neminem
453 1434 502 1466 cni
523 1443 580 1465 non
594 1433 680 1471 vult,
703 1440 806 1464 contra
824 1432 907 1463 utili-

50 1483 137 1508 tarem
154 1475 190 1511 59⁹
206 1477 342 1509 rationem
358 1477 420 1517 cogi
439 1476 472 1507 a'e
484 1476 599 1517 proprio
611 1476 713 1515 facere
728 1473 906 1513 beneficz'unz.

48 1518 142 1550 Adeo
159 1517 300 1549 officium
315 1517 436 1549 muneri
457 1524 681 1557 comparatur:
711 1515 907 1548 beneficium

50 1559 225 1591 voluntatis
248 1558 304 1591 est.
337 1559 414 1590 illud
444 1560 540 1590 certis
573 1557 711 1589 debetur
740 1555 907 1597 personis:

47 1601 114 1632 hoc
135 1601 232 1640 nulli3
254 1598 311 1632 etfi
334 1599 482 1633 omnibus
505 1599 571 1631 dari
587 1599 698 1640 poffit‚
730 1598 786 1630 nifi
808 1599 908 1630 recla-

48 1649 116 1674 mat
139 1641 283 1673 humanae
308 1642 452 1673 conditio
474 1641 662 1673 tenuitatis:
694 1649 756 1680 qua
780 1639 817 1671 fit
832 1662 842 1679 ,
873 1646 908 1670 ut

43 1681 169 1717 infinita
190 1683 242 1715 illa
265 1683 443 1715 humanitas
470 1691 539 1723 quae
566 1680 737 1728 prazsertim
763 1681 907 1722 pecuniae
943 1682 951 1687 ²

71 1723 212 1756 raestetur
229 1724 283 1755 usu
301 1747 311 1763 ,
334 1723 390 1756 etfi
407 1724 589 1757 hominibus
606 1723 723 1763 ineptis
740 1720 777 1754 fit
800 1723 907 1755 lauda-

72 1765 261 1805 ilis,tameu
280 1774 297 1796 a
313 1775 417 1797 rerum
430 1765 541 1806 peritis
556 1765 655 1806 magis
671 1763 804 1806 sperari,
815 1773 910 1805 quam

49 1807 217 1845 obtineri,
243 1806 338 1847 poffit
357 1816 366 1837 z
394 1815 430 1837 ac
447 1805 469 1838 fi
493 1814 680 1837 exerceatur
695 1829 706 1844 ,
736 1805 825 1838 forte
848 1805 909 1837 illis

49 1848 179 1889 magni,
201 1847 250 1879 his
269 1847 373 1886 stulti,
397 1857 446 1879 res
461 1847 556 1878 animi
574 1846 628 1886 sit3
651 1846 704 1878 sed
721 1855 788 1878 non
805 1847 909 1886 hujus-

48 1889 166 1927 modi,
195 1896 231 1921 ut
253 1897 327 1920 eum
350 1890 404 1929 qui
427 1888 587 1919 extraneis
611 1887 761 1919 mercede
786 1888 911 1928 praebet

48 1930 197 1972 pecuniae
218 1929 304 1962 usum
319 1953 330 1970 ,
360 1931 404 1961 ob
430 1931 461 1961 id
479 1930 609 1961 damnet
628 1952 638 1968 ,
667 1928 750 1969 quasi
765 1928 910 1960 inhuma-

49 1981 137 2004 num.
161 1980 279 2013 quotus
304 1971 388 2003 enim
414 1972 548 2012 quisque
570 1970 616 2002 est
638 1973 692 2010 qui
709 1970 741 2002 id
767 1971 798 2002 in
825 1978 911 2002 tanta

48 2014 218 2045 hominum
240 2013 332 2054 copia
350 2013 446 2049 eratis
462 2011 571 2044 facere
592 2013 691 2050 velit3
713 2020 751 2042 ac
773 2011 794 2043 fi
814 2012 910 2049 velit,

45 2054 163 2096 possit,
187 2053 268 2086 salva
290 2064 325 2086 re
339 2050 512 2086 familiari?
535 2063 630 2094 quam
647 2051 820 2094 sapientem
837 2076 847 2092 ,
879 2052 910 2083 &

43 2095 111 2129 suae
138 2105 314 2128 memorem
345 2095 576 2127 mediocritatis
594 2118 604 2134 ‚
641 2095 721 2126 tueri
752 2101 909 2135 oportet,

49 2146 116 2170 non
148 2137 248 2169 modo
272 2146 337 2169 non
364 2136 568 2178 improbante
585 2159 595 2174 ,
624 2134 677 2168 sed
702 2136 909 2177 impellente,

48 2187 182 2217 natura3
212 2177 266 2210 etii
290 2177 450 2210 societatis
474 2177 609 2210 studiosa
627 2200 636 2215 ,
665 2184 769 2208 tamen
791 2176 833 2209 sui
856 2186 909 2208 cu-

50 2229 113 2257 rae,
135 2219 242 2252 saltem
258 2229 323 2252 non
343 2219 495 2258 sordidae,
518 2228 579 2251 nec
596 2218 812 2258 immodestae,
843 2228 909 2250 non

49 2260 189 2293 adversa.
212 2270 279 2293 non
303 2262 387 2293 enim
406 2271 465 2293 nos
486 2269 593 2293 natura
611 2283 621 2298 ,
651 2259 672 2292 fi
691 2270 801 2292 verum
827 2269 909 2291 ama-

52 2311 123 2334 mus
140 2324 150 2340 ,
181 2302 285 2334 voluit
305 2303 381 2334 ideo
405 2302 637 2343 conjunttionis
663 2301 725 2333 esse
756 2310 910 2343 appeten-

55 2350 125 2382 tes;
148 2350 183 2374 ut
206 2343 272 2375 aliis
295 2343 515 2382 consulentes,
545 2342 627 2383 ipsos
652 2353 711 2375 nos
736 2344 911 2385 negligere·

52 2393 143 2423 mus;
164 2384 216 2416 sed
234 2392 269 2415 ut
289 2392 396 2416 mutua
421 2394 518 2425 opum
539 2385 765 2425 bonorumque
783 2393 909 2426 permu-

54 2427 177 2457 tatione
199 2424 258 2457 suis
283 2427 415 2466 quisque
439 2426 617 2458 commodis
641 2426 764 2466 plenius
784 2426 910 2458 melius-

56 2475 118 2507 que
136 2465 325 2500 consuleret.
349 2467 379 2499 &
397 2467 460 2498 hoc
476 2467 597 2498 Seneca
613 2468 680 2499 vult
698 2468 745 2498 lib.
767 2478 795 2499 2.
812 2467 859 2498 De
869 2469 911 2498 he·

56 2506 164 2547 neficiis
183 2519 207 2540 c.
228 2518 276 2548 15.
300 2517 372 2540 cum
390 2509 443 2540 ait.
487 2508 561 2539 Cum
570 2512 687 2547 summa
701 2510 835 2540 ainicz'tiae
851 2507 912 2548 stt,

58 2549 180 2580 amicum
192 2548 249 2588 fibi
265 2559 394 2591 aequure;
417 2550 534 2592 utrique
544 2549 633 2587 fimul
646 2550 847 2587 consulendum
862 2548 911 2590 est.

59 2590 127 2636 dabo
149 2591 260 2632 egenti.-
274 2592 327 2632 Jed
344 2598 376 2622 ut
401 2591 458 2632 ipse
479 2601 536 2623 non
552 2601 657 2633 egeam.
673 2592 849 2632 succurram
864 2600 914 2632 pe·

59 2636 167 2662 muro:
188 2637 220 2662 ut
239 2632 296 2673 ipse
311 2642 369 2663 non
381 2641 504 2673 peream.

87 2670 146 2716 'Sit
161 2672 255 2712 igitur
278 2681 311 2704 ut
329 2674 368 2705 de
393 2675 521 2706 aliarum
546 2684 669 2712 rerum,
699 2674 741 2705 sic
760 2675 800 2705 de
817 2682 912 2714 pecu-

63 2718 122 2741 mae
143 2711 331 2753 frugumque
348 2738 358 2753 ‚
394 2715 447 2746 usu
471 2716 589 2756 duplex
620 2717 822 2746 conventio:
856 2725 915 2746 una

66 2759 136 2790 quae
151 2755 188 2784 ad
203 2754 392 2788 beneficium
410 2758 555 2788 accedat:
578 2757 676 2788 altera
698 2767 768 2796 quae
793 2757 832 2787 ab
850 2756 914 2787 hoc

63 2800 186 2824 remota
203 2793 259 2832 fit,
289 2796 319 2827 &
345 2799 442 2837 magis
459 2798 629 2830 utilitatum
646 2799 916 2838 permutationem

64 2831 221 2873 sequatur.
245 2834 266 2867 fi
289 2836 340 2868 illa
364 2840 410 2869 uti
438 2839 513 2870 licet
530 2863 540 2877 ,
571 2847 724 2871 movente
742 2839 855 2870 officio
873 2846 916 2870 at-

65 2883 128 2920 que
150 2874 282 2915 affectu3
305 2877 359 2909 ista
378 2888 459 2918 opus
483 2889 548 2912 non
570 2880 625 2912 est.
650 2881 691 2912 lin
708 2882 759 2912 illa
775 2890 916 2920 nequeas

63 2923 110 2946 uti
127 2939 136 2953 ‚
169 2915 306 2962 cessante
328 2920 578 2960 neceffitudine3
610 2923 648 2953 ad
674 2922 756 2953 hanc
774 2922 917 2953 deveniri

63 2956 189 2988 necesle
212 2956 267 2989 est.
300 2959 395 2992 altera
417 2962 545 3002 alicujus
573 2964 697 2995 laudem
723 2963 919 2995 liberalitatis

63 2997 183 3045 haben
205 2999 302 3031 altera
320 3001 562 3041 reprehensione
584 3013 689 3036 caret:
711 3006 784 3045 quia
804 3004 918 3044 proba-

64 3039 136 3071 bilis
161 3039 318 3072 industriae
343 3042 407 3081 est,
441 3043 469 3075 δὲ
495 3053 564 3084 quae
585 3054 775 3077 caeterorum
793 3054 918 3077 contra-

64 3080 168 3112 eruum
188 3083 340 3121 exemplo
368 3084 406 3114 ad
425 3092 626 3117 communem
649 3087 815 3118 hominum
839 3087 919 3118 utili-

64 3129 162 3153 tatem
179 3123 246 3162 jure
262 3123 418 3157 Gentium
435 3124 590 3159 referatur
611 3133 630 3159 ι.
651 3137 695 3168 15.
722 3128 764 3159 D.
787 3129 819 3159 de
834 3130 919 3159 inter-

62 3161 146 3194 dietis
168 3163 204 3198 ἐξ
220 3164 360 3207 relegatis.

104 3203 182 3236 Rem
201 3205 316 3238 claram
332 3207 362 3239 &
379 3216 497 3241 certam
516 3209 684 3241 certiorem
703 3210 733 3242 δε
751 3210 916 3243 clariorem

64 3244 162 3277 saciet
177 3249 375 3292 comparatio
394 3250 461 3282 usus
478 3251 621 3292 pecuniae
637 3250 828 3293 frugumque
847 3262 918 3285 cum

68 3285 120 3319 usu
148 3288 262 3322 aedium
284 3297 338 3323 aut
367 3290 471 3325 fundi.
500 3292 580 3326 ficut
606 3294 689 3326 enim
712 3294 824 3327 horum
851 3294 919 3328 usus

1324 183 1354 218 L
1368 194 1381 218 1
1398 196 1428 220 Β.
1465 182 1493 218 I.
1753 193 1825 226 159)

949 282 1003 306 aut
1028 274 1122 315 gratis
1145 282 1199 306 aut
1226 274 1380 306 mercede
1402 272 1521 312 datum,
1551 271 1581 304 &
1611 271 1720 304 attera
1743 270 1820 304 casm

949 317 1214 354 commodatum,
1238 317 1340 347 altero
1367 315 1515 353 locatio»,
1544 315 1720 355 appellatur
1736 313 1763 354 ᾖ.
1783 324 1814 344 2¹.

949 358 1067 401 Quibus
1082 359 1170 388 modis
1191 367 1221 388 re
1243 357 1425 388 contrahitur
1439 355 1589 397 obligatio:
1614 355 1655 387 lic
1672 364 1737 396 quo
1756 357 1817 387 mi·

950 409 1008 431 nus
1028 401 1171 440 pecuniae
1189 408 1242 430 aut
1260 398 1388 439 frugum
1412 396 1482 428 usus
1502 398 1596 438 gratis
1615 405 1666 428 aut
1692 407 1814 428 merce-

950 442 990 473 de
1008 441 1210 479 detur,nibil
1229 441 1374 480 impedit.
1399 437 1502 470 namsi
1517 440 1611 480 gratis
1622 440 1732 476 datur,
1745 448 1813 470 mu—

949 490 1065 520 tuum,
1094 482 1136 513 sin
1162 482 1313 513 mercede
1340 480 1558 518 conceditur,
1589 479 1694 511 soenus
1719 490 1815 511 voca-

950 530 1021 559 tui·;
1046 533 1150 563 neque
1169 523 1213 554 ob
1229 524 1259 554 id
1276 523 1420 562 iniquum
1439 522 1500 552 est:
1527 520 1578 552 sed
1593 521 1729 553 formam
1747 532 1814 554 niu-

949 572 1013 603 tat,
1037 566 1067 595 ὥς
1082 565 1160 596 alius
1180 564 1361 596 contractus
1376 563 1432 601 fit,
1457 563 1667 603 aequejunus.
1694 572 1815 595 utrum·

948 615 1011 646 que
1028 604 1178 637 observat
1197 605 1343 643 Nonitw,
1367 604 1473 635 verbis
1494 604 1706 643 lequuntibus.
1740 605 1819 636 Mu·

948 654 1033 678 tuum
1050 658 1068 678 a
1082 647 1198 687 foenore
1222 648 1270 678 hoc
1293 648 1398 686 distat,
1428 645 1503 686 quod
1518 652 1650 676 mmnnm
1661 646 1727 683 fine
1745 650 1814 686 ulu-

948 690 989 719 ris
1002 699 1012 720 .·
1027 689 1131 728 suenus
1150 699 1216 719 cum
1231 690 1327 726 usttris
1339 689 1463 724 [innitur
1479 709 1488 725 ,
1519 685 1554 720 ὃ)
1576 684 1615 727 cst
1635 689 1742 727 accepti
1756 689 1817 728 fee-

948 736 1004 760 tus.
1028 730 1104 760 ‘uncie
1128 729 1165 764 &²
1181 730 1286 769 foenus
1309 730 1419 760 ditium
1435 725 1473 768 est
1488 751 1498 767 ‚
1531 733 1564 758 ut
1586 729 1685 759 Graece
1709 734 1819 768 τόκῳ,

947 769 1030 811 quafi
1041 776 1147 811 partus
1161 777 1258 802 mutue
1272 772 1396 812 sumpti.
1443 770 1545 802 t’laut.
1568 768 1690 807 Asinar.
1730 769 1817 802 Nam

948 814 970 843 1i
986 820 1099 843 mutuo
1122 821 1187 844 non
1213 820 1351 853 potero,
1375 819 1499 843 certum
1517 810 1562 842 est
1578 833 1588 849 ,
1621 810 1738 842 sumam
1755 811 1817 843 foe-

948 861 1039 883 nore.
1087 853 1175 884 Unde
1193 851 1333 894 honestius
1356 859 1490 885 mutuum
1505 850 1564 893 eft,
1585 853 1660 894 quod
1667 854 1725 893 snb
1743 854 1816 884 aini-

949 903 978 924 eo
1000 893 1108 934 effetiu
1126 893 1186 934 fiai
1202 919 1211 934 ,
1245 903 1341 927 tamen
1362 896 1416 935 usu
1440 900 1569 935 tennvom
1593 894 1740 935 neceffarz'i
1756 895 1816 935 fie-

949 936 1138 976 noresuinere
1153 939 1239 967 decet.
1283 937 1330 969 lta
1345 946 1386 967 eo
1402 937 1590 974 devenitur,
1613 944 1646 966 ut
1669 944 1817 968 mutuum.

950 975 1044 1007 instar
1061 977 1278 1015 commodati,
1302 976 1410 1009 foenus
1429 977 1521 1008 instar
1543 977 1734 1016 locationis,
1758 978 1816 1009 ob-

950 1018 1061 1049 tinent.
1086 1020 1171 1049 unde
1193 1019 1222 1050 δε
1247 1018 1382 1050 Veteres
1404 1019 1590 1058 pecuniam,
1613 1027 1685 1050 cum
1707 1019 1816 1051 foeno·-

949 1059 974 1090 ri
999 1060 1109 1097 datur,
1134 1061 1163 1090 δε
1186 1062 1360 1100 accipitur,
1387 1060 1484 1092 locari
1507 1069 1543 1090 ac
1562 1061 1703 1092 conduci
1730 1063 1824 1093 dixe-

949 1108 1031 1131 runt.
1076 1101 1221 1132 Plautum
1244 1102 1336 1139 audi,
1359 1100 1519 1141 Mostellar.
1543 1111 1570 1141 3.
1600 1110 1627 1133 1.

989 1140 1179 1182 Scelestiorem
1196 1152 1244 1183 ego
1261 1152 1372 1173 annum
1394 1148 1512 1184 argento
1521 1143 1633 1181 foenori

988 1183 1156 1224 Nunquam
1178 1184 1270 1215 ullum
1287 1185 1371 1222 vidi,
1395 1193 1484 1224 quam
1500 1184 1545 1214 hit
1568 1185 1637 1214 nn'hi
1655 1193 1753 1216 annm
1774 1186 1821 1216 ob·

1030 1226 1053 1254 ti
1074 1227 1108 1256 it.

990 1265 1024 1296 A
1045 1235 1128 1296 r‘fiane
1148 1267 1186 1296 ad
1198 1265 1307 1296 noe'tenz
1323 1275 1414 1307 usque
1429 1267 1460 1296 in
1471 1266 1539 1305 foro
1558 1267 1627 1307 dego
1650 1267 1747 1306 diem,

991 1307 1101 1338 Locare
1117 1310 1230 1348 argenti
1247 1309 1356 1338 nemini
1374 1317 1523 1338 nummum
1541 1317 1621 1348 qum.

950 1347 1121 1380 Horatium
1138 1357 1287 1388 quoque,
1306 1350 1353 1379 lib.
1375 1358 1399 1379 1.
1425 1350 1552 1379 Sernion.
1569 1355 1629 1388 sat.
1648 1358 1677 1379 2.
1702 1348 1776 1388 vers.
1788 1359 1821 1387 9.

991 1390 1101 1421 Omnia
1118 1391 1265 1421 continetis
1281 1391 1406 1421 coemens
1422 1391 1536 1430 opsonia
1557 1392 1692 1420 nummis.

949 1431 1028 1463 Inde
1052 1431 1270 1472 Pomponius,
1305 1430 1484 1470 Pilloribus,
1517 1434 1601 1472 apud
1628 1430 1771 1463 Nonium
1788 1434 1821 1464 in

949 1474 1028 1504 verb.
1050 1479 1222 1514 occupatus,
1247 1472 1367 1505 usuram
1393 1473 1534 1513 appellat
1557 1475 1727 1505 mercedem.-
1751 1483 1821 1514 quo

951 1514 1038 1546 sensu
1063 1516 1161 1546 etiam
1186 1514 1339 1546 Horatius
1363 1516 1482 1552 utitur,
1513 1515 1650 1555 eaessut.
1674 1515 1748 1556 vers.
1771 1525 1821 1557 14.

991 1554 1109 1599 Qninas
1126 1557 1171 1587 hic
1186 1556 1275 1596 capiti
1292 1557 1431 1587 mercedes
1452 1555 1574 1596 eayeeat.

951 1597 981 1630 &
995 1603 1057 1637 χαι.
1074 1607 1103 1637 3.
1126 1598 1199 1637 vers
1216 1601 1267 1632 86.

992 1637 1089 1680 Odisti·
1111 1637 1147 1673 ὅ)
1157 1640 1265 1680 fugis,
1288 1644 1321 1669 ut
1337 1637 1499 1678 Drusonem
1518 1639 1627 1670 debitor
1647 1640 1723 1671 aerz's.

992 1680 1055 1724 Qui
1070 1679 1127 1718 nisi
1142 1690 1208 1712 cum
1226 1678 1321 1721 tristes
1342 1681 1447 1720 misero.
1458 1689 1561 1711 venere
1583 1679 1741 1721 Kalendae‚

991 1722 1151 1754 Mercedem
1173 1728 1225 1753 aut
1240 1731 1370 1753 nummos
1393 1723 1468 1753 uncle
1484 1724 1560 1754 unde
1574 1724 1711 1754 extricat.

952 1763 1072 1795 Pei-iius
1089 1772 1220 1804 quoque
1236 1786 1246 1801 ,
1261 1764 1322 1804 sat.
1343 1767 1374 1794 6.
1397 1763 1471 1804 verfi
1490 1768 1542 1805 67.

990 1804 1117 1836 Faenvris
1133 1805 1249 1836 accedat
1270 1813 1385 1835 merces.
1408 1805 1476 1836 hinc
1491 1807 1584 1837 exime
1596 1804 1743 1847 sumptus.
1821 1833 1823 1835 ,

952 1845 1007 1878 Est
1024 1846 1138 1887 igitur,
1161 1853 1195 1877 ut
1212 1846 1298 1882 dixi,
1322 1845 1451 1885 foenus,
1474 1846 1496 1878 fi
1512 1848 1561 1887 jus
1579 1846 1753 1887 Gentium,
1777 1855 1827 1881 at-

954 1896 1016 1927 que
1041 1888 1123 1918 adeo
1152 1896 1256 1918 rerum
1279 1886 1515 1928 simplicitatem
1542 1889 1662 1929 spectes
1684 1913 1694 1929 ,
1731 1889 1827 1924 instar

952 1928 1149 1960 locationis:
1182 1937 1373 1970 quamquam
1391 1952 1401 1967 ,
1433 1928 1455 1961 fi
1475 1928 1541 1962 fori
1564 1930 1705 1963 Romani
1732 1930 1824 1965 usum

950 1979 987 2001 ac
1004 1969 1208 2001 subtilitatem
1221 1994 1231 2009 ,
1255 1970 1320 2001 five
1331 1993 1341 2009 ,
1365 1979 1399 2002 ut
1415 1969 1539 2003 Seneca
1555 1973 1618 2012 ait,
1644 1972 1692 2005 De
1707 1972 1827 2014 benefic.

951 2013 999 2042 lib.
1015 2015 1045 2043 6.
1068 2021 1092 2043 c.
1109 2021 1161 2052 5.,
1191 2010 1495 2052 Jurisconsultorum
1525 2021 1631 2045 acutas
1661 2014 1826 2056 ineptias,

952 2052 1153 2092 consideres,
1179 2063 1245 2085 non
1268 2054 1312 2085 est
1327 2054 1460 2087 locatio.
1505 2054 1568 2087 Sed
1587 2064 1652 2087 non
1676 2057 1749 2097 quia
1771 2066 1827 2088 na-

953 2094 1059 2126 turalis
1084 2095 1166 2126 ratio
1192 2096 1222 2127 ei
1239 2094 1378 2135 refistit;
1412 2095 1464 2128 sed
1491 2097 1564 2137 quia
1589 2096 1621 2128 hi
1638 2098 1691 2138 qui
1719 2098 1827 2130 civilia

952 2137 1082 2177 negotia
1106 2136 1162 2168 illo
1186 2137 1216 2168 in
1242 2137 1318 2168 foro
1347 2139 1558 2169 terminarunt
1576 2160 1587 2177 ,
1624 2138 1826 2173 locationem

951 2178 1032 2209 intra
1055 2177 1142 2209 usum
1167 2187 1342 2220 corporum
1366 2179 1590 2218 coarctarunt,
1613 2182 1758 2215 nondum
1777 2182 1827 2214 in-

953 2219 1078 2251 tellecta
1104 2220 1241 2252 utilitate
1267 2221 1380 2251 locatae
1404 2220 1434 2252 &
1465 2221 1634 2253 conduetae
1664 2223 1825 2264 pecuniae.

954 2270 991 2292 ea
1007 2261 1158 2301 inventa,
1188 2261 1306 2293 deinde
1327 2263 1466 2294 eundum
1486 2262 1569 2301 fuit,
1592 2273 1658 2295 non
1684 2273 1750 2305 quo
1776 2274 1827 2297 re-

953 2311 1021 2334 rum
1047 2302 1229 2344 fimplicitas
1245 2305 1399 2343 duceret3
1432 2303 1483 2336 sed
1508 2314 1574 2345 quo
1600 2305 1636 2336 iri
1683 2313 1826 2339 uteretur

951 2343 1031 2384 Juris
1056 2344 1205 2385 angustia.
1248 2344 1291 2376 At
1316 2344 1395 2376 ficut
1418 2344 1526 2377 foenus
1547 2346 1634 2377 civili
1656 2315 1732 2387 fure
1756 2356 1825 2380 non

953 2385 998 2416 est
1022 2386 1162 2418 locatio:
1193 2386 1235 2417 sic
1252 2395 1312 2417 nec
1329 2393 1474 2418 mutuum
1491 2385 1548 2417 est.
1582 2396 1654 2417 nam
1674 2395 1709 2419 ut
1733 2397 1825 2422 com-

952 2428 1116 2459 modatum
1136 2428 1319 2459 mercedem
1338 2426 1476 2467 respuit,
1501 2426 1542 2458 fic
1567 2435 1724 2461 mutuum.

995 2468 1075 2499 Haec
1091 2478 1156 2508 quo
1174 2468 1363 2509 pertinent?
1382 2477 1418 2499 ut
1436 2469 1576 2509 liqueat,
1591 2477 1738 2503 mutuum
1755 2472 1826 2513 qui-

955 2509 1029 2541 dem
1054 2511 1296 2541 commodatum
1316 2533 1326 2548 ,
1355 2509 1464 2541 foenus
1494 2519 1572 2541 vero
1603 2511 1825 2554 locationem,

956 2551 1092 2589 imitari3
1115 2560 1212 2592 atque
1230 2559 1264 2581 ut
1287 2551 1396 2582 amicis
1416 2550 1531 2582 nostris
1547 2559 1602 2582 aut
1623 2554 1824 2595 necessariis,

956 2592 976 2623 fi
1003 2593 1136 2623 velimus
1153 2615 1164 2631 ,
1195 2593 1402 2624 commodare
1426 2600 1480 2623 aut
1510 2594 1671 2634 mutuari,
1701 2597 1734 2628 id
1758 2597 1824 2637 est,

955 2634 1127 2674 gratuitum
1144 2634 1372 2674 cujuscumque
1390 2637 1537 2675 corporis
1549 2658 1558 2674 ,
1583 2644 1636 2666 aut
1656 2639 1824 2678 pecuniae,

956 2674 1126 2715 si-ugumve
1144 2699 1154 2713 ,
1188 2675 1274 2707 usum
1297 2676 1481 2707 concedere
1505 2677 1594 2708 omni
1625 2677 1694 2717 jure
1717 2679 1826 2720 poffu-

958 2725 1044 2748 mus:
1070 2715 1111 2748 sic
1134 2718 1293 2748 extraneis
1317 2717 1432 2757 quibus
1458 2718 1542 2749 nulla
1567 2717 1659 2751 fimus
1683 2721 1824 2753 devincti

959 2757 1207 2796 neceffitudine,
1231 2757 1251 2790 fi
1273 2760 1416 2799 pecuniae
1442 2761 1529 2791 ulum
1548 2760 1660 2791 demus
1683 2760 1737 2793 sub
1758 2762 1825 2794 usu-

959 2800 1000 2830 ris
1017 2821 1026 2837 ,
1050 2799 1128 2830 nihil
1148 2798 1209 2831 esse
1226 2804 1314 2841 quod
1331 2809 1402 2831 cum
1421 2801 1544 2832 ratione
1561 2803 1727 2842 culpetur:
1751 2805 1826 2844 quia

960 2839 1015 2871 etfi
1035 2848 1177 2872 mutuum
1193 2851 1258 2873 non
1281 2841 1336 2880 fit,
1360 2840 1520 2874 resistente
1545 2843 1610 2883 ejus
1629 2853 1756 2883 natura,
1781 2852 1824 2875 ta-

960 2891 1034 2913 men
1060 2881 1167 2913 foenus
1189 2882 1253 2914 est:
1286 2883 1383 2921 ficut,
1414 2893 1486 2915 cum
1511 2885 1624 2916 aedium
1649 2885 1734 2916 usum
1757 2885 1823 2924 do,

960 2932 1025 2954 non
1044 2923 1159 2963 gratis,
1181 2923 1232 2956 sed
1249 2927 1399 2956 mercede
1416 2949 1426 2963 ,
1449 2935 1513 2957 non
1531 2927 1659 2966 quidem
1678 2928 1823 2957 corn'mo-

962 2964 1069 2996 datum
1093 2964 1161 3004 est,
1194 2966 1265 3006 quia
1296 2975 1453 3007 repugnat
1481 2969 1662 2998 conti-attus
1691 2975 1821 3006 natura;

963 3004 1014 3036 sed
1039 3006 1157 3037 locatio
1184 3008 1358 3039 conductio
1381 3008 1409 3049 §.
1430 3018 1458 3039 Q.
1492 3007 1564 3049 Inst.
1589 3008 1705 3049 Quibus
1731 3009 1823 3040 modis

961 3056 991 3077 re
1008 3048 1188 3080 contrahitur
1206 3049 1362 3092 obligatio:
1395 3049 1425 3080 ὅ(
1447 3059 1518 3081 cum
1538 3050 1627 3079 amici
1653 3050 1822 3088 negotium

960 3089 1053 3128 gratis
1082 3092 1255 3130 gerendum
1286 3090 1421 3131 suscipio
1444 3100 1484 3121 ex
1516 3089 1624 3120 officio
1650 3091 1821 3131 amicitiae,

960 3131 1141 3162 mandatum
1161 3131 1222 3163 est:
1245 3132 1287 3164 fin
1305 3133 1541 3163 interveniente
1558 3131 1726 3169 mercede3
1756 3141 1822 3165 non

959 3173 1087 3211 quidem
1110 3174 1293 3205 mandatum
1308 3173 1372 3210 est;
1403 3171 1586 3213 (contraria
1604 3170 1649 3202 est
1670 3173 1754 3205 enim
1770 3173 1822 3205 of-

961 3213 1036 3245 ficio
1052 3216 1203 3255 merces)
1227 3214 1279 3245 sed
1302 3223 1350 3245 res
1369 3215 1400 3243 in
1424 3213 1515 3244 aliam
1535 3211 1671 3244 foi-mam
1699 3216 1824 3255 negotii

962 3254 1087 3295 transit,
1110 3256 1139 3286 ὅ(
1162 3255 1231 3287 sere
1255 3255 1376 3286 locatio
1396 3262 1433 3283 ac
1451 3253 1622 3285 conductio
1646 3257 1824 3296 appellatur

961 3296 989 3338 §.
1007 3297 1060 3329 ult.
1086 3295 1159 3339 Inst.
1183 3296 1387 3335 demandato,
1410 3295 1429 3327 l.
1451 3304 1477 3328 1.
1504 3294 1532 3337 §.
1550 3295 1602 3328 ult.
1627 3295 1669 3328 D.
1691 3296 1824 3330 Mancia-

1799 3339 1825 3370 ti
