2036 3495
271 54 337 98 AD
372 62 462 98 1⁴13·
505 56 581 98 XX·
609 56 712 96 TIT.
734 52 766 96 1·
818 52 1064 107 ΒεΡῖΕΠθῙ-ἰῦῖῖῐ
1085 58 1128 101 &⁹
1144 61 1334 108 hypothecis-⁸
1360 58 1549 108 &qualiter
1563 48 1633 101 &el

56 155 175 189 vento,
198 156 233 181 ut
258 149 327 182 haec
351 161 483 193 quoque
508 149 635 192 pignori
653 144 732 186 sint,
757 148 797 180 fic
817 149 846 180 in
863 148 882 182 l.
900 158 928 181 1.

52 190 96 223 D.
115 192 143 223 b.
161 198 182 223 t.
200 191 270 223 infit
289 193 490 234 Papinianus:
508 191 664 223 Conventio
678 190 824 231 generalis
839 191 872 222 in
882 192 929 231 pi·

49 241 140 273 gnore
156 235 248 264 dando
264 236 400 266 bonorum
415 235 462 266 vel
483 234 535 274 (id
545 231 734 271 est,etiam)
745 229 841 272 postea
851 242 927 273 quae·

43 272 170 316 sitorum
179 281 286 314 recepta
298 274 346 316 eft.
364 275 515 308 Obtinuit
525 273 634 315 igitur,
646 281 686 303 ex
696 273 837 313 generali
848 283 926 305 con->

52 317 211 347 ventione
230 317 260 347 in
280 325 342 356 qua
361 317 539 349 futurorum
550 319 682 356 quoque
701 318 859 346 bonorum
873 314 927 346 fiat

51 356 194 396 mentio,
226 364 289 389 tam
312 358 439 397 futura,
463 365 557 398 quam
582 354 768 400 praesentias
787 356 926 396 *pignori

51 398 169 429 teneri:
195 400 259 430 baec
277 409 373 439 pure,
398 400 448 431 illa
465 399 518 430 sub
542 397 751 441 conditione,
772 391 795 429 si
818 398 926 439 adqui-

47 449 165 471 runtur.
192 439 301 483 Quid,
325 442 345 472 ii
367 440 548 480 simpliciter
577 437 694 469 dixerit
720 438 870 477 debitor,
894 438 925 469 se

48 488 98 511 res
116 480 181 511 luas
212 489 405 522 iupponere,
429 489 490 512 non
517 479 659 517 adjecto,
685 480 874 520 praesentes,
896 479 926 511 &

47 523 169 552 intutas
187 524 203 554 ’ξ’
231 522 405 554 dubitatum
429 521 600 561 aliquando
626 519 712 552 fuit:
742 520 794 553 sed
824 520 925 552 decisa

51 568 185 600 quaeltto
217 564 261 595 est
293 563 534 594 Constitutione
570 561 732 602 justiniani
764 563 784 593 l.
808 563 863 593 ult.
888 562 923 595 C.

51 604 126 647 Quae
145 615 184 634 res
200 606 331 647 pignori:
343 605 501 651 jubentis,
523 604 572 645 J'us
587 604 743 644 generalis
760 603 923 648 hypothe3

50 656 94 676 cte
115 656 208 677 itiam
223 646 261 677 ad
277 647 455 678 restuturas
472 648 618 683 produci.
641 644 776 685 opinor,
793 647 867 686 quia
882 644 924 676 fic

49 688 80 720 fil
96 698 116 717 ri
139 690 281 725 inlitum,
306 687 457 724 aoiuiss'e,
481 686 521 719 fic
543 686 662 719 factum
689 687 809 719 videri:
831 688 928 727 idque

48 731 79 761 ir:
98 740 103 759 2
122 738 192 768 grta·
229 739 272 759 iii>
294 730 361 769 eins
379 729 504 768 verbis,
530 727 653 766 Cumfit
669 727 796 770 justum,
821 728 926 759 volun-

52 779 122 802 lutra
150 780 176 800 crv
195 773 382 801 ·ir,11)eiitinm
405 772 517 812 magis,
539 780 627 812 quam
653 772 806 801 verborum
833 778 927 801 conce-

45 821 73 854 J==
94 821 170 841 ..nem
198 815 333 842 {uixere
370 811 540 854 Quidquid
564 810 625 843 est:
649 811 712 843 late
731 818 842 852 patent
859 820 928 856 ver-

53 856 91 885 ln
114 855 269 894 guttulis
293 853 501 895 hypothecae.
523 862 603 885 cave
623 861 753 891 tamen,
776 860 812 885 ea
829 861 929 892 porri·

51 907 102 937 gr-
129 901 183 925 u't:
195 911 209 924 ἴι
232 896 317 927 bona
333 895 491 927 debitoris
513 895 566 936 qui
582 895 623 927 de
641 904 677 926 ea
694 894 870 932 convenit;
885 894 929 925 id-

52 949 92 968 eo
111 944 197 975 qnod
216 946 254 968 ue
273 937 368 969 bonis
392 937 452 975 suis
480 935 745 977 oppignorandis,
769 944 804 967 ut
822 935 929 976 potuit

48 989 144 1011 com:
162 989 246 1016 nire,
269 977 311 1009 ita
335 978 466 1010 voluisse
490 978 680 1017 convenire,
704 978 793 1010 credi
816 977 926 1009 debet.

56 1031 96 1051 r:
122 1019 279 1052 veriffime
301 1020 361 1051 inl.
389 1029 438 1056 29·
458 1019 499 1052 D.
517 1020 545 1051 b.
561 1022 581 1051 t.
598 1019 763 1060 respondit
787 1018 899 1050 Paulus
914 1034 925 1056 ς

52 1063 233 1103 geion-alem
265 1061 395 1099 quidem
428 1061 676 1093 conventionem
709 1059 854 1092 sufficere
885 1059 925 1092 ad

51 1104 283 1142 oliligitionem
307 1104 497 1144 pignorum:
513 1103 563 1134 sed
581 1112 617 1134 ea
632 1107 702 1143 quae
717 1112 758 1134 ex
775 1101 869 1133 bonis
878 1102 931 1133 de-

48 1144 148 1176 tancti
170 1154 233 1176 non
251 1143 402 1183 fuerunt,
418 1143 468 1175 sed
486 1143 595 1185 postea
611 1145 650 1175 ab
667 1143 792 1176 herede
807 1144 872 1184 ejus
888 1152 930 1175 ex

52 1188 113 1216 alia
139 1185 226 1217 causa
251 1185 403 1225 adquisita
427 1184 512 1224 sunt,
537 1185 693 1223 vindicari¹
712 1195 777 1216 non
803 1183 891 1225 posse
911 1193 930 1216 a

50 1229 214 1259 creditore
239 1226 406 1259 testatoris.
439 1224 513 1259 Plus
535 1227 657 1265 dicam,
685 1225 820 1258 Veteres
841 1227 925 1257 circa

49 1267 114 1308 ipsa
130 1269 285 1299 debitoris
301 1268 404 1304 bona,
419 1269 561 1308 quamvis
577 1268 627 1299 vel
646 1277 686 1299 ex
701 1267 747 1300 his
762 1267 839 1299 nihil
856 1267 924 1298 fue·

49 1312 92 1342 rit
115 1317 308 1349 exceptum,
331 1308 449 1340 i'unfiss‘e
475 1309 555 1340 hanc
577 1309 702 1340 admitti
726 1309 922 1340 moderatio-

48 1359 143 1388 nem3
167 1359 207 1380 ne
227 1350 367 1381 videatur
382 1350 573 1390 generaliter
587 1348 650 1381 effe
666 1359 683 1381 a
701 1349 848 1381 debitore
864 1350 923 1381 ob-

45 1391 178 1432 ligatum
196 1407 206 1430 ,
235 1391 323 1431 quod
340 1400 405 1422 non
430 1390 525 1422 facile
544 1390 720 1432 specialiter
743 1391 819 1422 ell‘et
836 1391 917 1422 obli-

46 1441 185 1474 gaturus.
208 1439 245 1463 ac
261 1442 301 1463 ne
317 1433 465 1473 exempla
481 1432 579 1463 essent
597 1432 628 1464 in
647 1432 802 1470 obscuro,
827 1433 918 1464 dixe·

44 1481 119 1505 runt
137 1473 209 1504 talia
232 1472 296 1505 effe
320 1483 392 1513 quae
409 1474 448 1505 ad
464 1473 552 1505 usum
570 1473 637 1513 ejus
652 1473 870 1513 quotidianum
886 1474 917 1506 ὅτ

45 1514 273 1551 necess’ariurn,
297 1522 349 1546 aut
365 1515 403 1546 ad
421 1514 607 1555 singularem
634 1515 699 1555 ejus
716 1514 922 1548 affectionem

46 1556 200 1597 spectent.
225 1556 308 1586 cedo
321 1554 510 1587 testimonia.
534 1565 600 1587 non
617 1556 783 1588 arcessam:
807 1556 922 1589 suntin

47 1607 144 1629 mauu
161 1597 304 1628 omnium
328 1597 396 1627 haec
419 1596 592 1636 Ulpiani&
609 1597 695 1629 Pauli
712 1597 730 1629 l.
749 1601 779 1629 6.
795 1597 832 1632 &2⁹
844 1598 920 1640 seqq.

48 1637 93 1670 D.
110 1638 137 1669 h.
155 1643 175 1668 t.
204 1637 387 1678 obligatione
405 1638 535 1679 generali
556 1644 671 1677 rerum,
694 1648 768 1680 quas
791 1641 856 1680 quis
871 1642 921 1671 ha-

47 1679 129 1716 buit,
153 1679 342 1710 habiturusve
357 1677 419 1717 fit,
443 1688 476 1710 ea
498 1689 554 1710 non
579 1681 829 1719 continebuntur,
858 1691 921 1723 quae

48 1718 201 1753 veriffmile
216 1718 274 1761 est,
297 1729 468 1761 quemquam
479 1721 627 1761 specialter
649 1722 846 1762 obligaturum
862 1733 920 1754 non

41 1761 153 1802 fuz‘ffie:
175 1767 210 1793 ut
223 1768 299 1802 puta
316 1761 467 1802 Jitpellex3
489 1763 557 1793 item
576 1760 663 1804 vestis
678 1764 867 1805 relinquenda
881 1762 921 1804 el}

46 1803 184 1841 debitori,
205 1802 241 1837 ἑῇ)
261 1812 298 1833 ex
314 1804 483 1844 mancipiis,
504 1813 565 1845 quae
581 1805 614 1835 in
628 1814 656 1835 eo
664 1804 718 1845 usu
733 1806 844 1836 habebit
854 1829 865 1845 ,
887 1812 922 1837 ut

44 1849 156 1877 sertum
168 1842 229 1882 fit,
251 1853 315 1875 eum
325 1845 444 1885 pignori
457 1846 596 1876 daturum
611 1855 667 1876 non
677 1846 785 1888 fuzffe:
802 1848 922 1888 proinde

48 1888 83 1917 de
98 1884 263 1926 ministeriis
278 1885 339 1927 ejus
352 1892 491 1927 perquam
506 1887 533 1917 ei
548 1887 726 1927 neceffariis‚
748 1888 795 1919 vel
810 1898 873 1930 quae
885 1889 923 1921 ad

48 1926 228 1967 affectionem
242 1927 302 1968 ejus
322 1928 489 1968 pertinent,
513 1928 561 1958 vel
574 1938 639 1969 quae
659 1931 690 1959 in
708 1930 791 1969 usiam
805 1932 922 1962 cotidia-

47 1977 120 1999 num
135 1969 277 1999 hahentur
292 1990 302 2006 ‚
326 1969 473 2000 Serviano
487 1978 544 1999 non
560 1971 700 2010 competit.
722 1972 843 2012 denique
859 1982 922 2004 con-

46 2010 206 2046 cubinam,
237 2008 317 2048 filios
339 2010 486 2041 naturales
503 2032 512 2048 ,
536 2010 667 2042 alumnos
689 2010 816 2052 constitit
836 2023 921 2054 gene-

45 2051 103 2082 rali
125 2050 294 2091 obligatione
317 2060 375 2082 non
398 2052 559 2092 contineri,
583 2052 619 2086 ἐξ
635 2051 666 2091 fi
688 2063 747 2094 qua
770 2054 830 2086 alia
844 2058 921 2096 sunt

42 2092 210 2134 hujusmodi
225 2089 393 2132 ininifteria.

87 2133 231 2173 Sequens
248 2133 340 2164 locus
358 2133 421 2173 est,
445 2144 463 2166 a
477 2143 558 2176 qu0,
582 2135 611 2167 &
627 2134 657 2167 in
675 2136 789 2176 quibus
805 2137 921 2174 rebus,

47 2175 163 2216 pignus
187 2173 405 2206 constituatur.
435 2175 489 2207 De
515 2177 580 2208 hoc
601 2176 643 2208 fic
668 2178 803 2211 Praetor:
835 2179 922 2223 ῼμοά

47 2226 112 2258 qim
129 2214 188 2254 fibi
208 2216 326 2258 pignori
355 2216 551 2256 hypothecaeve
573 2218 730 2259 obligatum
754 2220 805 2260 effe
829 2223 920 2253 dicet.-

47 2258 124 2299 quod
146 2259 179 2288 cle
202 2267 230 2288 eo
257 2259 440 2295 convenerit,
464 2268 529 2289 cum
552 2267 581 2290 eo
596 2260 682 2300 cujus
699 2263 731 2291 in
748 2262 827 2292 bonis
842 2269 917 2294 erat.

46 2301 133 2330 Ante
150 2298 216 2329 hoc
243 2297 389 2330 Edictum
411 2298 538 2343 pignus,
569 2301 657 2340 quod
683 2302 920 2342 mancipatione

48 2339 142 2372 fieret
158 2340 319 2371 contracta
335 2339 468 2378 fiducia,
491 2347 614 2372 tantum
632 2350 760 2383 poterat
775 2343 805 2374 in
825 2343 919 2375 rebus

47 2382 185 2419 mancipi
209 2380 357 2413 constitui
379 2382 418 2413 ab
445 2381 493 2414 liis
517 2391 655 2423 quorum
678 2391 768 2415 erant
790 2394 831 2416 ex
848 2385 918 2425 iure

51 2422 245 2464 Quiritium:
267 2421 299 2453 in
315 2423 410 2455 rebus
426 2433 488 2455 nec
502 2423 640 2464 mancipi
654 2434 691 2456 ea
708 2424 815 2456 forma
829 2425 920 2458 indu-

51 2474 80 2494 ci
98 2473 161 2494 non
179 2471 314 2502 poterat.
338 2465 404 2496 imo
421 2474 461 2496 ne
483 2473 610 2506 poterat
627 2466 759 2506 quidem
776 2467 807 2498 in
825 2467 920 2499 rebus

50 2504 186 2543 mancipi
203 2504 349 2537 constitui
367 2506 405 2537 ab
424 2505 473 2538 his
497 2515 634 2547 quorum
649 2508 682 2539 in
698 2507 792 2539 bonis
809 2516 919 2549 erant;

51 2555 95 2576 ex
108 2545 178 2584 iure
193 2544 367 2586 Quiritium
383 2556 449 2579 non
469 2555 566 2580 erant.
581 2556 709 2589 poterat
725 2550 857 2590 pignus,
874 2550 920 2581 fa-

52 2595 142 2622 tcor,
167 2587 261 2616 etiam
276 2587 412 2620 cessione
430 2589 544 2629 injure
568 2589 718 2622 constitui
735 2590 818 2632 apud
833 2591 919 2623 Prae-

50 2634 157 2659 torem
171 2626 224 2658 vel
242 2625 404 2673 s’raefidem
419 2629 483 2662 fine
501 2629 724 2671 distinctione3
749 2640 853 2664 utrum
868 2640 920 2665 res

51 2668 128 2700 esset
145 2676 303 2708 mancipi,
325 2677 363 2700 an
388 2679 450 2702 non
471 2671 560 2704 effet.
584 2681 616 2704 at
632 2682 693 2705 nec
713 2674 778 2705 hoc
794 2682 862 2706 erat
878 2675 920 2706 ci·

50 2717 98 2740 tra
115 2708 359 2741 difficultatem:
384 2719 456 2743 cum
482 2721 549 2745 non
579 2713 703 2755 semper
724 2714 803 2747 effen:
824 2717 919 2757 copia

49 2751 115 2790 ejus
144 2750 370 2791 Magistratus:
398 2752 566 2796 aliquando
596 2763 653 2797 per
684 2758 919 2799 occupationes

49 2794 124 2823 alvas
143 2801 207 2823 non
227 2791 364 2822 sedentis
376 2815 385 2830 ‚
400 2792 482 2833 laepe
501 2795 599 2837 longe
613 2797 771 2838 absentis,
787 2799 851 2830 late
868 2809 917 2839 pa-

50 2841 140 2865 tente
154 2833 382 2873 jurisdiaione.
398 2835 528 2879 *optime
544 2837 639 2878 igitur
655 2839 919 2880 Praetor,occur-

49 2877 135 2905 lutus
156 2882 206 2905 tot
224 2872 485 2915 difficultatibus,
506 2878 546 2909 ad
568 2887 686 2913 meram
703 2881 781 2922 juris
799 2881 918 2914 subtili·

48 2925 147 2947 tatem
180 2916 408 2955 eminentibus,
421 2917 561 2951 satisefl'e
570 2921 778 2962 existimavit,
795 2924 835 2955 de
851 2924 916 2965 pin·-

47 2967 127 2989 nore
158 2967 209 2988 ive
225 2956 412 2998 hypotheca
425 2968 442 2990 a
453 2961 612 2993 creditore
637 2963 700 2995 ess'e
717 2958 920 2997 conventum

47 3009 120 3031 cum
138 3008 198 3037 eo,
223 2999 310 3038 cujus
330 3000 362 3030 iu
388 3000 481 3032 bonis
506 3003 748 3046 qualiscumque
772 3016 821 3038 res
841 3006 919 3039 effet

47 3052 88 3072 eo
105 3048 254 3080 tempore
271 3049 335 3080 quo
352 3041 393 3072 de
407 3041 544 3084 pignore
561 3047 804 3079 conveniretur:
821 3055 918 3088 atque

47 3082 111 3113 hoc
134 3081 282 3113 Serviana
302 3081 446 3121 actione,
471 3084 503 3116 id
527 3084 590 3124 est,
612 3086 730 3120 Edicto
754 3098 819 3129 quo
842 3099 918 3130 pro-

47 3122 146 3162 poiita
169 3131 205 3169 ea
226 3122 411 3170 actiosuit,
435 3126 699 3167 comprehensum
720 3128 828 3169 fuiffe,
851 3129 917 3164 Zo-

44 3165 123 3201 ssino
137 3165 263 3200 cuidam
278 3163 504 3204 Diocletianus
526 3168 557 3204 ἃ
571 3167 791 3213 Μεζὶηιῑαηαε
806 3172 914 3209 rescri-

1790 63 1869 109 343

973 149 1063 188 pstre
1086 150 1106 182 l.
1130 154 1162 182 σ.
1188 151 1222 183 C.
1249 152 1284 182 δι’
1308 152 1395 183 aliens
1419 157 1465 182 res
1483 148 1569 192 pign.
1592 148 1665 182 Effe
1690 155 1769 189 vcro·
1785 148 1851 189 hoe]

973 192 1175 230 probandum
1198 192 1351 224 ‘creditori
1374 190 1416 224 de
1440 191 1574 232 pignore
1595 191 1725 230 acturo,
1749 190 1853 231 GaJ'us-

971 233 1083 265 auctor
1099 233 1163 274 est,
1180 236 1294 274 utique
1310 234 1534 267 conventione
1552 233 1592 265 dc
1613 243 1655 265 eo
1671 232 1852 274 specialiter

973 272 1071 306 satia}
1089 281 1159 307 nam
1178 277 1209 307 in
1226 284 1263 306 ea
1280 284 1350 315 quae
1367 275 1412 307 est
1429 275 1648 307 universorum
1662 274 1824 306 bonorum
1836 291 1850 312 ὓ

970 315 1004 346 id
1026 325 1091 348 non
1110 315 1266 348 defiderat
1281 317 1302 347 l.
1316 325 1362 356 15.
1379 315 1409 357 gi.
1431 320 1457 349 t.
1473 316 1501 348 b.
1520 321 1542 349 t.
1559 317 1634 358 quia
1648 316 1718 348 talis
1736 315 1774 348 fit
1792 314 1850 347 sun

970 358 1182 398 conditione3
1204 357 1224 390 fi
1244 362 1314 398 quae
1340 357 1411 397 port
1430 358 1635 399 adquirantur
1649 359 1758 398 ⁸boii&
1781 358 1850 396 qu‘o

968 397 1040 430 casu
1058 400 1192 431 alienam
1208 398 1427 440 remoblig'ari
1454 395 1562 440 posse3
1584 400 1679 439 patulo
1710 398 1782 441 post
1800 399 1850 431 di-

968 447 1068 470 cetur.
1094 439 1238 480 Oportet
1254 441 1351 481 igitur
1367 440 1510 472 ac'tdrum
1536 441 1577 472 de
1595 439 1720 481 speciali
1738 440 1855 483 pignm

970 488 1005 510 re
1029 482 1186 520 probare,
1212 483 1244 513 id
1269 487 1418 522 tempore
1442 483 1673 514 conventionis
1696 484 1728 514 in
1752 483 1856 514 bonis'

969 521 1146 563 obligantis
1163 522 1265 554 fuiffe.
1291 532 1365 555 nani
1385 532 1458 554 cum
1476 523 1612 563 pignore
1630 524 1848 564 qum-aturjus

968 562 1000 594 in
1021 572 1072 602 te;
1089 565 1158 604 quis
1176 563 1279 604 potest
1297 565 1329 595 id
1348 564 1561 602 constituere,
1580 573 1696 605 praeter
1721 569 1795 597 eum
1812 566 1848 597 in

968 604 1057 644 cujus
1084 605 1179 636 bonis
1202 605 1265 636 fuit
1288 605 1307 636 l.
1334 615 1386 646 54.
1411 605 1456 636 D.
1475 607 1509 636 de
1525 613 1586 648 reg.
1598 607 1663 647 jur.
1680 615 1734 638 aut
1750 608 1849 638 alium

974 646 1040 685 ejus
1058 646 1235 679 voluntate.
1260 646 1326 678 Hic
1348 656 1426 678 vcro
1449 657 1513 678 non
1539 646 1659 686 refert,
1683 651 1787 679 utrum
1805 647 1852 679 fie'

971 686 1027 718 fiat
1046 688 1085 718 ab
1101 689 1215 727 initio,
1240 698 1277 720 an
1297 698 1337 721 ex
1364 688 1435 728 post
1451 688 1548 720 facto.
1572 689 1676 729 pone}
1700 689 1854 721 dominus

971 735 1072 761 ratum
1090 729 1189 761 habet
1206 731 1320 771 pignus
1336 730 1376 761 ab
1391 731 1454 761 alio
1471 729 1678 762 constitutum
1695 731 1716 761 l.
1732 740 1781 762 20.
1799 731 1851 762 I)o

970 770 1004 800 de
1014 772 1099 811 pign.
1118 771 1176 802 τιδέ.
1193 771 1335 810 valebit,
1353 773 1448 803 etiam
1467 780 1552 803 retro
1569 780 1585 802 a
1605 779 1753 811 tempore
1771 781 1852 803 con-

973 812 1133 844 ventionis
1155 813 1174 843 l.
1203 816 1251 844 16.
1275 813 1304 854 §.
1334 822 1359 844 1.
1392 812 1432 844 D.
1460 813 1488 845 h.
1507 819 1528 844 t.
1555 813 1688 845 volente
1703 815 1852 850 ratione,

977 854 1067 892 quod
1085 853 1155 892 quis
1171 863 1228 893 per
1245 855 1341 886 alium
1361 853 1458 891 facit,
1482 863 1539 895 per
1566 855 1596 886 se
1619 854 1728 887 facere
1753 855 1852 887 intel*

974 893 1039 934 ligi.
1066 895 1252 935 exemplum
1277 896 1307 926 in
1326 904 1556 935 procuratore:
1580 895 1645 927 five
1661 897 1690 929 ei
1707 899 1853 928 nomina-

972 935 1030 966 tim
1060 937 1244 967 mandatum
1269 936 1303 967 fit
1319 959 1329 975 ,
1359 944 1395 967 ut
1421 938 1546 978 pignori
1567 938 1640 969 det:
1661 937 1727 970 ssve
1754 937 1792 970 fit
1813 947 1852 969 u-

971 976 1164 1009 niversorum
1190 978 1352 1010 bonorum
1378 986 1597 1019 procurator,-
1634 980 1674 1011 ab
1704 988 1745 1010 eo
1769 988 1852 1011 con-

970 1016 1094 1051 stitutus
1119 1020 1172 1060 qui
1195 1018 1317 1051 solebat
1333 1020 1387 1051 sub
1410 1021 1594 1062 pignoribus
1613 1024 1736 1053 mutuas
1755 1021 1854 1063 pecu-³

969 1060 1035 1091 nias
1051 1062 1200 1102 accipere
1215 1061 1233 1092 l.
1255 1070 1303 1093 11.
1320 1060 1348 1103 §.
1372 1061 1426 1102 ult.
1452 1064 1472 1093 ι.
1502 1071 1547 1094 12.
1568 1062 1608 1094 D.
1636 1064 1668 1094 de
1679 1063 1764 1104 pign.
1787 1062 1850 1094 afr.

974 1101 1083 1133 Simile
1099 1103 1131 1134 in
1156 1102 1247 1134 servo
1270 1111 1324 1133 aut
1346 1101 1568 1142 filiofamilias,
1592 1103 1612 1136 si
1634 1111 1701 1135 rem
1726 1104 1851 1144 peculia

973 1152 1057 1174 arem
1070 1144 1196 1184 pigriori
1207 1144 1448 1183 dederit,modo
1460 1145 1577 1176 habeat
1586 1146 1717 1177 liberam
1728 1146 1851 1186 peculii

972 1185 1295 1217 administrationem:
1314 1195 1385 1217 cum
1404 1187 1433 1217 ἃ
1449 1188 1585 1218 alienare
1602 1195 1671 1219 eain
1690 1195 1757 1218 rem
1774 1197 1851 1227 pos-

973 1224 1008 1257 fit
1025 1226 1044 1258 l.-
1064 1231 1111 1261 18.
1128 1227 1157 1268 §.
1176 1227 1233 1258 ult.
1257 1226 1294 1261 δέ)
1318 1228 1336 1258 l.
1357 1234 1402 1264 19-
1423 1228 1463 1259 l).
1479 1230 1507 1259 d.
1525 1234 1547 1260 24
1569 1236 1631 1260 nec
1656 1235 1761 1260 tamen
1782 1228 1850 1260 hoe'

966 1269 1157 1300 omnimodo
1175 1277 1285 1300 verum
1303 1268 1358 1300 est.
1384 1271 1456 1301 nam
1480 1269 1500 1300 fi
1527 1278 1593 1300 rem
1609 1279 1667 1310 pro
1685 1270 1749 1302 alio
1765 1270 1850 1301 obli-

965 1311 1111 1350 gaverit3
1135 1319 1196 1341 non
1216 1317 1366 1348 tenetur,
1392 1311 1469 1341 licet
1496 1309 1613 1341 liabeat
1639 1310 1771 1342 liberam
1791 1320 1847 1351 pe-

965 1351 1040 1382 culii
1056 1350 1384 1384 administrationem:
1400 1354 1473 1390 quia
1489 1351 1572 1383 hanc
1587 1359 1650 1383 non
1660 1361 1762 1390 usque
1771 1361 1848 1392 qua-

963 1401 1027 1432 que
1044 1392 1143 1424 habet
1160 1393 1180 1424 l.
1200 1402 1224 1425 1.
1243 1392 1272 1434 §.
1295 1402 1320 1425 1.
1334 1393 1377 1424 D.
1392 1393 1470 1439 Quat
1484 1394 1665 1435 respignori.
1685 1393 1846 1425 Praetereai

960 1435 1003 1464 ait
1021 1434 1134 1466 Paulus
1150 1434 1170 1466 l.
1200 1438 1247 1466 16.
1274 1433 1318 1465 D.
1345 1435 1379 1465 de
1403 1439 1484 1476 p1g'n2
1507 1435 1564 1466 αέἶ.
1583 1434 1605 1466 fi
1622 1438 1729 1475 tator,
1752 1443 1848 1466 acce-

965 1483 1019 1516 pta
1037 1476 1174 1516 pecunia
1191 1476 1222 1507 in
1239 1484 1306 1507 rem
1332 1477 1463 1517 pupilli,
1480 1475 1569 1517 Lege
1594 1485 1659 1507 non
1683 1474 1847 1518 refragatu*

966 1522 1020 1556 te,
1050 1527 1118 1550 rem
1144 1518 1211 1558 ejus
1241 1517 1367 1558 pignori
1404 1517 1552 1556 dederit,
1581 1518 1740 1549 tuendum
1762 1517 1844 1549 effe:

966 1559 1040 1598 quia
1055 1563 1211 1599 quantum
1227 1560 1267 1590 ad
1290 1559 1528 1600 providentiam
1553 1558 1763 1599 pupillarem,-
1785 1559 1847 1591 do·

963 1600 1042 1631 mini
1061 1601 1135 1632 loco
1152 1600 1286 1632 habetur
1301 1600 1322 1632 l.
1338 1609 1388 1641 27.
1399 1599 1440 1632 D.
1457 1601 1490 1631 de
1506 1600 1616 1631 adnzin.
1637 1603 1726 1631 tutor.
1744 1600 1848 1633 idem-

965 1650 1029 1680 que
1054 1641 1118 1673 effe
1141 1643 1186 1673 ait
1214 1643 1244 1674 in
1264 1649 1411 1673 curatore
1437 1640 1650 1673 adolescentis
1666 1641 1697 1672 &
1713 1640 1845 1674 furiosi}

963 1682 1015 1714 sed
1032 1681 1121 1724 Lege
1137 1693 1201 1716 non
1219 1682 1411 1724 refragante.
1435 1683 1587 1724 intelligit
1604 1689 1711 1716 autem
1727 1682 1847 1715 Paulus

963 1722 1156 1757 Orationem
1183 1724 1228 1757 D.
1254 1725 1363 1757 Severi
1390 1733 1453 1766 qua
1479 1732 1603 1756 tutores
1629 1724 1844 1757 &curatores

963 1765 1180 1806 prohibentur
1202 1767 1314 1807 pupilli
1346 1774 1403 1798 aut
1432 1766 1565 1799 minoris
1588 1766 1707 1807 praedia
1728 1765 1845 1798 rustica

964 1807 995 1838 ἃ
1012 1805 1186 1839 suburbana
1209 1807 1274 1839 fine
1295 1808 1446 1840 Praetoris
1473 1808 1610 1839 decreto
1631 1807 1771 1840 alienare
1785 1815 1845 1841 auc

964 1848 1109 1890 obligare
1124 1849 1143 1881 l.
1162 1858 1187 1880 1.
1204 1848 1246 1880 D.
1262 1850 1297 1880 de
1312 1850 1368 1881 reb.
1382 1852 1439 1881 eor.
1456 1850 1584 1891 quisub.
1599 1849 1683 1881 tutel.

1003 1890 1131 1922 Summa
1150 1890 1214 1922 huc
1231 1891 1333 1930 redit,
1349 1890 1439 1932 quod
1455 1891 1543 1931 cujus
1555 1891 1586 1922 in
1603 1890 1696 1924 bonis
1710 1891 1760 1925 res
1776 1891 1843 1926 noi

965 1931 1032 1971 est,
1049 1932 1077 1964 ei
1095 1941 1159 1964 non
1177 1931 1222 1964 est
1236 1933 1304 1973 jus,
1320 1933 1361 1964 de
1379 1942 1415 1964 ea
1434 1932 1605 1973 obliganda
1624 1942 1703 1974 pure
1719 1942 1844 1966 conve-

964 1974 1051 2005 nire:
1071 1973 1233 2006 resistente
1244 1973 1349 2006 Edisti
1364 1972 1478 2006 forma.
1494 1983 1557 2005 nec
1573 1981 1680 2007 tamen
1699 1975 1769 2007 haec
1784 1976 1845 2008 ob·

964 2015 1024 2047 stat
1034 2038 1044 2054 ‚
1057 2024 1123 2055 quo
1132 2016 1235 2047 minus
1245 2016 1273 2046 ei
1285 2016 1381 2047 liceat
1389 2016 1566 2047 convenire
1574 2014 1629 2047 sub·
1639 2017 1845 2056 conditione,

964 2056 986 2089 fi
1003 2057 1140 2096 coeperit
1158 2059 1188 2088 in
1207 2057 1272 2097 eius
1282 2057 1375 2089 bonis
1386 2056 1467 2089 effe:
1490 2056 1613 2098 quiafic
1622 2067 1687 2090 non
1704 2067 1779 2090 ante
1795 2058 1845 2091 est

964 2099 1112 2140 pignori,
1144 2107 1237 2137 quam
1262 2099 1292 2129 in
1317 2098 1389 2141 ejus¹
1409 2099 1502 2130 bonis
1525 2097 1579 2131 fit:
1603 2100 1692 2140 quod
1717 2100 1843 2134 Praetor}

964 2141 1069 2171 voluit
1084 2140 1104 2171 l.
1124 2139 1210 2181 i6.§.
1226 2148 1255 2180 7.
1274 2139 1317 2172 D.
1333 2142 1360 2172 h.
1377 2144 1399 2172 t.
1412 2140 1484 2173 Hac
1500 2141 1625 2173 ratione
1641 2140 1739 2182 Gaius
1755 2142 1776 2175 l.
1790 2151 1842 2183 15,-

963 2183 992 2213 d.
1011 2187 1034 2212 t.
1059 2182 1198 2222 patitur,
1222 2191 1259 2212 ea
1285 2190 1356 2223 quae
1383 2183 1528 2214 nonduin
1553 2182 1640 2221 suut,
1663 2182 1770 2215 futura
1793 2190 1842 2215 ta·

963 2231 1037 2254 men
1059 2223 1149 2262 sunt,
1171 2223 1298 2264 pignori
1325 2224 1404 2256 dari.
1427 2222 1470 2255 Et
1491 2231 1553 2265 pro
1575 2224 1732 2264 exemplis
1748 2225 1842 2267 ponit

962 2263 1083 2296 fructus
1101 2266 1299 2304 pendentes,-
1321 2270 1430 2306 partus
1452 2265 1593 2304 ancssioe,
1616 2264 1718 2297 foetus
1741 2275 1842 2308 pecu-

962 2305 1054 2337 dum:
1078 2305 1143 2337 fiue
1165 2306 1284 2343 dubio,
1309 2307 1382 2347 quia
1398 2307 1544 2338 conditio
1570 2306 1639 2344 his,
1662 2307 1717 2339 etfi
1732 2309 1841 2349 palam

961 2355 1027 2378 non
1043 2347 1182 2386 adjeeta,
1201 2347 1231 2378 vi
1248 2347 1310 2387 ipsa
1334 2347 1414 2379 inest
1431 2347 1451 2379 l.
1479 2356 1506 2380 1.
1518 2355 1565 2388 pr.
1582 2347 1657 2390 ὃς.
1675 2349 1728 2381 ult.
1746 2349 1789 2383 D.
1805 2351 1841 2382 de

960 2388 1067 2418 condit.
1093 2387 1130 2422 {5⁵
1156 2386 1309 2429 demonstr.
1337 2388 1448 2421 Simile
1470 2389 1501 2420 in
1526 2399 1561 2421 re
1579 2390 1687 2422 debita
1711 2392 1841 2424 notavit

963 2428 1155 2468 Papinianus
1186 2430 1206 2460 l.
1225 2438 1238 2460 1
1259 2429 1301 2461 D.
1318 2430 1347 2461 b.
1367 2436 1388 2461 t.
1405 2429 1493 2462 forte
1515 2439 1649 2471 propter
1663 2432 1749 2472 spem
1765 2439 1840 2467 eam

961 2469 1181 2501 nanciscendi:
1195 2471 1248 2502 vel
1264 2471 1338 2510 quia
1355 2471 1477 2504 habens
1493 2472 1653 2506 actionem
1669 2475 1708 2506 ad
1723 2476 1840 2516 adqui-

962 2511 1092 2542 rendam
1111 2521 1200 2548 eam,
1223 2513 1350 2544 videtur
1367 2523 1437 2545 eam
1455 2513 1485 2545 in
1501 2513 1595 2546 bonis
1612 2515 1749 2556 habere,
1765 2520 1841 2559 quaei

962 2551 1007 2584 est
1023 2552 1054 2583 in
1071 2551 1247 2584 actionibus
1264 2553 1282 2584 l.
1298 2563 1349 2594 49.
1367 2553 1409 2586 D.
1428 2555 1462 2586 de
1476 2557 1555 2588 verb.
1565 2554 1672 2599 signif.

1004 2592 1080 2625 Non
1105 2594 1199 2634 igitur
1222 2595 1309 2627 valet
1335 2597 1449 2637 pignus
1475 2597 1516 2629 de
1539 2607 1603 2639 quo
1623 2598 1670 2630 est
1693 2600 1840 2633 eonven-

963 2642 1051 2675 tum,
1068 2644 1134 2673 quo
1146 2643 1292 2677 tempore
1302 2639 1445 2669 nondum
1456 2639 1564 2671 eratin
1581 2639 1674 2672 bonis
1691 2641 1838 2683 obligan-

964 2677 1013 2722 tis.
1061 2676 1244 2718 Quaeritur,
1268 2687 1307 2717 an
1329 2678 1532 2712 convalescat
1555 2689 1597 2712 ex
1620 2691 1687 2722 quo
1702 2683 1836 2722 incipiat

962 2727 992 2749 m
1020 2718 1086 2763 ejus
1112 2718 1206 2750 bonis
1230 2719 1308 2751 effe:
1338 2729 1437 2762 puta,
1467 2722 1556 2763 quod
1577 2722 1713 2755 domino
1739 2723 1835 2756 heres

961 2758 1065 2791 factus
1082 2759 1146 2799 est,
1169 2761 1220 2792 vel
1238 2771 1305 2793 rem
1323 2763 1521 2804 pignoratam
1536 2764 1577 2795 ab
1600 2774 1641 2796 eo
1658 2764 1755 2803 emit,
1777 2764 1836 2795 ali-

961 2809 1022 2839 ave
1045 2800 1123 2846 justa
1147 2801 1238 2833 causa
1259 2804 1408 2844 accepit?
1428 2804 1530 2847 Impp.
1554 2802 1778 2837 Diocletianus
1801 2805 1836 2837 δε

960 2841 1176 2875 Maximianus
1200 2844 1232 2876 in
1247 2845 1268 2876 l.
1283 2854 1314 2886 5.
1334 2846 1367 2878 C.
1384 2846 1418 2878 Si
1431 2846 1518 2879 alien.
1543 2854 1588 2878 res
1600 2848 1635 2886 pi
1655 2850 1685 2877 η’.
1708 2852 1726 2877 a
1749 2854 1835 2887 quo-

962 2883 1034 2914 dam
1053 2882 1220 2925 Eutychio
1238 2886 1279 2918 de
1297 2885 1383 2919 facto
1405 2888 1562 2927 consulti,
1585 2896 1618 2918 re
1634 2886 1834 2927 cripserunte·

963 2924 1038 2957 Cum
1052 2935 1097 2957 res
1116 2935 1178 2968 quae
1201 2929 1319 2960 necdum
1339 2929 1372 2962 in
1394 2931 1474 2962 bonis
1488 2928 1618 2961 debitoris
1632 2925 1690 2967 est,
1707 2928 1834 2970 pignori

961 2968 1032 2999 data
1047 2968 1082 3000 ab
1099 2977 1146 3007 eo,
1163 2968 1261 3010 postea
1284 2971 1316 3002 in
1332 2972 1410 3003 bonis
1426 2972 1489 3013 ejus
1501 2968 1553 3010 ‘iffi'
1561 2969 1700 3009 incipiat:
1715 2971 1833 3003 ordina-

960 3011 1035 3041 riam
1050 3010 1163 3050 quidem
1186 3010 1324 3044 actionem
1342 3015 1433 3054 super
1452 3013 1571 3052 pignore
1584 3019 1643 3041 non
1657 3017 1833 3052 competere,-

959 3048 1144 3092 manz‘festum
1158 3051 1214 3093 est.-
1220 3055 1275 3094 sed
1290 3059 1386 3086 tamen
1395 3051 1678 3093 aequz'tatemfacere,
1693 3058 1729 3084 ut
1735 3053 1832 3094 facil&

961 3091 1043 3123 utilis
1047 3093 1205 3134 persecutio
1212 3096 1336 3136 exemplo
1343 3093 1538 3135 pigneratitiae
1553 3093 1647 3125 detur.
1663 3091 1746 3127 Duae
1760 3095 1832 3129 sunt

956 3132 1111 3176 Rescripti
1129 3144 1253 3176 partes:
1276 3138 1379 3176 diguae
1397 3143 1465 3174 quae
1484 3143 1526 3166 ex
1549 3132 1652 3167 solido
1666 3145 1834 3178 exponan-

956 3184 1017 3213 tur.
1037 3178 1127 3255 &jor
1145 3186 1264 3222 negat,
1277 3178 1383 3213 valere
1399 3176 1515 3219 pignus
1528 3175 1570 3213 cle
1586 3184 1652 3219 quo
1664 3187 1684 3212 a
1699 3179 1832 3256 debito}

1087 3227 1108 3249 v
1128 3227 1149 3260 3
1793 3229 1808 3260 t
