2036 3495
296 80 359 117 An
386 80 477 114 Liii.
506 74 655 113 XXVII.
687 72 781 108 Trr.
810 69 868 105 lx.
899 69 947 105 De
966 68 1055 104 rebus
1076 77 1179 101 eorum
1200 65 1320 113 quisiib
1341 65 1437 102 tutela
1452 67 1502 102 vel
1518 65 1586 106 &a

80 136 103 151 ἱ

119 170 220 203 Vetat
241 170 337 210 igitur
360 166 495 206 Oratio,
526 163 650 198 distrahi
677 161 836 202 :praedium
860 158 944 190 rusti·

80 223 153 246 cuni
177 212 227 243 vel
250 210 477 247 suburbanum,
514 206 683 248 praesertim
709 203 790 249 ⁸utile
821 202 851 232 ὅ(
883 200 944 231 soe-

82 255 229 286 cundum.
253 252 304 283 sed
325 251 431 292 finge,
455 249 516 281 ess'e
536 246 781 281 infructuoluni,
812 250 865 289 aut
889 243 944 272 lie-

80 296 163 334 rile,
195 293 334 325 saxosum
356 316 365 331 ,
401 300 453 323 aut
481 288 636 329 pestilens.
665 285 802 333 'Forsan
835 285 944 329 (lices,

80 335 195 368 cessare
226 333 435 372 Orationem3
469 332 499 362 ὅ(
526 330 588 360 hoc
619 337 749 367 exigere
780 325 890 365 pupilli
915 324 945 354 &

78 377 207 409 minoris
230 376 408 407 utilitatem.
433 380 520 405 certe
539 372 620 409 apud
645 367 876 412 Columellam,
900 364 946 411 De

79 427 109 450 re
130 417 260 459 mistim,
282 418 330 448 lib.
358 425 383 448 1.
408 425 432 446 c.
455 424 482 455 3.
508 411 626 442 Porcius
652 410 722 440 Coto
746 409 890 447 censebat,
913 415 946 436 in

79 462 192 491 emendo
214 468 283 500 agro
300 458 441 499 praecipue
460 455 523 484 >duo
545 452 595 492 effe
619 450 839 492 considerando,
864 448 945 492 soiit-

79 503 212 533 brz'tatem
241 501 302 532 caeiz'
321 498 369 532 .&
397 497 550 527 ubertatem
572 493 644 523 loci.-
679 501 799 532 quornm
824 489 850 528 fi
872 490 939 519 tilie-

78 550 144 574 rum
173 540 288 581 deesset,
317 548 352 571 ac
378 537 563 569 nihilominus
591 534 657 575 quis
687 533 769 564 vellet
802 531 940 568 incolere,

77 590 168 617 merite
189 584 240 624 effe
261 587 393 622 captum,
422 585 508 619 atque
529 585 592 607 euin
620 576 657 606 ad
678 580 799 614 agnatos
821 571 856 606 ὅ)
875 581 942 612 gen-

77 625 139 656 tiles
167 625 217 666 effe
244 622 448 654 deducendum.
499 618 675 658 Imperator
706 623 810 645 tamen
840 613 943 644 Anto·

78 668 168 698 ninus
191 666 220 696 (Sc
245 663 286 695 D.
318 663 412 696 Pater
440 661 506 701 ejus
542 659 562 690 l.
588 668 634 698 13.
659 656 700 688 D.
723 656 750 687 h.
775 662 797 700 t.
828 661 943 685 contra

77 705 315 746 rescripserunt:
340 713 380 735 eo
405 703 491 743 quod
514 700 629 732 fundus
659 698 729 729 talis
752 705 861 736 utique
885 704 944 768 ffio

76 748 236 780 fructuum
275 746 373 778 modo
410 743 545 784 pretium
576 742 757 771 inventurus
788 736 835 769 fit.
927 746 945 768 e

76 798 231 831 praeterea
256 785 387 818 movet:
410 785 497 825 quod
527 782 548 815 fi
569 782 658 813 aliter
681 779 945 825 censeamuske-

78 833 120 863 rit
142 833 271 862 inventa
291 827 474 859 alienationi
497 825 557 856 via.
582 823 670 863 quod
694 822 796 852 noluit
813 819 944 850 Oratio:

80 883 117 904 ac
148 870 275 909 nescio,
307 878 345 900 an
369 868 432 899 hoc
462 865 607 906 indigitet
639 862 790 903 Ulpianus
819 862 890 907 l.·5.
915 860 943 901 §.

84 923 131 953 14.
155 913 196 944 D.
219 912 246 943 h.
272 917 294 942 t.
317 916 389 941 cum
411 910 472 946 ait,
495 907 515 939 fi
539 906 736 937 aesalierium
760 912 826 934 non
849 909 946 933 inter-

82 955 208 992 veniat,
233 960 353 984 tutores
385 958 487 981 tamen
510 944 670 988 allegent,
701 944 853 984 expedire
875 942 945 974 haec

81 997 200 1039 praedia
230 993 396 1031 vendere,
426 991 455 1025 ἃ
486 990 536 1021 vel
567 989 624 1020 alia
645 995 856 1024 comparare,
893 984 947 1015 vel

78 1048 172 1071 certe
195 1035 259 1068 istis
282 1043 404 1066 carere:
427 1032 523 1073 magis
546 1029 627 1068 effe,
652 1038 692 1060 ne
714 1027 834 1059 Praetor
855 1025 949 1071 posiit

82 1079 307 1114 alienationem
330 1074 525 1117 permittere.
549 1072 586 1103 ἃ,
609 1079 667 1110 pro
695 1069 820 1101 ratione
842 1067 948 1113 addit:

85 1122 172 1163 quod
199 1117 327 1150 l’raetori
350 1125 414 1147 non
437 1114 480 1145 est
505 1114 611 1145 datum
631 1112 763 1144 liberum
785 1109 948 1140 arbitrium

87 1160 279 1195 distrahendi
310 1167 359 1189 res
383 1156 567 1198 pupillares3
597 1152 648 1185 sed
679 1153 721 1184 ita
751 1152 897 1196 demum,
927 1148 948 1180 fi

89 1214 131 1236 aes
154 1204 289 1234 alienum
313 1199 485 1230 immineat.
529 1195 675 1227 Proxima
699 1192 887 1225 deliberatio
907 1191 951 1222 est

88 1245 173 1286 apud
203 1241 374 1281 Ulpianum
402 1240 419 1269 l.
446 1249 474 1278 5.
498 1237 526 1279 §.
550 1238 602 1268 uli.
636 1235 678 1267 D.
702 1235 729 1266 h.
753 1241 776 1280 i.
804 1233 879 1274 quid
905 1232 950 1271 ja-

86 1289 128 1320 ris
151 1285 203 1323 fit3
242 1283 263 1314 si
300 1281 506 1322 lapidicinas,
556 1279 608 1310 vel
639 1285 709 1317 quae
739 1276 796 1307 alia
826 1273 952 1305 metalla

88 1325 255 1370 (generale
277 1322 322 1354 est
344 1323 407 1353 hoc
433 1320 622 1352 vocabulum
654 1318 796 1350 omnium
835 1324 951 1360 quaee

88 1377 179 1401 terrae
208 1364 375 1396 visceribus
407 1370 578 1393 eruuntur:
615 1366 650 1392 ut
680 1357 821 1397 notum)
850 1356 949 1397 pupil-

78 1411 132 1443 -lus
157 1407 263 1438 habuit
285 1428 294 1443 ,
325 1403 484 1445 stypteiiae
501 1426 510 1441 ,
541 1403 571 1434 id
595 1402 639 1433 est
657 1424 666 1439 ‚
696 1399 840 1445 alu-minis
857 1421 867 1436 ,
899 1397 950 1429 vel

88 1451 174 1491 cujus
197 1447 323 1479 alterius
346 1446 505 1483 materiae,
529 1444 580 1475 vel
602 1442 624 1474 fi
647 1441 874 1479 crctifodirias,
891 1439 950 1480 (de

84 1493 149 1524 hoc
172 1489 272 1520 verbo
294 1486 465 1518 Turnebus
495 1487 543 1516 lib.
568 1494 618 1525 30.
650 1482 810 1523 Adversar.
834 1492 857 1512 c.
881 1481 952 1522 35.)

86 1533 139 1564 vel
164 1530 236 1569 quid
266 1529 348 1559 aliud
379 1528 450 1558 huic
479 1526 602 1563 simile,
635 1525 722 1565 quod
752 1532 856 1554 tamen
890 1523 952 1562 (ut

85 1573 201 1606 Paulus
233 1577 390 1607 temperat
425 1569 443 1598 l.
467 1578 494 1607 4.
521 1567 562 1597 D.
586 1567 614 1597 h.
637 1565 692 1606 t.)
725 1564 854 1611 privatis
877 1563 953 1594 licet

87 1614 252 1657 possiiere.
294 1609 462 1641 Dubitatio
493 1608 562 1639 haic
589 1606 650 1638 fuit
679 1615 743 1637 noti
774 1605 973 1645 inelegans:-

87 1656 174 1697 quod
196 1662 232 1684 ea
255 1651 380 1684 metalla
403 1651 530 1690 proprie
559 1647 627 1690 (sic
648 1646 754 1679 censet
778 1646 883 1680 Varro
903 1646 950 1678 lib.

91 1707 118 1729 1.
143 1696 187 1727 De
210 1703 238 1726 re
260 1691 367 1732 rustica
390 1701 412 1726 c.
437 1692 486 1731 4.)
509 1691 547 1721 ad
569 1689 790 1731 agriculturam
807 1696 870 1719 non
885 1688 950 1727 spe-

89 1739 191 1770 ctant:
217 1736 246 1766 &
276 1734 377 1766 rursus
400 1733 484 1763 idem
509 1731 609 1762 Varro
640 1730 702 1768 ait;
734 1729 821 1770 quod
848 1729 951 1760 bonus

88 1778 219 1812 'rusticus
241 1776 327 1813 haec,
352 1774 371 1805 [i
395 1774 486 1814 poffit
509 1781 678 1810 exercere,
702 1778 871 1811 propterea
887 1779 952 1801 non

89 1819 231 1862 negligit.
276 1817 336 1848 Sed
360 1815 434 1853 quid
458 1814 525 1846 est?
553 1813 715 1854 probanda
745 1811 878 1843 omnino
907 1810 952 1842 est

77 1859 312 1900 ‘interpretatio
343 1856 469 1896 Ulpiani
493 1856 511 1887 l.
534 1865 562 1895 5.
589 1854 629 1885 D.
652 1854 679 1884 h.
703 1860 725 1884 t.
749 1851 870 1884 curiose
895 1852 953 1883 ob-

89 1901 260 1939 servantis,
285 1898 423 1930 deficere
447 1895 608 1928 Orationis
624 1894 718 1927 verba
731 1917 741 1932 ‚
763 1893 816 1925 sed
833 1903 873 1924 ex
889 1894 953 1924 sen-

92 1943 191 1976 tentia
214 1941 359 1981 impediri
390 1938 622 1970 alienationem.
654 1936 802 1975 idemque
830 1934 911 1973 ess'e3
935 1933 955 1966 fi

92 1985 200 2017 salinas
225 1983 340 2013 habeat
361 1981 390 2011 d.
415 1980 434 2011 l.
456 1990 486 2020 5.
511 1979 538 2020 §.
567 1987 591 2009 1.
643 1976 718 2008 Non
745 1977 846 2008 minus
871 1984 955 2015 quae-

91 2028 187 2059 ritur.
211 2024 231 2055 si
257 2022 391 2062 pupillus
415 2023 446 2052 in
469 2020 589 2061 praedio
620 2018 733 2050 habeat
753 2018 800 2057 jus
823 2021 953 2053 ὲμφυτευ-

77 2067 160 2098 ’ἀικδν
178 2065 228 2096 VCI
244 2062 444 2101 ὲμςοιτευτῑκδι,
467 2062 526 2102 (de
544 2060 590 2092 hlS
606 2060 710 2091 VCl'blS
732 2059 805 2091 Vide
822 2057 857 2090 sis
872 2057 954 2089 Tul·-

91 2110 208 2141 neburn
231 2106 277 2136 lib.
302 2114 350 2143 30.
376 2103 500 2143 Aci-vers.
524 2112 547 2133 o.
572 2102 650 2141 35.)
682 2110 718 2131 aii
751 2109 768 2130 a
796 2100 954 2130 tutoribus

90 2148 215 2182 distrahi
239 2145 357 2187 possit?
382 2144 479 2176 Causa
499 2142 683 2183 quaestionis
699 2140 761 2172 est:
784 2141 871 2180 quod
889 2149 954 2172 em·

89 2188 253 2233 phyteufis
283 2196 347 2218 nori
378 2185 421 2216 est
444 2186 597 2226 praediurn
619 2183 706 2223 cujus
736 2181 885 2213 alienatio
910 2180 955 2210 O·

76 2235 214 2265 'ratione
239 2228 445 2268 prohibetur:
474 2226 572 2266 magis
602 2224 646 2256 est
666 2225 714 2264 jus
737 2223 846 2264 praedii
868 2245 876 2261 ,
915 2223 955 2253 de

90 2283 155 2315 quo
178 2270 256 2303 nihil
286 2269 363 2300 dicit
393 2266 516 2299 Oratio.
561 2266 707 2303 Interim,
738 2271 869 2305 propter
892 2272 955 2294 em-

90 2312 257 2355 phyteusin
276 2335 283 2345 ,
322 2310 417 2341 habet
453 2308 664 2349 emphyteuta
696 2307 727 2337 in
758 2305 881 2346 praedio
909 2305 957 2344 jus

89 2356 234 2388 dominio
268 2352 474 2392 proximum3
512 2358 613 2390 eaque
650 2349 747 2388 gratia
783 2346 958 2386 appellatur

89 2397 180 2429 fundi
214 2393 361 2425 dominus
395 2391 413 2422 l.
440 2400 486 2423 12.
512 2391 546 2421 C.
570 2391 603 2420 de
618 2389 712 2429 fund.
731 2389 886 2429 patrimon.
908 2386 956 2417 lib.

93 2447 139 2469 11.
164 2438 209 2467 tit.
234 2440 284 2466 σι.
317 2434 346 2464 δι
377 2432 474 2463 habet
497 2432 606 2463 utilem
639 2431 669 2461 in
699 2439 765 2461 rem
801 2428 957 2459 astionem

93 2478 112 2508 1.
139 2487 162 2508 ι.
192 2477 221 2518 §.
248 2485 273 2508 1.
314 2474 353 2505 D.
385 2473 418 2504 Sz·
445 2482 512 2514 ager
540 2471 700 2512 vestigalis.
730 2470 835 2501 verius
866 2470 959 2509 igitur

94 2519 241 2554 dicetur,
271 2526 286 2547 a
310 2523 417 2547 tutore
446 2524 510 2545 non
533 2514 619 2546 reste
649 2511 775 2544 distrahi
807 2510 958 2550 praedium

94 2558 365 2598 emphyteuticum
395 2556 414 2587 l.
435 2564 465 2595 3.
495 2555 524 2597 §.
548 2565 577 2593 4.
609 2553 651 2585 D.
685 2554 713 2584 b.
737 2558 759 2584 t.
808 2552 895 2584 Idem
919 2552 959 2582 de

93 2598 253 2630 usufructu
282 2598 431 2629 traditum
464 2598 492 2627 d.
516 2597 536 2627 l.
560 2606 590 2637 3.
613 2595 642 2636 §.
668 2605 697 2634 5.
742 2594 839 2633 Atqui
863 2593 903 2624 de
927 2602 958 2623 u-

94 2639 233 2672 sufructu
263 2638 328 2679 silet
356 2637 467 2669 Oratio
486 2660 495 2675 ‚
534 2637 562 2667 ὅ(
596 2635 784 2667 uiusfruttus
819 2643 885 2665 non
915 2633 959 2664 est

95 2691 165 2722 pars
194 2679 302 2720 praedii
321 2700 330 2713 ‚
362 2678 412 2709 seu
444 2679 602 2716 dominii,
635 2677 684 2708 sed
709 2675 867 2706 servitutis
887 2697 896 2713 ,
925 2683 960 2705 ut

96 2723 146 2755 via
176 2721 205 2753 &1
232 2722 291 2752 iter
321 2719 340 2750 l.
365 2728 412 2759 25.
443 2719 485 2751 D.
508 2720 541 2749 de
571 2719 682 2750 verbor.
708 2716 815 2758 fignif.
847 2723 958 2747 contra

95 2771 208 2795 movet
228 2784 237 2800 ‚
275 2760 363 2798 quod
393 2760 486 2790 habet
515 2760 766 2791 emolumentum
800 2757 907 2797 praedii
939 2757 959 2787 l.

97 2809 148 2836 66.
172 2804 190 2845 §
223 2806 252 2833 6.
279 2802 318 2832 D.
344 2802 376 2830 cie
398 2801 480 2839 legar.
514 2801 560 2831 lib.
584 2811 612 2832 2.
635 2800 654 2830 l.
681 2808 730 2839 70.
756 2798 784 2839 §.
807 2809 834 2830 2.
862 2797 902 2829 D.
927 2799 960 2827 de

91 2843 277 2887 firlejirfforz'b.
312 2850 463 2880 praeterea
485 2842 528 2872 est
548 2843 596 2881 jus
631 2842 660 2871 in
685 2849 736 2877 re,
770 2840 799 2870 &
827 2847 860 2870 ut
883 2847 958 2869 con·

97 2889 177 2918 tine-t
201 2886 265 2924 ejus
295 2883 571 2922 eiiiolumerituni3
602 2881 643 2913 fic
673 2880 796 2921 praestat
827 2879 960 2911 dominii

97 2927 265 2961 effcftuim
302 2924 332 2955 &
359 2933 390 2955 iri
421 2925 524 2956 multis
552 2924 671 2954 casibus
706 2931 764 2962 pro
795 2929 884 2961 parte
907 2921 961 2950 do-

96 2969 183 3001 minii
208 2967 343 2998 habetur
369 2965 390 2995 i.
412 2975 440 3003 4.
474 2965 514 2996 D.
538 2967 569 2995 de
593 2964 687 3003 ustifr.
710 2965 737 2994 d.
760 2963 779 2993 l.
803 2966 854 2993 66.
878 2962 907 3003 §.
931 2965 961 2992 6.

95 3011 131 3045 ὅ)
162 3011 178 3039 ι.
204 3012 251 3047 76.
280 3008 309 3048 §.
334 3016 362 3037 2.
395 3005 434 3036 D.
461 3007 493 3036 de
514 3005 598 3048 legar.
631 3006 676 3035 lib.
708 3014 736 3034 2.
769 3004 875 3041 placet
905 3003 961 3042 igi-

95 3060 145 3083 tur
176 3049 316 3089 Ulpiano
348 3048 375 3078 d.
401 3047 419 3077 l.
444 3057 471 3087 3.
494 3047 523 3087 §.
544 3059 573 3087 5.
603 3046 665 3078 sive
696 3044 885 3076 ususfructus
915 3044 959 3074 so·

91 3095 138 3126 lus
165 3092 296 3122 tltbctur
321 3088 461 3129 pupilli),
485 3090 546 3119 live
569 3097 640 3119 cum
664 3086 860 3126 proprietate
884 3094 958 3115 cori-

91 3135 211 3175 juvenis
231 3156 239 3169 ‚
277 3132 341 3171 ejus
373 3138 475 3169 neque
505 3129 727 3160 alienationem
746 3150 755 3165 ,
786 3136 890 3166 neque
912 3136 959 3156 re-

92 3176 167 3208 missi
197 3182 264 3204 rit-m
285 3195 294 3211 ,
333 3172 431 3203 tutori
461 3178 658 3211 competere.
710 3167 831 3200 Patitur
862 3167 956 3200 ctiam

133 3215 209 3247 Ioni.
235 3214 278 3246 ΙΙ.

1792 79 1866 116 459

988 157 1142 198 Ulpianus
1164 156 1193 197 §.
1215 157 1300 195 5.,d.
1324 155 1344 188 l.
1367 165 1396 198 3.
1428 154 1516 187 fimili
1540 155 1640 187 modo
1671 156 1732 187 dici
1751 180 1762 196 ‚
1798 167 1860 190 nec

987 200 1172 230 servitutem
1198 198 1319 238 imponi
1343 196 1430 237 posse
1452 196 1555 235 fundo
1579 196 1689 237 pupilli
1713 199 1763 229 vel
1787 200 1862 230 ado-

987 239 1153 277 lescentis,
1186 248 1246 270 nec
1276 237 1459 270 servitutem
1492 238 1621 270 remitti.
1654 237 1718 268 hoc
1747 247 1787 268 eo
1817 239 1861 270 se·

987 281 1117 311 curius:
1155 281 1227 319 quia
1257 277 1355 311 simile
1385 279 1504 319 placuit
1532 280 1562 311 in
1593 279 1696 310 fundo
1733 279 1857 311 dotali:

988 331 1082 362 quem
1108 321 1176 351 Lex
1199 318 1278 360 Julia
1300 321 1339 351 de
1362 320 1466 351 fundo
1496 320 1595 352 dotali
1618 320 1721 350 vetuit
1749 329 1766 351 a
1795 329 1860 351 rna-

988 364 1050 394 rito
1081 362 1206 393 alienari
1227 384 1236 399 ‚
1253 361 1366 392 invita
1394 361 1550 394 muliere:
1581 361 1611 393 δι
1632 358 1746 403 (quod
1774 361 1859 392 idem

988 404 1136 435 observat
1161 401 1314 442 Ulpianus
1335 402 1354 433 l.
1379 412 1409 441 5.
1434 401 1476 433 D.
1499 404 1533 433 de
1553 403 1653 441 fundo
1676 401 1767 433 dotali
1787 410 1859 441 quae

989 445 1033 476 est
1062 454 1102 475 ex
1138 444 1186 474 lib.
1213 453 1243 475 2.
1274 442 1322 474 De
1350 443 1479 473 omnibus
1508 442 1704 475 tribunalibus
1721 466 1731 482 ,
1761 449 1860 482 atque

987 486 1069 517 adeo
1099 484 1188 525 hujus
1211 484 1304 525 loci)
1327 483 1466 523 Julianus
1490 484 1544 516 lib.
1572 489 1618 516 16.
1649 483 1860 525 Digestorum

985 525 1128 566 scripfit‚
1158 534 1264 566 neque
1302 524 1470 556 servitutes
1499 525 1602 557 fundo
1632 525 1756 558 debitas
1783 521 1867 566 pos?

985 568 1015 600 se
1039 567 1185 599 maritum
1216 567 1380 604 amittere,
1412 567 1518 607 neque
1548 567 1578 598 ei
1608 567 1682 598 alias
1712 567 1862 608 impone-

986 620 1029 642 re.
1073 609 1118 639 lta
1141 609 1235 649 igitur
1259 609 1290 639 in
1313 602 1533 648 emphyteusi,
1563 608 1593 639 iti
1617 607 1798 647 usufructu,
1829 607 1860 639 &

988 650 1193 682 servitutibus
1221 650 1269 689 jus
1300 649 1353 680 est.
1403 649 1511 691 Quid,
1541 647 1561 680 fi
1591 648 1711 680 fundus
1739 649 1775 681 fit
1803 657 1861 690 pu-

988 693 1066 734 pillo
1091 690 1350 732 oppigneratus?
1380 689 1534 730 Ulpianus
1556 689 1575 723 l.
1597 700 1628 731 5.
1658 690 1687 731 §.
1708 699 1741 730 3.
1764 688 1807 722 D.
1830 690 1861 721 h.

989 741 1009 765 ι.
1033 732 1091 771 ait,
1119 731 1308 764 Orationem
1332 731 1384 762 hic
1407 730 1541 763 ceffare:
1565 731 1651 763 hunc
1674 732 1761 762 enim
1788 740 1863 772 qua-

988 776 1008 807 si
1032 775 1193 812 alienum,
1225 783 1291 805 non
1314 772 1397 814 quali
1426 773 1641 814 pupillarem,
1674 773 1781 804 vendi.
1827 771 1862 803 Si

989 824 1093 848 tamen
1125 815 1288 854 pupillus,
1319 822 1373 845 aut
1404 814 1469 854 ejus
1501 821 1616 855 pater,
1651 813 1729 845 ficut
1759 815 1860 852 moris

988 857 1051 895 est,
1083 866 1099 887 a
1130 855 1276 896 Principe
1299 855 1535 895 impetraverit,
1567 863 1602 886 ut
1628 855 1696 895 iure
1726 853 1862 887 dominii

988 898 1190 939 possideant:
1218 897 1280 937 jani
1304 897 1366 928 ess'e
1390 896 1545 937 pupillare
1570 897 1725 937 praedium
1747 896 1808 935 ait,
1831 895 1865 927 δε

988 941 1063 972 idco
1088 948 1153 970 non
1184 937 1272 977 poffe
1304 937 1458 970 distrahi:
1487 945 1616 969 vetante
1648 936 1817 969 Oratione.
1839 936 1868 968 i-

991 983 1129 1020 demque
1153 979 1233 1019 ess'e,
1267 978 1288 1011 fi
1310 989 1351 1011 ex
1382 978 1473 1011 causa
1502 979 1608 1011 damni
1636 978 1748 1011 infecti
1767 976 1864 1019 Juffus

991 1022 1026 1055 fit
1049 1021 1216 1062 possitlere.
1815 1023 1821 1054 ’,

1030 1064 1073 1095 At
1103 1071 1167 1094 non
1206 1065 1329 1105 tantum
1348 1062 1476 1107 *praedia
1506 1061 1619 1094 rustica
1652 1062 1684 1094 dc
1720 1060 1868 1093 suburbass

991 1115 1029 1137 na
1054 1112 1202 1135 vetantur
1225 1114 1240 1135 a
1272 1105 1433 1136 tutoribus
1464 1104 1494 1135 &
1523 1104 1723 1135 curatoribus
1751 1103 1870 1135 aliena-

990 1148 1033 1178 ri:
1057 1146 1110 1177 sed
1133 1146 1194 1184 (iit
1224 1145 1430 1187 intelligimus
1459 1155 1501 1177 ex
1524 1144 1737 1177 Constantino
1765 1144 1786 1175 l.
1812 1148 1866 1176 22'.

996 1189 1028 1219 C.
1054 1189 1087 1218 de
1109 1185 1271 1227 aciriiz'nistr.
1296 1188 1412 1227 tutor.)
1443 1185 1513 1219 Lex
1537 1186 1606 1228 (fic
1630 1193 1727 1218 vocat
1753 1184 1865 1217 Severi

995 1228 1211 1266 Orationem,
1249 1228 1334 1259 ut&
1365 1228 1481 1260 Paulus
1518 1228 1537 1259 l.
1569 1232 1615 1260 16.
1648 1227 1691 1259 D.
1723 1228 1757 1259 cle
1780 1227 1865 1269 pign.

994 1270 1080 1311 αὲῖ.)
1111 1271 1194 1302 idem
1227 1268 1332 1300 statuit
1363 1270 1403 1301 de
1426 1269 1593 1310 mancipiis
1615 1268 1749 1301 rusticis.
1779 1276 1868 1300 nem·

994 1322 1035 1354 pe
1058 1312 1146 1352 quod
1177 1318 1267 1343 erant
1290 1308 1516 1349 instrumenta,
1546 1309 1610 1342 fi'ne
1640 1310 1756 1351 quibus
1783 1317 1866 1350 prae-

995 1355 1043 1385 dia
1072 1352 1184 1384 rustica
1215 1361 1279 1383 non
1302 1350 1373 1383 sati's
1405 1349 1579 1384 commode
1602 1358 1754 1392 poterant
1776 1359 1868 1382 exer-

993 1395 1069 1426 ceri.
1122 1398 1163 1426 At
1195 1394 1466 1434 quemadmodum
1501 1392 1620 1434 praedia
1649 1392 1679 1424 &
1708 1391 1868 1432 mancipia

994 1436 1109 1468 rustica
1140 1434 1203 1466 sola
1234 1435 1424 1466 vetabantur
1463 1434 1527 1465 sine
1556 1435 1691 1466 decreto
1721 1433 1867 1465 alienarii

994 1481 1037 1510 ita
1061 1485 1173 1509 contra
1203 1475 1245 1507 ait
1277 1475 1505 1508 Constantinus
1536 1476 1563 1506 d.
1587 1475 1607 1506 l.
1631 1484 1681 1507 22.
1704 1475 1794 1516 quod
1816 1482 1869 1505 ea-

994 1521 1067 1552 dem
1089 1518 1194 1559 Lege,
1234 1517 1297 1549 five
1318 1515 1495 1555 Oratione,
1523 1523 1650 1547 tutores
1680 1516 1711 1547 δε
1740 1521 1871 1548 curato·

994 1571 1043 1593 res
1066 1559 1250 1592 necestitate
1272 1558 1544 1599 adstringebantur
1574 1557 1711 1589 alienare
1726 1579 1737 1597 ,
1774 1557 1805 1589 ὃς
1827 1556 1870 1589 ad

994 1611 1142 1634 nummos
1177 1600 1320 1642 redigere
1337 1622 1347 1639 ‚
1378 1608 1487 1631 aurum
1509 1622 1535 1642 ,Ἴ
1557 1601 1724 1640 argentum
1740 1620 1751 1637 ,
1781 1606 1872 1640 gem-

990 1653 1060 1675 inas
1076 1667 1085 1683 ‚
1118 1642 1239 1681 vestes,
1271 1642 1452 1682 caeteraqiie
1482 1640 1615 1673 mobilia
1637 1638 1794 1681 pretiosa,
1817 1649 1872 1672 ur-

994 1686 1074 1716 bana
1103 1684 1199 1716 etiam
1236 1681 1389 1725 mancipia
1407 1705 1417 1722 ,
1451 1682 1591 1720 donios,
1626 1678 1765 1720 balnea,
1793 1680 1872 1713 hor-

994 1736 1065 1765 rea,
1088 1734 1184 1766 atque
1208 1725 1315 1763 omnia
1338 1733 1408 1764 quae
1431 1724 1512 1755 intra
1534 1725 1700 1755 civitatem
1727 1723 1815 1755 sunt:
1837 1722 1872 1760 δι’

989 1768 1083 1808 ,quod
1114 1776 1150 1798 ea
1173 1765 1264 1805 Lex,
1294 1765 1358 1797 five
1379 1764 1514 1805 Oratio,
1551 1764 1686 1796 multum
1708 1764 1870 1797 minorum

994 1809 1123 1845 utilitati
1151 1806 1278 1839 adversa
1301 1806 1357 1839 est.
1394 1807 1502 1847 itaque
1525 1806 1670 1847 praecipit
1699 1815 1789 1838 novo
1811 1804 1868 1837 suo

997 1849 1113 1882 Edieto
1147 1848 1217 1889 (est
1246 1849 1331 1880 enirn
1361 1850 1390 1879 ci.
1421 1848 1441 1879 l.
1464 1858 1514 1879 22.
1552 1854 1587 1879 ut
1617 1856 1658 1879 ex
1687 1845 1871 1887 Inscriptio-

998 1901 1038 1923 ne
1068 1891 1279 1932 intelligitur,
1312 1889 1361 1921 Ad
1391 1889 1560 1930 Populum)
1589 1889 1624 1920 ut
1661 1887 1741 1929 haecv
1761 1888 1870 1921 omnia

998 1933 1074 1965 nulli
1098 1939 1241 1965 tutorum
1265 1939 1491 1963 curatorumve
1513 1930 1608 1962 liceat
1637 1930 1795 1962 vendere:
1825 1930 1873 1962 ni-

997 1974 1018 2006 fi
1040 1974 1127 2005 forte
1164 1973 1223 2005 hac
1252 1972 1436 2004 neceffitate
1471 1972 1502 2004 ἀ
1528 1972 1600 2012 lege
1629 1975 1691 2013 qua·
1720 1969 1871 2003 rusticum

987 2015 1149 2056 praedium
1173 2023 1269 2055 atque
1292 2012 1487 2060 mancipium
1510 2012 1671 2051 vendere,
1695 2012 1746 2044 vel
1763 2013 1871 2054 pigne-

998 2066 1092 2095 rare,
1129 2056 1181 2087 vel
1210 2056 1240 2086 in
1280 2051 1488 2086 donationem
1517 2061 1652 2095 propter
1679 2055 1805 2093 nuptias
1835 2055 1870 2086 in

997 2097 1191 2137 praeteritum
1223 2097 1365 2128 licebat:
1397 2095 1518 2127 scilicet
1546 2104 1603 2135 pei·
1633 2094 1872 2135 inquisitionem

997 2138 1140 2178 judicis,
1170 2139 1200 2170 ἂ
1230 2138 1458 2179 probationem
1496 2135 1621 2175 causae,
1655 2136 1872 2177 interpositio-

998 2189 1136 2220 nemque
1159 2179 1299 2216 decreti,
1315 2185 1349 2209 ut
1372 2177 1473 2210 fraudi
1496 2178 1586 2209 locus
1609 2186 1675 2208 nou
1697 2176 1742 2209 fit.
1766 2176 1871 2209 Dum-

1000 2228 1086 2252 taxat
1123 2220 1245 2261 excipit
1274 2215 1501 2251 Constantinus
1532 2217 1635 2249 vestes
1665 2224 1737 2258 quae
1775 2219 1873 2257 detri-

1000 2270 1040 2293 tae
1064 2261 1117 2293 usu
1139 2261 1190 2295 seu
1213 2268 1394 2302 corruptae,
1417 2260 1571 2291 servando
1594 2258 1715 2298 servari
1730 2262 1795 2292 tion
1812 2267 1873 2299 po-

1000 2310 1158 2342 tuerunt;
1189 2303 1218 2334 6:
1249 2302 1394 2334 animalia
1424 2301 1628 2341 supervacua.
1678 2300 1785 2341 Atque
1812 2310 1870 2341 ea,

1000 2353 1075 2375 meo
1111 2345 1237 2385 quidem
1265 2343 1410 2383 judicio,
1440 2341 1486 2374 est
1508 2340 1598 2373 causa
1615 2364 1625 2380 ,
1654 2340 1871 2383 currTitulus

1001 2385 1052 2416 hic
1083 2386 1114 2416 in
1145 2385 1311 2417 Pandettis
1347 2384 1411 2416 late
1440 2383 1475 2415 iit
1507 2386 1687 2424 conceptus
1716 2383 1802 2415 hunc
1830 2384 1872 2417 ad

1001 2427 1150 2457 modum:
1180 2425 1228 2457 De
1247 2426 1330 2465 relius
1351 2434 1446 2456 eorum
1473 2420 1525 2466 qui
1537 2425 1596 2465 su'b
1623 2424 1713 2456 tarela‘
1742 2425 1790 2456 vel
1817 2435 1869 2457 cu-

1001 2477 1036 2498 rci
1050 2468 1135 2506 sunt.
1179 2466 1213 2498 ln
1244 2467 1355 2498 eadem
1385 2464 1524 2497 Rubrica
1553 2469 1619 2497 non
1642 2466 1745 2498 minus
1775 2466 1869 2507 digna

1003 2508 1162 2539 observari
1186 2507 1283 2539 verba
1306 2507 1487 2546 sequentia,
1503 2505 1569 2545 sine
1590 2508 1698 2538 decrero
1724 2517 1782 2539 non
1803 2508 1869 2538 oliess

1002 2550 1107 2580 itandis
1138 2549 1183 2579 vel
1203 2549 1412 2589 supponendis.
1451 2557 1516 2579 non
1547 2548 1707 2584 enimait
1728 2547 1868 2586 Oratio,

1003 2591 1053 2622 Ne
1074 2590 1197 2621 alienent
1226 2599 1298 2620 neve
1326 2590 1497 2630 supponant.
1528 2589 1595 2627 ait,
1628 2588 1679 2621 Ne
1699 2587 1869 2630 distrahant.

1001 2631 1099 2673 Igitur
1122 2631 1143 2663 si
1172 2631 1209 2663 ad
1236 2629 1401 2662 Orationis
1425 2631 1522 2672 verba
1550 2629 1767 2667 reflestamus;
1803 2638 1871 2660 non

1001 2672 1191 2713 prohibetur
1213 2672 1384 2711 alienatio,
1407 2678 1461 2703 aut
1511 2672 1682 2712 igneratio,
1705 2677 1796 2710 quarn
1822 2669 1869 2700 iu-

1001 2716 1114 2755 digitat
1138 2713 1284 2745 Titulus:
1315 2712 1368 2744 sed
1394 2712 1484 2744 distra
1518 2713 1575 2752 io,
1607 2713 1637 2743 id
1660 2711 1729 2746 est,
1760 2710 1871 2741 vendi·

1002 2763 1048 2786 tio
1073 2754 1146 2786 sola.
1189 2754 1286 2786 Suasit
1308 2761 1413 2785 tamen
1436 2755 1552 2785 utilitas
1576 2750 1736 2783 inhibendi
1760 2747 1820 2781 hac
1836 2751 1870 2783 in

1001 2804 1092 2835 parte
1123 2803 1246 2826 tutores
1278 2804 1314 2827 ac
1337 2793 1528 2827 curatores:
1559 2800 1592 2823 ut
1621 2790 1675 2821 sub
1713 2789 1873 2833 disti-afflo-

1001 2846 1037 2867 ne
1059 2837 1154 2868 etiam
1177 2837 1326 2868 alienatio
1350 2836 1380 2868 &
1402 2835 1576 2877 pigneratio
1599 2840 1640 2877 eit
1658 2830 1811 2863 sententia
1827 2830 1873 2862 O-

1005 2878 1134 2909 rationis
1157 2878 1508 2918 comprehenderetur:
1538 2882 1577 2903 eo
1599 2879 1723 2902 minore
1745 2874 1871 2912 pericu-

1005 2919 1060 2958 lo;
1090 2920 1161 2960 quia
1190 2919 1219 2951 in
1244 2918 1448 2960 sequentibus
1478 2913 1640 2960 Orationis
1660 2913 1794 2959 yemis,
1822 2915 1870 2953 J'u-

1004 2960 1097 2991 betur
1120 2961 1258 3000 Praetor,
1281 2969 1341 3001 pro
1363 2960 1412 2990 sua
1435 2957 1588 3000 religione
1604 2952 1776 2992 aestimare,
1800 2964 1871 2995 quae

1003 3002 1126 3033 alienari
1145 3002 1301 3042 obligarive
1323 3000 1445 3040 poffint.
1470 2995 1510 3026 iic
1532 3003 1615 3026 enmi
1644 3003 1792 3040 apparet,
1825 3006 1873 3027 es-

1005 3042 1034 3073 se
1056 3052 1195 3077 mentem
1219 3042 1413 3082 Orationisfl
1428 3036 1553 3077 pupillis
1577 3043 1614 3065 ac
1636 3037 1813 3067 minoribus
1837 3046 1872 3068 o-

1002 3086 1065 3115 mni
1096 3085 1218 3116 rarione
1242 3081 1455 3116 consulentis,
1485 3084 1613 3108 omnem
1645 3077 1802 3109 tutoribus
1832 3086 1871 3109 ae

1001 3126 1203 3157 curatoribus
1228 3122 1418 3155 interdicere
1440 3118 1684 3150 alienationem:
1707 3118 1772 3149 five
1794 3128 1872 3150 ven-

1000 3164 1149 3207 ditione,
1170 3161 1237 3200 five
1262 3160 1492 3233 ιιέἳύαέὶίοηε,
1524 3158 1587 3190 five
1610 3160 1871 3232 permutatioge,

1354 3210 1417 3231 mvl
1439 3209 1456 3230 2
1829 3209 1869 3232 ΥΒ
