2036 3495
531 132 596 177 Dr.
629 150 778 177 FoRMA
812 149 1080 176 raritENDANM
1116 151 1221 176 nott
1256 141 1484 178 MAL1L113.

838 271 1058 308 CAPuT
1109 268 1156 306 V.

228 374 396 422 Deforma
415 373 598 409 emendandi
617 373 677 407 cloli
700 372 776 406 mali
799 373 831 407 in
855 374 1060 408 comrafflbus
1075 372 1185 418 sir-iffi
1194 373 1279 419 juris
1297 384 1336 408 ox
1355 363 1461 409 Editio
1484 372 1516 410 C.
1543 372 1660 419 Aquilii
1678 365 1773 411 Galli.

224 436 230 442 ·
264 436 280 450 v
318 435 330 440 -
548 422 647 456 Cicero
666 420 837 467 expofirus,
865 420 906 461 ὅ)
925 422 1092 469 nostrorum
1109 422 1290 456 [zutroritare
1299 421 1461 467 firmatus.

83 521 110 566 'f
139 522 142 526 ’
167 529 208 561 ed
233 527 301 560 haec
315 528 392 568 quia,
405 527 516 566 procul
535 524 633 556 dubio
650 525 756 557 multis
774 532 883 565 parum
908 527 977 564 per-

110 605 111 608 *
181 569 287 610 spicua
304 591 314 606 ‚
344 567 483 608 pluribus
507 566 582 598 falsa
613 574 709 606 atque
732 567 863 598 absurda
890 567 975 597 vide·

85 610 244 650 ssbunrur,
269 609 447 650 diligentius
474 608 695 639 constituenda
722 617 824 639 erunt.
848 609 974 640 initium

105 652 242 689 sumam,
266 661 281 682 a
303 651 518 682 contr-affibus
541 649 633 680 sti-isti
657 649 754 690 juris:
780 649 975 690 sponsorem-

89 697 169 734 ,que
195 693 259 732 ejus
290 693 377 732 quod
402 693 441 723 de
465 692 512 722 his
537 691 627 729 dixi,
659 691 743 722 dabo
761 690 973 729 Ciceronem,

102 734 320 773 locupletem,
346 742 479 773 opinor,
502 741 598 773 atque
621 732 784 764 idoneum.
809 733 834 763 is
856 732 973 764 Cicero

102 775 152 806 lib.
167 785 194 817 3.
222 774 266 805 De
280 781 389 805 notura
407 774 532 805 Deorum
555 784 578 803 c.
598 783 647 814 30.
671 775 822 813 judicium
842 774 881 804 de
896 774 973 805 dolo

104 818 190 849 malo
210 815 353 847 familiari
370 815 443 855 suo,
468 816 504 846 C.
518 815 646 854 Aquilio
665 813 781 854 Gallo,
806 816 906 855 palam
925 823 973 845 ac-

89 866 234 899 jceptum
261 856 359 889 refert
379 858 484 888 verbis
504 866 574 896 quae
598 856 752 897 adscripsi.
799 857 869 888 Iride
894 865 974 886 ever-

103 900 230 931 riculum
248 900 428 930 malitiarum
446 901 590 936 omnium,
609 898 754 939 judicium
776 899 809 928 tie
832 897 892 928 dolo
913 907 973 927 ina-

102 941 148 977 103
169 942 244 983 quod
261 941 293 970 C.
311 941 452 981 Aquilius
461 939 626 979 familiaris
641 937 732 979 noster
744 939 876 980 protulit.
897 937 971 969 Nec

98 991 227 1013 tantum
250 982 305 1012 illo
325 982 354 1012 10
372 977 449 1022 loco
475 981 592 1012 Cicero
616 979 681 1020 ejus
707 981 905 1012 mentionem
928 980 972 1010 irr-

104 1023 191 1055 fert:
220 1023 273 1054 sed
295 1023 324 1054 ἂ
348 1021 396 1053 lib.
422 1033 451 1064 3.
476 1022 522 1054 Do
543 1020 643 1062 officiis
665 1029 727 1061 cap.
757 1031 802 1061 14.
834 1021 876 1052 ibi
900 1029 972 1051 cum

103 1064 271 1102 narrasset,
294 1063 426 1096 Canium
446 1065 587 1104 equitem
607 1063 784 1095 Romanurn
799 1072 815 1093 a
834 1062 971 1103 quodam

84 1143 87 1146 Δ
104 1105 284 1148 argentario
302 1106 352 1147 cui
372 1106 488 1146 l‘ythio
506 1103 623 1137 nornen
647 1112 733 1142 erat,
764 1104 856 1145 emiffe
874 1104 973 1134 bortu-

104 1148 163 1187 lor,
188 1146 432 1187 nominufeciffe,
455 1149 600 1188 negotium
625 1144 790 1186 'confeciffe5
820 1142 877 1185 (id
902 1143 947 1175 est
963 1167 972 1183 ,

52 1212 55 1215 -
104 1189 252 1220 hortulos
278 1188 383 1220 emiss'e
400 1211 409 1225 ‚
438 1189 702 1227 emptionemque
721 1188 750 1217 in
773 1185 971 1217 contratrum

104 1231 270 1261 nominum
308 1228 508 1260 transfudisse
525 1251 534 1267 ,
570 1235 711 1266 recepto,
746 1236 836 1258 more
875 1236 970 1265 quem

102 1270 308 1310 Theophilus
332 1271 424 1301 nobis
453 1269 630 1307 refert‚'ad
648 1270 695 1299 tic.
716 1266 787 1308 Inst.
813 1267 860 1298 De
876 1268 971 1298 litera-

102 1322 170 1344 rum
194 1312 439 1350 obligationibus)
463 1311 577 1342 deinde
594 1310 655 1347 ait,
681 1308 815 1341 Canium
840 1308 969 1347 vidiffe,

102 1354 134 1385 se
150 1363 166 1383 a
187 1353 305 1394 Pythio
324 1352 384 1383 effe
411 1354 582 1390 deceptum
607 1351 684 1381 dolo
708 1352 816 1390 1οι11ος
842 1350 870 1381 o't
894 1359 970 1381 mox

102 1394 225 1434 subjicit
241 1417 250 1432 ,
285 1393 464 1424 Stomachari
492 1393 601 1424 Canius
618 1401 626 1422 :
647 1392 701 1431 secl
724 1394 793 1433 quid
819 1392 933 1430 fuceret
953 1391 970 1422 ,9

100 1438 227 1469 nondum
250 1436 325 1466 enim
348 1435 485 1476 Aquilius
511 1434 616 1475 collega
641 1433 677 1468 ὅ)
697 1433 861 1474 familiaris
890 1442 968 1464 meus

94 1477 256 1519 protulerat
283 1479 315 1507 de
344 1478 403 1507 dolo
428 1476 499 1507 molo
518 1475 672 1514 formulas.
717 1474 834 1506 Cicero
855 1473 968 1514 fignifi-

100 1527 152 1549 cat
168 1542 177 1557 ‚
207 1518 406 1549 contr-atrum
429 1517 594 1548 nominum
610 1539 619 1553 ,
651 1516 682 1548 10
707 1525 803 1556 quem
825 1525 862 1547 ea
878 1516 969 1547 Canii

99 1560 275 1601 Pytliiique
293 1559 415 1599 emptio
433 1558 463 1590 δε
489 1559 635 1590 venditio
650 1559 826 1589 novatione
844 1556 968 1588 transse-

97 1601 231 1640 rat,ets1
247 1600 324 1632 esset
340 1601 452 1641 plenus
470 1600 535 1631 doli
554 1599 645 1636 mali,
659 1606 765 1631 tamen
784 1598 855 1639 quia
872 1598 966 1630 stricti

95 1642 172 1683 juris
187 1650 271 1681 erat,
297 1652 336 1673 eo
355 1651 500 1681 ternpore
520 1641 701 1681 Civilijure
726 1640 863 1671 valuiss‘e.
888 1639 968 1671 scili-

97 1692 171 1723 cet,
195 1685 268 1725 quia
291 1693 331 1714 eo
349 1683 459 1721 dolus,
484 1691 674 1723 quamquam
699 1683 782 1722 apud
806 1682 912 1713 bonos
935 1681 966 1712 δε

97 1734 211 1765 graves
229 1726 314 1756 viros
340 1724 440 1763 tur'pis
463 1733 498 1755 ac
523 1723 630 1755 foedus
653 1731 835 1765 putaretur,
859 1730 964 1754 temen

98 1766 173 1806 (nist
193 1766 232 1798 de
254 1766 332 1797 dolo
352 1765 512 1805 stipulatio
537 1763 775 1797 intervenisset:
807 1773 872 1803 quo
895 1763 966 1795 casu

96 1808 188 1839 locus
206 1806 251 1839 est
274 1816 313 1838 ex
329 1806 477 1847 stipulatu
493 1806 607 1837 actioni
625 1806 644 1837 l.
665 1815 690 1837 1.
708 1805 736 1846 ᾗ.
748 1815 778 1844 4.
797 1804 838 1836 D.
856 1807 889 1836 de
905 1805 966 1836 dolo

96 1849 196 1888 malo)
220 1849 250 1879 in
266 1848 387 1888 judicio
409 1847 504 1878 stricti
526 1847 601 1888 juris
622 1847 696 1878 ideo
725 1845 963 1888 negligebatur:

96 1890 186 1930 quod
204 1889 358 1930 quidquid
374 1889 602 1929 adstringendae
625 1888 829 1929 obligationis
846 1888 909 1926 est,
933 1888 964 1918 id

93 1931 151 1963 nili
181 1931 282 1968 palam
315 1929 417 1962 verbis
450 1930 672 1970 exprimatur,
715 1930 847 1970 perinde
881 1928 966 1969 quafi

95 1971 241 2004 omissum
265 1970 324 2010 sit,
355 1972 393 2002 ad
416 1971 558 2003 officium
588 1971 708 2011 judicis
734 1980 797 2001 non
823 1972 964 2010 pertinet

95 2013 124 2055 §.
140 2014 192 2044 uic.
222 2010 293 2053 [nst.
311 2014 345 2043 de
361 2013 579 2052 obligationibus
605 2021 641 2042 ex
656 2011 788 2047 consensu
810 2012 828 2043 t.
847 2020 896 2048 99.
919 2010 960 2042 D.

93 2057 129 2085 cie
143 2056 295 2085 verborum
314 2054 543 2096 obligationibus.
585 2052 661 2084 H‘oc
678 2053 772 2085 Civili
784 2054 864 2091 jure.
886 2053 963 2093 quid

92 2095 278 2127 Praetorio?
302 2103 360 2126 nec
378 2105 419 2125 eo
437 2104 502 2126 tum
533 2103 660 2135 poterat
679 2094 771 2125 stricti
788 2094 864 2134 juris
884 2103 961 2125 con·

91 2137 209 2169 traCtus
226 2160 236 2175 ,
269 2137 313 2168 ob
336 2146 431 2177 quem
458 2137 567 2168 dolum
585 2160 594 2173 ‚
626 2145 642 2167 a
667 2135 808 2167 Praetore
830 2134 962 2167 rescindi

92 2188 151 2218 per·
169 2181 198 2210 in
220 2180 376 2218 integrum
394 2177 643 2209 restitutionem:
668 2179 810 2208 nondum
834 2178 961 2218 prodita

94 2228 111 2250 a
128 2218 225 2251 Gallo
243 2219 369 2259 Aquilio
386 2219 513 2251 actione
530 2220 560 2250 i&
586 2219 783 2259 exceptione
806 2219 872 2249 doli
897 2227 959 2249 ma—

94 2261 115 2292 li
134 2270 142 2290 :
165 2270 241 2300 quas
257 2261 375 2291 Cicero
390 2261 447 2291 doli
462 2261 531 2292 mali
546 2260 700 2292 formulas
715 2260 865 2300 appellat.
908 2260 961 2291 Sic

93 2310 168 2333 ante
192 2302 306 2341 Aquilii
330 2302 486 2334 Edictum.
519 2310 550 2333 at
573 2312 613 2333 eo
638 2301 823 2342 proposito,
845 2301 961 2333 deinde

91 2351 205 2374 contra
230 2341 340 2382 fuisse,
364 2342 480 2373 Cicero
498 2344 653 2382 indigitat.
697 2342 770 2374 Nec
794 2351 899 2374 tamen
917 2344 960 2374 in·

92 2383 204 2422 ficior,
229 2383 315 2422 quod
340 2384 368 2415 &
395 2383 502 2422 postea
520 2408 529 2423 ,
561 2384 582 2416 fi
604 2388 671 2423 quis
695 2385 785 2416 dolus
801 2385 899 2416 malus
914 2384 961 2416 in-

91 2425 263 2457 tervenisse
280 2425 310 2456 in
326 2424 418 2456 stricti
438 2426 513 2465 juris
532 2426 695 2457 contractu
712 2426 890 2465 diceretur,
902 2426 959 2457 ob-

93 2467 203 2499 tinuit:
229 2475 263 2498 ut
279 2467 375 2498 Civili
388 2468 462 2507 jure
480 2469 599 2499 valeret
616 2467 816 2506 contractus,
835 2467 863 2498 &
880 2468 960 2498 obli-

91 2509 255 2548 gationem
288 2508 512 2549 afflonemque
543 2509 745 2549 produceret.
779 2518 843 2540 non
874 2509 958 2539 enim

93 2549 189 2581 Civili
205 2550 266 2590 Juri
286 2558 351 2580 erat
369 2559 451 2581 curae
477 2550 562 2581 bona
579 2551 659 2582 fides
677 2551 708 2581 10
725 2551 845 2590 judicio
865 2550 959 2581 stricti

91 2590 166 2630 juris
183 2600 192 2620 :
224 2591 305 2631 (nifi
325 2609 334 2627 ,
363 2599 397 2622 ut
414 2592 478 2622 dixi
496 2614 506 2630 ,
539 2591 720 2632 interposita
740 2591 960 2632 stipulatione,

90 2631 213 2663 Dolum
236 2633 352 2664 malum
377 2632 499 2671 abeffe,
524 2633 771 2671 abfuturumque
789 2632 877 2671 else)
901 2642 961 2663 nec

92 2680 220 2711 poterat
245 2673 389 2712 Aquilius
409 2673 462 2704 suo
485 2673 597 2706 Edicto
622 2674 735 2714 Populi
751 2675 799 2714 jus
828 2675 958 2714 abroga-

93 2722 143 2747 re.
167 2722 270 2753 neque
288 2715 403 2745 nullam
419 2715 526 2746 dicere
545 2715 777 2756 obligationem
803 2725 871 2755 quae
892 2725 960 2746 mo-

94 2754 181 2785 ribus
200 2762 262 2784 rata
281 2755 465 2786 habebatur.
487 2756 590 2787 adhuc
610 2758 704 2797 igitur
721 2764 848 2797 poterat
864 2766 903 2787 ex
924 2766 960 2788 ea

94 2795 293 2835 obligatione
322 2796 404 2826 aetio
432 2798 497 2836 peti
523 2796 623 2828 subtili
651 2799 728 2836 jure.
768 2806 960 2838 quamquam

93 2835 239 2874 l'raetor,
271 2843 376 2868 motus
401 2838 549 2877 :equitate
574 2838 677 2870 Ediffi
703 2839 885 2879 Aquiliam,
917 2841 959 2869 ita

89 2877 139 2917 jus
167 2876 317 2909 dicebat:
346 2885 405 2915 ut,
439 2888 510 2911 cum
538 2878 635 2911 act-ori
656 2879 751 2912 Civili
775 2882 847 2919 jure
871 2881 959 2911 daret

92 2918 270 2955 actionem,
294 2924 349 2949 reo
372 2925 485 2949 eontra
500 2919 655 2951 accusanti
683 2922 747 2961 ejus
772 2922 881 2953 dolum
898 2930 958 2951 ma·

92 2960 174 2998 lum,
201 2960 266 2991 doli
286 2959 513 3000 exceptionem
535 2962 759 2999 permitteretl
787 2967 833 3002 536.
864 2962 902 2992 D.
927 2965 959 2991 ile

94 3003 246 3031 ‘verborum
268 3001 498 3041 obligationibus.
523 3001 542 3031 l.
556 3011 588 3041 5.
623 3002 655 3033 C.
680 3005 713 3033 cle
734 3005 886 3034 inutilibus
901 3001 957 3043 sti·

89 3042 296 3082 putationibus.
327 3051 386 3080 qua
418 3042 610 3081 impetrata,
648 3043 763 3075 deinde
793 3044 812 3075 fi
836 3046 874 3074 ad
899 3045 958 3074 litis

95 3090 245 3115 eventum
262 3082 488 3123 respiceretur:
506 3084 546 3114 nil
562 3085 729 3122 intererat,
750 3094 853 3116 utrum
872 3086 959 3117 attor

95 3124 212 3155 nullam
237 3124 368 3156 haberet
392 3125 549 3156 astionem
567 3124 633 3165 ipso
655 3126 741 3165 jure,
764 3135 801 3156 an
829 3126 958 3158 baberet

95 3173 163 3195 eam
187 3174 255 3203 quae
272 3175 328 3206 per
344 3167 570 3206 exceptionem
588 3167 759 3197 elideretur
785 3167 794 3196 l
826 3176 890 3198 112.
916 3167 957 3200 D.

95 3205 128 3235 de
145 3206 252 3246 regulis
271 3208 351 3248 juris
368 3207 386 3237 l.
403 3217 432 3248 3.
451 3207 479 3248 §.
505 3217 529 3238 1.
546 3206 588 3238 D.
605 3209 638 3238 de
654 3208 774 3246 pecunia
791 3206 954 3248 constitura.

92 3246 252 3320 molnebatl
266 3255 391 3289 tamen,
415 3250 520 3290 quoad
544 3250 656 3291 agendi
684 3250 833 3293 modum,
866 3250 956 3284 diffe-

159 3296 211 3320 om.
251 3311 259 3320 .

1019 524 1139 571 ren—tia,
1152 532 1247 566 atque
1263 524 1522 567 infignis,utr'um
1539 528 1623 560 nulla
1639 527 1707 569 ipso
1723 528 1792 569 jure
1810 526 1889 560 ess'et

1020 567 1120 604 aetio,
1145 575 1184 598 an
1208 565 1286 598 effen
1309 577 1380 607 quae
1403 567 1553 600 Praetoria
1579 571 1775 610 exceptione
1800 569 1892 601 tolle-

1019 616 1116 638 retur.
1142 616 1214 639 narn
1243 608 1263 639 si
1282 609 1366 640 nulla
1388 608 1466 641 esset
1490 609 1585 641 Civili
1611 611 1684 650 Jure
1706 611 1809 649 aeti03
1839 606 1893 642 vel

1017 647 1144 695 fuisset,
1166 649 1219 680 sed
1244 648 1378 681 defiiffet
1401 651 1488 683 ess‘e:
1521 650 1697 683 sufficiebat
1714 675 1723 691 ‚
1747 660 1835 684 reum
1858 652 1892 684 in

1014 698 1083 729 jure
1100 690 1374 737 apud'Pr-aetorem
1386 714 1396 731 ‚
1420 693 1472 724 ubi
1490 693 1529 724 ab
1545 693 1652 725 actor-e
1676 693 1893 725 convenieba-

1018 739 1086 777 tur,
1110 730 1243 777 inficiari
1260 732 1418 765 debitum.
1441 742 1508 766 tum
1531 736 1615 767 enim
1640 734 1695 766 nist
1719 735 1750 765 in
1767 734 1891 774 iudicio

1016 772 1119 818 Judicr
1144 773 1183 803 ab
1205 772 1314 805 actore
1338 776 1545 814 probaretur,
1569 776 1632 808 esse
1647 775 1703 808 fibi
1727 775 1890 808 actionem

1018 812 1113 844 C1v1ll
1129 812 1203 852 Jure
1230 815 1377 847 adversus
1399 825 1506 850 reum:
1530 817 1582 850 vel
1600 817 1621 849 fi
1639 827 1655 848 a
1677 826 1736 849 reo
1753 817 1887 849 demon-

1016 853 1183 899 straretur,
1214 854 1276 886 esse
1301 865 1370 888 eam
1394 858 1514 889 deliiss‘e
1537 859 1605 899 ipso
1622 859 1709 899 jure:
1735 867 1751 889 a
1776 857 1891 899 Judice

1017 895 1238 926 absolvebatur
1264 905 1357 936 reus,
1391 901 1600 939 permittente
1622 899 1777 932 sor-mula:
1801 901 1891 941 quod

1016 945 1081 982 non
1108 944 1250 975 pareret,
1273 947 1362 983 reum
1386 940 1484 972 attor-1·
1500 940 1672 973 secundum
1699 941 1822 982 regulas
1839 941 1892 981 Ju-

1015 986 1056 1008 rrs
1072 977 1208 1022 debere.
1252 977 1302 1008 Sic
1319 1002 1328 1017 ,
1353 978 1374 1010 si
1391 982 1474 1012 nulla
1494 982 1571 1014 esset
1594 982 1691 1015 Civili
1713 982 1788 1023 Jure
1804 982 1889 1015 obli-

1015 1026 1102 1059 gatio
1120 1018 1139 1049 l.
1159 1028 1189 1054 9.
1216 1018 1249 1050 C.
1265 1020 1299 1049 de
1314 1023 1535 1061 exceptionibus.
1557 1031 1589 1055 at
1614 1023 1636 1056 fi
1659 1024 1804 1061 valeret,
1835 1023 1891 1056 sed

1016 1061 1144 1091 demum
1162 1069 1219 1100 per
1241 1062 1469 1102 exceptionem
1486 1064 1558 1103 Jure
1581 1065 1891 1098 Praetorio'infirma·

1016 1108 1119 1146 retur:
1145 1101 1321 1146 oportebat
1338 1112 1428 1135 reum
1445 1106 1535 1136 aliter
1555 1104 1585 1138 se
1601 1106 1789 1138 defendere.
1813 1109 1889 1140 na'm

1015 1143 1068 1188 tibi
1093 1141 1182 1173 actor
1205 1143 1230 1173 is
1253 1144 1307 1182 qui
1333 1153 1400 1175 erat
1426 1147 1504 1178 dolo
1529 1148 1613 1179 malo
1637 1147 1822 1189 stipulatus,
1852 1152 1888 1181 in

1012 1193 1082 1227 jure
1099 1182 1277 1228 postulabat
1293 1193 1310 1214 a
1333 1185 1493 1225 Praerore,
1517 1187 1571 1219 fibi
1590 1189 1656 1219 dari
1679 1189 1838 1221 actionem
1856 1190 1890 1221 ὅτ.

1013 1224 1177 1272 judicent,
1202 1233 1296 1264 eique
1319 1235 1428 1265 puram
1448 1228 1605 1267 prael‘cribi
1624 1229 1815 1269 formulam,
1835 1230 1891 1262 sci-

1014 1266 1110 1311 licet,
1133 1266 1163 1296 bl
1180 1274 1270 1306 paret
1286 1289 1296 1305 ,
1327 1276 1415 1299 reum
1438 1270 1511 1300 dure
1538 1269 1646 1301 facere
1670 1280 1824 1311 oportere
1846 1281 1889 1303 ex

1015 1307 1184 1352 stipulatu,
1216 1308 1423 1340 condemna:
1453 1310 1556 1343 statim
1591 1312 1731 1343 debebat
1762 1322 1834 1344 reus
1858 1314 1888 1344 ei

1014 1348 1157 1388 objicere
1175 1350 1405 1388 exceptionem
1422 1350 1488 1383 doli
1506 1352 1601 1392 mali3
1626 1362 1689 1385 non
1705 1354 1834 1393 quidem
1853 1355 1887 1386 10

1013 1398 1078 1420 rem
1091 1412 1099 1426 ,
1126 1392 1176 1420 led
1196 1399 1228 1420 ut
1246 1392 1421 1430 specialiter
1446 1394 1486 1424 de
1511 1394 1625 1426 actoris
1645 1395 1723 1426 dolo
1741 1405 1891 1435 querere-

1013 1430 1192 1476 011πῄ110101
1210 1432 1349 1463 debebat
1373 1443 1390 1464 a
1415 1433 1558 1466 Praetore
1576 1444 1686 1476 petere
1702 1459 1712 1476 ,
1742 1445 1813 1469 eam
1830 1444 1889 1469 ex*

1012 1480 1199 1512 ceptionem
1224 1473 1314 1504 inseri
1342 1473 1513 1507 formulae:
1544 1477 1608 1508 hoc
1638 1477 1741 1509 ferme
1766 1480 1887 1517 modo,

1012 1513 1043 1544 Si
1059 1523 1091 1544 10
1109 1523 1145 1545 en
1163 1523 1196 1545 re
1219 1514 1296 1546 nihil
1315 1515 1430 1547 attoris
1454 1517 1531 1548 dolo
1559 1518 1643 1549 malo
1668 1518 1787 1550 factum
1806 1519 1886 1551 effer:

1012 1555 1031 1586 l.
1051 1565 1078 1601 2..
1102 1554 1131 1596 §.
1155 1564 1180 1586 r.
1205 1555 1247 1586 D.
1268 1558 1301 1586 itt·
1325 1557 1381 1587 doli
1404 1557 1474 1588 mali
1491 1560 1662 1599 exceptione.
1688 1560 1776 1600 quod
1795 1559 1814 1591 fi
1837 1559 1887 1592 fe·

1011 1595 1100 1627 cisset
1125 1595 1271 1628 Praetor:
1300 1607 1368 1629 erat
1393 1607 1448 1630 reo
1467 1599 1536 1639 jus,
1561 1609 1630 1632 eam
1653 1602 1888 1641 exceptionem

1010 1638 1128 1683 deinde
1152 1639 1182 1669 in
1208 1639 1329 1678 judicio
1346 1640 1429 1680 apud
1443 1640 1589 1680 judicem
1608 1642 1745 1682 probare
1764 1642 1819 1674 suo
1836 1652 1889 1675 or·-

1010 1681 1101 1711 drne:
1124 1679 1227 1719 judex
1243 1689 1350 1712 autern
1377 1683 1544 1721 probatam
1563 1683 1732 1715 admittere
1756 1691 1886 1722 poterat

1010 1720 1029 1751 l.
1041 1725 1069 1754 8.
1085 1721 1160 1757 &⁹9.
1173 1721 1207 1752 C.
1218 1722 1251 1753 de
1266 1723 1540 1763 exceptionibus.sin
1558 1724 1664 1765 inJure
1681 1724 1790 1757 omissa
1808 1725 1888 1758 ess'et

1009 1763 1093 1808 apud
1113 1762 1305 1808 l'raetorem3
1329 1765 1446 1805 deinde
1464 1775 1534 1796 reus
1552 1774 1621 1798 eam
1640 1767 1722 1807 apud
1736 1766 1884 1807 judicem

1009 1812 1040 1834 in
1055 1803 1194 1843 Judrcro‚
1213 1805 1357 1843 quamvis
1376 1809 1450 1837 ante
1467 1806 1675 1846 sententiam,
1692 1807 1884 1847 sero,ideo-

1010 1853 1073 1885 que
1092 1844 1222 1883 frustra,
1235 1846 1263 1876 &
1282 1845 1456 1886 objiciebat
1474 1848 1504 1879 ἃ
1520 1849 1772 1888 probabatznon
1789 1851 1884 1884 aliam

1009 1885 1053 1916 ob
1083 1885 1205 1917 causam
1223 1908 1232 1925 ,
1264 1895 1358 1926 quam
1380 1889 1453 1928 quia
1477 1888 1615 1921 formula
1638 1900 1732 1931 quam
1758 1891 1883 1925 Praetot

1008 1926 1111 1967 Judici
1124 1929 1408 1960 commendaverat
1418 1952 1426 1968 ‚
1439 1929 1505 1970 ejus
1515 1932 1639 1963 notioni
1653 1932 1749 1964 finem
1767 1932 1882 1973 posue-

1008 1977 1079 1999 rat:
1110 1969 1241 2009 aequitas
1264 1977 1352 2001 certe
1379 1973 1581 2010 exceptionis
1608 1981 1678 2013 quae
1701 1982 1790 2005 erttra
1814 1974 1883 2007 sor-

1007 2011 1123 2041 mulam
1149 2019 1235 2048 erat,
1258 2011 1287 2041 ei
1314 2011 1476 2043 commissa
1502 2022 1519 2044 a
1543 2013 1684 2047 Praetore
1709 2024 1773 2046 non
1800 2023 1881 2049 erat.

1007 2052 1049 2082 ita
1069 2061 1158 2089 reus,
1183 2052 1255 2092 quia
1275 2052 1434 2093 liquebat,
1459 2063 1531 2085 eum
1550 2056 1651 2087 teneri
1670 2056 1764 2088 Civili
1782 2056 1880 2097 jure,

1007 2101 1198 2133 quamquam
1224 2094 1350 2134 inique,
1374 2101 1478 2126 tamen
1500 2103 1516 2126 a
1544 2097 1657 2135 judice
1682 2098 1762 2138 (qui
1784 2099 1881 2139 juffus

1006 2143 1091 2172 erat,
1113 2135 1272 2174 judicare,
1295 2144 1333 2165 an
1351 2144 1439 2168 reum
1461 2136 1535 2176 Jure
1559 2137 1654 2170 Civili
1672 2140 1746 2171 dare
1768 2139 1881 2172 facere

1005 2185 1045 2207 ex
1064 2176 1211 2217 stipulatu
1228 2185 1415 2216 oporteret3
1439 2187 1503 2209 non
1516 2201 1526 2215 ,
1551 2188 1590 2210 an
1608 2188 1734 2220 aequum
1756 2181 1881 2215 bonum

1005 2216 1082 2249 ess'et
1099 2241 1108 2256 ,
1139 2226 1213 2248 eum
1244 2226 1283 2248 ex
1308 2217 1456 2258 stipulatu
1482 2220 1556 2251 dare
1580 2219 1688 2252 facere
1705 2244 1715 2260 ‚
1743 2223 1880 2255 demon-

1006 2259 1101 2290 strato
1117 2259 1231 2290 actoris
1248 2258 1325 2291 dolo
1342 2259 1447 2301 malo)
1469 2259 1533 2293 fine
1551 2262 1611 2294 ulla
1626 2262 1783 2304 religione
1798 2273 1879 2297 con—

1005 2299 1222 2332 demnabatur.
1786 2307 1792 2308 ⁷

1045 2342 1150 2381 Atque
1176 2341 1239 2372 hoc
1256 2341 1306 2381 jus
1333 2350 1427 2382 erat3
1457 2342 1478 2374 si
1501 2353 1590 2384 reus,
1622 2354 1657 2377 re
1680 2346 1802 2388 integra
1818 2370 1828 2385 ,
1857 2356 1878 2379 a

1003 2382 1187 2423 stipulatore
1210 2386 1447 2416 conveniretur.
1495 2385 1604 2427 Quid,
1627 2386 1647 2418 si
1672 2397 1722 2419 res
1741 2388 1878 2421 desiiss'ec

1004 2424 1066 2456 esse
1081 2424 1226 2465 integra?
1250 2424 1334 2466 finge
1349 2449 1358 2464 ,
1389 2434 1458 2458 eam
1483 2433 1550 2458 non
1576 2428 1755 2468 promissam
1773 2430 1875 2463 modo

1004 2466 1083 2503 esse,
1110 2465 1162 2498 sed
1183 2467 1327 2498 traditam
1345 2476 1487 2508 quoque.
1519 2477 1586 2499 erat
1613 2469 1701 2501 laesus
1727 2471 1780 2511 qui
1806 2481 1879 2505 rem

1003 2507 1198 2539 tradiderat:
1228 2506 1280 2538 sed
1307 2508 1375 2548 quis
1402 2517 1470 2540 erat
1492 2512 1679 2547 exceptioni
1701 2512 1792 2545 locus
1808 2522 1877 2545 non

1003 2556 1119 2590 agente
1134 2548 1317 2588 stipulatore
1333 2549 1350 2580 ἱ)
1382 2549 1478 2590 igitur
1501 2550 1553 2582 hic
1569 2551 1772 2586 succurrebat
1795 2554 1876 2586 Prae-

1004 2599 1055 2621 tor
1075 2589 1147 2621 laeso
1165 2589 1290 2621 afflone
1312 2591 1353 2622 de
1373 2591 1450 2623 dolo
1468 2592 1570 2624 malo:
1595 2603 1688 2634 quam
1714 2594 1753 2627 C.
1775 2595 1877 2636 Aqui-

1004 2632 1062 2663 lius
1081 2633 1127 2670 ei,
1153 2630 1173 2662 si
1191 2632 1250 2662 alia
1267 2631 1351 2662 actio
1374 2640 1437 2664 non
1460 2632 1554 2673 esset,
1578 2635 1608 2666 id
1632 2635 1678 2667 est
1692 2659 1702 2675 ,
1733 2637 1796 2677 (ut
1815 2637 1872 2670 Ul-

1004 2674 1114 2714 pianus
1132 2673 1385 2714 interpretatur)
1415 2673 1435 2706 fi
1461 2684 1510 2706 res
1537 2676 1565 2707 ei
1590 2677 1628 2708 ad
1653 2687 1749 2718 quem
1773 2679 1874 2719 perti-

1004 2723 1078 2753 net,
1101 2714 1163 2745 alio
1190 2714 1290 2745 modo
1317 2714 1398 2746 salva
1415 2715 1477 2747 effe
1493 2725 1557 2748 non
1575 2717 1698 2758 posset,
1721 2720 1805 2752 intra
1820 2731 1874 2753 an-

1003 2765 1078 2787 num
1096 2756 1205 2786 utilem
1217 2778 1225 2791 ,
1249 2755 1364 2796 (quem
1389 2756 1469 2797 Imp.
1486 2757 1714 2792 Constantinus
1730 2762 1761 2793 in
1777 2763 1796 2793 i.
1812 2762 1871 2793 ult.

1005 2798 1037 2828 C.
1049 2800 1081 2828 cle
1090 2797 1148 2827 dolo
1163 2797 1234 2828 malo
1251 2799 1412 2836 convertit
1428 2800 1459 2830 in
1476 2799 1640 2833 biennium
1658 2803 1870 2843 continuum)

1004 2838 1093 2869 causa
1118 2838 1248 2878 cognita
1272 2838 1414 2879 promisit
1442 2841 1509 2873 l..1.
1532 2842 1560 2884 §.
1582 2852 1608 2875 1.
1633 2846 1756 2885 cumseq
1778 2845 1872 2874 .irem

1003 2880 1019 2910 l.
1039 2890 1066 2919 7.
1091 2878 1132 2910 D.
1156 2883 1188 2910 cte
1204 2879 1263 2911 dolo
1275 2882 1364 2927 orriolo.
1397 2881 1447 2914 Ad
1463 2884 1569 2923 quid?-
1591 2892 1625 2916 ut
1646 2886 1734 2926 quod
1751 2853 1873 2916 {zetum

1002 2921 1078 2952 eilet
1094 2921 1189 2959 dolo,
1212 2920 1329 2960 Judrcis
1349 2922 1481 2955 arbitrio
1497 2925 1733 2957 restitueretur:
1756 2934 1793 2956 ac
1812 2924 1871 2957 nifi

1001 2961 1092 2993 ficret
1108 2961 1283 3002 restitutio,
1300 2963 1484 3005 sequeretur
1499 2967 1746 3004 condemnatio,
1771 2975 1878 3005 quan--

1003 3005 1024 3034 ti
1042 3013 1077 3050 ta
1095 3011 1143 3048 res
1160 3004 1197 3036 ab
1214 3004 1321 3036 actore
1335 3007 1536 3047 jurejurando
1561 3008 1591 3039 in
1612 3008 1698 3038 litem
1717 3006 1870 3039 aestimata

1002 3044 1078 3076 estet
1094 3046 1113 3076 l.
1134 3051 1178 3080 18.
1205 3046 1246 3077 D.
1267 3048 1325 3078 eod.
1342 3049 1389 3079 tir.
1433 3047 1506 3080 Nec
1527 3056 1630 3079 tamen
1657 3048 1722 3079 hoc
1745 3048 1873 3089 semper

1000 3086 1147 3117 observat
1165 3087 1295 3119 l’raetor.
1318 3091 1394 3128 quid
1412 3090 1495 3121 enirn
1514 3112 1523 3127 ,
1552 3089 1575 3120 sr
1598 3088 1797 3122 manifestum
1821 3099 1870 3122 es«

1001 3127 1063 3165 set,
1086 3138 1150 3159 rem
1170 3138 1233 3160 non
1252 3129 1338 3169 posse
1356 3130 1494 3162 restitui:
1520 3130 1569 3160 vel
1595 3131 1667 3168 quia
1693 3132 1807 3171 periit,
1829 3140 1867 3165 ut

999 3168 1020 3200 fi
1039 3169 1144 3201 servus
1163 3170 1332 3202 defunctus
1349 3172 1401 3203 fit:
1426 3173 1475 3201 vel
1496 3171 1582 3210 quod
1606 3172 1641 3202 lis
1666 3180 1813 3213 ternpore
1830 3174 1870 3206 fit·

999 3210 1157 3250 extinsta‚
1183 3213 1233 3242 vel
1255 3212 1276 3243 sr
1304 3212 1408 3244 servus
1430 3212 1610 3244 libertatem
1626 3214 1869 3247 manumiffione

997 3261 1049 3285 aut
1065 3251 1425 3324 sententiaIacceperit‘?
1448 3262 1512 3287 non
1532 3254 1593 3295 iarn
1617 3254 1723 3294 potest
1749 3266 1798 3328 res
1823 3265 1871 3287 re-

1264 3303 1283 3332 p
1305 3303 1323 3325 τ’.
1760 3299 1768 3328 i
1788 3297 1862 3328 ituit
