2036 3495
151 111 220 154 382

155 196 231 234 mit,
258 189 509 236 Usufruc'tuarias
532 188 566 219 de
591 186 701 218 utendo
720 184 881 225 usufruau
890 184 1036 224 satisdare

158 240 255 275 debet,
272 242 305 276 se
318 234 437 274 perinde
453 235 595 270 usurum,
616 238 649 260 ac
656 224 688 265 fi
701 227 757 268 ipse
772 226 987 267 paterfamilias
1004 235 1036 256 u·

160 286 278 311 teretur.
302 283 397 314 atque
421 273 453 303 id
470 271 532 303 effe
550 269 675 301 usurum
690 271 728 300 ad
742 270 875 306 modum,
898 268 982 299 idem
1002 276 1035 297 0-

159 315 407 351 stenditvPauius
424 313 472 344 lib.
490 323 519 353 3.
538 311 668 343 semem.
688 312 734 341 tit.
749 314 779 341 6.
796 309 824 351 §.
844 319 902 350 27,
928 309 1034 340 verbis

155 357 369 399 sequentibus.
416 352 586 394 Usufrubtu
611 353 703 394 legato
729 352 769 383 de
796 353 896 383 modo
923 350 1034 381 utendi

158 401 253 433 cautio
271 409 289 430 a
303 396 477 437 fruftuario
494 395 566 434 solet
589 395 733 435 interponi
741 404 751 425 .·
775 392 811 427 ὅ)
837 394 898 424 ideo
914 393 1035 433 perinde

158 442 252 473 omnia
269 441 297 476 se
319 441 459 476 usurum,
480 447 515 469 ac
531 435 561 475 fi
575 437 699 478 optimus
711 435 926 475 paterfamilias
944 441 1036 464 utere-

159 490 230 521 tur,
247 479 462 522 fidejufforibus
479 479 580 511 oblatis
596 487 698 509 cavere
714 479 838 518 cogitur.
874 475 969 507 Unde
985 485 1038 516 up-

157 531 268 566 paret‚
293 532 351 553 riori
373 529 426 562 per
449 523 563 553 modum
586 521 633 551 uti
653 527 824 559 utrumque
841 517 1037 558 significare:

158 566 190 596 id
208 564 273 603 est,
297 573 363 595 non
381 564 425 594 uti
442 564 480 594 ad
498 564 629 594 modum
647 569 744 600 quem
761 559 989 600 paterfamilias
1006 559 1037 590 in

157 606 387 639 constituendo
406 604 566 636 usufruttu
577 601 751 634 fructuario
762 601 865 641 palam
879 599 1038 640 praescrip-

157 649 213 681 1it:
238 649 268 679 δι’
286 657 351 679 non
370 647 414 678 uti
432 647 471 678 ad
491 646 622 678 modum
639 645 678 675 ad
695 652 792 684 quem
808 641 1037 682 paterfamilias

157 690 269 722 habuit
288 698 354 721 rem
372 686 605 725 fruetuariam,
618 695 690 717 cum
713 683 941 716 usumfruftum
962 692 1037 714 con-

158 732 277 770 stituit;
293 731 348 762 etii
364 729 539 761 fructuario
556 736 624 759 tum
642 727 772 758 modum
790 735 854 757 non
875 724 1035 765 praescrip-

157 773 194 805 sit
209 774 321 814 palam.
355 771 408 802 Sic
420 771 544 809 Paulus.
569 770 665 801 etiam
682 767 839 809 Ulpianus
855 767 874 798 l.
886 777 915 803 9-
933 767 962 808 ᾗ.
980 768 1035 799 ult.

156 815 201 846 D.
220 816 253 846 cle
268 812 435 854 usufrutizt.
468 813 512 844 ait
529 820 636 850 certe,
655 809 973 847 Trebatiuinstriliere‚
982 807 1034 847 sii-

157 867 227 888 vam
243 858 370 887 caeduam
387 854 423 889 δέ’
441 854 654 886 arundinetum
666 851 742 893 poffe
759 849 967 891 sruffirarz'um
984 861 1035 880 cre·

157 900 240 936 dere,
256 896 337 934 ficut
348 895 562 937 paterfamilias
585 895 724 932 cadebat,
749 893 786 927 ὅ)
804 893 947 930 vendere,
972 892 1036 922 licet

152 939 371 981 paterfamilias
394 948 453 969 nori,
471 937 583 977 solebat
606 937 748 973 vendere,
766 935 821 975 secl
839 934 895 974 ipse
912 935 968 964 uti.
1000 943 1037 964 ac

157 991 218 1022 pro
236 981 361 1012 ratione
377 981 486 1018 addit,
503 978 554 1010 Aa
570 980 685 1010 modum
700 977 776 1017 eizjm
793 976 977 1016 referendum
995 985 1033 1006 es-

151 1023 199 1062 se,
213 1032 271 1054 non
287 1024 325 1053 aci
341 1022 513 1064 qualitatem
529 1020 639 1052 utendi.
669 1017 826 1058 Ulpianus
845 1017 907 1056 ait,
924 1018 962 1048 acl
979 1026 1036 1048 mo-

156 1066 244 1103 dum,
266 1074 329 1105 pro
347 1064 386 1095 ad
403 1062 580 1095 institutum
604 1059 856 1102 patrisfamilias:
882 1067 960 1096 nec,
985 1068 1039 1098 pu-

156 1113 191 1137 to
204 1130 214 1146 ,
238 1106 370 1138 dubium
391 1105 564 1146 relinquit,
589 1103 610 1135 fi
627 1102 814 1134 fructuarius
834 1101 915 1132 male
934 1107 1040 1132 utatur

154 1157 189 1179 re
212 1147 400 1186 fructuaria,
423 1145 512 1178 forte
536 1144 726 1176 exscindens
749 1143 898 1181 arbores,
922 1150 976 1173 aut
994 1140 1037 1174 sil-

156 1198 230 1222 vam
255 1199 320 1221 non
344 1189 506 1220 caeduam:
530 1187 607 1227 quin
633 1195 670 1217 ea
695 1194 763 1217 non
783 1185 822 1216 ad
840 1183 973 1216 modum
992 1184 1038 1214 uti

157 1232 306 1263 videatur
322 1232 350 1262 d.
369 1232 387 1263 l.
407 1240 427 1267 9
454 1229 483 1271 §.
497 1228 553 1269 firi.
579 1227 731 1259 Similiter
748 1226 828 1258 dicit
844 1225 998 1266 Ulpianus
1016 1225 1036 1256 l.

159 1282 208 1313 15.
235 1273 264 1314 §.
285 1281 311 1303 1.
330 1271 373 1303 D.
395 1273 455 1302 eod.
475 1272 523 1303 tit.
554 1269 576 1301 s1
600 1269 760 1301 librarium
783 1277 834 1298 rus
860 1268 987 1304 mittat,
1008 1267 1038 1297 &

158 1315 287 1355 qualum
305 1323 341 1345 ac
360 1315 481 1345 calcem
498 1319 629 1353 portare
646 1317 762 1351 cogat,
778 1308 965 1340 histrionem
976 1308 1038 1339 bal-

157 1363 327 1387 neatorem
351 1354 468 1392 faciat,
493 1362 546 1385 aut
571 1353 611 1385 de
635 1351 825 1393 symphonia
847 1348 1039 1388 atriensem,

159 1406 213 1429 aut
228 1398 269 1430 de
285 1397 426 1438 palaestra
442 1394 654 1427 stercorandis
669 1393 790 1424 latrinis
807 1399 992 1432 praeponat:
1009 1400 1039 1421 a-

157 1440 226 1471 buti
247 1440 453 1480 proprietate.
485 1437 551 1468 hoc
577 1434 644 1473 est,
667 1442 703 1465 ut
719 1436 835 1465 eodem
855 1431 925 1464 infit
940 1433 1038 1471 loco,

157 1481 392 1521 nonsecunclum
406 1479 595 1510 conditionem
611 1477 672 1507 uti.-
687 1476 719 1506 id
738 1474 802 1510 est,
817 1484 882 1506 non
898 1474 938 1506 ad
955 1473 1038 1505 insti-

158 1531 260 1553 tutum
273 1544 283 1559 ‚
307 1520 358 1552 seu
377 1520 519 1552 modum.
554 1518 644 1549 idem
660 1524 751 1556 putat
767 1515 944 1556 Ulpianus,
968 1517 997 1546 d.
1017 1515 1037 1546 l.

158 1573 204 1604 15.
223 1562 253 1604 ὃ.
271 1572 299 1603 3.
325 1560 389 1592 ess'e
409 1560 603 1602 generaliter
621 1558 813 1597 dicendum,
837 1559 868 1589 in
886 1556 1036 1589 omnibus

154 1605 248 1637 rebus
274 1603 448 1635 mobilibus
471 1611 548 1642 quas
573 1600 625 1631 sua
649 1599 778 1631 feritate
797 1623 807 1638 ‚
841 1599 893 1630 vel
917 1597 1036 1629 saevitia

153 1648 358 1685 corrumpat,
377 1653 443 1676 non
461 1653 535 1675 eum
552 1643 667 1674 modum
684 1649 806 1673 tenere.
839 1639 946 1683 Quid,
960 1639 980 1671 fi
996 1650 1035 1670 ae-

154 1688 241 1719 dium
260 1686 423 1718 usufructu
440 1687 568 1727 legato,
584 1692 649 1716 non
667 1690 781 1714 caveat
799 1683 907 1715 damni
923 1680 1035 1713 infecti

151 1729 361 1768 fructuarius3
385 1728 415 1759 ὃ(
439 1728 514 1759 ideo
538 1727 569 1758 in
596 1724 820 1766 poffeffionem
846 1724 993 1756 mittatur
1010 1723 1036 1754 is

153 1771 203 1802 cui
221 1771 403 1802 cavendum
420 1776 488 1801 erat
506 1768 611 1800 damni
629 1766 767 1799 infefti?
791 1765 887 1806 quid,
902 1764 923 1797 fi
939 1774 1036 1796 noxa-

151 1813 171 1844 li
185 1813 308 1853 judicio
326 1820 436 1853 agatur
453 1812 494 1842 de
513 1809 625 1848 servo3
643 1809 671 1840 ἃ
690 1806 825 1849 praesens
842 1806 1034 1839 fruetuarius

151 1855 234 1887 nolit
262 1853 483 1886 defensionem
510 1850 692 1892 suscipere?
716 1848 758 1880 Et
783 1849 836 1880 hic
861 1849 1035 1880 dicendum

154 1895 218 1937 est,
242 1905 308 1928 non
326 1896 370 1928 uti
387 1895 427 1926 ad
443 1892 575 1926 modum
592 1890 838 1932 patrisfamilias.
883 1890 971 1932 Quid
990 1899 1036 1920 er-

150 1948 193 1979 go
220 1937 291 1970 est?
315 1937 453 1979 placuit,
477 1933 705 1970 frut‘tuarium,
730 1932 784 1963 ubi
809 1942 843 1964 re
864 1930 1035 1963 fructuaria

152 1989 219 2011 non
242 1989 300 2021 per
324 1979 456 2011 modum
483 1978 600 2015 utitur,
624 1974 714 2016 posse
730 1984 746 2005 a
764 1974 899 2006 domino
923 1972 1033 2013 prohi-

151 2021 220 2052 beri
238 2021 281 2052 uti
298 2020 361 2052 frui
379 2020 399 2052 l.
418 2031 448 2057 9.
466 2019 494 2060 ὃ.
515 2018 569 2049 ult.
588 2016 624 2052 ὅ)
642 2018 661 2048 l.
682 2026 731 2048 22.
749 2015 793 2046 D.
822 2016 856 2046 de
872 2016 975 2046 damno
991 2016 1034 2045 iri-

145 2062 243 2103 fefto:
266 2063 344 2094 licet
361 2063 510 2093 dominus
526 2059 667 2100 alioquin
687 2067 752 2089 non
770 2056 863 2097 poffit
878 2056 1035 2096 impedire

152 2107 197 2136 ita
213 2112 375 2144 utentem,
394 2113 435 2135 ne
451 2101 645 2135 deteriorem
665 2099 731 2140 ejus
749 2098 971 2130 conditionem
990 2096 1035 2127 fa-

151 2146 216 2177 ciat
232 2145 249 2176 l.
266 2155 311 2186 15.
327 2146 357 2187 §.
374 2149 402 2178 6.
420 2144 462 2176 D.
481 2145 515 2175 ale
529 2141 698 2182 usufruttu.
723 2140 786 2172 Sed
802 2139 868 2171 hoc
883 2149 948 2180 non
965 2147 1034 2179 per-

154 2188 236 2219 tinet
260 2197 320 2218 eo:
345 2195 379 2218 ut
405 2195 574 2226 putemus,
598 2182 827 2215 usumfructum
848 2182 902 2213 tali
922 2180 1034 2221 perimi

150 2228 385 2267 prohibitione.
418 2228 560 2258 minime.
595 2235 661 2257 non
688 2224 812 2255 tollitur
831 2222 932 2254 statim
952 2222 1034 2253 usus-

150 2270 273 2302 fructus
291 2279 354 2302 non
375 2269 497 2300 utendo
514 2278 571 2309 per
591 2268 746 2298 modum:
770 2265 826 2296 etii
845 2264 1034 2297 fructuarius

153 2320 328 2354 propterea
352 2311 561 2352 prohibeatur
589 2309 633 2339 uti
659 2307 731 2338 frui.
762 2316 823 2338 nec
849 2307 913 2337 hoc
939 2305 1033 2337 tradi-

154 2361 242 2392 tum,
266 2363 331 2384 non
353 2352 457 2384 dicam
483 2352 523 2383 ab
539 2349 681 2389 Ulpiano
699 2350 727 2380 d.
747 2349 798 2380 loc.
823 2357 883 2379 nec
900 2357 917 2378 a
934 2347 1034 2378 Paulo

154 2395 203 2426 lib.
221 2406 250 2435 3.
272 2395 405 2426 Senteut.
422 2395 468 2425 tit.
486 2398 517 2425 6.
536 2393 563 2434 §.
583 2396 632 2426 28.
653 2391 690 2425 &⁹
705 2400 744 2431 133
762 2413 771 2428 ,
798 2390 849 2421 ubi
867 2395 1036 2421 enumerat

152 2437 270 2468 modos
284 2436 417 2468 tollendi
438 2434 649 2467 ususfructus:
669 2432 719 2463 sed
732 2442 748 2463 a
766 2433 853 2463 nullo
866 2430 1034 2463 Veterum.

120 2499 125 2502 -
152 2477 213 2510 His
232 2477 328 2515 sedit,
343 2477 551 2509 fructuarium
566 2476 689 2507 idcirco
706 2473 903 2514 prohibitum
921 2481 954 2504 re
970 2472 1034 2504 fru-

153 2520 270 2551 &uaria
287 2521 329 2550 uri
349 2519 431 2556 frui,
449 2519 535 2559 quod
552 2527 588 2549 ea
607 2517 707 2548 utitur
723 2525 788 2547 non
806 2525 863 2555 pei·
879 2515 1011 2546 modum
1023 2536 1033 2552 ‚

154 2560 381 2592 usumfruCtum
399 2559 467 2601 ipso
481 2560 549 2599 jure
569 2559 725 2590 retinere:
742 2565 801 2588 nec
817 2557 966 2588 amittere
982 2565 1034 2588 an·

155 2610 206 2641 te,
229 2611 323 2642 quam
348 2603 367 2633 ii
392 2612 428 2632 ea
456 2600 635 2642 prohibitio
661 2601 753 2631 duret
777 2608 834 2639 per
852 2599 883 2629 id
900 2606 1028 2638 tempus

153 2653 220 2677 Quo
245 2653 308 2674 nou
331 2645 451 2674 utendo
470 2643 572 2673 amitti
591 2641 670 2672 solet
690 2640 890 2672 uiusfruttus.
935 2639 1029 2671 Clare

153 2685 271 2725 Gajus,
297 2692 392 2722 atque
405 2684 538 2715 audacia
556 2683 665 2724 insigni
682 2681 863 2714 differentia
880 2690 951 2721 quae
969 2682 1029 2712 hac

152 2728 184 2759 in
203 2734 293 2766 parte
317 2725 354 2757 fit
373 2727 455 2756 inter
480 2724 708 2756 usumfruetum
727 2725 757 2754 dt
775 2725 901 2764 pignus.
934 2723 1031 2754 verba

154 2767 225 2809 Gaji
243 2768 263 2798 l.
283 2777 331 2807 27.
354 2765 394 2797 D.
414 2767 446 2796 cie
461 2767 615 2797 rzoxalilius
632 2765 792 2798 actionibus
807 2766 875 2796 liaec
893 2763 972 2795 furit.
998 2765 1031 2796 Si

155 2809 256 2841 noxali
271 2808 383 2851 judicio
400 2808 502 2848 agitur
518 2809 550 2837 cle
565 2813 669 2847 servo,
694 2809 744 2848 qui
758 2807 893 2848 pignoris
904 2807 974 2848 jure
991 2813 1029 2837 te-

154 2859 260 2890 rretur,
277 2857 330 2882 aut
347 2850 379 2880 ale
395 2858 424 2879 eo
435 2872 443 2886 ‚
460 2849 545 2890 cujus
563 2849 748 2888 ususfruttus
765 2849 888 2879 alterius
904 2847 957 2889 est,
978 2849 1029 2879 acl-

154 2894 287 2926 riionemii
305 2892 423 2931 sumus,
439 2888 469 2927 fi
493 2891 611 2920 creditor
636 2892 683 2921 vel
704 2889 945 2929 ul'ztfruttziarius
957 2897 1030 2930 prce-

146 2939 216 2976 ]eris
234 2931 422 2974 deferifioiiem
435 2931 575 2970 lu'cz'pere
599 2932 742 2970 noluerit,
768 2932 970 2968 Proconsulerrz
985 2934 1029 2963 in·

153 2983 357 3008 zervemuruiiz
381 2973 417 3008 δέ’
442 2972 571 3012 pignoris
594 2975 814 3011 persecutionem
831 2973 879 3004 vel
896 2975 1031 3013 ususfru—

153 3018 215 3050 &i‘us
232 3017 372 3048 aaronem
390 3020 576 3055 negaturum.
603 3012 669 3055 Quo
687 3021 753 3050 casu
771 3017 826 3045 dici
838 3013 948 3055 potest,
975 3016 1031 3055 iplb

147 3061 214 3101 jure
229 3061 336 3098 pignus
361 3057 496 3087 liberari:
518 3054 633 3085 nullum
650 3056 726 3084 enim
741 3057 850 3096 pignus
866 3055 904 3097 est
915 3082 923 3093 ‚
948 3057 1033 3098 cujus

147 3101 304 3142 persecutio
322 3107 457 3140 uagatur.
482 3094 666 3136 ususfrutius
684 3101 800 3132 autem,
817 3098 930 3136 etiamsi
942 3100 1031 3139 perse·

153 3143 229 3173 cutio
246 3141 338 3182 [ejus]
355 3143 529 3179 denegetur,
546 3138 603 3178 ipso
615 3137 684 3178 jure
703 3138 812 3175 durat,
831 3147 859 3166 eo
880 3149 970 3179 usque
986 3141 1031 3170 do-

153 3193 204 3215 rzec
216 3184 275 3213 'uon
292 3184 393 3213 utendo
408 3179 560 3221 constituto
577 3185 695 3219 tempore
706 3184 815 3219 pereat.
841 3178 924 3209 Dedi
937 3190 1040 3212 unum-

152 3232 392 3267 argumentum,
416 3231 513 3265 atque
529 3221 694 3255 idoneum.
728 3220 880 3262 Sequitur
898 3221 1033 3255 alterum

751 96 1066 132 Gnnsnnt
1118 91 1356 128 NoonT

1077 192 1144 215 non
1163 182 1267 214 minus
1281 181 1428 222 firmum,
1448 191 1489 214 ex
1507 180 1647 223 Ulpiano
1661 183 1683 215 l.
1705 193 1732 216 1.
1748 184 1779 225 §.
1793 196 1822 226 5.
1842 186 1884 219 D.
1912 187 1956 220 U·

1069 224 1298 265 sufruftuarius
1311 226 1547 266 quemadmodum
1560 231 1673 256 caveat.
1699 228 1797 258 verba
1812 226 1951 268 Ulpiani.

1083 265 1197 296 Utilius
1213 272 1309 298 autem
1325 266 1421 303 visum
1443 263 1497 307 est,
1517 264 1710 307 stipulatione
1724 268 1757 298 de
1773 268 1824 299 hoc
1840 273 1955 310 caveri,

1078 314 1113 338 ut
1122 306 1152 345 fi
1167 309 1231 348 quis
1247 317 1307 339 non
1323 309 1384 339 viri
1398 310 1464 339 boni
1483 310 1631 339 arbitratu
1648 315 1773 348 utatur,
1802 313 1958 343 committa-

1078 346 1288 389 turfiipulatio
1298 346 1422 389 statim.-
1444 359 1495 381 nec
1507 349 1737 390 expetiturum,
1753 358 1787 382 ut
1803 353 1958 386 amittatur

1079 389 1273 429 ususfructus.
1302 390 1457 430 Ulpianus
1474 391 1572 430 dicit,
1590 393 1765 424 convenire
1783 395 1959 434 providen-

1081 433 1134 462 tiae
1158 433 1357 478 proprietarii
1385 434 1539 465 tradentis
1555 433 1805 471 munifi-ustum,
1829 444 1957 470 curare:

1081 480 1116 503 ut
1133 472 1186 504 fibi
1204 482 1358 515 ‘caveatur
1378 485 1394 515 a
1413 474 1605 513 fructuarim
1629 474 1768 508 Usurum
1785 476 1960 513 fruiturum

1081 513 1112 560 se
1133 514 1286 546 arbitratu
1300 515 1378 548 boni
1397 517 1474 548 viri:
1489 516 1531 549 fic
1550 518 1635 550 enirn
1652 517 1756 557 effici3
1772 525 1806 549 ut
1821 517 1960 551 fructua-

1082 565 1130 586 rio
1143 565 1211 601 non
1227 565 1339 588 utente
1354 558 1393 589 ad
1409 559 1542 590 modum
1558 559 1637 590 boni
1653 560 1731 598 viri,
1744 561 1960 601 proprietario

1081 596 1183 644 statim
1202 600 1424 631 committatur
1442 610 1482 631 ex
1501 600 1649 641 stipulatu
1666 601 1749 633 aetio
1765 604 1805 634 ad
1823 602 1854 633 id
1871 604 1960 642 quod

1081 648 1147 678 ejus
1163 639 1311 684 interest3
1329 649 1389 671 nec
1404 641 1528 673 necesse
1543 644 1573 674 ei
1586 642 1639 681 iit,
1652 652 1800 683 repetere
1816 653 1883 676 rem
1899 644 1963 676 fru-

1082 680 1230 725 &uariam
1239 704 1248 718 ‚
1260 690 1399 727 eumque
1409 682 1439 714 in
1452 682 1549 715 finem
1559 684 1744 725 exspectare
1755 693 1882 727 tempus
1894 696 1960 727 quo

1081 721 1276 753 ulusfruttus
1286 731 1458 755 amittatur.
1476 734 1665 765 quamquam
1680 727 1708 758 ὃς
1719 728 1823 767 potest
1833 737 1906 759 eum
1917 728 1973 759 in-¹

1082 764 1174 794 terim
1191 763 1365 803 prohibere
1376 788 1385 803 ‚
1402 775 1443 797 ne
1458 774 1562 798 utatur
1577 767 1719 806 fruatur3
1735 777 1769 799 ut
1785 769 1962 809 supradixi.
1982 774 2013 808 J,
2032 775 2034 778 '

1080 803 1182 848 Quod
1199 804 1220 836 fi
1235 804 1297 837 est:
1313 806 1563 839 demonstratum
1578 808 1639 848 est,
1650 808 1878 842 usumfruttum
1895 819 1961 843 non

1080 846 1203 877 utendo
1223 847 1265 892 ad
1286 849 1420 895 modum
1438 858 1502 880 non
1520 848 1603 881 finiri
1619 850 1740 882 statim:
1764 853 1837 891 quia
1854 851 1961 892 potest
2002 854 2004 866 '

1080 886 1269 934 fruCtuarius
1283 888 1388 922 statim
1398 914 1408 929 ,
1421 899 1457 921 ac
1473 900 1539 922 non
1552 892 1650 923 utitur
1665 892 1742 923 boni
1759 893 1816 924 viri
1833 892 1961 924 arbitra-

1082 936 1135 968 tu,
1152 932 1183 960 id
1200 928 1347 977 OstfflOss
1363 932 1402 977 ad
1419 933 1572 972 modum,
1596 943 1637 965 ex
1654 933 1824 966 fructuaria
1841 934 1963 966 cautio-

1080 980 1121 1002 ne
1138 973 1456 1011 convemri,etiamii
1473 976 1616 1007 nondum
1633 974 1757 1007 amilius
1773 976 1809 1007 lit
1825 975 1962 1008 ususfru-

1082 1012 1161 1058 etus..
1199 1011 1277 1044 Hoc
1294 1013 1466 1047 secundum
1481 1024 1714 1057 argumentum.
1745 1018 1912 1050 Addamne
1930 1018 1961 1050 &

1082 1054 1242 1086 tertium?
1266 1055 1379 1101 addam
1406 1064 1504 1097 atque
1528 1066 1569 1089 ex
1592 1059 1704 1090 eadem
1721 1058 1741 1089 l.
1763 1068 1786 1090 1.
1804 1059 1833 1100 ᾗ.
1849 1064 1879 1091 6.
1905 1059 1960 1091 ubi

1081 1104 1180 1135 porro
1198 1094 1373 1136 Ulpianus,
1391 1097 1509 1137 Habet,
1525 1099 1650 1139 inquit,
1667 1098 1820 1141 stipulatio
1835 1098 1890 1142 ista
1907 1103 1960 1133 du-

1081 1147 1113 1168 as
1130 1137 1249 1184 causas:
1265 1149 1373 1178 unam,
1382 1138 1412 1178 fi
1427 1141 1511 1172 aliter
1526 1144 1591 1182 quis
1605 1148 1709 1173 utatur
1720 1166 1729 1179 ,
1747 1153 1834 1184 quam
1848 1144 1898 1174 vir
1914 1144 1960 1174 bo-

1081 1188 1137 1209 rius
1162 1179 1382 1227 arbitrabitur3
1413 1182 1503 1213 aliam
1527 1184 1560 1213 tle
1583 1183 1743 1224 usufruciu
1767 1182 1960 1224 restituendo5

1082 1229 1208 1260 quarum
1223 1228 1306 1269 przor·
1312 1220 1418 1262 statim
1436 1225 1647 1264 committetur,
1667 1235 1756 1266 quam
1771 1228 1856 1257 aliter
1864 1226 1962 1265 fuerit

1081 1264 1170 1309 ulus,
1189 1261 1225 1296 &⁹
1234 1266 1342 1302 sceptus
1357 1266 1571 1302 committetur3
1579 1267 1705 1307 sequens
1720 1269 1910 1299 committetur
1921 1266 1962 1307 fi-

1082 1309 1142 1349 nito
1157 1304 1327 1352 usztfrutiu.
1364 1305 1519 1346 Ulpianus
1537 1316 1648 1348 putat;
1665 1309 1803 1348 priorem
1822 1308 1962 1341 fructua-

1082 1353 1135 1390 riae
1151 1353 1308 1390 cautionis
1323 1347 1490 1389 clausulam
1506 1357 1576 1389 quae
1592 1349 1656 1387 est,
1676 1348 1809 1382 Usurum
1826 1351 1903 1382 boni
1919 1351 1962 1382 vi-

1081 1394 1106 1417 ri
1123 1386 1293 1426 arbitratu,
1309 1390 1362 1426 (id
1375 1388 1441 1432 est,
1458 1399 1493 1421 ut
1510 1391 1594 1430 dixi,
1611 1391 1734 1422 usurum
1751 1393 1791 1423 ad
1807 1393 1961 1432 modum)

1082 1436 1147 1458 non
1166 1427 1266 1460 solum
1283 1430 1385 1464 statim
1411 1432 1591 1472 committi,
1615 1443 1652 1463 ac
1668 1433 1759 1464 aliter
1775 1433 1845 1464 usus
1862 1433 1963 1465 fuerit
1992 1423 2015 1466 2³

1081 1468 1271 1516 fructuarius
1287 1483 1295 1502 :
1319 1472 1370 1504 sed
1390 1473 1419 1504 ἀ
1435 1473 1556 1513 saepius.
1592 1483 1782 1514 argumento
1800 1482 1893 1506 certo
1912 1482 1960 1506 at·
2002 1481 2003 1487 ¹

1081 1519 1144 1551 que
1157 1511 1377 1556 indubitabili,
1390 1513 1620 1547 usumfructum
1638 1525 1701 1547 non
1719 1516 1821 1547 amitti
1838 1515 1962 1556 statim,

1081 1561 1119 1598 ac
1128 1552 1221 1600 aliter
1234 1563 1327 1594 quam
1338 1557 1377 1587 ad
1388 1557 1520 1599 modum
1537 1557 1605 1588 ulus
1617 1556 1662 1588 est
1671 1557 1875 1589 fructuarius:
1887 1567 1962 1590 cum

1079 1594 1223 1640 alioquin
1233 1605 1298 1641 non
1313 1597 1416 1637 posset
1427 1598 1537 1638 iaepius
1546 1600 1658 1630 eadem
1668 1599 1829 1631 committi
1839 1600 1961 1632 cautio.

1123 1634 1244 1682 Dices,
1265 1639 1426 1684 id'verum
1447 1639 1529 1678 effe3
1543 1649 1624 1671 -cum
1643 1640 1832 1672 fructuarius
1848 1650 1882 1672 re
1896 1640 1961 1673 fru-

1080 1677 1196 1708 &uaria
1221 1679 1387 1725 abutitur,
1412 1681 1463 1712 vel
1487 1682 1569 1713 male
1595 1682 1730 1713 aliterve
1755 1683 1868 1714 utitur:
1894 1692 1960 1715 non

1082 1728 1154 1764 cum
1175 1728 1213 1750 ea
1237 1728 1337 1752 utitur
1354 1731 1420 1754 non
1439 1732 1496 1763 per
1513 1723 1661 1755 modum:
1685 1732 1756 1756 nam
1772 1725 1812 1756 de
1830 1724 1893 1756 hoc
1911 1733 1959 1756 ca·
1994 1743 1997 1746 ·

1081 1762 1114 1806 lu
1141 1761 1219 1801 Imp.
1244 1760 1452 1810 Justinianum
1471 1763 1576 1796 testari
1592 1765 1623 1796 in
1643 1767 1671 1797 a.
1690 1765 1719 1807 §.
1736 1775 1765 1807 3.
1786 1763 1858 1807 last.
1877 1768 1910 1797 de
1924 1776 1959 1798 u-

1078 1802 1236 1850 susi-atta.-
1260 1805 1300 1835 de
1324 1805 1380 1837 1110
1403 1815 1509 1846 neque
1533 1806 1577 1838 ibi
1602 1806 1728 1845 testari,
1753 1816 1859 1848 neque
1874 1808 1959 1841 alibi.

1081 1853 1146 1876 non
1174 1853 1268 1886 igitur
1292 1847 1413 1892 debere
1436 1849 1571 1880 alterum
1592 1849 1693 1880 casum
1713 1848 1810 1880 facile
1826 1850 1865 1881 ad
1881 1849 1958 1881 alte-

1079 1895 1148 1932 rum
1167 1889 1310 1919 extendi.
1348 1889 1411 1921 Sed
1424 1890 1488 1929 jam
1504 1891 1534 1921 in
1552 1890 1745 1922 antecessum
1763 1890 1904 1930 ostendi,
1928 1900 1959 1922 a·

1078 1928 1155 1974 liter
1166 1929 1318 1974 aut-male
1334 1931 1398 1970 uti,
1415 1932 1492 1963 item
1508 1932 1614 1971 abuti,
1632 1932 1662 1964 ὅ(
1679 1942 1744 1964 non
1762 1932 1807 1963 uti
1826 1932 1958 1964 arbitrio

1077 1969 1155 2001 boni
1170 1979 1249 2016 yiri,
1269 1971 1298 2002 ἃ
1315 1973 1358 2017 uti
1376 1981 1440 2004 non
1458 1983 1514 2014 per
1530 1975 1681 2011 modum,
1699 1975 1729 2004 in
1747 1973 1879 2013 persona
1895 1973 1960 2005 fru-

1079 2011 1189 2049 &uarii
1208 2013 1301 2052 plane
1318 2014 1403 2045 idem
1421 2016 1538 2046 valere.
1572 2015 1729 2052 Proinde,
1748 2014 1768 2047 fi
1787 2024 1850 2046 non
1867 2022 1959 2046 uten-

1078 2054 1121 2084 do
1138 2062 1195 2093 per
1214 2054 1346 2086 modum
1366 2055 1469 2087 statim
1489 2056 1612 2088 tollitur
1627 2055 1818 2087 ususfructus
1830 2080 1839 2094 ,
1857 2056 1959 2097 sequi-

1079 2103 1146 2132 tur,
1172 2094 1201 2125 &
1222 2095 1303 2126 male
1324 2105 1378 2127 aut
1393 2097 1485 2128 aliter
1501 2099 1642 2135 utendo,
1667 2098 1696 2129 ἃ
1713 2097 1897 2136 abutendo,
1919 2107 1956 2128 u-
2001 2095 2003 2112 ²

1078 2135 1284 2168 sumfruttum
1303 2138 1385 2169 tolli.
1408 2146 1439 2169 at
1456 2139 1520 2170 hoc
1536 2138 1646 2170 falsum
1664 2138 1744 2177 effe,
1760 2148 1874 2170 omnes
1891 2148 1957 2170 uno

1078 2178 1216 2209 clamant
1233 2187 1301 2223 ore.
1333 2188 1373 2210 an
1391 2180 1486 2220 igitur
1501 2182 1684 2220 permittam
1701 2181 1799 2217 mihi;
1819 2190 1858 2212 ne
1877 2180 1957 2213 illud

1078 2228 1209 2260 quoque
1235 2219 1346 2251 sallum
1374 2221 1435 2253 effe
1457 2221 1661 2255 existimem?
1684 2231 1857 2261 numquam
1879 2221 1957 2253 faci-

1077 2270 1138 2292 am.
1167 2260 1216 2308 >At
1230 2260 1448 2303 supereminet
1464 2264 1634 2295 auctoritas
1651 2264 1814 2304 justiniani
1834 2265 1865 2294 in
1883 2265 1909 2294 d.
1925 2263 1955 2304 §.

1077 2313 1106 2343 3.
1129 2302 1196 2334 Nm
1215 2302 1259 2334 est
1274 2304 1367 2342 alius,
1391 2314 1485 2345 quam
1502 2315 1649 2345 putatur,
1674 2308 1738 2345 ejus
1756 2304 1869 2337 sensus.
1894 2305 1957 2345 ipia

1077 2344 1316 2376 confideremus
1336 2347 1442 2378 verba.
1468 2346 1588 2378 finitur
1605 2353 1698 2378 autem
1712 2370 1720 2384 ,
1738 2347 1861 2385 inquit,
1877 2347 1957 2387 usus-

1069 2386 1194 2428 frubius
1210 2387 1477 2425 inortefrattuarii
1493 2388 1529 2423 &²
1544 2390 1656 2419 duabus
1673 2389 1774 2429 capitis
1789 2389 1956 2420 aeiiziautio-

1077 2430 1163 2460 nibus
1174 2451 1183 2466 ‚
1199 2430 1328 2460 maxima
1346 2429 1383 2463 ὅ)
1399 2431 1510 2465 media,
1533 2430 1569 2464 ὅ)
1586 2440 1641 2461 7.·οη
1659 2431 1762 2461 utendo
1775 2437 1828 2470 per
1844 2431 1955 2461 modum

1077 2469 1115 2504 ἐξ
1129 2476 1237 2516 tempus
1249 2481 1259 2501 .-
1274 2479 1336 2510 quae
1351 2473 1445 2502 omnia
1459 2469 1673 2512 nostrastmuz't
1690 2469 1861 2512 constitutio.
1879 2470 1956 2503 Non

1077 2511 1263 2552 simpliciter
1278 2513 1320 2543 ait
1338 2512 1533 2553 Imperator,
1551 2512 1778 2545 usumfructum
1794 2512 1876 2544 finiri
1891 2521 1955 2544 non

1079 2553 1201 2585 utendo
1231 2563 1288 2594 per
1312 2556 1454 2586 modum.
1485 2556 1544 2592 ait,
1571 2564 1643 2586 eum
1669 2554 1750 2586 finiri
1773 2565 1828 2586 nori
1854 2554 1954 2586 utendo

1075 2604 1128 2637 per
1144 2597 1258 2626 modum
1276 2594 1312 2630 ὃ)
1332 2602 1451 2637 teinpus.
1483 2596 1547 2626 hoc
1571 2606 1649 2627 vero
1666 2598 1831 2637 indigitat,
1855 2595 1956 2627 usum-

1078 2637 1218 2668 fructum
1236 2646 1299 2668 non
1316 2638 1438 2668 utendo
1454 2638 1556 2669 amitti
1568 2650 1575 2670 :
1587 2648 1651 2669 non
1670 2638 1800 2679 quidem
1811 2647 1868 2679 per
1879 2646 1956 2668 tem-

1079 2689 1137 2718 pus
1156 2679 1227 2710 anni
1242 2686 1296 2709 aut
1313 2679 1452 2717 biennii,
1471 2678 1549 2710 ficut
1565 2680 1642 2711 olim
1659 2681 1708 2719 jus
1727 2688 1813 2712 erat:
1832 2679 1882 2710 fed
1900 2687 1954 2718 per

1075 2721 1209 2752 modum
1230 2723 1386 2761 temporis
1406 2730 1488 2752 nova
1506 2722 1577 2762 lege
1594 2731 1610 2752 a
1625 2721 1797 2761 justiniano
1815 2719 1952 2752 definiti:

1075 2762 1185 2794 usitata
1209 2762 1362 2802 loquendi
1392 2761 1491 2804 figura
1507 2761 1732 2795 Grammaticis
1746 2763 1768 2792 ’ὲν
1783 2761 1826 2792 Bi&
1844 2760 1886 2790 δύο
1901 2770 1953 2800 ap-

1076 2805 1207 2843 pellata:
1233 2813 1326 2844 quam
1353 2804 1501 2836 observat
1527 2805 1655 2837 Servius
1675 2805 1706 2836 in
1727 2805 1791 2835 hoc
1809 2802 1951 2844 Virgilii,

1074 2847 1120 2877 lili.
1138 2856 1167 2877 2.
1185 2845 1318 2887 Geor-gie.
1335 2847 1409 2883 vers}
1433 2855 1498 2883 192.

1133 2905 1186 2911 —
1208 2906 1260 2910 —
1282 2905 1335 2910 —-
1360 2888 1472 2919 Pater-is
1489 2889 1612 2920 libamus
1629 2887 1665 2923 ὅ)
1680 2898 1763 2919 auro.

1073 2928 1259 2970 significari,
1284 2930 1450 2970 inquiens,
1475 2938 1599 2970 pateras
1616 2938 1732 2960 aureas.
1778 2927 1895 2958 Eadem
1913 2923 1949 2955 fi-

1073 2981 1148 3012 gura
1175 2972 1273 3002 utitur
1297 2972 1334 3003 A.
1354 2970 1481 3003 Gellius
1498 2972 1546 3002 lib.
1565 2981 1615 3003 xr.
1634 2970 1722 3002 Noa.
1742 2969 1833 3001 Attic.
1851 2976 1874 2996 c·
1897 2968 1946 2998 18.

1076 3014 1110 3044 Si
1126 3014 1195 3054 qai,
1219 3014 1383 3052 inquiens,
1399 3014 1493 3052 super
1508 3010 1659 3054 manifesto
1674 3012 1753 3051 furto
1767 3010 1836 3049 jure
1853 3007 1880 3036 ἃ
1898 3015 1949 3036 or-

1077 3056 1151 3085 dine
1167 3056 1293 3094 experiri
1309 3055 1397 3093 velit,
1415 3054 1488 3086 attio
1505 3057 1537 3085 iu
1552 3053 1745 3096 quadruplum
1761 3052 1857 3080 dsstm’·
1882 3046 1906 3078 P
1911 3056 1947 3078 ΓΟ

1076 3097 1190 3128 ordine
1205 3097 1282 3137 juris
1303 3097 1352 3127 vel
1372 3096 1440 3136 jure
1464 3096 1637 3127 ordinario.
1679 3092 1792 3124 Cicero
1817 3098 1948 3135 quooue

1075 3139 1122 3169 lib.
1143 3147 1169 3169 1.
1190 3139 1239 3170 Aa
1260 3138 1418 3170 Lentulum
1435 3135 1552 3179 epzflq.
1573 3136 1669 3166 verba
1682 3133 1859 3163 CiCCTOWS·
1876 3129 1950 3161 ΗΜ

1072 3178 1200 3221 profesto
1227 3181 1329 3218 vides,
1353 3185 1462 3221 quanto
1485 3176 1673 3218 expreffiora,
1696 3179 1858 3214 quantoque
1881 3172 1949 3203 illu-

1068 3220 1302 3262 striora'futura
1309 3220 1371 3260 fiat
1382 3244 1399 3265 δ
1411 3230 1477 3253 cum
1492 3220 1674 3261 aliquantum
1687 3224 1723 3246 ex
1733 3215 1888 3255 provincia
1903 3218 1951 3282 az}
