2036 3495
213 115 233 152 3
241 109 285 152 3'8

916 215 1131 253 Carui-

808 98 1124 136 GzaARnt
1170 96 1404 137 Neon-r

1194 215 1292 254 VII.

217 325 281 361 Sub
296 320 458 370 usufructu
467 318 568 366 fundi
586 319 734 354 contineri
754 317 977 366 usumfructum
995 319 1192 368 instrumenti
1193 321 1302 368 fundi.
1344 332 1384 356 cm
1397 319 1573 366 fructuarii
1584 317 1664 366 sunt
1681 319 1875 362 venationes,
1901 331 1990 357 aucu-

255 373 311 418 pia
321 396 334 414 ‚
349 368 534 416 piscationes
546 368 564 402 Ρ
583 366 624 407 &³
641 369 713 415 quid
725 370 757 404 in
761 368 952 415 seminario,
958 368 1071 417 [αἰίἑῖο
1080 395 1090 413 ,
1108 371 1324 414 harundineto,
1335 369 1418 417 filva
1426 371 1551 417 palari,
1558 368 1642 416 stlva
1655 371 1774 413 medua,
1789 377 1842 404 aut
1853 368 1943 404 alia?
1967 410 1970 411 ⁷

216 481 340 556 Igitur
356 479 434 512 dato
450 478 540 511 fundi
561 477 740 517 usufructu,
756 477 846 511 datus
862 478 925 511 effe
941 478 1087 521 intelligi·

276 530 325 553 tur
341 519 534 554 ususfructus
551 520 694 552 omnium
712 520 848 560 partium
865 520 967 552 fundi.
996 521 1043 551 An
1057 521 1087 553 <Sc

215 563 413 596 instrumenti
429 561 546 594 fundi?
563 561 731 592 succurrit:
748 562 835 602 quod
845 561 1087 594 instrumentum

208 605 255 638 est
265 612 433 646 apparatus
449 611 553 635 rerum
567 603 683 634 diutius
698 601 908 635 mansurarum
919 626 928 642 ,
944 603 1008 635 fine
1019 604 1085 641 qui-

207 647 268 679 bus
286 645 430 678 exerceri
445 645 592 684 nequiret
609 642 755 684 poffeffio
773 644 793 675 l.
805 653 853 677 12.
876 644 913 675 D.
930 645 965 675 de
981 643 1086 683 instru-

207 688 252 720 cio
267 688 314 720 vel
330 685 519 727 instrumento
535 685 646 726 legato.-
664 693 696 716 at
710 684 800 717 fundi
816 695 885 726 pars
900 695 964 718 non
981 686 1024 718 cst
1035 696 1042 717 :
1053 685 1086 718 fi-

207 737 263 761 cut
283 728 359 761 nihil
378 727 468 758 fundi
487 726 551 765 est,
569 724 623 757 nisi
644 727 732 766 quod
751 734 834 758 terra
850 726 880 758 se
897 734 986 758 tenet
1004 728 1022 758 t.
1038 736 1083 767 17.

216 771 261 803 D.
278 772 311 802 de
326 768 486 801 ustionibus
500 768 585 808 empti
599 766 635 801 ὅ)
650 768 775 801 venditi.
797 769 892 810 igitur
907 777 967 800 nec
983 767 1086 800 fundo

209 812 319 854 legato
330 833 339 849 ,
354 811 443 841 aliter
460 810 564 849 legato
580 809 666 840 cedit
681 808 923 841 instrumentum
934 833 944 849 ‚
960 818 1053 850 quam
1064 809 1085 841 fi

208 854 276 884 hoc
294 851 470 893 specialiter
487 860 503 881 a
519 849 670 881 testatore
687 849 723 881 {it
741 850 919 892 expressum
935 852 955 883 l.
968 852 1021 882 ult.
1042 850 1083 882 D.

210 891 429 934 clesupelleciile
445 891 551 933 legata.
578 890 730 923 Obtinuit
745 900 871 931 tamen,
891 893 997 933 legato
1015 891 1083 923 fun·

205 936 237 967 di
255 933 436 971 usufructu,
462 933 558 964 etiam
582 931 781 965 instrumenti
801 933 1027 966 usumfructum
1045 934 1084 965 ad

203 976 411 1008 fructuarium
428 974 591 1015 pertinere
610 974 630 1006 l.
645 983 693 1014 15.
710 973 739 1016 §.
749 978 779 1006 6.
799 974 841 1006 D.
860 977 894 1006 de
909 974 1084 1015 usicsruftu:

205 1026 287 1059 puto
301 1042 311 1057 ,
338 1017 412 1057 quia
430 1015 625 1048 ususfructus
645 1014 737 1047 fundi
755 1016 785 1047 in
802 1017 923 1048 utendo
944 1016 1083 1047 fruendo

204 1068 248 1091 eo
266 1059 305 1090 ad
330 1065 454 1090 certum
482 1058 612 1088 modum
638 1057 667 1088 &
683 1059 723 1088 ad
746 1064 872 1097 ternpus
899 1056 1081 1089 absolvitur.

207 1108 321 1132 contra
337 1107 492 1140 perpetua
507 1097 551 1130 est
563 1098 756 1139 proprietas,
767 1099 917 1130 &omnes
936 1099 966 1130 in
981 1097 1082 1130 infini-

206 1149 274 1174 tum
291 1141 443 1174 utilitates
462 1140 620 1172 admittit:
642 1139 766 1180 prorsus
782 1149 815 1170 ut
833 1140 946 1171 mutari
963 1139 992 1171 ἀ
1009 1140 1082 1171 alie·

209 1183 275 1215 nari
294 1183 399 1224 posfit.
424 1181 506 1213 adeo
524 1181 608 1222 nulla
625 1180 787 1213 neceffitas
803 1180 865 1219 est,
880 1181 982 1213 fundo
998 1181 1081 1221 lega-

203 1231 262 1263 to,
276 1233 347 1256 rem
366 1223 488 1263 accipi:
505 1221 589 1263 quafi
604 1222 740 1263 legatum
761 1223 902 1254 videatur
920 1221 1010 1253 fundi
1036 1222 1081 1253 in·

203 1265 436 1302 strumentum3
461 1272 502 1294 eo
525 1263 612 1303 quod
629 1264 705 1294 licet
724 1263 874 1304 legatario
901 1273 942 1294 eo
957 1262 1080 1302 fundo,

202 1306 226 1339 fi
244 1316 308 1338 non
325 1306 364 1338 ad
389 1305 567 1343 testatoris,
590 1312 678 1335 certe
700 1305 738 1336 ad
763 1305 847 1336 suum
866 1305 995 1336 modum
1021 1304 1078 1336 uti.

202 1356 269 1379 non
292 1348 336 1379 ita
366 1346 433 1385 est,
457 1346 564 1386 legato
587 1345 677 1376 fundi
705 1345 874 1377 usufruftu.
901 1353 968 1377 tum
993 1346 1079 1376 enim

202 1387 314 1420 suadet
332 1388 557 1428 interpretatio
579 1387 754 1418 voluntatis
771 1386 929 1423 defuncti,
946 1395 1009 1417 non
1020 1386 1078 1417 rni-

203 1438 263 1462 nus
280 1429 499 1466 instrumenti,
523 1436 617 1468 quarn
635 1427 727 1466 ipsius
743 1426 834 1458 fundi
852 1426 1078 1459 usumfructum

201 1471 343 1512 legatum
369 1470 491 1501 videri:
516 1469 588 1508 quia
610 1468 730 1508 absque
758 1478 799 1499 eo
822 1467 929 1507 foret3
953 1467 1077 1499 facilius

201 1512 308 1553 polset
331 1509 477 1551 poffeffio
502 1518 519 1539 a
547 1508 720 1540 fructuario
736 1509 774 1539 ad
792 1507 897 1547 suum,
922 1518 1015 1547 quam
1037 1510 1077 1540 ad

201 1552 425 1593 proprietarii,
440 1550 572 1582 modum
589 1550 742 1582 exerceri.
765 1550 861 1591 igitur
875 1558 909 1581 ut
925 1550 1014 1581 fundi
1032 1551 1076 1581 in-

201 1593 414 1626 strumentum
439 1591 569 1632 proprie
591 1599 657 1622 non
680 1590 717 1622 iit
741 1600 812 1631 pars
837 1590 946 1623 fundi:
970 1598 1075 1622 tamen

201 1633 323 1666 domini
341 1632 551 1665 destinatione
568 1639 711 1673 paratum
728 1631 773 1663 est
791 1631 910 1664 fructus
925 1631 1012 1663 causa
1025 1655 1034 1671 ‚
1057 1642 1074 1664 a

199 1674 376 1707 fructuario
403 1682 468 1705 non
492 1672 571 1712 suo,
595 1672 647 1705 sed
676 1673 797 1705 domini
824 1674 955 1705 arbitrio
972 1674 1074 1713 perci-

198 1716 320 1758 piendi.
355 1715 494 1757 pertinet
518 1715 614 1756 igitur
633 1714 675 1746 ad
699 1713 906 1746 fructuarium
924 1738 934 1754 ,
965 1715 1073 1755 legato

198 1757 292 1790 fundi
306 1756 486 1795 usufructu,
510 1765 574 1788 non
593 1763 716 1787 tantum
733 1755 844 1793 fundi,
860 1755 1072 1788 sed&instru-

199 1801 301 1832 menti
318 1800 384 1839 ejus
401 1796 604 1830 ususfructus.
638 1796 692 1828 nifi
711 1797 818 1836 (quod
835 1796 991 1839 Ulpianus
1007 1806 1076 1829 mo·

196 1849 255 1874 net
273 1841 301 1872 d.
321 1840 340 1872 l.
367 1849 413 1881 ¹5·
432 1838 461 1880 §.
480 1839 531 1880 6.)
548 1838 708 1870 contraria
725 1837 761 1870 fit
777 1838 936 1870 testatoris
963 1839 1076 1871 volun-

199 1890 265 1915 tas:
291 1880 483 1923 supervacua
502 1903 510 1917 ,
535 1879 554 1911 fi
571 1880 622 1912 illa
638 1880 778 1921 liqueat,
800 1881 1076 1920 interpretatione.

202 1931 356 1957 caeterum
372 1923 476 1963 placet
489 1920 629 1962 Ulpiano
643 1921 676 1952 in
692 1922 710 1953 l.
722 1926 751 1956 8.
763 1921 806 1953 D.
822 1921 869 1953 De
876 1919 1018 1962 instruero
1031 1922 1080 1953 <vel

199 1965 389 2006 instrumento
414 1964 526 2005 legato,
550 1964 582 1995 in
608 1962 700 1994 fundi
722 1962 932 1995 instrumento
955 1972 1078 2003 ponere

198 2016 311 2048 parata
332 2006 453 2038 fruetus
477 2004 659 2045 quaerendi,
681 2005 820 2045 cogendi
833 2027 844 2044 ,
868 2004 1077 2036 conservandi

200 2048 300 2090 gratia
316 2059 324 2079 ι
348 2047 437 2079 fimul
465 2046 515 2078 illa
539 2046 570 2077 in
587 2045 659 2087 lege
678 2045 708 2076 ἂ
724 2045 929 2086 sequentibus
944 2046 1078 2086 plurima

202 2098 387 2122 enumerare
416 2088 574 2128 exempla.
599 2087 650 2118 sed
667 2087 698 2118 in
717 2088 746 2119 d.
768 2087 786 2118 l.
805 2096 855 2127 15.
873 2086 902 2128 §.
920 2090 949 2118 6.
973 2086 1078 2118 adfert
1113 2089 1139 2128 f

201 2139 299 2172 cupas
319 2130 349 2161 &
367 2129 470 2168 dolia,
488 2138 561 2160 cum
579 2127 721 2166 defossa,
738 2135 806 2160 tum
824 2128 900 2160 alia:
923 2135 1078 2168 praeterea

203 2171 317 2210 serias,
331 2171 428 2202 etiam
447 2171 542 2202 cados
560 2169 590 2200 ἃ
604 2169 793 2209 amphoras:
817 2170 856 2200 de
872 2169 986 2209 quibus
1003 2170 1077 2208 quia

202 2214 269 2253 egit
291 2221 330 2243 ex
347 2210 488 2252 professo
507 2210 549 2242 V.
567 2210 625 2242 CL.
644 2210 756 2242 Guido
772 2210 969 2243 Pancirollus
986 2210 1034 2241 lib.
1048 2220 1076 2243 1.

205 2253 344 2288 Thesaur.
356 2250 639 2285 var.lett.c.61.&
654 2261 677 2282 c.
693 2256 744 2290 64.
770 2261 834 2283 non
854 2260 943 2293 agam
961 2251 1075 2283 actum.

241 2294 353 2327 Potius
369 2293 522 2334 attingam
540 2293 747 2330 venationes,
762 2295 912 2332 aucupia,
929 2292 1075 2334 piscatio-

204 2343 282 2375 nes,
305 2342 400 2375 puta,
415 2334 606 2365 ornithones
618 2356 627 2372 ,
644 2334 799 2374 leporaria
810 2357 820 2373 ,
836 2334 967 2372 piscinas
984 2335 1076 2375 (quae

204 2379 264 2409 tria
288 2385 405 2417 genera
430 2375 579 2406 villaticae
603 2373 752 2414 pastionis
774 2374 852 2406 facit
878 2375 927 2407 M.
952 2374 1075 2414 Varro,

198 2416 248 2450 De
262 2427 291 2448 re
305 2414 412 2457 rustica
429 2417 476 2448 lib.
487 2426 515 2458 3.
529 2427 553 2447 c.
566 2426 594 2447 2.
615 2425 654 2447 ex
671 2425 775 2456 eoque
794 2416 831 2449 A.
843 2415 968 2448 Gellius
986 2416 1032 2448 lib.
1045 2426 1074 2448 2.

201 2458 294 2492 Nost.
311 2459 404 2490 Attic.
427 2468 452 2489 c.
474 2458 543 2498 20.)
565 2457 594 2489 ἃ
612 2457 655 2488 est
673 2457 832 2498 pulchrae,
857 2467 919 2489 nec
935 2457 1005 2489 satis
1023 2467 1075 2489 ex-

199 2501 315 2541 peditae
340 2499 540 2538 quaestionis,
566 2508 603 2530 an
627 2499 754 2530 illorum
774 2507 908 2539 quoque
933 2498 1071 2531 ususfru-

201 2541 267 2573 cius
284 2542 323 2572 ad
346 2540 550 2572 fructuarium
576 2541 743 2581 pertineat.
765 2539 837 2571 sane
853 2539 950 2580 ferae,
973 2549 1069 2579 aves,

198 2581 321 2623 pisces,
345 2582 395 2620 qui
423 2582 452 2612 in
479 2581 582 2613 fundo
609 2581 697 2619 sunt,
721 2590 786 2612 non
810 2580 881 2612 sunt
903 2581 992 2614 fundi
1007 2580 1069 2613 fru-

200 2623 288 2655 stus:
313 2631 376 2653 non
393 2624 477 2654 enirn
497 2632 537 2654 ex
554 2621 657 2654 fundo
680 2622 861 2654 nascuntur.
893 2632 958 2654 non
973 2623 1070 2654 etiam

199 2664 271 2696 funt
285 2662 374 2694 fundi
393 2670 516 2705 partes:
533 2673 621 2702 nam,
640 2671 675 2695 ut
692 2671 767 2695 ante
785 2663 868 2702 dixi,
885 2664 962 2695 nihil
978 2663 1070 2695 fundi

198 2705 262 2743 est,
287 2703 342 2735 nisi
365 2705 451 2742 quod
476 2712 558 2735 terra
575 2704 606 2736 se
620 2712 712 2736 tenet
730 2705 748 2736 l.
772 2714 817 2745 15.
839 2708 886 2737 16.
905 2704 942 2739 &²
963 2715 1009 2745 17.
1028 2704 1071 2736 D.

204 2748 238 2779 de
253 2744 413 2777 aelionibus
429 2745 693 2783 empti&vendizi.
712 2754 816 2777 tamen
833 2745 855 2777 fi
872 2746 988 2777 vivaria
1001 2745 1073 2785 (int,

202 2788 237 2820 id
253 2786 317 2825 est,
341 2794 376 2816 ut
396 2785 434 2816 A.
453 2785 577 2817 Gellius
593 2789 622 2818 d.
644 2788 695 2818 loc.
715 2788 961 2827 interpretatur,
986 2787 1073 2827 septa

200 2829 273 2862 loca
290 2826 445 2866 inquibus
462 2825 539 2857 ferae
557 2828 639 2858 vivae
656 2827 840 2868 pascuntur:
858 2836 911 2860 aut
926 2828 1072 2861 ornitho-

200 2874 279 2911 n’es,
291 2877 364 2910 quae
380 2876 420 2899 ex
433 2865 576 2898 Varrone
593 2869 695 2900 eidem
715 2866 825 2901 Gellio
841 2869 911 2901 sunt
928 2870 1071 2902 omnium

201 2913 399 2950 al-itumquae
417 2908 497 2939 intra
515 2909 651 2947 parietes
675 2911 756 2941 villae
773 2909 877 2943 solent
891 2911 994 2951 pasci:
1020 2919 1073 2943 aut

196 2952 322 2995 piscinae
334 2974 343 2989 ,
362 2958 438 2990 quas
453 2948 555 2979 Varro
572 2950 614 2980 ait
631 2951 661 2981 in
676 2960 755 2990 aqua
771 2952 854 2984 dulci
871 2960 925 2984 aut
942 2951 1013 2985 salsa
1030 2953 1073 2984 in-

196 2994 302 3028 clusos
318 2992 440 3023 habere
455 2988 563 3031 'pisces
576 2990 615 3020 ad
631 2991 758 3024 villam:
777 2992 922 3032 (Gellius
938 2993 980 3026 fic
996 2991 1079 3025 defi-r

194 3037 263 3075 nit,
286 3034 386 3066 Lacus
402 3031 438 3067 δ’
453 3029 562 3073 stagna
580 3040 641 3071 qum
652 3032 776 3070 piscihus
792 3036 870 3064 vivis
887 3035 1072 3074 coercentur,

193 3077 357 3118 clausasuo
383 3080 469 3115 atque
490 3074 605 3114 proprio
627 3074 738 3103 nomine
759 3075 884 3114 piscinas
908 3079 1072 3107 nominave.

194 3119 285 3159 runt)
300 3116 323 3149 si
335 3140 345 3156 ,
361 3115 510 3155 inquam,
527 3112 677 3145 infundo
698 3112 762 3144 sint*
773 3114 909 3153 vivaria,
926 3117 1073 3148 ornitho-

198 3168 276 3197 nes,
301 3166 354 3190 aut
378 3156 524 3198 piscinae,
547 3164 620 3187 cum
637 3154 749 3194 utique
767 3155 806 3200 ad
830 3154 894 3185 hoc
919 3157 1073 3190 habeatur

192 3198 329 3239 fundus,
353 3206 388 3233 ut
410 3207 451 3231 ex
468 3197 661 3237 venatione,
678 3204 837 3238 aucupio,
851 3204 904 3230 aut
922 3197 1070 3238 piscatio·

1130 489 1172 512 ne
1186 480 1306 513 fructus
1323 487 1376 512 aut
1390 480 1510 513 reditus
1526 479 1738 521 percipiatur3
1758 484 1794 510 ut
1814 477 1922 511 multis
1938 478 1993 513 do·

1131 529 1183 553 cet
1208 522 1308 554 Varro
1330 523 1358 553 d.
1385 521 1432 553 lib.
1449 531 1478 563 3.
1506 532 1530 553 c.
1551 531 1577 553 1.
1597 521 1633 557 δ’*
1639 522 1719 562 seqq.
1743 529 1808 552 non
1827 519 1990 554 absurdum

1129 562 1246 602 fuerit,
1271 562 1423 604 quaestum
1446 572 1486 594 ex
1511 561 1607 602 feris,
1631 563 1757 601 avibus,
1782 569 1835 593 aut
1859 560 1993 603 piscibus

1130 612 1337 644 perceptum,
1360 603 1522 635 fructuarii
1546 602 1614 636 fieri
1637 604 1656 635 l.
1674 613 1703 641 9.
1720 603 1747 645 §.
1765 614 1795 644 5.
1812 601 1855 635 D.
1878 604 1910 634 de
1926 602 1994 643 usu-

1124 644 1250 685 frustu:
1272 647 1344 686 quia
1364 645 1425 685 jam
1450 644 1524 676 ferae
1539 668 1550 685 ,
1572 655 1666 685 aves,
1689 655 1722 677 ac
1743 645 1851 685 pisces,
1875 650 1994 677 utnon

1131 685 1188 718 sint
1205 685 1296 718 fundi
1312 685 1452 725 fructus,
1468 693 1521 717 aut
1537 694 1661 727 partes,
1677 685 1781 717 adhuc
1793 687 1822 717 in
1839 684 1931 717 fundi
1948 685 1994 717 in-

1130 728 1306 759 strumento
1329 727 1486 759 habentur
1503 727 1521 758 l.
1542 737 1589 761 11.
1608 728 1628 759 1.
1649 736 1695 759 12.
1713 727 1743 769 §,
1766 736 1810 758 12.
1828 725 1865 761 ὅ)
1886 736 1931 767 13-
1950 725 1993 759 D.

1128 770 1161 800 de
1177 766 1312 808 instructo
1326 769 1373 799 vel
1387 766 1573 808 instrumento
1586 770 1694 810 legato.-
1711 768 1796 807 cujus
1811 767 1996 800 instrumen-

1129 811 1152 841 ti
1171 809 1382 847 ususfructus,
1404 809 1457 841 nisi
1474 811 1631 841 contraria
1648 809 1684 841 fit
1706 809 1863 841 testatoris
1881 809 1993 840 volun·
2009 818 2012 821 ·

1128 859 1195 890 tas,
1212 852 1249 882 ad
1266 850 1356 882 fundi
1369 849 1573 882 fructuarium
1591 851 1732 891 pertinet
1747 849 1767 881 l.
1789 859 1833 889 15.
1855 849 1884 891 ἓ.
1900 853 1930 880 6.
1948 848 1992 882 D.

1127 894 1161 924 de
1177 891 1345 932 icsufruftu.
1376 891 1495 934 Quod,
1517 891 1538 922 fi
1554 901 1618 922 non
1637 891 1694 922 fint
1713 891 1829 922 vivaria
1841 913 1851 928 ,
1872 898 1927 921 aut
1941 899 1991 922 or-

1127 933 1297 972 nstbones,
1313 941 1367 964 aut
1385 932 1530 973 piscinae,
1550 931 1601 964 sed
1618 931 1741 974 stagna,
1758 938 1811 962 aut
1826 931 1908 963 [ilvae
1926 940 1991 964 non

1127 974 1370 1014 circumseptae?
1392 975 1490 1014 magis
1506 973 1570 1013 cst,
1594 981 1628 1004 ut
1645 973 1774 1004 venatio
1791 979 1845 1004 aut
1861 972 1990 1013 piscatio

1126 1025 1191 1048 non
1215 1015 1250 1048 fit
1274 1016 1305 1047 in
1323 1015 1414 1047 fundi
1438 1014 1552 1047 fructu.
1584 1014 1648 1046 hoc
1664 1014 1804 1054 Julianus
1825 1015 1893 1045 vult
1910 1013 1990 1046 libro

1125 1057 1216 1089 sexto
1242 1066 1282 1089 ex
1306 1056 1467 1088 Minicio:
1491 1065 1530 1087 ne
1554 1065 1608 1087 ans
1623 1078 1633 1094 ,
1664 1055 1852 1087 Venationem
1872 1054 1990 1094 fruetus

1117 1100 1212 1139 fundi
1227 1098 1295 1139 effir,
1317 1097 1372 1137 m'fi
1388 1096 1512 1138 fruetus
1521 1066 1615 1137 fundi
1637 1106 1673 1128 ex
1686 1097 1838 1128 venatione
1853 1094 1956 1136 constet
1969 1096 1990 1130 l.

1125 1144 1174 1172 26.
1192 1139 1235 1171 D.
1251 1141 1283 1171 de
1299 1140 1404 1180 usuris.
1449 1139 1650 1181 Quamquam
1667 1138 1698 1169 id
1717 1137 1758 1169 fic
1772 1137 1990 1178 accipiendum

1119 1180 1189 1220 est,
1207 1188 1241 1212 ut
1251 1181 1459 1219 fructuarius,
1475 1179 1530 1211 etsi
1548 1179 1666 1211 frustus
1683 1178 1851 1210 sundinon
1867 1178 1991 1210 constet

1125 1232 1165 1253 ex
1185 1223 1378 1260 venatione,
1400 1221 1604 1253 nihilominus
1623 1219 1677 1252 suo
1691 1220 1759 1260 jure
1774 1220 1869 1261 poffit
1886 1219 1990 1252 venari

1123 1264 1154 1294 in
1174 1262 1277 1294 fundo
1292 1262 1475 1294 fructuario.
1507 1270 1578 1293 nam
1599 1260 1701 1302 poffet
1719 1261 1783 1292 hoc
1806 1260 1913 1292 facere
1936 1261 1989 1293 suo

1120 1305 1208 1345 jure,
1226 1304 1280 1335 etsi
1294 1313 1358 1335 non
1378 1303 1510 1334 haberet
1525 1302 1616 1334 fundi
1635 1301 1878 1334 uiumfrucium:
1901 1301 1957 1334 nifi
1972 1310 1990 1334 a

1123 1347 1256 1377 domino
1272 1345 1498 1386 prohiberetur
1514 1353 1586 1376 eum
1600 1343 1722 1385 ingredi
1733 1344 1867 1375 venandi
1882 1343 1990 1384 gratia.

1121 1387 1197 1425 quid
1210 1388 1240 1418 ni
1258 1387 1353 1428 igitur
1369 1387 1400 1417 in
1417 1395 1457 1417 eo
1476 1386 1583 1417 venari
1607 1384 1701 1425 poffit
1714 1407 1723 1423 ‚
1748 1383 1867 1416 habens
1891 1383 1992 1416 usum-

1121 1427 1277 1466 fructum,
1303 1427 1333 1458 ὅ(
1359 1436 1415 1466 per
1441 1436 1512 1458 eum
1538 1427 1697 1467 accipiens
1719 1425 1767 1466 jus
1789 1425 1988 1466 ingrediendi

1122 1468 1275 1507 fundum,
1298 1469 1393 1499 etiam
1412 1469 1515 1499 invito
1532 1469 1682 1499 domino:
1708 1466 1785 1498 licet
1809 1466 1899 1498 fundi
1921 1466 1990 1498 fru-

1122 1510 1187 1541 &us
1212 1519 1277 1540 non
1295 1508 1420 1540 constet
1437 1518 1477 1540 ex
1496 1510 1680 1540 venatione.
1705 1507 1806 1539 tendit
1824 1507 1886 1539 huc
1903 1506 1990 1548 Try-

1120 1550 1284 1591 phoninus
1300 1550 1322 1589 l,
1340 1555 1390 1581 62.
1406 1556 1450 1590 pr.
1473 1549 1509 1584 ἐξ
1526 1550 1556 1591 §.
1575 1559 1601 1581 1.
1619 1548 1661 1580 D.
1684 1549 1717 1580 de
1738 1548 1912 1588 usufructu:
1936 1548 1990 1582 sed

1121 1591 1305 1623 obscuriore
1318 1591 1384 1630 via,
1403 1599 1496 1630 quam
1512 1590 1683 1622 conveniat
1700 1590 1831 1630 publico
1846 1588 1922 1622 usui.
1938 1590 1991 1628 daj-

1120 1633 1164 1664 bo
1181 1633 1276 1674 igitur
1286 1641 1435 1673 operam:
1453 1639 1486 1663 ut
1502 1632 1530 1663 ei
1540 1632 1676 1671 aliquam
1691 1629 1849 1662 affundam
1866 1631 1989 1671 lucc-mv,

1119 1674 1148 1706 &
1167 1673 1373 1715 quaestionem
1391 1672 1520 1704 curiosae
1537 1672 1731 1704 definitionis
1748 1671 1919 1704 distinctius
1935 1682 1993 1706 ex-

1117 1716 1232 1756 plicem
1247 1727 1254 1748 :
1273 1715 1370 1746 verba
1383 1713 1589 1755 Tryphonini
1606 1712 1683 1745 sunt.
1724 1712 1999 1753 Usufruftuarium·

1118 1758 1222 1788 venari
1239 1758 1270 1788 in
1280 1756 1407 1796 saltibus
1421 1755 1467 1786 vel
1480 1756 1620 1787 montibus
1631 1752 1705 1796 pqffe
1727 1756 1801 1786 ionis
1817 1756 1903 1796 probe
1917 1755 1992 1789 dici÷

1118 1803 1177 1830 tur.
1197 1808 1250 1829 nec
1272 1802 1445 1839 aprumaut
1470 1807 1587 1828 cervum
1603 1806 1687 1838 quem
1703 1797 1824 1837 ceperit,
1840 1797 1990 1837 proprium

1121 1840 1231 1871 domini
1245 1841 1332 1879 capit.
1359 1839 1405 1874 sed
1418 1837 1538 1877 fructus
1554 1843 1606 1869 aut
1617 1839 1686 1880 jure
1712 1836 1826 1880 [civili]
1851 1843 1904 1869 aut
1915 1845 1988 1879 gen-

1123 1882 1197 1912 tium
1219 1880 1381 1921 suosfacit.
1399 1879 1428 1922 §.
1450 1889 1474 1911 1.
1512 1879 1546 1911 Si
1560 1879 1687 1910 vivariis
1702 1879 1816 1918 inclusae
1824 1879 1897 1918 fene
1912 1881 1943 1910 in
1955 1884 1990 1911 ea

1117 1921 1277 1964 paffeffioue
1291 1919 1542 1962 custodiebantur,
1559 1921 1673 1963 quando
1689 1919 1873 1961 ususfructus
1888 1921 1989 1960 caepit,

1121 1973 1191 1995 num
1206 1973 1332 1995 exercere
1346 1972 1392 1994 eas
1401 1962 1593 2003 frustuarius
1605 1961 1707 2003 poffit‚
1722 1962 1844 1993 occidere
1858 1970 1915 1992 non
1925 1967 1989 2002 pos·

1114 2003 1183 2042 fit?
1207 2005 1296 2043 alias,
1313 2003 1342 2042 fi
1365 2014 1438 2046 quas
1461 2005 1544 2038 initio
1569 2004 1716 2042 incluserit
1737 2004 1826 2042 operis
1838 2003 1918 2042 suis,
1942 2001 1989 2033 vel

1123 2044 1226 2088 [post]
1243 2045 1356 2084 fibimet
1371 2046 1434 2085 ipsoe
1456 2045 1613 2076 inciderint
1627 2043 1922 2083 delapsaevefuerint‚
1945 2043 1988 2075 hoe

1137 2086 1281 2118 rustuarii
1297 2087 1376 2128 juris
1391 2085 1455 2124 fint
1473 2085 1491 2116 ‚9
1512 2082 1723 2125 commodiffime
1745 2091 1857 2122 tamen,
1880 2093 1915 2114 ne
1934 2091 1987 2124 per

1114 2128 1235 2170 singula
1259 2127 1398 2159 animalia
1408 2127 1567 2165 facultatis
1576 2126 1742 2165 fructuarii
1752 2130 1867 2166 propter
1883 2126 1986 2166 discre-

1121 2172 1225 2200 tionem
1242 2168 1402 2209 difficilem,
1420 2168 1470 2209 jus
1486 2168 1627 2198 incertum
1643 2165 1704 2205 fit,
1722 2165 1833 2207 sufficit
1855 2168 1984 2198 eumdem

1119 2220 1270 2242 numerum
1280 2233 1289 2249 ‚
1309 2216 1362 2250 per
1371 2208 1491 2251 fingula
1506 2218 1616 2250 quoque
1627 2217 1735 2249 genera
1743 2209 1883 2248 ferarum
1893 2206 1982 2247 finito

1119 2251 1276 2292 usufruciu
1296 2251 1406 2282 domino
1426 2251 1607 2292 proprietatis
1623 2248 1773 2290 adsignare
1789 2250 1841 2290 qui
1849 2249 1916 2288 fuit
1931 2258 1982 2279 σω-

1113 2294 1162 2334 pti
1177 2292 1361 2334 ususfruttus
1378 2298 1505 2331 tempore.
1530 2290 1614 2331 Quia
1624 2289 1830 2332 Tryphonini
1849 2290 1982 2330 disputa-

1120 2334 1166 2366 tio
1183 2333 1228 2366 est
1247 2334 1287 2365 de
1304 2333 1516 2364 venationem
1535 2332 1660 2363 saltibus
1673 2332 1722 2362 vel
1740 2330 1902 2363 montibus
1917 2329 1981 2362 fru-

1120 2375 1245 2407 Ctuariae
1281 2374 1452 2406 offeffionis
1469 2372 1519 2404 seu
1532 2373 1645 2412 fundi,
1660 2380 1733 2403 ante
1748 2372 1908 2411 monebo,
1919 2371 1980 2403 Sal-

1120 2424 1186 2448 tum
1204 2426 1220 2447 a
1273 2416 1336 2448 allo
1360 2415 1452 2446 Aelio
1470 2415 1552 2446 libro
1568 2413 1840 2455 Significationum
1857 2422 1926 2453 quae
1940 2413 1979 2444 ad

1115 2458 1162 2498 jus
1182 2458 1362 2497 pertinent,
1379 2456 1461 2496 apud
1473 2455 1598 2487 Festum
1613 2457 1656 2486 ita
1672 2453 1814 2493 definiri3
1831 2454 1930 2486 Saltus
1943 2451 1980 2495 est

1113 2501 1165 2530 ubi
1175 2497 1258 2537 filvae
1278 2498 1314 2533 ὅ)
1326 2496 1572 2539 pastionessunt,
1590 2506 1714 2538 quarum
1729 2496 1813 2536 causa
1832 2496 1898 2537 casce
1915 2504 1981 2537 quo·

1113 2549 1174 2582 que.
1212 2541 1246 2572 Si
1260 2550 1318 2581 qua
1331 2539 1478 2580 particula
1491 2540 1521 2570 in
1537 2538 1656 2576 eolalia
1666 2535 1815 2578 pti-florum
1829 2542 1881 2568 aut
1896 2534 1980 2578 custo·

1114 2583 1184 2612 dum
1198 2582 1285 2620 causti
1301 2587 1403 2612 aratur
1420 2602 1430 2618 ,
1452 2589 1484 2610 ea
1502 2589 1545 2610 res
1563 2589 1620 2609 nori
1633 2580 1752 2620 peremit
1767 2587 1868 2610 nomen
1873 2578 1978 2619 saltus.

1114 2622 1219 2654 Etiam
1239 2623 1371 2661 addam,
1388 2621 1474 2662 quod
1491 2619 1641 2661 Virgilius
1658 2620 1705 2651 lib.
1723 2629 1748 2651 1.
1761 2620 1890 2661 Georgic.
1906 2617 1977 2658 vers.

1120 2673 1187 2704 140.
1213 2664 1290 2696 tales
1309 2663 1400 2694 saltus
1416 2669 1513 2693 vocat
1528 2671 1664 2703 magnos,
1681 2670 1753 2692 cum
1769 2661 1872 2701 iisque
1888 2667 1978 2692 vena-

1118 2706 1241 2737 tionem
1263 2704 1384 2745 jungit,
1407 2701 1610 2744 Tryphonini
1636 2702 1806 2743 exemplo,
1832 2701 1979 2742 Magnos,

1117 2746 1283 2786 inquiens,
1298 2746 1418 2776 canibus
1432 2745 1607 2775 circumdare
1612 2744 1720 2784 saltus.
1740 2741 1780 2774 Et
1797 2743 1844 2774 lib.
1862 2752 1889 2774 2.
1907 2741 1979 2782 vers}

1116 2795 1187 2828 471.
1217 2786 1283 2818 Illic
1295 2787 1394 2827 saltus
1417 2795 1451 2817 ac
1467 2784 1705 2825 luftraferarum.
1749 2782 1845 2815 Nunc
1861 2783 1978 2822 reliqua

1117 2827 1295 2869 persequar.
1325 2828 1379 2858 Ait
1392 2825 1624 2867 Tryphoninus
1643 2825 1816 2857 fructuario
1835 2825 1927 2856 licere
1946 2823 1978 2855 in

1117 2868 1245 2901 staltibus
1268 2869 1319 2900 vel
1340 2868 1503 2900 montibus
1525 2868 1703 2899 fructuariae
1720 2865 1910 2907 poss'eflionis
1926 2872 1978 2894 ve-

1116 2910 1200 2942 nari:
1222 2909 1286 2942 sive
1304 2909 1334 2941 in
1352 2919 1387 2947 ea
1404 2908 1441 2941 fit
1457 2910 1629 2946 vivarium,
1653 2908 1716 2940 five
1739 2916 1800 2939 non
1819 2905 1871 2938 fit:
1894 2913 1931 2950 ac
1956 2902 1978 2936 fi

1117 2960 1212 2992 quem
1238 2959 1347 2993 aprum
1366 2958 1420 2982 aut
1436 2959 1566 2982 cervum
1582 2950 1704 2991 capiat3
1728 2957 1791 2980 non
1815 2952 1977 2991 proprium

1116 2994 1259 3032 domini,
1275 2994 1306 3024 id
1322 2991 1386 3032 est,
1398 2999 1438 3024 ‘ut
1452 3000 1521 3023 mea
1539 2991 1603 3023 fert
1620 2991 1747 3032 opinio,
1769 2994 1832 3018 non
1849 2993 1977 3024 utique,

1115 3034 1179 3066 five
1196 3043 1260 3066 non
1278 3034 1605 3073 semper,'proprium
1624 3030 1741 3063 domini
1758 3035 1880 3067 capere.
1904 3034 1977 3058 nam

1115 3075 1136 3107 ii
1154 3085 1217 3107 non
1236 3075 1271 3107 iit
1289 3076 1461 3113 vivarium;
1485 3075 1599 3107 nullius
1620 3072 1681 3104 ess’e
1703 3076 1810 3109 aprum
1834 3073 1887 3114 aut
1909 3076 1977 3098 cer-

1114 3126 1209 3155 vum,
1221 3117 1321 3148 libere
1339 3125 1506 3157 vagantem
1524 3117 1553 3147 in
1571 3110 1761 3156 poss'effionis
1779 3107 1905 3139 saltibus
1921 3113 1976 3139 aut

1114 3158 1276 3190 montibus
1306 3167 1369 3189 non
1394 3156 1628 3196 circumseptis3
1650 3153 1787 3190 ideoque
1809 3155 1938 3190 captum
1955 3156 1973 3179 a

1114 3198 1307 3241 fructuario,
1332 3199 1397 3240 ejus
1415 3197 1484 3232 fieri
1498 3193 1728 3238 occupatione,
1749 3198 1814 3223 non
1836 3191 1975 3262 civiliffitg
