2036 3495
489 139 1183 178 OBSERVATIONUM
1233 139 1432 178 [13.ῐὶ

36 236 132 277 putat
155 235 292 273 >quoque
311 253 323 272 ,
359 229 449 264 illum
472 228 532 270 qui·
555 230 738 276 mandatum
766 229 919 272 suscepit,

42 275 184 310 mandati
208 283 301 315 agere
322 273 421 314 posse.
445 271 586 311 scilicet,
609 280 683 311 qum
700 272 808 304 0valuit
834 280 919 304 man-

43 317 153 349 datum
172 317 212 348 de
229 314 379 348 faciendo
395 313 467 356 post
483 313 677 346 mandatoris
693 321 833 345 mortem
851 323 918 345 mo-

44 367 224 397 numento,
243 357 347 397 &jam
363 354 587 388 obhocabest
602 354 818 394 mandatari03
831 356 917 387 reete

42 401 70 432 is
94 401 182 441 quod
208 397 389 438 expendit,
419 398 459 428 ab
484 396 604 428 herede
632 396 732 437 exigit
757 399 918 428 contraria

44 441 184 474 mandati
207 440 343 471 afflone.
386 438 487 470 Potuit
509 438 585 468 enim
607 437 668 478 (fic
686 439 791 478 pergit
808 437 917 479 Ulpia-

43 493 103 515 nus
127 484 155 514 d.
181 481 210 524 §.
241 481 315 521 ult.)
336 489 419 522 ogere
441 481 527 511 eriam
550 489 617 511 cum
630 488 661 510 eo
676 480 727 520 qzci
742 482 917 517 mandavit,

43 532 77 558 ut
97 524 155 564 fibi
172 522 329 565 pecuniam
352 523 434 553 daret
455 521 494 553 ad
518 522 665 563 agendum
684 532 692 554 :
721 522 846 552 maxime
863 545 872 561 ‚
889 519 919 560 fi

1775 145 1845 185 269

958 230 1023 272 jam
1040 231 1171 272 quoedam
1191 231 1370 272 preparavit
1387 231 1424 262 ad
1437 230 1593 272 agendum.
1637 226 1752 261 Sensus
1770 227 1836 268 est,

960 272 1054 304 Adeo
1078 281 1144 304 non
1171 272 1233 304 effe
1250 271 1373 304 causam
1390 295 1400 312 ,
1429 280 1494 303 cur·
1509 271 1721 304 mandatarius
1746 272 1835 311 quod

961 314 1116 354 expendit
1139 314 1210 354 post
1235 315 1429 346 mandatoris
1454 322 1592 345 mortem
1611 335 1621 352 ,
1655 321 1719 344 non
1741 312 1835 353 possit

961 355 1122 387 contraria
1137 355 1263 387 afflone
1280 365 1443 396 repetere3
1457 363 1491 386 ut
1508 355 1589 386 hanc
1606 354 1721 386 babeat
1736 356 1834 386 etiam

960 395 1107 429 adversus
1132 396 1230 437 ipsum
1248 397 1487 435 mandatorem,
1511 396 1531 427 si
1546 397 1608 437 jam
1625 405 1666 428 eo
1687 396 1762 426 vivo
1781 405 1836 426 ex-

960 437 1070 477 pensas
1081 436 1160 470 fecit
1177 440 1408 478 praeparatione
1426 447 1537 470 eorum
1556 447 1627 478 quae
1644 446 1685 468 eo
1703 445 1834 468 mortuo

960 480 1027 520 ejus
1050 480 1203 512 mandato
1229 480 1368 512 facturus
1390 480 1445 512 est.
1490 479 1552 511 Sed
1569 480 1609 511 de
1629 478 1768 520 Ulpiano
1790 477 1832 510 sa-

963 528 1017 553 tis.
1043 539 1045 542 ·
1088 543 1091 546 ·

760 637 972 675 CAPUT
1027 638 1105 674 III.

445 741 576 789 Deteisa
604 742 681 789 Gajo
707 743 827 779 macula
854 744 875 779 l.
904 753 958 788 13.
986 744 1030 780 D.
1059 744 1211 780 Mundam·
1235 744 1285 781 vel
1305 750 1421 781 contra.

113 859 223 893 ranseo
251 860 290 892 ad
308 859 423 901 Gajum
441 860 461 892 l.
489 869 534 901 13.
557 859 600 893 D.
618 860 765 892 Mandati
786 859 834 891 vel
849 869 915 892 con-

135 908 191 933 tra.
236 901 343 933 Verba
362 901 446 943 Gaji.

82 943 161 976 Idem
170 941 225 983 est,
237 942 273 977 ὅ)
282 942 312 980 fi
326 944 468 975 mandavi
482 944 553 983 tibi,
569 948 603 974 ut
612 940 675 984 poli
691 948 808 975 mortem
825 952 916 974 meanz

122 986 269 1016 heredibus
284 986 350 1016 meis
369 995 471 1016 emeres
489 986 629 1022 fundum.

43 1024 120 1057 Fert
138 1034 241 1058 autem
260 1035 329 1057 mea
350 1027 462 1067 opinio
475 1049 484 1063 ,
501 1026 680 1057 continuari
697 1035 713 1056 a
729 1025 812 1066 Gajo
832 1035 914 1066 quae-

43 1067 198 1105 stionem,
222 1067 259 1098 ab
285 1066 425 1107 Ulpiano
451 1069 480 1098 in
499 1067 519 1098 l.
540 1078 586 1099 12.
606 1067 635 1108 §.
655 1067 708 1098 uir.
735 1068 772 1097 l).
791 1069 849 1098 eod.
868 1069 914 1098 ric.

43 1109 246 1146 inchoatam
268 1109 299 1140 ἄ
325 1109 390 1140 hoc
413 1109 545 1141 indicari
571 1110 680 1149 primis
702 1107 772 1149 Gaji
791 1109 914 1148 verbis,

43 1150 124 1183 Idem
139 1148 197 1191 est,
220 1148 302 1188 &sil
340 1150 389 1183 Ita
403 1160 467 1182 non
490 1151 634 1189 loquitur
652 1149 750 1190 anus
771 1151 810 1181 de
829 1160 913 1181 inan·

43 1192 140 1230 dato,
163 1201 226 1231 quo
248 1194 316 1231 quis
334 1192 364 1224 in
386 1192 684 1233 generejubeatur‚
708 1191 842 1223 fundum
862 1192 912 1222 lie·

43 1233 171 1265 sedibus
182 1242 286 1264 emere
304 1233 372 1273 post
389 1243 526 1265 mortem
539 1233 753 1271 mandatoris3
770 1232 822 1264 sed
842 1232 912 1264 fun-

43 1275 117 1306 dum
135 1275 172 1305 ad
190 1275 410 1307 hereditarium
429 1283 685 1306 monumentum.
724 1273 777 1305 Est
796 1274 866 1305 sane
884 1283 913 1304 a·

43 1317 108 1356 pud
128 1314 298 1356 Ulpianum
315 1316 334 1347 l.
357 1325 402 1355 14.
422 1316 450 1358 ᾗ.
474 1327 502 1357 3.
522 1316 565 1348 D.
583 1318 617 1347 de
630 1314 785 1357 religiofis,
810 1315 838 1346 ἃ
858 1315 910 1346 ali-

43 1357 169 1397 quoties
199 1358 229 1388 in
263 1356 434 1389 Veteribus
470 1358 729 1398 inscriptionibus
747 1380 756 1396 ,
788 1358 911 1389 mentio

43 1398 141 1439 empti
163 1398 200 1429 ad
222 1407 464 1431 monumentum
483 1399 546 1430 loci
564 1407 617 1431 aut
633 1397 744 1430 fundi:
766 1408 827 1429 nec
843 1397 912 1429 fue-

39 1441 81 1471 rit
103 1439 240 1480 ineptius
255 1463 264 1478 ,
288 1450 384 1480 quem
407 1442 557 1472 mandare
578 1464 588 1479 ,
620 1448 655 1471 ut
678 1440 749 1481 post
774 1447 911 1472 mortem

41 1479 126 1512 suam
143 1483 212 1521 quis
229 1481 256 1512 ei
273 1480 407 1514 fundum
424 1490 508 1514 emat
524 1482 562 1513 ad
576 1481 800 1513 hereditarium
811 1481 912 1521 sepul-

40 1521 171 1561 chrum3
196 1531 289 1560 quam
313 1532 389 1560 eum
410 1524 580 1563 mandare,
604 1529 638 1554 ut
662 1524 731 1561 quis
749 1523 777 1553 ei
795 1531 910 1553 monu-

40 1570 183 1595 mentum
199 1563 295 1595 faciat
313 1564 382 1604 post
400 1565 465 1605 ejus
482 1572 632 1597 mortem.
664 1563 754 1607 Quid
769 1562 912 1595 frontem

40 1604 228 1637 contrahis?
244 1606 319 1645 quia
336 1604 479 1638 refistunt
495 1605 567 1646 Gaji
584 1606 699 1638 verba:
717 1607 809 1636 latius
827 1606 912 1637 enim

25 1653 169 1686 patent,
193 1655 285 1687 quarn
310 1653 346 1678 ut
372 1647 549 1688 patiantur,
571 1647 601 1678 se
623 1646 765 1688 restringi
784 1647 823 1679 ad
839 1646 912 1678 fun-

39 1687 114 1719 dum
139 1695 350 1720 monumento
373 1688 584 1728 sepulchrove
606 1687 824 1720 necessarium.
856 1687 912 1719 ubi

34 1730 122 1760 enim
139 1728 296 1769 sepulchri
313 1736 367 1760 aut
385 1730 459 1760 vola
483 1736 537 1761 aut
552 1729 746 1771 vestigium?
769 1729 910 1768 deinde,

36 1768 59 1801 ss
85 1770 255 1802 heredibus
279 1772 395 1801 emitur
420 1769 558 1809 fundus,
581 1780 620 1802 an
645 1770 815 1811 sepulchro
834 1772 909 1802 emi-

36 1810 115 1843 tur?
138 1820 211 1848 aut,
235 1810 258 1842 fi
283 1818 494 1843 monumento
518 1812 656 1850 emitur,
682 1821 719 1843 an
740 1811 910 1844 heredibus

36 1851 100 1882 emi
126 1852 276 1884 videtur?
299 1852 461 1892 postremo
485 1853 555 1893 quis
578 1852 697 1891 nescit,
724 1853 812 1893 quod
837 1854 910 1885 reli-

35 1893 126 1933 gioni
143 1893 283 1932 dicatur,
301 1892 441 1925 definere
457 1894 609 1926 heredum
628 1894 708 1932 esse3
726 1893 781 1925 etfi
799 1903 910 1925 eorum

37 1941 112 1965 ante
139 1933 263 1966 fuerit?
287 1934 377 1966 Facit
403 1943 528 1975 tamen,
552 1945 646 1974 quarn
677 1935 760 1973 dixi,
787 1934 860 1975 Gaji
884 1935 914 1967 δι

38 1973 168 2014 Ulpiani
193 1976 357 2007 connexio
379 1976 410 2007 in
434 1977 461 2007 d.
485 1977 504 2007 l.
529 1986 574 2008 12.
593 1976 621 2018 §.
640 1976 694 2010 ult.
713 1975 749 2010 ἑὸ)
764 1975 785 2007 l.
808 1985 853 2017 13.
879 1985 914 2008 ut

35 2016 130 2048 ausim
156 2016 226 2057 Gaji
253 2018 348 2048 verba
371 2018 533 2049 coarctare
561 2019 642 2049 intra
662 2019 846 2049 mandatum
871 2018 912 2049 de

37 2059 177 2089 emendo
200 2057 271 2098 post
296 2066 435 2090 mortem
459 2058 563 2090 fundo
579 2061 609 2091 in
631 2058 718 2090 usum
737 2058 911 2097 sepulchri:

40 2107 137 2138 atque
154 2109 194 2130 eo
211 2099 325 2141 magis;
350 2101 442 2140 quia,
466 2108 499 2130 ut
521 2101 604 2139 dixi,
624 2101 701 2132 nihil
718 2099 841 2132 absurdi
859 2107 913 2131 aut

36 2139 154 2173 insoliti
177 2141 273 2172 habet
300 2142 362 2172 tale
387 2141 569 2173 mandatum
594 2152 602 2173 :
635 2141 687 2173 sed
713 2150 774 2173 nec
805 2149 911 2180 extat,

39 2189 95 2214 cur
118 2182 213 2223 magis
231 2182 322 2215 alicui
337 2183 386 2223 Jus
404 2182 439 2214 fit
455 2183 624 2223 mandare,
648 2182 834 2217 Heredibus
851 2182 910 2215 suis

746 2295 994 2330 CAPUT

960 857 1032 899 post
1047 866 1185 891 mortem
1202 858 1286 890 suam
1304 860 1366 891 emi
1383 857 1539 898 fundum3
1562 858 1616 900 qui
1632 868 1696 891 non
1716 859 1831 893 serviat

959 901 990 931 in
1018 901 1219 932 monumenti
1243 909 1296 932 aut
1327 900 1483 941 sepulchri
1509 899 1622 933 ulum:
1653 910 1746 942 quam
1771 903 1830 933 do-

959 949 1065 979 mum,
1089 951 1225 981 equum,
1250 942 1387 980 bovem,
1413 942 1559 980 servum,
1583 949 1636 974 aut
1651 943 1830 984 quodcum-

959 993 1022 1023 que
1038 984 1139 1020 aliud3
1159 985 1198 1014 de
1216 991 1280 1023 quo
1300 985 1438 1015 emendo
1457 985 1639 1015 mandatum
1658 984 1730 1026 post
1744 993 1830 1017 man-

959 1025 1061 1056 dantis
1078 1031 1215 1055 mortem
1234 1025 1361 1064 concipi
1379 1034 1443 1056 non
1461 1022 1567 1065 posse,
1591 1025 1680 1066 supra
1697 1027 1831 1059 demon-

959 1065 1062 1097 stravi.
1088 1064 1193 1097 Urunt
1208 1072 1314 1096 tamen
1331 1065 1430 1105 te,sat
1446 1067 1554 1104 video,
1565 1067 1647 1098 clara
1665 1067 1737 1108 Gaji
1756 1077 1828 1100 ver-

959 1108 1015 1145 ba,
1044 1107 1123 1138 Idem
1147 1104 1205 1147 est,
1231 1105 1268 1140 ὅ)
1289 1106 1313 1143 li
1334 1109 1476 1138 mandavi
1494 1109 1564 1148 tibi,
1588 1114 1622 1140 ut
1634 1108 1695 1149 posi}
1713 1116 1830 1141 mortem

957 1158 1048 1180 meam
1065 1148 1212 1180 heredibus
1228 1150 1297 1179 meis
1311 1158 1412 1179 emeres
1425 1150 1565 1188 fundum.
1612 1150 1733 1182 Verum
1749 1161 1828 1192 age,

957 1190 1141 1227 videamus,
1164 1199 1205 1220 ne
1231 1198 1299 1228 quae
1325 1189 1409 1230 Gajo
1427 1191 1576 1221 nocuerit
1594 1192 1675 1222 mala
1693 1201 1803 1224 manus
1816 1212 1827 1232 ⁵

956 1240 1020 1263 non
1046 1230 1216 1262 intellectis
1237 1230 1330 1271 Siglis
1349 1231 1463 1271 quibus
1479 1230 1612 1272 scriptus
1629 1230 1727 1265 fuerit
1745 1236 1830 1274 opti-

956 1283 1025 1304 mus
1043 1273 1144 1305 locus.
1169 1272 1221 1304 Sic
1238 1271 1395 1311 sul‘picor3
1421 1272 1541 1303 &ideo
1561 1271 1697 1314 Gaium,
1721 1275 1828 1306 donec

959 1313 1085 1345 doctior
1106 1313 1177 1354 quis
1201 1313 1349 1345 alicunde
1374 1313 1498 1345 adferat
1515 1314 1591 1354 quid
1611 1316 1806 1354 probabilius
1819 1339 1830 1355 ‚

956 1357 998 1387 ita
1027 1354 1198 1386 restituam.
1245 1354 1326 1386 Idem
1352 1353 1410 1394 est,
1435 1354 1472 1390 65⁹
1489 1353 1519 1393 si
1543 1357 1684 1388 mandavi
1701 1359 1770 1397 tibi,
1794 1364 1828 1390 ut

951 1394 1015 1438 post
1031 1402 1148 1427 mortem
1163 1405 1253 1428 meam
1271 1396 1312 1428 H.
1331 1396 1379 1427 M.
1391 1397 1526 1436 fundum
1542 1406 1653 1429 emeres.
1692 1398 1728 1430 Id
1748 1409 1828 1432 vero

954 1438 997 1470 fic
1020 1446 1192 1477 exponam.
1240 1438 1320 1470 Idem
1346 1435 1405 1479 eft,
1429 1437 1465 1473 65⁹
1483 1436 1513 1475 si
1537 1440 1679 1470 mandavi
1703 1442 1769 1479 tihi,
1794 1446 1830 1472 ut

953 1477 1015 1520 post}
1038 1486 1156 1510 mortem
1172 1488 1263 1510 meam
1280 1479 1475 1511 hereditario
1493 1489 1704 1512 monumento
1721 1492 1826 1513 emeres

946 1520 1088 1561 fundum.
1121 1520 1201 1552 Sane
1222 1521 1427 1551 hereditarium
1435 1520 1622 1560 sepulchrum
1639 1521 1720 1562 esse,
1742 1525 1829 1556 idem

956 1560 1055 1603 Gajus
1079 1562 1147 1601 ait,
1170 1562 1258 1602 quod
1285 1562 1356 1602 quis
1380 1561 1435 1593 fibi
1460 1561 1696 1602 heredibusque
1711 1587 1721 1602 ‚
1751 1564 1831 1597 ficut

946 1604 1121 1643 familiare,
1144 1603 1234 1642 quod
1250 1605 1319 1643 quis
1332 1602 1387 1635 fibi
1404 1602 1599 1644 familiaeque
1616 1603 1696 1643 suae,
1712 1606 1830 1638 consti-

955 1646 1017 1676 tuit
1040 1646 1060 1676 l.
1083 1656 1113 1686 5.
1134 1644 1176 1676 D.
1204 1646 1239 1676 de
1254 1644 1401 1687 religiofis.
1424 1653 1523 1685 porro
1541 1654 1606 1686 quo
1624 1646 1732 1678 animo
1749 1647 1830 1679 fiant

953 1694 1183 1725 monumenta,
1207 1686 1278 1726 ipsis
1302 1686 1427 1718 inscribi
1451 1686 1573 1726 solere,
1599 1684 1754 1728 Ulpianus
1778 1699 1831 1721 au·

955 1729 1025 1760 etot
1041 1727 1086 1760 est
1102 1728 1121 1760 l.
1137 1732 1166 1759 6.
1186 1727 1227 1759 D.
1245 1728 1305 1759 eod.
1321 1729 1369 1759 tit.
1393 1727 1424 1759 &
1441 1728 1579 1767 probant
1596 1727 1666 1760 haec
1683 1729 1831 1764 &similia

954 1770 1039 1809 Sigla
1063 1770 1148 1810 apud
1170 1768 1335 1801 Valerium
1353 1769 1516 1808 Probum,
1540 1769 1571 1801 ὅ(
1588 1769 1688 1810 alios,
1712 1771 1755 1804 H.
1775 1772 1826 1805 M.

953 1811 1017 1843 AD
1048 1810 1090 1842 H.
1108 1809 1151 1845 N.
1170 1808 1213 1841 T.
1237 1810 1270 1842 id
1294 1809 1359 1850 est,
1381 1810 1432 1841 hoc
1452 1816 1670 1843 monumentum
1691 1814 1729 1844 ad
1751 1813 1830 1845 here-

952 1854 1000 1883 des
1023 1861 1081 1882 non
1103 1850 1225 1889 transit:
1247 1851 1345 1889 item,
1371 1850 1416 1883 H.
1443 1851 1495 1883 M.
1524 1852 1557 1884 H
1593 1851 1637 1884 N.
1663 1853 1694 1885 S.
1718 1855 1751 1887 id
1770 1856 1833 1896 est,

953 1893 1004 1924 hoc
1020 1898 1238 1924 monumentum
1253 1893 1366 1923 heredes
1389 1902 1447 1924 non
1452 1893 1601 1934 sequitur.
1645 1893 1741 1936 Igitur
1759 1906 1834 1930 curn

956 1935 987 1966 in
1005 1935 1033 1965 d.
1051 1934 1071 1966 l.
1094 1943 1142 1975 13.
1167 1934 1216 1965 hae
1241 1934 1459 1974 reperirentur
1476 1935 1595 1973 literae‚
1621 1935 1663 1968 H.
1681 1936 1731 1969 M.
1754 1938 1833 1970 faci-

956 1976 986 2007 le
1006 1975 1143 2015 accidit3
1169 1983 1226 2014 ut,
1250 1984 1323 2006 cum
1351 1975 1519 2016 legendum
1545 1976 1638 2017 effet,
1663 1978 1832 2012 hereditario

955 2022 1135 2049 monumento
1153 2040 1163 2056 ,
1206 2017 1442 2057 imprudentior
1468 2016 1627 2050 Librarius
1659 2019 1830 2061 scriberet,

955 2059 1103 2089 heredibus
1127 2059 1214 2097 meis,
1238 2067 1310 2090 curn
1335 2067 1505 2100 utrumque
1532 2059 1644 2098 iisdem
1662 2059 1829 2103 fignificari

956 2100 1055 2131 literis
1081 2099 1206 2131 soleret.
1240 2101 1351 2140 utique
1375 2099 1417 2132 H.
1446 2101 1470 2132 l.
1493 2100 1663 2133 hereditario
1681 2104 1751 2144 jure
1766 2128 1776 2144 ‚
1799 2106 1830 2137 ὅτ.

955 2140 1149 2213 ΗΕΜἯΜ.
1173 2142 1299 2172 heredem
1317 2151 1427 2182 meum,
1451 2142 1625 2183 denotare,
1650 2153 1691 2177 ex
1707 2145 1827 2178 Diaco-

954 2192 998 2215 no
1016 2191 1080 2214 con
1110 2189 1152 2214 at.

1050 2291 1122 2328 IV.

95 2397 137 2432 In
163 2397 184 2433 l.
214 2399 268 2434 18.
294 2393 323 2442 §.
352 2407 383 2432 2.
410 2396 454 2433 D.
481 2398 515 2432 de
541 2399 647 2433 mortis
672 2398 764 2446 causa
788 2399 1000 2435 donationibus
1025 2410 1085 2433 non
1109 2398 1289 2433 mandatum
1316 2397 1394 2444 effe,
1413 2397 1473 2445 sed
1491 2399 1768 2448 fideicommfftm.

95 2499 239 2539 uperest,
254 2505 290 2530 ut
304 2499 511 2537 adiulianum
532 2501 715 2541 veniamus,
734 2502 764 2534 δι
784 2501 911 2543 respon-

116 2541 243 2573 deamus
268 2540 436 2573 Francisco
462 2541 629 2574 Hotmano
647 2544 696 2574 lib.
714 2554 741 2575 2.
763 2544 912 2575 Amicabi-

47 2580 116 2612 lium
134 2580 351 2622 Responfionum
365 2592 390 2614 c.
409 2588 457 2624 38.
484 2583 673 2615 existimanti
685 2608 695 2623 ‚
709 2585 912 2623 mandatum,

46 2621 116 2660 post
138 2624 327 2656 mandatoris
352 2633 491 2657 mortem
514 2633 732 2665 conceptum,
755 2626 827 2666 post
842 2635 912 2658 eam

48 2661 171 2709 valere3
195 2664 249 2695 etii
267 2673 332 2695 non
351 2665 492 2707 semper,
516 2667 607 2707 quod.
626 2668 758 2699 volebat
774 2667 913 2708 jacobus

49 2700 193 2741 Cujacms
215 2705 263 2734 lib.
294 2714 321 2745 1.
346 2706 465 2738 observ.
495 2718 520 2738 c.
541 2712 591 2749 38.
617 2707 669 2740 sed
686 2708 706 2740 si
724 2709 913 2749 mandetur,

49 2742 139 2781 quod
169 2743 294 2789 demum
324 2747 416 2786 poffit
440 2748 512 2788 post
530 2751 596 2790 ejus
611 2757 750 2782 mortem
767 2750 912 2790 impleri:

50 2783 114 2814 tale
136 2792 222 2829 enirn
247 2787 426 2831 mandatum
452 2799 515 2820 non
535 2791 700 2822 contr-astu
721 2792 861 2823 mandati
881 2790 912 2822 ὅς

48 2824 118 2856 adiu
135 2832 216 2856 inter
231 2834 321 2857 vivos
341 2829 476 2867 censeri;
499 2829 552 2862 sed
576 2831 683 2863 haberi
711 2833 830 2864 ultimae
845 2831 914 2873 spe-

48 2868 131 2897 ciem
156 2866 338 2913 voluntatis.
381 2869 423 2900 At
447 2870 645 2904 Hotmanum
670 2875 752 2905 ratio
771 2874 912 2905 refutat:

47 2905 220 2938 confundit
245 2916 328 2939 emm
350 2911 530 2942 mandatum
549 2934 558 2950 ‚
596 2915 684 2952 quod
709 2916 792 2946 inter
820 2915 914 2946 vivos

48 2947 250 2980 contrahitur
272 2948 442 2989 consensu,
465 2961 536 2984 cum
559 2955 708 2986 mandato
724 2956 812 2996 quod
831 2965 847 2986 a
866 2963 913 2986 te-

49 2990 168 3022 statore
183 2990 276 3020 datur
292 2989 322 3020 in
342 2990 545 3024 testamento:
573 2994 636 3026 hoc
649 2998 733 3028 enim
750 3007 766 3028 a
786 2995 914 3027 Veteri-

51 3031 108 3063 bus
131 3031 327 3062 annumerari
361 3032 478 3064 ultimis
509 3034 751 3075 voluntatibus,
784 3038 915 3069 rationis

50 3073 103 3105 est.
128 3071 180 3103 sed
197 3072 266 3111 quis
286 3071 440 3104 Veterum
459 3075 568 3106 docuit
584 3075 806 3116 Hotmanum,
829 3087 916 3110 man-

47 3115 178 3149 datum,
200 3113 335 3144 duorum
355 3114 505 3146 consensu
526 3117 721 3156 persec'tum,
746 3120 850 3151 actum
870 3120 914 3152 ul-

50 3155 135 3186 timae
159 3154 331 3185 voluntatis
346 3178 355 3192 ‚
381 3165 445 3187 non
472 3159 668 3191 contractum
694 3161 778 3191 inter
800 3161 912 3201 vivos,

48 3195 175 3227 videri?
192 3204 288 3227 nemo
304 3205 391 3228 unus.
409 3207 598 3238 quamquam
616 3202 714 3232 utitur
729 3201 911 3235 Hotmanus

48 3237 234 3270 austoritate
251 3237 367 3278 Juliani
389 3238 409 3272 l.
432 3243 478 3274 18.
503 3239 532 3281 §.
552 3251 581 3273 2.
601 3242 644 3275 D.
661 3244 808 3276 demonis
823 3245 910 3286 causa

956 2502 1165 2533 donationibus.
1190 2500 1297 2533 Verba
1310 2500 1448 2541 Juliani‚
1471 2501 1493 2533 ss
1511 2503 1581 2543 quis
1600 2504 1755 2545 inspicere
1772 2514 1829 2538 ve-

956 2544 1011 2580 lit,
1035 2542 1176 2584 apposui.
1213 2552 1249 2574 ea
1266 2544 1362 2574 verba
1379 2542 1458 2574 sunt.

998 2584 1081 2616 Titia
1104 2584 1294 2624 chirographa
1320 2584 1477 2615 debitorum
1492 2586 1632 2626 suorum,
1656 2588 1828 2629 Septicii&

1039 2625 1166 2664 Maevii,
1189 2628 1335 2656 donatura
1363 2625 1421 2655 illis
1439 2626 1554 2667 Ageriae
1572 2629 1668 2662 dedit:
1694 2629 1731 2664 ὅ)
1745 2641 1830 2674 roga-

1036 2668 1083 2697 vit
1105 2676 1166 2698 eam
1185 2689 1194 2702 ,
1226 2672 1260 2698 ut
1284 2677 1316 2698 ea
1334 2690 1345 2707 ,
1367 2665 1397 2704 fi
1421 2666 1584 2708 deceſjiffiet,
1607 2670 1664 2701 illis
1689 2672 1786 2707 darem
1801 2671 1830 2711 Ji

1038 2707 1246 2748 corzvaluiffet,
1262 2706 1321 2746 fibi
1344 2708 1488 2740 redderer:
1510 2718 1598 2741 morte
1611 2712 1728 2752 seciam,
1752 2713 1829 2745 Μτε·

1036 2751 1088 2780 via
1110 2748 1196 2780 'Deice
1213 2748 1282 2789 filia
1299 2750 1376 2780 heres
1391 2751 1506 2782 extitit.-
1529 2752 1640 2792 Ageria
1656 2761 1771 2794 aulem,
1795 2760 1829 2786 uc

1037 2796 1141 2831 rogata
1156 2797 1218 2821 erac
1230 2814 1239 2829 ‚
1259 2791 1445 2833 chirographa
1464 2792 1585 2833 Septicio
1602 2794 1638 2829 {9⁹
1656 2795 1765 2827 Maevio
1781 2800 1828 2833 su-

1033 2832 1205 2872 prascriptis
1229 2833 1316 2864 dedic.
1362 2833 1515 2877 Quaeritur
1530 2858 1540 2873 ‚
1557 2835 1586 2872 fi
1614 2837 1726 2868 Mer-via
1750 2832 1827 2867 heres

1032 2874 1181 2912 summam
1199 2883 1260 2915 quae
1273 2876 1447 2913 debebatur,
1463 2884 1503 2906 ex
1520 2877 1714 2919 chirographis
1716 2879 1825 2918 supra-

1029 2915 1149 2953 scriptis
1169 2920 1265 2955 petat,
1289 2916 1335 2946 vel
1363 2917 1426 2956 ipsa
1442 2917 1649 2959 chirographa:
1673 2929 1711 2949 an
1726 2926 1827 2957 excep-

1041 2956 1116 2986 tione
1140 2956 1255 2988 excludi
1278 2957 1386 2998 poffit?
1410 2957 1588 2998 Respondit,
1613 2960 1755 2990 Maeviam
1777 2959 1825 2989 vel

1031 2996 1114 3044 pasti
1128 3001 1262 3030 conventi
1274 3000 1321 3030 vei
1339 3000 1396 3031 doli
1410 2999 1480 3030 mali
1494 3002 1656 3041 exceptione
1663 3000 1826 3040 summove-

1036 3047 1062 3068 n
1100 3048 1113 3070 o
1138 3049 1160 3071 e.

956 3076 1019 3109 Sed
1034 3038 1160 3113 nilsilffad
1176 3090 1240 3113 rem
1253 3082 1559 3123 pertinetJulianus3
1577 3080 1712 3121 speciem
1729 3091 1826 3123 quam

957 3119 1068 3152 tractat
1085 3121 1368 3156 considerantibus.
1395 3133 1459 3155 non
1480 3123 1524 3154 est
1534 3123 1616 3153 enim
1635 3123 1665 3153 in
1685 3133 1720 3154 ea
1739 3133 1829 3158 man-

955 3161 1082 3200 datum,
1108 3164 1149 3195 de
1174 3172 1239 3204 quo
1271 3167 1458 3206 quaerimus:
1481 3165 1579 3204 magis
1603 3163 1829 3199 fideicommis-

953 3201 1017 3234 sum
1043 3204 1090 3236 est
1107 3228 1116 3243 ‚
1143 3207 1229 3247 qur-d
1256 3207 1418 3247 egreditur
1444 3204 1614 3278 profofitae
1639 3207 1825 3244 quaestionis

951 3246 1118 3278 terminos.
1164 3247 1295 3288 Species
1315 3245 1455 3318 haecLelst.
1529 3247 1581 3278 itia
1600 3256 1670 3279 curn
1694 3248 1827 3282 haberet

1454 3297 1472 3328 3
1744 3292 1824 3325 duos
