2036 3495
440 96 505 133 An
533 97 623 133 Lii3.
649 93 708 131 111.
746 95 848 130 Tir.
876 94 918 130 Il.
955 93 1007 131 De
1027 95 1075 131 his
1089 96 1463 148 qiiiiiotcinturi'nsciiizia.

52 191 80 221 cl.
91 188 109 219 1.
121 187 186 230 3.§.
198 197 228 220 2.
252 187 341 232 Quid
358 197 435 229 ergo
452 187 522 220 est?
544 185 746 233 meojudicio
757 185 845 233 yult‚
863 186 931 219 stel-

51 231 207 263 lionatum
231 240 271 260 eo
290 254 299 269 ,
321 233 406 271 quod
424 240 489 261 non
509 229 555 260 est
575 228 737 270 publicum
753 228 905 268 judicium
919 251 929 268 ‚

50 281 118 304 non
137 271 301 310 impediri,
318 281 382 311 quo
399 272 501 303 minus
511 272 661 302 damnato
676 269 847 308 aliquando
858 280 930 317 pos-

50 313 88 346 fit
105 314 244 354 irrogare
260 312 432 345 infamiam.
448 311 611 344 indefinita
627 311 772 356 nimirum
790 311 928 357 locutio-

50 365 93 388 ne
111 356 226 396 (quarn
245 355 274 386 ἃ
289 357 381 395 capite
401 365 446 386 12.
465 353 535 385 dieii
553 353 657 393 Operis
675 353 840 384 oblervaVi
861 363 891 384 in
908 353 926 385 l.

51 407 104 437 41.
121 396 161 427 D.
179 397 212 427 de
221 398 304 436 pign.
324 395 380 427 αὲἶ.
401 397 428 428 ἃ
441 405 517 427 mox
533 395 562 426 in
582 396 646 425 hoc
663 393 779 425 Editio
795 402 926 426 amiota-

52 439 98 470 bo
115 447 155 469 ex
181 445 288 469 mente
308 436 456 468 Praetoris
483 437 521 468 ad
547 436 664 474 verba,
688 436 836 468 Pacilusve
852 437 926 477 erit)

52 480 118 511 hoc
137 481 235 510 modo
253 488 311 520 pro
330 479 527 518 particulari,
552 477 635 518 quasi
655 479 774 509 tutiore
791 487 925 518 accepta

54 531 94 553 ex
113 529 276 560 praecepto
298 521 418 560 Apuleji
431 520 520 557 ‚fane
537 520 667 560 egregio
686 520 716 551 ὃς
734 521 786 550 1110
804 530 923 566 oppor-⁸

53 571 144 594 tuno.
186 561 220 593 ld
240 561 362 602 Apuleji
381 570 597 602 praeceptum,
622 563 695 601 quia
714 571 777 592 non
793 570 923 607 memini

52 605 93 635 ab
110 604 176 635 aliis
192 602 306 634 adferri
324 612 474 642 usquam,
491 605 704 634 omittendum
717 613 781 633 non
799 612 925 640 putaVi:

52 646 98 677 est
113 652 217 675 autem
237 654 276 676 ex
291 644 339 675 lib.
360 654 389 685 3.
404 644 451 675 De
468 645 647 684 Philosophia
663 645 743 676 tale:
766 644 925 684 Uni->uersa-

53 688 92 718 les
103 688 192 725 siim,-
215 691 247 716 ut
258 686 465 725 orimejpiriuis
479 689 575 717 vivit:
592 687 654 717 alise
666 687 878 726 particulares,-
893 690 926 715 uc

51 730 182 769 quaedam
196 727 334 757 animalia
351 737 409 758 non
426 730 555 768 spirant:
574 729 636 760 cilice
652 728 827 767 indefinitam
846 734 878 757 ut
896 737 926 773 ci-

51 769 255 808 muzal-spirat.
280 778 336 799 noti
352 770 426 799 enini
442 770 562 808 iiefiriic,
588 777 689 800 uirum
707 779 804 806 omne,
820 778 859 799 cm
874 769 926 798 cili-

49 812 134 852 quod.
153 812 196 841 led
215 817 367 849 tamenim
376 811 550 851 particulari
563 817 670 852 semper
684 811 779 842 valet:
794 820 864 850 qma
880 817 926 839 iii-

50 854 110 883 zius
125 849 161 892 eft
177 852 225 888 irl,
242 862 278 882 ex
294 853 401 883 intereo
412 856 553 892 accipere,
569 855 644 894 quod
660 855 755 883 minus
764 851 825 899 est.-
839 851 927 896 ll'taeqc

50 904 101 926 res
119 893 181 924 eil:
199 893 416 933 stellionatus,
434 894 489 925 etsi
506 904 569 925 non
587 894 623 925 iit
639 895 799 935 publicum
816 897 927 938 judiei-

50 944 102 966 um
121 944 162 965 ex
180 944 245 974 quo
263 934 386 975 semper
404 936 587 967 damnatum
606 936 745 975 lequitur
760 934 890 980 infamia
907 934 925 964 1.

50 985 81 1017 7.
102 975 143 1006 D.
169 977 202 1006 cle
221 977 346 1017 publicis
367 978 507 1018 judiciis:
530 977 574 1009 illi
592 985 698 1009 tamen
716 978 834 1022 irrogat
850 974 926 1006 infa-

48 1019 145 1050 miam
157 1041 166 1055 ‚
182 1017 213 1048 id
233 1020 298 1056 eit,
315 1027 384 1049 cam
400 1019 505 1058 potest
521 1019 672 1060 irrogare.
704 1017 756 1049 Sic
772 1021 836 1058 iple
854 1026 927 1048 cen-

51 1060 124 1090 seo:
151 1064 179 1089 (11
198 1067 297 1098 porro
318 1061 422 1098 probo
441 1061 552 1099 valde,
575 1061 683 1101 (quod
699 1060 761 1100 jam
776 1067 849 1105 ante
867 1058 926 1090 Cu-

49 1101 148 1141 jacius
164 1100 212 1132 lib.
236 1109 279 1132 10.
298 1101 419 1141 Observ.
437 1113 460 1133 c.
475 1106 523 1133 26.
539 1101 927 1147 animadvertit)interes-

50 1142 102 1180 se,
128 1151 232 1173 utrum
249 1142 333 1173 actio
350 1153 422 1174 cum
442 1153 502 1182 qua
521 1144 686 1174 concurrit
711 1142 927 1186 stellionatus,

51 1183 174 1215 famosa
197 1183 250 1221 sit,
275 1194 311 1215 an
331 1194 394 1215 nori
415 1184 469 1216 fit:
494 1194 565 1216 nam
590 1184 803 1229 stellionatum
822 1192 928 1222 priore

52 1229 126 1256 calu
146 1227 296 1256 damnato
313 1226 452 1266 irrogare
468 1226 649 1258 infamiam:
668 1224 844 1270 poster-iore
863 1233 927 1254 non

52 1277 155 1307 aeque.
180 1267 226 1297 Sit
244 1276 331 1306 prior
346 1267 473 1298 cal‘usin
490 1267 509 1298 l.
525 1272 559 1298 16
581 1267 642 1308 §.L
655 1266 687 1297 D
708 1268 858 1312 dengner.
870 1264 926 1309 ciffi.

53 1308 76 1340 fi
92 1309 220 1339 debitor
236 1317 300 1338 rein
312 1309 444 1339 alienam
456 1309 615 1348 ignoranti
633 1309 785 1353 credit-ori
805 1316 863 1346 pro
878 1307 928 1353 lua

53 1350 221 1390 obligavit.
239 1358 309 1380 narn
327 1350 433 1381 locum
445 1350 540 1381 habet
557 1349 760 1390 pigneratitia
770 1356 929 1395 contraria

52 1392 136 1422 attio
154 1400 222 1430 quae
233 1400 296 1421 non
314 1392 356 1421 est
374 1391 504 1422 famosa.
528 1400 606 1432 ergo
625 1400 684 1422 nec
698 1388 854 1435 famosum
872 1398 932 1420 erit

50 1433 204 1473 judicium
229 1432 435 1465 stellionatus.
468 1432 626 1473 posterior
651 1433 738 1463 caius
761 1430 886 1462 fuerit:
910 1430 931 1462 fi

54 1475 124 1514 quis
141 1483 262 1505 merces
279 1483 355 1514 quas
372 1474 450 1506 mihi
468 1474 565 1506 debet
583 1484 622 1505 ex
640 1473 785 1513 stipulatu
797 1497 805 1511 ‚
823 1482 932 1503 corru-

54 1517 139 1556 perit
156 1516 232 1546 dolo
249 1517 353 1554 malo,
377 1516 407 1547 &
425 1518 541 1547 deinde
566 1516 731 1546 tradiderit
746 1522 933 1561 corruptus3

55 1566 123 1588 non
140 1557 199 1587 erit
214 1557 272 1587 alia
291 1557 375 1588 astio
398 1558 521 1596 civilis,
545 1567 639 1598 quam
665 1559 705 1587 de
732 1557 821 1587 dolo.
847 1565 933 1596 atqui

56 1598 111 1629 illa
127 1596 172 1628 est
187 1597 324 1630 famosa:
341 1600 401 1629 erit
420 1599 515 1639 igitur
531 1598 596 1631 hoc
611 1597 679 1630 casu
697 1598 724 1628 <Sc
740 1597 935 1644 stellionatus

56 1638 210 1680 judicium
229 1638 394 1671 famosum.
436 1639 505 1671 Hac
520 1641 568 1671 via
585 1641 643 1671 ivit
661 1639 819 1680 Cujacius.
844 1640 936 1670 aliam

60 1679 214 1720 iugi-effus
237 1680 400 1712 Salmasius
418 1680 465 1712 De
481 1683 557 1712 modo
581 1681 738 1722 usurarum
755 1691 778 1712 c.
804 1691 850 1720 14.
865 1689 934 1723 pag.

60 1726 131 1762 588.
152 1720 203 1752 sed
223 1724 347 1761 praestat
368 1723 418 1753 illa
438 1722 577 1763 Cujacii3
599 1723 696 1754 etiam
716 1732 800 1755 mea:
824 1725 937 1768 Salina-

60 1762 92 1794 fii
112 1763 339 1795 emendatione
361 1763 393 1795 in
414 1765 473 1796 (1.1.
493 1775 521 1797 2.
552 1774 609 1802 pei·
626 1765 709 1796 hanc
725 1766 818 1806 plane
833 1767 936 1806 luper-

58 1814 167 1836 vacua.
210 1804 272 1836 Sed
290 1806 388 1837 redeo
406 1806 446 1837 ad
464 1805 622 1838 Edictum.

100 1847 156 1877 Ait
169 1846 311 1886 anor,
330 1847 508 1879 Damnatus.
527 1847 603 1879 Non
615 1848 709 1888 igitui-
718 1855 809 1880 notat
817 1848 934 1888 furem,

60 1887 116 1919 nifi
135 1887 328 1920 damnatum.
364 1887 453 1921 Talis
472 1889 516 1921 est
533 1890 697 1922 damnatus
715 1891 868 1921 leritentia
885 1890 935 1930 Ju-

60 1929 150 1960 diciS.
174 1939 214 1960 ex
230 1930 459 1970 compromiss'o
476 1931 560 1962 criim
579 1932 716 1971 arbiter,
732 1931 753 1963 fi
772 1933 855 1963 dicat
871 1932 934 1964 sen-

59 1971 212 2009 tentiam,
236 1971 399 2004 infamiam
416 1982 480 2004 non
502 1972 598 2004 facit:
621 1974 696 2014 quia
713 1983 777 2005 non
794 1983 849 2013 pei·
866 1984 932 2006 om-

31 2016 35 2018 ·
56 2012 109 2043 nia
125 2011 280 2044 sententia
305 2013 350 2044 est
371 2014 392 2044 l.
418 2023 464 2055 13.
484 2014 512 2056 §.
531 2025 561 2055 5.
581 2014 623 2045 D.
641 2015 668 2046 h.
689 2021 707 2046 t.
735 2023 769 2046 ut
789 2016 841 2046 suo
859 2016 934 2047 loco

58 2054 235 2093 apparebit.
280 2053 315 2085 In
333 2053 401 2095 ipso
417 2064 547 2096 quoque
570 2055 702 2095 Judice‚
726 2066 878 2097 quantum
897 2059 936 2089 ad

58 2093 223 2126 infamiam
241 2097 399 2136 pertinet,
416 2098 552 2129 multum
568 2097 698 2129 interest
713 2100 744 2129 in
760 2100 849 2130 caula
866 2109 934 2139 qiiae

61 2137 232 2176 agebatur,
247 2137 334 2168 causa
349 2141 479 2178 cognita
494 2139 863 2180 aliquidpmnuntiatuin
880 2141 915 2172 lit
926 2165 935 2180 ‚

61 2186 101 2208 an
119 2181 262 2216 quaedam
283 2180 479 2212 extrinsecus
496 2181 553 2212 (int
573 2181 718 2213 elocuta:
741 2191 813 2214 nam
829 2192 869 2214 ex
888 2184 935 2215 liis

61 2217 192 2250 infamia
210 2229 274 2250 non
292 2221 447 2262 irrogatur
463 2223 490 2252 cl.
509 2222 528 2253 l.
551 2231 597 2263 13.
614 2223 642 2264 §.
658 2227 688 2254 6.
714 2233 786 2255 cum
805 2225 933 2256 interlo-

60 2261 151 2290 cutio
173 2270 238 2292 non
263 2261 379 2293 habeat
402 2263 706 2296 condemnationem
721 2289 732 2304 ,
765 2275 871 2305 eoque
894 2276 935 2298 ne

58 2299 217 2332 sententia
235 2303 366 2342 quidem
385 2304 550 2344 videatur3
572 2306 639 2337 imo
664 2316 681 2337 a
705 2307 881 2346 sententia,
907 2308 937 2339 &

58 2351 96 2374 1-0
111 2343 250 2383 judicata
266 2344 484 2386 distinguatur.
501 2345 565 2377 sola
580 2348 801 2388 igituiJndicis
812 2348 936 2381 senten-

61 2384 105 2414 tia
123 2394 210 2424 quae,
239 2386 328 2417 causa
345 2388 492 2427 cognita,
517 2388 605 2419 litem
623 2387 693 2420 finit
710 2390 915 2423 damnatione
927 2414 937 2430 ,

61 2425 243 2459 damnatum
262 2427 413 2460 infamem
434 2428 524 2460 facit.
556 2432 644 2470 quod
659 2430 681 2462 fi
697 2432 736 2462 ad
751 2433 938 2472 postulatio-

61 2475 136 2499 nem
159 2469 311 2509 patroni,
342 2471 595 2503 interlocutione
611 2471 731 2511 Judicis
756 2473 938 2513 responsum

64 2509 141 2546 quid
157 2509 219 2548 est,
235 2519 434 2551 nequaquam
452 2512 515 2543 hoc
532 2513 693 2546 infamiam
711 2516 829 2556 irrogat
846 2516 865 2546 l.
890 2526 937 2557 17.

66 2548 100 2580 C.
117 2550 144 2580 h.
161 2555 182 2582 t.
209 2560 246 2582 ac
265 2553 356 2584 valde
374 2553 480 2592 probo
498 2554 562 2585 hoc
580 2555 686 2588 Carini
705 2557 735 2588 ὅ(
751 2556 938 2589 Numeriani

66 2589 86 2620 l.
106 2599 151 2626 19.
174 2592 207 2623 C.
226 2594 255 2623 d.
270 2599 291 2623 t.
328 2594 511 2626 Inierlocutia
529 2596 660 2635 Praefidis
677 2608 739 2639 qziae
756 2599 865 2630 indicia
882 2598 939 2640 est,

66 2630 202 2670 infamem
215 2642 278 2664 eum
289 2634 321 2664 (ie
334 2645 388 2675 quo
404 2638 507 2677 qziaeris
517 2661 526 2676 ‚
539 2638 634 2679 feciffe
650 2650 707 2670 non
722 2642 839 2671 vitietur
849 2664 858 2679 ‚
874 2652 940 2672 cum

66 2680 125 2702 non
132 2673 296 2712 specialiter
308 2677 339 2705 ob
352 2677 509 2717 injuriam.
519 2680 566 2710 vel
577 2681 725 2721 aciiniffam
738 2684 800 2713 vim
814 2685 940 2714 tondem-

67 2718 157 2744 mizus
173 2713 232 2750 fit:
248 2718 299 2754 sed
321 2717 364 2747 itti
389 2718 521 2757 Proesidis
536 2723 626 2752 verbis
642 2731 810 2764 gravatus,
835 2724 871 2758 &J
889 2726 937 2756 ad·

66 2756 212 2794 monitus,
227 2762 260 2786 uz
269 2758 306 2787 ad
316 2757 438 2789 melioris
451 2762 518 2791 vicoe
526 2764 642 2804 frugem
654 2771 682 2802 se
693 2765 836 2805 reformet.
861 2765 941 2797 Sunt

67 2794 140 2827 haec
154 2796 248 2828 clara.
271 2796 337 2829 Nili
355 2800 500 2832 tenebras
516 2803 656 2835 offundit
670 2805 841 2846 Ulpianus,
858 2808 876 2838 l.
891 2817 939 2847 ‘3²-

65 2837 112 2868 D.
129 2838 162 2868 de
173 2839 285 2877 pinnis,
308 2838 356 2870 his
373 2841 489 2872 verbis.
529 2844 562 2874 Si
586 2845 690 2885 Praeses
713 2849 760 2878 vel
774 2842 942 2892 jzidex‘z'ta

69 2879 258 2910 interlocutus
268 2879 327 2918 fit,
344 2881 406 2912 vim
417 2881 518 2914 fecisti
530 2894 539 2923 ;
548 2884 577 2922 fi
591 2889 703 2927 quidem
718 2899 754 2920 ex
770 2890 920 2921 internicio
931 2914 940 2928 ,

68 2930 127 2951 non
151 2921 205 2951 erit
229 2927 367 2960 notatus,
390 2931 441 2953 nec
461 2930 546 2964 poena
570 2927 658 2967 Legis
682 2929 774 2969 Jiilz'ae
788 2935 942 2973 sequetur:

60 2960 92 3001 fi
108 2971 175 2993 vero
192 2971 229 2994 ex
252 2964 388 3002 crimine,
406 2965 487 2995 aliud
505 2964 553 3007 est.
579 2968 678 3012 Quid,
690 2970 718 3008 fi
731 2981 788 3003 non
804 2970 941 3013 instinxe-

67 3004 109 3035 τῖε
127 3003 251 3043 Prreses,
276 3011 377 3035 ulrum
392 3005 480 3046 Julici
496 3008 674 3046 publicorum
691 3034 700 3049 ,
725 3023 763 3043 an
779 3014 867 3053 ιῗιιιια
883 3015 943 3054 pri-

65 3044 229 3076 vatorum?
253 3052 324 3077 tunc
349 3055 385 3077 ex
411 3049 527 3079 criiiiz‘ne
549 3051 603 3080 erit
620 3049 825 3092 (estimandum.
851 3054 944 3094 sedsi

66 3088 219 3127 utriusque
244 3087 333 3128 Legis
357 3089 483 3120 crimina
505 3091 610 3132 objeeici
634 3099 722 3132 sunt,
744 3098 841 3127 mitior
858 3097 943 3136 Lex,

67 3127 98 3157 id
114 3126 170 3168 est,
191 3129 392 3169 privatorum,
418 3132 472 3161 eric
494 3134 644 3173 sequenda.
687 3135 751 3167 Sed
775 3137 880 3169 lucem
899 3137 942 3170 fa-

69 3169 153 3206 ciet,
170 3171 257 3209 quod
274 3170 342 3202 liaec
360 3169 429 3203 Lex
445 3171 490 3203 est
507 3183 546 3204 ex
565 3173 692 3216 Ulpiani
711 3177 765 3209 lib.
782 3183 812 3210 6.
838 3180 886 3211 Ad
905 3180 942 3211 E-

69 3209 208 3250 dictum,
233 3212 262 3245 <St
280 3213 356 3246 ideo
374 3213 482 3254 potest
498 3216 651 3260 conjungi
672 3227 746 3257 cuin
760 3221 789 3256 d.
806 3220 826 3255 l.
848 3230 892 3264 13.
910 3222 939 3266 §.

1814 109 1858 142 61

974 190 1005 218 6.
1031 197 1099 228 quae
1125 187 1170 220 est
1194 199 1236 221 ex
1258 191 1376 223 codem
1402 192 1496 224 libro.
1520 190 1562 225 sic
1578 193 1664 226 enim
1682 194 1852 227 verifimile

974 228 1029 262 fit:
1054 231 1142 270 quod
1167 230 1237 262 haec
1261 234 1377 272 vei-ba,
1401 235 1434 265 Si
1457 235 1562 275 Priiyes
1578 236 1625 266 vel
1637 238 1732 278 judex
1747 239 1789 268 iiii
1805 239 1852 268 in-

974 271 1129 302 terlocutus
1144 271 1186 313 sit
1202 297 1212 311 ,
1236 273 1308 305 Vim
1327 273 1423 315 fecisti
1439 299 1448 314 ‚
1473 287 1537 308 non
1567 276 1636 309 sunt
1660 280 1851 318 accipienda

973 312 1013 342 de
1037 313 1289 345 interlocutione
1315 317 1512 351 extrinsecus
1530 318 1630 352 faeta:
1655 319 1708 351 sed
1725 321 1765 351 de
1783 320 1854 352 fen—

971 354 1072 384 tentia
1097 364 1156 395 qua
1185 355 1302 388 Przel'es
1328 361 1376 389 vel
1407 359 1511 399 Judex
1543 361 1631 393 litem
1657 360 1747 393 finiat
1771 371 1855 394 con-

970 396 1188 428 demnatione.
1221 399 1251 428 id
1279 400 1400 431 evincit
1426 410 1494 433 tota
1521 401 1647 442 Ulpiani
1673 404 1850 444 disputatio

969 436 1008 467 de
1034 436 1185 476 infamia,
1209 440 1315 479 deque
1341 451 1435 481 poena
1454 466 1463 481 ‚
1488 444 1516 475 &
1543 454 1662 484 genere
1690 445 1785 487 Legis
1809 455 1854 477 eic

969 486 1029 518 qua
1049 488 1084 509 ca
1103 488 1198 516 paena
1216 482 1398 514 damnatum
1415 484 1571 525 sequatur.
1604 496 1641 517 ac
1659 487 1786 527 nelcio,
1810 497 1851 518 an

971 521 1088 551 eodem
1115 524 1214 552 inodo
1243 522 1436 556 liiterlocutzis
1458 529 1492 556 de
1511 527 1598 566 plano
1614 529 1792 568 accipiatur
1811 532 1853 560 ab

968 562 1107 601 Ulpiano
1125 563 1145 594 l.
1166 573 1191 594 1.
1209 563 1238 605 ἓ.
1259 573 1283 595 1.
1309 565 1342 595 l)
1377 569 1410 598 de
1428 566 1539 608 constit.
1560 569 1692 610 Princip.
1717 573 1745 601 ὅ(
1764 571 1853 602 Mar-⁵

969 603 1063 634 ciano
1083 603 1102 634 l.
1124 613 1150 635 1.
1167 604 1195 646 ὃ.
1213 616 1242 645 5.
1262 605 1303 638 D.
1321 609 1372 638 Ail
1389 609 1539 641 Seizaiiisc.
1560 609 1670 651 Tzirpz'l.
1705 611 1776 643 Erit
1794 614 1851 653 igi-

970 652 1022 675 tur
1038 644 1140 677 sensus
1155 650 1183 676 cl.
1203 647 1281 686 l.s;2.
1308 649 1337 679 Si
1359 650 1473 682 Prael'es
1489 652 1539 683 vcl
1553 651 1656 691 Juuex
1668 675 1677 690 ‚
1695 653 1855 685 caustico-

970 686 1078 725 gnita,
1102 687 1315 722 interlocutus
1331 691 1394 730 est,
1412 693 1442 723 id
1461 692 1523 730 est,
1551 695 1581 724 in
1601 693 1754 725 sententia
1771 695 1854 726 defi-

971 727 1070 757 nitiva
1097 732 1344 771 pronunciavit,
1369 734 1441 765 Vim
1470 734 1592 766 fecisti:
1615 734 1637 766 ii
1663 737 1793 774 quidem
1811 746 1857 768 ei:

972 768 1164 814 interdietm
1190 780 1254 802 non
1280 774 1340 804 erit
1365 783 1493 808 notatus
1510 799 1519 815 ‚
1547 785 1608 807 nec
1632 786 1728 817 poena
1754 777 1856 819 Legis

969 809 1059 848 Juliae
1088 811 1254 851 sequetur:
1277 814 1296 844 fi
1321 825 1400 847 vei-o
1425 827 1465 848 ex
1493 819 1627 849 crimine
1643 842 1652 857 ‚
1684 819 1769 852 aliud
1795 819 1856 851 est.

972 859 1043 881 nam
1057 860 1132 881 tunc
1149 853 1179 896 dt
1197 853 1327 886 infamia
1346 856 1511 898 sequetur,
1529 860 1556 891 ὅ(
1574 870 1669 901 poena
1690 861 1786 902 Legis
1804 861 1857 901 Ju-

971 891 1031 922 liae.
1075 890 1140 937 Hic
1158 894 1260 925 lenius
1277 899 1331 936 qui
1351 898 1415 930 huc
1432 901 1558 940 fpcssat.
1585 911 1700 934 caetera
1719 913 1789 943 quae
1806 902 1854 934 se-

972 941 1113 973 quuntur
1133 943 1163 964 in
1182 936 1209 965 d.
1230 936 1249 966 l.
1266 946 1305 977 32
1318 962 1327 975 ,
1350 949 1415 970 non
1436 943 1475 973 ad
1491 942 1673 984 infamiam,
1689 954 1796 985 neque
1812 945 1857 975 ad

973 973 1281 1021 hoc-propositum,
1306 979 1357 1012 sed
1379 982 1445 1021 ejus
1468 985 1637 1017 occasione
1662 988 1701 1018 ad
1726 995 1859 1027 poenain

971 1016 1068 1061 Legis
1084 1015 1174 1055 Juliae
1190 1020 1374 1062 pertinent,
1399 1024 1429 1054 ἃ
1445 1024 1521 1057 ideo
1537 1029 1713 1066 prudenter
1728 1029 1860 1060 exaudi-

970 1066 996 1088 11
1015 1058 1148 1089 debent.
1250 1060 1253 1065 “

1015 1097 1121 1144 Norat
1146 1100 1242 1141 igitur
1260 1102 1384 1136 Praetor
1400 1107 1529 1140 demum
1550 1109 1734 1143 damnatum
1751 1121 1791 1143 ex
1808 1110 1857 1143 fa-

971 1142 1066 1172 moiis
1076 1141 1183 1188 causis.
1209 1141 1315 1184 Quid,
1333 1146 1353 1178 fi
1366 1151 1560 1188 provocavit
1571 1153 1764 1185 damnatus?
1781 1152 1865 1193 pen-

974 1183 1072 1212 dente
1086 1183 1209 1222 JudiClO
1225 1189 1470 1229 appellationis,
1489 1194 1634 1224 nondum
1652 1195 1734 1225 inter
1751 1194 1864 1227 famo-

973 1221 1023 1253 sos
1045 1225 1200 1257 habetur:
1225 1229 1298 1266 quia
1313 1229 1441 1262 interim
1460 1241 1531 1264 cuni
1553 1233 1671 1266 effectu
1689 1236 1861 1268 damnatus

972 1273 1043 1309 non·
1065 1264 1121 1296 est.
1151 1269 1239 1306 quod
1257 1268 1278 1300 fi
1303 1273 1411 1303 onmia
1437 1281 1585 1315 tempora
1610 1279 1859 1316 provocationis

972 1306 1056 1346 lupia
1082 1307 1171 1346 lunt,
1193 1318 1281 1355 retro
1296 1312 1437 1353 ,infamis
1456 1315 1510 1347 est.
1543 1319 1688 1355 quamvis
1707 1318 1727 1350 fi
1747 1319 1860 1360 injusta

975 1357 1041 1386 ejus
1061 1349 1233 1388 appellatio
1251 1353 1314 1384 vila
1338 1355 1402 1394 est,
1428 1356 1526 1389 hodie
1544 1361 1649 1391 notari
1667 1368 1768 1401 puto,
1792 1371 1863 1393 non.

974 1398 1063 1420 retro
1080 1398 1210 1423 notatur
1224 1393 1244 1424 l.
1260 1397 1290 1426 6.
1306 1396 1336 1439 §.
1356 1406 1381 1429 1.
1398 1396 1440 1429 D.
1458 1399 1485 1430 h.
1504 1405 1526 1432 t.

1018 1431 1224 1478 Ait-Praetor,
1242 1436 1300 1467 Suo
1318 1441 1432 1470 nomine
1447 1442 1615 1473 damnatus.
1640 1442 1741 1485 Igitur
1751 1444 1864 1476 obser·-

975 1480 1030 1503 vat
1056 1473 1210 1513 Llpianus
1235 1478 1263 1507 d.
1280 1478 1300 1509 l.
1318 1484 1347 1511 6.
1367 1481 1394 1523 §.
1421 1491 1458 1520 2,
1482 1483 1516 1512 Si
1539 1486 1605 1525 quis
1630 1485 1722 1517 alieno
1746 1489 1863 1518 nomine

976 1516 1179 1547 condemnatus
1182 1517 1298 1556 fuerin
1314 1531 1371 1552 noiz
1388 1523 1498 1554 laborat
1516 1526 1660 1565 infamia:
1676 1524 1713 1560 &⁹
1727 1528 1789 1558 ideo
1808 1537 1865 1559 ezec:

973 1563 1147 1596 procurator
1161 1568 1239 1590 meus
1254 1562 1300 1592 vel
1317 1564 1447 1604 defensor
1458 1588 1466 1603 ‚
1481 1566 1528 1595 vel
1547 1572 1643 1605 tutor,
1658 1570 1705 1598 ‘vel
1721 1575 1863 1609 curator,

977 1597 1025 1628 <vel
1039 1598 1114 1628 heres
1124 1622 1133 1637 ,
1149 1600 1233 1638 furti
1250 1604 1296 1634 vel
1310 1614 1346 1636 ex
1358 1605 1619 1647 tiliafiiiiz'lispecie
1634 1610 1865 1651 condemnatus,

978 1640 1106 1678 infamia
1131 1644 1330 1687 notabuntur:
1354 1656 1405 1678 izec
1429 1657 1513 1690 ergo,
1528 1648 1557 1687 fi
1574 1650 1609 1680 ab
1627 1651 1712 1682 inicio
1726 1659 1780 1692 per
1790 1659 1864 1693 pro-

979 1687 1138 1712 curatorem
1153 1692 1240 1725 causa
1255 1689 1370 1728 agitata
1387 1687 1432 1730 ‘st-
1466 1691 1517 1721 Sic
1537 1691 1644 1722 editur
1663 1691 1866 1732 Florentiae;

980 1722 1034 1754 sed
1051 1725 1081 1754 in
1100 1726 1169 1756 aliis
1185 1727 1383 1762 editionibus
1399 1741 1459 1772 pro
1475 1732 1541 1764 Nec
1556 1743 1622 1774 ergo
1639 1734 1702 1772 est,
1719 1734 1786 1766 Nec
1800 1745 1864 1777 ego.

980 1766 1083 1796 multo
1107 1766 1231 1800 melius.
1263 1773 1351 1811 quod
1369 1773 1398 1804 «St
1418 1773 1602 1806 Hotmanus
1619 1777 1747 1807 notavit
1761 1778 1811 1809 lib.
1833 1786 1868 1818 7.

981 1807 1102 1854 Qbserv.
1129 1818 1154 1840 c.
1185 1814 1232 1842 16.
1263 1821 1415 1846 caeterum
1434 1815 1553 1856 speetat
1572 1825 1705 1859 quoque
1721 1819 1760 1850 ad
1777 1819 1866 1852 hanc

980 1848 1228 1896 Euistihpartem
1246 1852 1367 1894 species
1383 1857 1403 1887 l.
1429 1867 1478 1897 14.
1496 1858 1537 1889 D.
1553 1858 1580 1890 h,
1601 1864 1624 1891 t.

1021 1893 1062 1922 Ut
1088 1894 1184 1933 igitur
1208 1897 1279 1935 quis
1305 1897 1432 1931 infamis
1456 1899 1510 1930 fiat
1528 1909 1569 1931 ex
1584 1899 1714 1933 famofis
1731 1902 1865 1935 aelioni-

977 1932 1056 1972 bus,
1079 1943 1215 1974 oportet
1234 1947 1307 1970 eum
1332 1942 1516 1973 damnatum
1541 1941 1606 1973 ess'e
1630 1943 1684 1975 suo
1714 1944 1865 1978 nomine.

978 1974 1182 2016 Quamquam
1211 1980 1318 2019 potest
1336 1982 1487 2014 damnato
1505 1983 1686 2016 conservari
1704 1985 1867 2018 existima·

979 2025 1043 2047 tio:
1066 2016 1087 2048 fi
1111 2019 1140 2049 ei
1164 2020 1349 2060 imponatur
1371 2032 1467 2063 poena
1487 2025 1615 2066 gravior
1638 2027 1719 2057 ultra
1736 2027 1864 2068 legem3

978 2059 1078 2090 modo
1098 2069 1162 2091 non
1180 2061 1215 2092 fit
1233 2065 1427 2103 pecuniaria.
1453 2067 1497 2097 ita
1517 2067 1603 2098 enim
1620 2068 1773 2108 Ulpianus
1788 2069 1870 2100 scri*

980 2101 1026 2131 bit
1041 2102 1061 2131 l.
1083 2109 1128 2142 13.
1146 2101 1175 2143 §.
1193 2113 1221 2142 7.
1240 2104 1281 2135 D.
1301 2106 1328 2137 l).
1349 2112 1370 2137 t.
1404 2107 1432 2138 δι
1452 2109 1540 2139 addit
1558 2117 1617 2148 pro
1635 2111 1807 2150 exemplo:
1831 2111 1866 2142 Si

979 2140 1097 2174 Praeses
1114 2146 1305 2185 relegaverit
1321 2157 1395 2180 eum
1414 2150 1468 2187 qui
1489 2149 1600 2181 debuit
1617 2151 1760 2184 mulctari·
1772 2160 1866 2192 parte

979 2184 1151 2216 bonorum.
1183 2196 1255 2219 narn
1273 2189 1401 2221 duriore
1418 2189 1573 2222 sententia
1590 2192 1652 2223 effe
1671 2202 1744 2225 cum
1763 2203 1804 2225 eo
1822 2195 1866 2228 de

979 2226 1216 2259 existimatione
1234 2229 1440 2264 transactum:
1457 2233 1648 2272 idcircoque
1660 2243 1724 2266 non
1741 2234 1867 2267 0110111-

978 2268 1109 2299 famem.
1134 2268 1225 2301 aliter
1242 2271 1310 2303 acsi
1322 2273 1462 2312 judexin
1479 2275 1568 2306 causa
1586 2275 1664 2306 furti
1683 2285 1743 2308 nec
1760 2277 1865 2309 mani-

980 2308 1053 2340 festi
1066 2308 1148 2341 fecit
1165 2313 1474 2347 condemnationem
1491 2316 1522 2348 in
1542 2317 1767 2357 quadruplum.
1790 2328 1866 2351 nam

979 2350 1022 2382 fic
1042 2360 1211 2385 oneratum
1231 2355 1361 2393 quidem
1384 2366 1474 2389 reum
1498 2366 1594 2398 poena
1617 2359 1727 2398 austa3
1750 2370 1866 2393 verum

981 2394 1063 2424 hanc
1094 2403 1160 2425 rem
1190 2395 1460 2430 existimationem
1488 2399 1517 2429 ei
1549 2409 1615 2431 non
1644 2401 1865 2435 conlervasse:

981 2436 1125 2476 quamvis
1142 2435 1163 2467 fi
1182 2446 1254 2469 eum
1273 2438 1431 2470 onerasset
1449 2449 1545 2479 poena
1569 2451 1634 2473 non
1658 2444 1865 2483 pecuniaria,

982 2486 1054 2508 cum
1066 2486 1106 2507 eo
1118 2479 1306 2511 transactum
1316 2481 1486 2513 videretur.
1503 2481 1555 2513 Sic
1563 2483 1730 2524 Ulpianus,
1739 2486 1866 2525 dicens,

981 2520 1025 2550 ita
1040 2517 1102 2550 esse
1114 2519 1142 2550 &
1152 2520 1361 2553 constitutum
1373 2522 1403 2553 &
1413 2522 1614 2563 responsum:
1631 2524 1696 2556 hoc
1707 2549 1716 2564 ,
1726 2527 1864 2567 opinor,

981 2560 1212 2601 aPapinianol.
1228 2571 1272 2602 15.
1285 2562 1325 2593 D.
1345 2563 1397 2594 Ad
1410 2565 1630 2606 municipalem:
1646 2567 1723 2599 illud
1742 2569 1867 2600 aSeve-

982 2611 1019 2634 ro
1031 2602 1061 2634 δι
1074 2603 1239 2634 Antonino
1256 2605 1274 2635 l.
1291 2614 1319 2642 4.
1338 2604 1371 2636 C.
1388 2605 1415 2637 h.
1428 2611 1449 2637 t.
1472 2606 1515 2637 At
1532 2607 1635 2639 obstat
1653 2608 1767 2641 Macer
1782 2610 1802 2641 l.
1812 2615 1866 2652 63.

983 2644 1026 2675 D.
1045 2646 1078 2675 de
1089 2644 1196 2684 furtis.
1215 2644 1252 2679 ὅ)
1269 2645 1287 2677 l.
1303 2655 1354 2684 110.
1378 2646 1420 2679 D.
1438 2648 1471 2678 de
1486 2648 1615 2690 injuriis.
1639 2649 1707 2682 Nisi
1723 2659 1865 2692 utroque

983 2687 1014 2717 in
1029 2686 1105 2716 loco
1121 2686 1329 2726 accipiendus
1352 2688 1397 2719 est
1419 2689 1460 2721 de
1475 2689 1588 2730 Judice
1606 2692 1659 2730 qui
1678 2702 1765 2724 reum
1785 2693 1866 2724 furti

984 2734 1037 2757 aut
1054 2728 1234 2767 injuriarum
1246 2727 1430 2768 simpliciter
1440 2732 1601 2764 damnavit
1616 2734 1657 2764 ita
1669 2757 1678 2772 ,
1694 2743 1729 2765 ut
1747 2736 1773 2764 ci
1786 2743 1868 2773 prce-

984 2768 1120 2799 servaret
1137 2768 1266 2802 famam.
1291 2772 1378 2810 quod
1395 2780 1460 2804 non
1477 2774 1584 2814 potest
1600 2773 1686 2806 fieri:
1704 2774 1758 2806 nifi
1779 2775 1867 2805 sevc-

983 2810 1078 2841 ritate
1095 2819 1198 2850 poenae
1216 2813 1391 2852 corporalis
1410 2814 1450 2845 de
1466 2815 1700 2848 existimatione
1718 2815 1865 2855 transiga-

984 2859 1043 2882 tur.
1067 2860 1163 2891 atque
1181 2853 1223 2883 ita
1240 2853 1306 2893 ipse
1322 2853 1437 2887 Macer
1453 2856 1473 2888 l.
1487 2866 1533 2889 io.
1551 2857 1580 2899 §.
1601 2867 1628 2888 ρ.
1644 2857 1686 2888 D.
1704 2857 1736 2886 de
1746 2859 1865 2897 paenz's,

985 2894 1016 2924 <St
1033 2894 1164 2932 quidem
1183 2894 1234 2925 lib.
1254 2904 1280 2926 2.
1328 2895 1380 2928 De
1403 2897 1539 2938 publicis
1560 2898 1707 2938 judicie,
1730 2907 1769 2928 cx
1795 2907 1864 2937 quo

985 2934 1068 2965 libi-o
1087 2936 1180 2967 etiarn
1197 2935 1265 2967 funt
1280 2938 1308 2969 d.
1327 2939 1346 2970 l.
1366 2942 1415 2980 63.
1436 2938 1473 2974 {9⁹
1490 2941 1518 2970 cl.
1537 2939 1556 2970 l.
1576 2949 1633 2978 sio:
1656 2947 1762 2977 eoque
1778 2941 1866 2980 opti·

985 2985 1035 3007 ma
1061 2977 1183 3008 ratione
1201 2980 1449 3021 conjunguntur.
1497 2980 1591 3017 Hoc,
1614 2978 1634 3009 ii
1653 2978 1757 3017 judex
1773 2990 1865 3013 rcum

985 3018 1215 3050 condemnavit
1239 3021 1270 3051 i'n
1294 3023 1455 3053 duriorem
1476 3030 1614 3061 poenam.
1660 3019 1769 3061 Quid,
1792 3021 1813 3053 fi
1830 3024 1867 3055 in.

987 3059 1167 3092 leviorem?
1190 3061 1296 3093 nescio
1315 3073 1352 3094 an
1374 3063 1509 3099 interiit,
1535 3062 1610 3101 quid
1628 3063 1731 3102 egerit
1748 3063 1867 3103 judex.

987 3100 1088 3133 narnfi
1105 3103 1368 3136 condemnationi
1382 3105 1534 3144 adjecerit
1551 3102 1703 3147 famosam
1721 3105 1865 3144 causam,

985 3151 1037 3174 aut
1050 3152 1177 3183 poenam
1194 3144 1325 3177 famoi'ae
1343 3146 1439 3176 canl‘ae
1454 3154 1576 3184 opponi
1590 3145 1711 3177 iolitam
1723 3169 1733 3184 ,
1751 3147 1866 3186 utique

985 3186 1149 3217 damnatus
1177 3186 1222 3217 est
1248 3197 1318 3218 reus
1343 3185 1460 3218 famosa
1487 3194 1525 3215 ex
1544 3185 1651 3219 causa:
1675 3196 1735 3219 nec
1757 3188 1866 3229 potest

982 3226 1086 3262 levior
1108 3237 1205 3305 ,gena
1230 3228 1378 3269 efficere,
1403 3236 1442 3261 ne
1461 3225 1587 3262 infamis
1604 3227 1658 3262 fit:
1683 3238 1794 3270 certo,
1818 3230 1868 3304 {af

1166 3278 1184 3311 3
1856 3280 1866 3304 1
