2036 3495
564 107 631 146 An
665 108 757 144 ΜΒ.
787 105 831 144 Χ.
866 109 967 145 Tir.
995 108 1063 144 IV.
1101 108 1378 147 Adcxhibendmn.

62 207 99 240 sit
115 215 198 238 nova
215 202 346 246 species.
365 207 460 234 nemo
476 200 617 246 ignorat,
635 199 679 244 de
692 207 728 230 ea
746 197 837 244 fuiffe
858 198 944 244 litem

63 249 146 282 inter
164 245 366 279 Proculianos
385 244 414 275 ἃ
435 243 634 279 Sabinianos;
649 240 697 285 his
713 247 894 285 materiam,
911 242 945 272 il-

64 290 101 322 lis
116 289 271 327 formam,
287 284 547 327 praeferentibus:
560 283 612 314 sed
628 281 796 314 obtinuiffe
809 283 944 330 mediam

63 329 252 364 sententiam
278 325 564 368 distinguentium3
589 331 693 354 utrum
720 332 808 369 nova·
826 326 945 364 ipocres

63 372 155 415 possit
173 371 282 403 reduci
301 369 339 401 ad
357 375 500 399 veterem
519 367 548 397 &
567 366 678 411 rudem
697 373 882 411 mate-ritum
906 374 944 396 an

64 424 130 447 non
148 413 259 455 poffit:
275 411 305 442 &
325 413 427 450 priore
444 408 513 439 casu
529 406 632 453 Sabini
644 429 653 444 ,
670 405 849 445 posteriore
868 407 944 438 Pro-

63 456 147 493 culi,
169 452 356 486 sententiam
377 450 634 491 approbantium.
659 447 734 479 Hoc
753 456 885 494 apparet
903 457 944 479 ex

65 497 150 536 Gajo
169 496 187 527 l.
204 505 232 536 7.
246 493 276 535 §.
296 503 323 534 7.
341 492 383 523 D.
402 494 435 522 cie
451 493 514 531 adq.
530 499 585 520 rer.
601 490 674 520 dom.
700 499 761 520 nec
780 499 884 521 minus
904 498 944 520 ex

65 538 164 571 Paulo
182 536 289 568 nostro
305 534 324 565 l.
344 543 392 572 24.
410 532 447 567 &⁹
464 535 511 563 26.
525 531 567 562 D.
584 532 642 561 eod.
661 532 706 561 tir.
730 530 782 562 Sic
801 532 885 562 ultro
904 530 945 561 se-

65 578 190 620 quitur,
207 577 282 617 quid
300 575 383 606 idem
401 572 706 619 intenderit-Paulus
725 574 752 603 d.
769 572 788 603 l.
804 582 849 604 12.
867 573 893 614 ᾗ.
913 581 943 612 3.

64 621 170 652 voluit
193 618 360 653 nimirum,
386 615 474 653 vase,
499 615 587 646 verbi
612 622 726 655 gratia,
751 613 895 658 fastoncx
911 623 941 643 a·

63 663 146 695 liena
162 657 283 702 argenti
295 657 387 689 mass'a
399 681 409 696 ,
426 666 498 688 eurn
511 656 598 696 cujus
615 664 782 696 argentum
799 655 878 703 fuit,
895 664 942 686 es-

64 703 95 736 se
112 701 186 734 vafis
204 700 388 732 dominum:
407 699 479 738 quia
497 708 550 729 vas
570 697 674 737 potest
686 697 836 743 conflari,
855 696 941 741 &³5¹

63 752 208 777 veterem
227 742 257 773 &
277 742 388 772 rudem
406 742 527 781 argenti
546 738 671 771 massam
691 740 817 770 reduci:
834 747 870 770 ea
887 747 941 785 igr-

64 794 115 818 tur
131 784 255 817 ratione
273 783 316 814 illi
335 790 523 823 competere
541 789 603 812 tam
614 781 776 825 astionem
796 780 842 826 ad,
855 783 942 810 exni-

64 827 224 864 bendum,
241 833 334 865 quam
352 824 397 855 rei
415 823 685 854 vindicationem:
702 830 733 853 at
749 829 877 868 non-ita
894 829 940 866 es-

62 869 115 908 se;
137 867 157 900 fi
175 868 246 909 quis
272 876 312 898 ex
330 867 399 897 uvis
425 865 503 896 meis
520 863 670 910 mulsum,
696 873 735 894 ex
754 863 847 909 olivis
864 871 942 893 meis

63 911 171 942 oleum
183 933 192 946 ,
217 917 258 940 ex
276 908 345 939 lana
361 916 432 939 mea
450 905 673 938 vestimentum
685 928 695 943 ,
718 904 844 951 fecerit.
869 912 941 934 nam

63 962 133 984 uvae
151 950 215 982 esse
231 949 372 988 deflere,
395 948 483 979 facto
501 947 620 985 mulso,
644 947 674 978 &
693 946 786 978 olivae
805 945 892 990 fail-o
909 954 941 974 o-

63 994 136 1033 leo;
159 1000 220 1025 nec
246 991 362 1023 deinde
389 998 443 1021 aut
461 998 531 1020 uvae
549 996 603 1020 aut
620 989 712 1019 olivae
732 986 850 1019 restitui
870 996 941 1025 pos-

65 1035 146 1067 sunt.
175 1033 317 1065 fimilitei·
333 1032 402 1063 lana
421 1030 612 1062 vestimento
629 1029 735 1068 facto,
758 1038 822 1060 non
839 1028 881 1059 est
899 1029 941 1059 la-

65 1087 104 1109 na
117 1099 127 1115 ,
142 1075 194 1107 sed
211 1075 336 1106 laneum
353 1083 490 1114 corpus;
504 1080 537 1103 ut
550 1072 677 1112 egregie
693 1071 804 1117 Paulus
820 1071 848 1100 d.
864 1069 882 1100 l.
894 1079 942 1116 34.

70 1118 107 1153 ὃ)
126 1120 173 1149 26.
196 1116 369 1157 Eritigitur
384 1114 414 1146 in
434 1115 480 1146 his
496 1113 579 1144 aelio
595 1116 634 1143 ad
652 1112 866 1159 exhibendum
877 1120 942 1150 ejus

67 1160 123 1201 qui
139 1157 276 1199 speciem
295 1157 396 1195 fecit3
419 1155 497 1187 ficut
517 1154 692 1185 vindicatio
709 1153 753 1185 est
770 1163 852 1192 ejus:
876 1161 943 1184 mo-

66 1203 110 1234 do
129 1200 266 1241 speciem
291 1197 406 1230 fecerit
432 1197 487 1228 suo
512 1196 642 1227 nomine
658 1197 688 1241 d.
703 1195 722 1226 l.
743 1204 771 1235 7.
789 1194 816 1236 §.
838 1204 865 1241 Ζ.
891 1203 944 1225 eo-

69 1252 130 1284 que
147 1242 241 1273 etiam
260 1240 344 1271 bona
362 1239 443 1271 fide:
460 1239 630 1278 ignorans,
650 1237 783 1267 alienam
802 1235 863 1282 esse
881 1245 943 1267 ma-

68 1284 178 1315 teriam
202 1292 242 1313 ex
266 1290 326 1321 qua
352 1281 490 1321 speciem
511 1278 603 1310 fecit.
651 1277 728 1309 Hoc
749 1275 827 1323 sedit
845 1277 944 1309 Paulo

67 1327 96 1357 d.
112 1325 132 1356 l.
155 1333 200 1356 12.
210 1323 275 1365 §.3
301 1330 396 1362 atque
413 1322 592 1353 evidenter.
617 1327 691 1363 nam*
705 1317 724 1349 fi
744 1318 880 1357 speciem
898 1318 944 1349 fe-

66 1367 131 1403 cit,
154 1374 226 1396 cum
243 1365 349 1401 sciret,
369 1363 436 1393 liaec
453 1361 554 1393 aliena
570 1359 710 1406 esl‘ez'ait
729 1359 860 1398 Paulus,
879 1359 945 1400 spe-

73 1407 135 1439 ciei
154 1405 319 1437 dominum
334 1404 396 1436 effe
412 1404 464 1444 qui
482 1402 688 1447 materiae‚iu
705 1401 769 1447 est,
794 1410 944 1440 uvarum,

69 1449 246 1485 olivarum,
271 1454 324 1477 aut
343 1446 419 1478 lanae
445 1445 593 1476 dominus
609 1442 688 1473 fuit:
711 1451 762 1489 qui
783 1452 861 1474 vero
880 1442 945 1491 spe-

59 1491 152 1522 'ciem
175 1488 275 1526 fecit,
299 1488 383 1519 hunc
409 1496 473 1518 non
499 1486 562 1517 ess'e
581 1485 646 1525 ejus
664 1484 848 1531 dominum:
873 1494 946 1524 quia

72 1531 261 1572 intelligitur
284 1539 353 1561 eam
379 1527 490 1560 feciffe
509 1528 613 1558 alieno
632 1534 784 1572 nomine3
807 1528 947 1566 ideoque

70 1572 204 1604 domino
221 1579 350 1602 uvarum
362 1592 371 1609 ,
388 1570 543 1600 olivarum
555 1591 564 1606 ‚
589 1568 618 1598 &
639 1567 736 1606 lanae,
753 1569 785 1598 id
803 1567 867 1607 est,
885 1577 947 1599 ma·

72 1614 181 1651 terite,
206 1622 247 1643 ex
270 1621 330 1652 qua
352 1612 472 1642 factum
498 1609 543 1640 est
570 1607 722 1647 mulsum,
746 1609 870 1655 oleum,
893 1617 947 1656 aut

73 1653 298 1686 vestimentum
311 1676 320 1691 ‚
336 1653 374 1684 ad
391 1654 458 1684 haec
473 1650 654 1682 exhibenda
671 1657 771 1696 tene-ri
783 1650 885 1695 ,ficut
898 1660 925 1682 ei
936 1673 946 1691 ,

75 1695 148 1737 post
173 1695 408 1727 exhibitionem
426 1717 435 1731 ‚
471 1690 632 1723 tenebitur
655 1701 700 1722 rei
721 1692 948 1724 vindicatione.

72 1746 146 1770 eum
162 1743 251 1768 certe
270 1736 309 1767 de
326 1733 533 1776 improbitate
560 1732 609 1766 sua
629 1733 751 1765 lucrum
767 1732 892 1773 facere,
917 1735 947 1766 &

72 1779 221 1818 accipere
230 1778 387 1809 atilionem
398 1784 491 1816 quarn
503 1784 566 1806 non
583 1774 710 1810 habuit,
726 1783 792 1806 non
802 1784 945 1816 oportet.

116 1818 461 1859 Concludamusigitur
479 1817 508 1848 &
526 1816 685 1860 dicamus,
702 1824 854 1856 oportere
872 1827 945 1850 eum

71 1862 128 1903 qui
144 1862 183 1893 ad
202 1859 418 1892 exhibendum
438 1859 473 1890 lit
491 1858 632 1896 acturus,
657 1858 781 1897 dicere,
805 1857 856 1890 sua
872 1869 946 1899 pro-

70 1901 322 1945 pter'astionem
338 1910 400 1942 qua
417 1900 533 1931 deinde
550 1898 671 1930 acturus
688 1897 743 1938 fit,
767 1902 943 1940 pecuniari.

72 1952 123 1975 ter
136 1942 303 1982 interesse,
321 1951 388 1974 rem
406 1941 461 1974 fibi
474 1940 631 1971 exhiberi.
648 1948 754 1980 atquo
772 1943 944 1982 ternpore?

68 1983 225 2026 Ulpianus
239 1984 258 2015 l.
270 1993 296 2022 7.
308 1980 335 2026 §.
347 1985 398 2014 ult.
415 1984 443 2015 h.
459 1990 480 2014 t.
505 1981 721 2021 Pomponium
740 1981 882 2022 secutus,
904 1986 947 2016 ait

71 2033 226 2067 oportere
245 2026 312 2066 ejus
335 2032 474 2065 utroque
493 2031 640 2064 ternpore
659 2022 855 2064 interfuisse,
880 2035 946 2059 rem

70 2068 100 2099 ei
118 2067 254 2099 restitui:
272 2067 336 2098 hoc
351 2065 414 2106 est,
430 2066 460 2097 &
478 2073 543 2104 quo
556 2065 593 2096 lis
610 2064 825 2105 contestatur,
841 2068 869 2099 ἀ
882 2077 946 2109 quo

68 2109 107 2142 fit
123 2109 362 2140 condemnatio.
386 2107 416 2139 δε
433 2107 477 2138 ita
493 2104 640 2138 Labeoni
661 2107 799 2146 placere.

112 2150 201 2182 Ultra
217 2151 349 2181 modum
368 2149 477 2180 videar
494 2148 645 2189 diligens:
669 2148 689 2179 fi
709 2147 873 2181 sustineam
892 2152 945 2183 ad-

69 2192 134 2224 huc
157 2192 330 2223 admonere
348 2214 358 2229 ‚
381 2197 535 2231 oportere
560 2189 944 2232 Judicemoegnostere,

67 2243 106 2265 an
135 2233 248 2264 actoris
268 2232 397 2264 interfit.
421 2232 451 2263 id
469 2231 573 2270 enim,
598 2240 670 2263 cum
697 2231 771 2263 facti
793 2232 844 2272 fit,
868 2233 945 2266 scire

71 2275 124 2315 qui
142 2274 268 2316 potest,
283 2273 337 2305 nisi
354 2272 526 2315 cognoscat
544 2274 638 2312 prius.
662 2273 724 2304 Sed
740 2273 877 2306 absolvit
893 2286 945 2307 me

65 2317 107 2348 ab
121 2316 240 2356 ineptia
258 2314 413 2356 Ulpianus
429 2314 448 2346 l.
460 2324 489 2355 3.
506 2313 535 2355 §.
552 2324 580 2351 9.
599 2314 659 2345 lm.
686 2314 878 2355 observans,
893 2317 945 2357 Ju-

66 2358 173 2390 dicem
188 2366 279 2395 aeque
296 2357 415 2388 debere
433 2355 486 2387 hic
512 2363 610 2396 atque
633 2355 707 2387 alibi
725 2357 920 2397 cognoscere
932 2383 943 2398 ‚

66 2407 236 2439 antequam
261 2398 370 2438 jubeat
402 2404 456 2429 aut
481 2404 571 2428 vetet
596 2397 690 2429 fieri:
723 2400 888 2431 enimvero
911 2401 942 2433 in

65 2441 211 2481 prael'enti
231 2439 428 2471 summariam
449 2437 591 2470 sufficere
608 2439 849 2479 cognitionem:
876 2442 940 2482 ple-

66 2491 107 2514 na
122 2482 286 2522 principali
300 2481 419 2520 Judicio
437 2479 604 2512 reservata.
653 2481 748 2521 Igitur
763 2490 827 2513 non
847 2483 941 2514 inter-

67 2524 154 2554 cedit
170 2522 198 2564 §.
221 2532 266 2563 13.
290 2532 354 2563 quo
379 2525 481 2554 minus
507 2523 624 2554 debeat
640 2521 763 2561 Judex,
789 2532 845 2563 per
861 2526 942 2556 arbi-

70 2562 162 2595 trium
179 2563 233 2594 fibi
249 2572 291 2595 ex
314 2564 374 2594 hac
390 2564 515 2596 aCtione
537 2563 755 2602 commistum,
778 2564 872 2597 etiam
889 2576 942 2598 ex⁶

68 2605 236 2644 ceptiones
253 2603 423 2644 aestimare,
447 2615 524 2646 quas
549 2604 701 2644 poffeffor
718 2605 846 2645 objicit:
870 2608 900 2639 ἃ
919 2608 942 2640 fi

67 2654 129 2685 qua
145 2653 208 2676 tam
226 2647 357 2677 evidens
377 2646 432 2685 sit,
448 2655 482 2678 ut
500 2655 648 2688 agentern
667 2646 762 2678 facile
783 2649 938 2688 repellat,

67 2687 186 2718 debere
196 2685 398 2727 possessorem
411 2687 548 2720 absolvi:
566 2688 586 2719 fi
598 2688 782 2726 obscurior,
800 2690 850 2721 vel
868 2699 939 2730 quae

66 2727 184 2759 habeat
201 2728 346 2759 altiorem
365 2729 590 2767 quaestionem,
615 2729 824 2762 differendam
844 2732 874 2770 in
892 2733 939 2763 di-

66 2769 188 2801 restum
203 2768 354 2809 judicium
370 2778 404 2799 re
420 2769 565 2802 exhiberi
578 2770 663 2810 jussa.
689 2774 754 2803 imo
772 2773 815 2802 ait
832 2771 938 2813 Ulpia-

65 2819 145 2849 nus,
161 2810 202 2841 de
220 2810 409 2850 quibusdam
428 2812 673 2851 exceptionibus
686 2813 875 2844 omnimodo
892 2815 939 2854 ip-

65 2851 131 2883 sum
142 2851 261 2883 debere
270 2850 464 2890 disceptare,
482 2853 533 2892 qui
551 2855 590 2884 ad
607 2852 825 2886 exhibendum
842 2855 938 2886 aelio·

64 2902 107 2925 ne
122 2893 257 2932 J'udicat:
281 2893 378 2923 veluti
398 2893 476 2932 paCti
502 2895 675 2934 conventi,
698 2897 764 2928 doli
779 2897 874 2936 mali,
894 2897 939 2937 Ju·

63 2934 249 2974 risjurandi,
273 2934 317 2964 rei
338 2943 406 2973 quae
422 2934 562 2974 judicata
576 2935 631 2967 est.
934 2972 936 2974 v

106 2975 276 3016 Postquam
299 2973 382 3012 dixi,
406 2976 456 3006 cui
478 2984 643 3016 competat
660 2979 697 3010 ad
720 2976 939 3012 exhibendum

64 3017 170 3057 εᾶὶος
193 3016 333 3056 postulat
349 3016 430 3047 ordo
448 3017 592 3055 tractari,
609 3019 754 3051 adversus
772 3030 866 3061 quem
884 3021 937 3052 de-

62 3066 125 3092 tur.
168 3057 244 3090 Huc
269 3059 431 3099 pertinent
448 3057 609 3098 sequentia
629 3059 732 3093 Edisti
751 3062 848 3093 verba
866 3071 936 3101 quae

63 3100 181 3141 collegi
199 3109 240 3132 ex
256 3099 274 3130 l.
294 3109 322 3140 3.
340 3099 366 3140 §.
386 3099 441 3131 ult.
458 3100 484 3131 h.
501 3104 521 3130 t.
547 3101 698 3137 Adversus
718 3112 782 3133 eum
801 3104 853 3144 qui
875 3112 938 3134 eam

54 3139 220 3183 poffidebit‚
237 3141 385 3183 judicium
402 3142 481 3172 dabo.
511 3140 592 3172 Haec
613 3143 707 3175 verba
724 3143 885 3183 indicant,
908 3154 937 3175 a·

1809 124 1875 160 193

988 199 1015 230 d.
1034 198 1053 230 l.
1066 209 1095 240 3.
1112 199 1140 241 §.
1158 209 1188 240 13.
1213 200 1275 232 Sed
1295 201 1325 234 in
1344 211 1412 235 rem
1431 200 1554 244 scripta.
1577 203 1620 234 ita
1638 201 1730 235 datur
1745 203 1875 243 quidem

989 240 1140 273 adverlus
1164 241 1391 281 poss'efforem:
1417 252 1448 275 at
1470 244 1540 285 jure
1563 244 1792 286 obligationis,
1816 255 1874 276 vo-

988 281 1075 312 lente
1095 282 1199 314 EdiCti
1220 284 1388 324 aequitate:
1413 294 1447 317 ut
1471 286 1544 317 alibi
1566 284 1784 318 observamus.

1027 321 1135 355 Datur
1161 323 1256 364 igitur
1281 325 1350 357 liaec
1374 326 1456 358 aetio
1478 328 1626 359 adversus
1645 326 1871 368 poss'css'oremt

988 362 1019 394 δε
1045 365 1129 408 quia,
1149 365 1348 405 intiistinCte3
1371 369 1449 399 nihil
1476 368 1596 408 refert,
1621 369 1721 409 qualis
1739 369 1794 409 fit,
1816 371 1872 410 qui

987 413 1203 443 convenitur-3
1226 408 1351 446 civilis,
1375 418 1413 440 an
1442 411 1599 443 naturalis.
1632 411 1731 444 solum
1759 413 1872 452 quaeri-

987 453 1058 483 tur,
1080 455 1118 477 an
1148 448 1322 486 poliideat;
1346 459 1410 480 non
1433 460 1497 491 quo
1524 454 1641 483 modo:
1665 454 1729 493 pari
1755 452 1874 493 inorn-

987 487 1079 518 nibus
1103 488 1279 519 exhibendi
1306 491 1442 522 ratione.
1469 492 1565 532 quid,
1590 493 1610 525 ss
1633 504 1697 525 non
1715 494 1870 534 possideat:

1012 529 1077 567 uis3
1102 528 1153 560 sed
1183 537 1303 562 tantum
1331 540 1457 570 teneat,
1481 535 1511 564 ὅ(
1534 536 1564 565 in
1590 535 1781 575 poll'cssrone
1805 535 1869 568 sit?

986 538 1092 610 §Eque
1111 570 1164 600 hic
1188 571 1284 602 habet
1311 573 1485 606 exhibendi
1503 575 1753 617 restituendique
1772 577 1872 610 sacul-

988 619 1098 643 tatem.
1123 612 1219 652 igitur
1237 613 1286 644 vel
1303 614 1367 653 ipse
1378 625 1418 646 ex
1436 616 1587 648 Praetoris
1599 626 1708 648 mente
1719 628 1777 657 pro
1798 629 1871 658 pos-

986 652 1101 684 sessore
1119 653 1274 692 habetur,
1293 656 1336 686 ob
1356 655 1593 689 similitudinem
1614 661 1768 698 rationis·‚
1792 661 1869 692 licet

985 695 1127 735 alioquin
1145 696 1210 734 eius
1228 697 1334 728 verbis
1353 707 1417 729 non
1446 701 1661 731 contineatur.
1706 700 1787 732 Haec
1804 702 1871 742 ple-

985 737 1055 767 nius
1081 736 1209 767 traCtata
1237 737 1290 768 sub
1316 737 1453 779 Tauro,
1479 739 1526 771 De
1541 743 1582 772 rei
1596 742 1813 782 vindicatione,
1838 743 1871 774 δε

986 777 1128 818 alioquin
1154 777 1222 809 latis
1247 779 1330 811 clara
1353 790 1393 812 ex
1418 783 1444 813 cl.
1462 781 1480 812 l.
1497 792 1526 823 3.
1544 783 1575 825 §.
1590 783 1643 814 ult.
1661 783 1679 814 l.
1698 794 1726 823 4.
1743 784 1760 813 l.
1779 791 1868 825 5.]ῠνἢ

985 818 1012 860 §.
1035 827 1060 850 r.
1078 817 1204 860 &seqq
1229 819 1282 851 hic
1305 831 1370 854 non
1395 821 1572 856 desiderant
1598 825 1696 864 plura.
1740 824 1870 857 Tamen.

986 861 1281 892 hucrevocaudum
1301 862 1366 894 hoc
1383 863 1469 896 Pauli
1488 866 1507 898 l.
1524 875 1568 897 12.
1586 868 1615 908 §.
1638 876 1662 898 1.
1682 867 1710 898 h.
1728 871 1750 899 t.
1777 867 1871 906 Etsi-

985 901 1171 940 liusfamz‘lias
1187 912 1219 933 ea
1237 903 1348 935 afflone
1373 911 1505 944 tenetur,
1521 906 1551 945 fi
1565 909 1742 948 fucultatem
1760 910 1803 939 ναί
1818 918 1869 939 ea:-

985 943 1112 974 bibendae
1127 944 1219 974 haber.
1245 943 1347 986 Quod
1366 949 1449 978 enim
1465 949 1515 980 hic
1526 951 1716 981 nominatim
1729 948 1762 981 fit
1781 960 1871 982 men-

986 984 1033 1015 tio
1058 983 1252 1017 filiifamilias
1270 1009 1278 1023 ‚
1311 987 1377 1028 ejus
1401 990 1482 1020 ratio
1508 991 1568 1022 est:
1593 999 1627 1022 ut
1650 991 1869 1032 intelligatur,

985 1025 1131 1057 interefl'e
1157 1027 1241 1058 inter
1266 1027 1502 1063 filiumfamilias
1529 1033 1558 1063 ἀ
1583 1032 1725 1066 servum:
1752 1043 1823 1065 nam
1848 1033 1872 1066 ss

989 1067 1094 1099 servus
1117 1069 1246 1108 quidem
1272 1079 1380 1102 teneat
1400 1082 1465 1104 rem
1497 1074 1640 1111 domini,
1665 1074 1745 1107 filius
1761 1084 1869 1107 aurem

986 1109 1123 1141 familias
1144 1120 1209 1141 rem
1228 1112 1343 1151 patris,
1367 1113 1396 1144 <St
1424 1123 1558 1156 uterque
1578 1116 1694 1147 lrabeat
1710 1116 1868 1149 exhiben-

986 1152 1033 1182 dae
1058 1150 1102 1182 rei
1127 1150 1334 1186 facultatem:
1357 1155 1402 1186 est
1428 1156 1510 1187 clara
1536 1157 1717 1189 differentia
1739 1181 1748 1197 ‚
1779 1160 1869 1199 quod

986 1201 1059 1224 cum
1078 1192 1169 1224 servo
1187 1194 1271 1226 nulla
1289 1196 1372 1227 actio
1391 1196 1455 1236 est3
1481 1199 1531 1230 led
1551 1209 1623 1230 cum
1648 1201 1715 1240 ejus
1735 1200 1869 1232 domino

987 1233 1042 1265 est.
1067 1244 1179 1266 contra
1200 1236 1305 1276 potest
1330 1237 1547 1272 filiusfamilias
1572 1251 1611 1272 ex
1628 1242 1777 1273 omnibus
1798 1252 1871 1273 cau-

989 1274 1046 1314 fis,
1071 1284 1233 1317 tamquam
1264 1279 1510 1320 paterfamilias,
1533 1284 1712 1314 conveniri.
1738 1292 1802 1315 non
1820 1292 1871 1314 te-

989 1326 1082 1348 netur
1095 1318 1190 1359 igitur
1205 1319 1310 1351 servus
1331 1321 1390 1352 hac
1407 1323 1554 1362 stelione,
1580 1324 1654 1355 licet
1674 1333 1782 1356 teneat
1800 1334 1870 1357 rem

990 1359 1019 1390 ὁ(
1031 1359 1146 1390 habeat
1161 1360 1336 1394 exhibendi
1353 1362 1561 1404 facultatem3
1582 1364 1633 1397 sed
1649 1365 1870 1398 filiusfamilias

989 1401 1034 1431 ob
1059 1410 1145 1440 rem,
1170 1411 1262 1442 quam
1287 1412 1378 1444 pater
1403 1406 1562 1446 possidet,
1588 1407 1711 1446 potest,
1736 1408 1756 1439 si
1781 1409 1871 1440 exhi-

990 1442 1086 1473 bendi
1112 1442 1297 1476 facultatem
1325 1445 1442 1486 habet,
1468 1448 1528 1479 hac
1544 1448 1671 1480 afflone
1688 1449 1869 1481 conveniri.

990 1483 1025 1514 In
1046 1485 1259 1525 municipibus
1285 1496 1416 1527 quoque
1442 1488 1505 1520 fuit
1530 1490 1728 1530 dubitatum,
1752 1501 1788 1522 an
1815 1492 1869 1524 vel

991 1525 1047 1565 ipsi
1073 1526 1132 1557 hac
1156 1528 1282 1559 actione
1309 1537 1486 1561 teneantur.
1511 1540 1599 1563 extat
1615 1531 1667 1564 illa
1686 1532 1820 1573 quaestio
1836 1534 1870 1566 in

990 1567 1010 1597 l.
1029 1577 1056 1607 7.
1072 1567 1142 1609 §.3
1159 1569 1187 1600 h.
1206 1575 1227 1600 t.
1253 1570 1297 1601 ait
1322 1579 1428 1602 autern
1449 1571 1621 1612 Ulpianus;
1647 1574 1677 1605 dt
1695 1583 1754 1614 pro
1773 1574 1870 1606 ratio-

989 1617 1032 1640 ne
1057 1612 1163 1641 addit:
1188 1611 1259 1651 quia
1276 1611 1413 1649 facultas
1427 1613 1465 1653 eft
1488 1613 1666 1654 restituendi.
1691 1624 1758 1647 tum
1778 1615 1872 1656 subji-

991 1651 1052 1681 cit:
1076 1651 1159 1682 Nam
1175 1651 1211 1686 ὃ)
1222 1652 1358 1693 poffidere
1378 1654 1413 1688 {5⁹
1431 1658 1584 1697 usucapere
1599 1665 1641 1687 eos
1653 1657 1729 1697 poffe
1744 1656 1868 1698 constat.

991 1691 1074 1723 Cum
1092 1692 1152 1731 ait,
1176 1693 1260 1725 Nam
1277 1694 1333 1731 δ’,-
1352 1697 1498 1728 voculam
1510 1721 1519 1736 ,
1535 1698 1638 1735 Nam,
1655 1699 1767 1739 accipe
1785 1708 1869 1740 pro,

985 1741 1141 1774 praeterea:
1157 1743 1190 1765 ut
1210 1735 1300 1775 l‘aepe.
1326 1736 1405 1768 Rem
1424 1746 1529 1771 autem
1549 1738 1717 1771 confirmat
1735 1741 1753 1772 l.
1775 1750 1802 1772 2.
1823 1740 1868 1773 D.

988 1777 1022 1807 de
1038 1776 1222 1817 adqpoffeff.
1249 1777 1377 1810 Deinde
1405 1780 1447 1810 ait
1472 1780 1627 1822 Ulpianus
1653 1783 1682 1812 d.
1706 1782 1725 1812 l.
1743 1791 1770 1823 7.
1789 1781 1816 1824 §.
1835 1792 1867 1824 3.-

988 1819 1068 1849 Idem
1088 1817 1123 1852 δ’
1144 1819 1175 1848 in
1191 1819 1315 1860 collegiis
1340 1822 1502 1863 ceterisque
1526 1823 1689 1863 corporibus
1711 1825 1867 1855 dicendum

988 1857 1037 1900 est.
1061 1858 1137 1891 Non
1156 1869 1213 1891 ero
1231 1860 1356 1901 gravis:
1375 1862 1393 1894 [i
1413 1864 1568 1895 addidero
1586 1873 1740 1905 praeterea
1754 1889 1761 1903 ‚
1779 1866 1869 1905 quod

989 1902 1028 1931 ab
1054 1902 1166 1932 eadem
1192 1905 1317 1934 ratione
1335 1913 1373 1934 ex
1393 1905 1555 1936 contrario
1575 1915 1687 1938 monet
1708 1905 1867 1946 Ulpianus

987 1944 1014 1973 d.
1031 1942 1048 1973 l.
1065 1953 1095 1982 5.
1113 1945 1140 1985 §.
1154 1943 1208 1974 ult.
1225 1944 1244 1975 fi
1264 1945 1332 1984 quis
1352 1955 1416 1977 non
1435 1946 1549 1978 habeat
1565 1947 1750 1979 restituendi
1768 1947 1868 1980 facul-

990 1992 1110 2024 tatem,
1134 1985 1210 2016 licet
1235 1986 1409 2026 poffideat,
1432 1998 1496 2019 non
1523 1997 1628 2020 tamen
1649 1990 1811 2025 tenebitur
1826 1991 1871 2022 ad,

991 2026 1227 2057 exhibendum:
1252 2028 1280 2058 δι
1298 2029 1391 2068 ponit
1409 2030 1612 2070 exemplum3
1628 2030 1650 2063 fi
1666 2032 1696 2063 in
1714 2030 1790 2072 fuga
1808 2030 1870 2064 ser-

990 2077 1048 2098 vus
1064 2067 1110 2099 sit.
1142 2068 1181 2099 ad
1201 2068 1264 2099 hoc
1281 2070 1396 2109 plane,
1420 2071 1541 2112 inquit,
1566 2072 1665 2104 solum
1684 2074 1869 2112 tenebitur,

990 2117 1025 2140 ut
1041 2117 1171 2147 caveat,
1197 2109 1225 2140 se
1249 2110 1488 2151 exhibiturum,
1511 2112 1531 2144 fi
1549 2115 1578 2145 in
1596 2110 1819 2154 poffeffionem
1835 2124 1868 2146 e-

987 2152 1036 2192 jus
1061 2152 1262 2191 pervenerit:
1288 2152 1339 2184 sed
1362 2153 1392 2184 &
1408 2153 1429 2185 fi
1447 2164 1511 2186 non
1530 2154 1565 2186 fit
1582 2155 1612 2187 in
1632 2155 1727 2197 fuga,
1750 2156 1869 2196 pei-mid

989 2193 1062 2224 seris
1081 2201 1186 2224 autem
1204 2194 1251 2232 ei,
1275 2194 1327 2225 ubi
1354 2195 1452 2235 velit,
1477 2198 1615 2236 morari;
1639 2199 1723 2229 idem
1742 2198 1803 2228 erit
1820 2198 1869 2229 di-

988 2235 1145 2272 cendum,
1169 2244 1222 2265 aut
1241 2245 1374 2276 peregre
1391 2246 1406 2267 a
1424 2245 1455 2269 te
1472 2238 1574 2271 miffus
1591 2239 1647 2277 fit,
1671 2239 1771 2270 autin
1790 2248 1870 2280 praen

989 2276 1048 2307 diis
1065 2277 1126 2307 tuis
1146 2285 1235 2317 agat,
1256 2278 1294 2308 ad
1314 2279 1379 2309 hoc
1396 2277 1495 2311 solum
1517 2280 1697 2319 teneberis,
1721 2287 1756 2312 ut
1774 2290 1868 2312 cave-

988 2327 1032 2349 as.
1068 2316 1173 2349 Datur
1188 2319 1285 2356 igitur
1308 2319 1377 2350 haec
1393 2320 1476 2352 actio
1494 2321 1643 2353 adversus
1661 2321 1869 2361 possessorem

988 2360 1276 2400 qualemcumque3
1293 2362 1347 2401 qui
1366 2362 1475 2402 utique
1493 2362 1608 2393 habeat
1626 2362 1800 2395 exhibendi
1816 2362 1870 2394 fa-

987 2401 1159 2433 cultatem:
1184 2411 1244 2432 nee
1268 2411 1349 2442 opus
1374 2404 1517 2441 moneri,
1541 2403 1687 2437 adversus
1710 2414 1783 2437 eum
1809 2405 1866 2446 qui

986 2452 1050 2474 non
1067 2443 1240 2482 possideat,
1257 2453 1327 2474 eam
1343 2444 1503 2476 actionem
1522 2454 1585 2476 non
1605 2445 1687 2478 dari:
1706 2447 1778 2486 quia
1798 2456 1865 2478 non

985 2484 1083 2516 habet
1101 2484 1273 2515 exhibendi
1291 2485 1489 2517 facultatem.
1533 2486 1563 2518 Si
1583 2494 1688 2527 tamen
1707 2487 1868 2528 pofl'edic,

986 2525 1037 2556 sed
1056 2526 1135 2557 dolo
1159 2526 1243 2556 malo
1269 2526 1394 2557 desierit
1414 2527 1588 2567 poffidere‚
1613 2528 1668 2560 etti
1688 2539 1753 2561 non
1771 2530 1866 2570 poffi-

985 2568 1078 2605 deat3
1095 2567 1213 2607 placuit
1228 2567 1429 2606 Modestum,
1446 2578 1519 2601 eum
1535 2569 1667 2610 perinde
1685 2572 1786 2602 teneri
1805 2571 1865 2602 hac

985 2609 1130 2644 actione,
1154 2617 1190 2639 ac
1213 2607 1234 2639 fi
1257 2609 1430 2648 poffidel‘et
1454 2610 1472 2641 l.
1488 2620 1517 2651 5.
1549 2608 1581 2642 C.
1596 2612 1624 2643 b.
1645 2617 1666 2643 t.
1689 2611 1862 2649 videlicet,

985 2651 1058 2690 quia
1075 2650 1167 2681 dolus
1185 2659 1243 2688 pro
1261 2649 1448 2689 poss'effione
1468 2652 1612 2685 habetur.
1659 2651 1813 2694 Idemque
1830 2653 1862 2685 &

982 2691 1139 2731 Julianum
1149 2692 1209 2730 jam
1222 2691 1297 2722 olim
1316 2691 1500 2725 existimaffe
1516 2695 1547 2726 in
1563 2695 1784 2736 compluribus
1797 2695 1863 2734 spe-

983 2733 1113 2769 ciebus,
1135 2731 1300 2764 attestatur
1316 2731 1471 2774 Ulpianus
1489 2735 1507 2768 l.
1527 2745 1556 2771 9.
1574 2737 1602 2767 h.
1622 2744 1643 2768 ι.
1668 2737 1770 2777 iisque
1787 2736 1861 2767 addi

982 2773 1089 2815 potest
1106 2773 1303 2813 Pomponius
1321 2775 1339 2805 l.
1364 2784 1408 2812 14.
1425 2777 1452 2808 d.
1469 2782 1491 2808 t.
1512 2777 1575 2809 Sed
1594 2778 1634 2809 de
1652 2777 1699 2808 his
1711 2777 1861 2807 omnibus

984 2815 1161 2846 accuratius
1183 2817 1272 2854 supra
1294 2815 1347 2847 sub
1365 2815 1434 2849 Tit.
1457 2818 1504 2850 De
1523 2819 1691 2851 hereditatis
1701 2818 1861 2858 peticione,

985 2857 1015 2888 δ(
1031 2856 1099 2887 Tit.
1120 2856 1165 2886 De
1181 2858 1222 2887 rez'
1235 2858 1437 2891 vindicatione.

1026 2896 1106 2928 Illud
1129 2906 1193 2929 non
1218 2897 1333 2938 filebo3
1357 2900 1422 2940 (est
1449 2900 1534 2932 enim
1557 2899 1754 2939 consequens
1771 2897 1860 2945 supe⁴

984 2939 1141 2978 rioribus)
1157 2941 1245 2980 quod
1260 2940 1359 2981 siquis
1374 2951 1439 2974 non
1458 2942 1611 2982 possideat
1630 2948 1776 2980 tempore
1793 2941 1858 2972 litis

983 2979 1187 3019 contestatae,
1211 2979 1263 3013 sed
1291 2986 1427 3024 coeperit
1451 2983 1560 3024 postea
1577 2989 1650 3025 ante
1668 2980 1858 3027 sententiam

982 3022 1158 3061 poffiuere,
1182 3031 1314 3061 oportet
1331 3024 1392 3056 dici
1410 3035 1449 3056 eit
1469 3025 1618 3055 sententia
1636 3020 1785 3061 Ulpiani,
1804 3024 1860 3055 de·

983 3063 1058 3094 bere
1083 3066 1310 3102 condemnari,
1335 3064 1388 3097 nifi
1414 3065 1554 3096 restituat
1578 3062 1713 3109 l·.7·.§.·.
1733 3073 1763 3102 4.
1786 3064 1814 3096 h.
1834 3070 1856 3111 t,

983 3103 1102 3136 Contra
1121 3104 1150 3136 in
1169 3104 1197 3146 §.
1215 3116 1245 3146 5.
1271 3106 1357 3146 infit,
1386 3106 1406 3138 {i
1431 3106 1499 3146 quis
1517 3113 1587 3135 cum
1604 3105 1712 3143 judicii
1731 3114 1860 3146 accepti

981 3153 1127 3185 tempore
1155 3148 1347 3186 postideret3
1372 3148 1422 3178 sed
1450 3144 1558 3186 postea
1585 3144 1648 3176 fine
1670 3145 1748 3185 dolo
1771 3148 1855 3182 malo

60 3183 199 3214 &tionem
214 3184 252 3214 ad
270 3182 509 3222 exhibendum,
532 3192 549 3214 a
566 3183 708 3216 Praetore
724 3185 868 3224 permitti
886 3186 936 3217 ad·
977 3188 1135 3228 poffidere
1147 3187 1291 3226 desierit,
1309 3186 1429 3232 absolvi
1441 3196 1512 3218 eum
1533 3194 1697 3232 oportere.
1721 3187 1762 3220 Et
1779 3197 1857 3222 mor<

52 3223 160 3259 versus
177 3223 393 3265 poffefforem.
415 3222 514 3266 Atqui
523 3224 697 3267 personalis
712 3225 837 3259 esthaec
851 3226 934 3259 actio
977 3228 1019 3262 fic
1030 3230 1154 3270 pergit:
1173 3229 1329 3272 Quamvis
1340 3228 1521 3269 {it‚1nquit‚
1534 3227 1750 3270 Pompomus,
1767 3228 1856 3276 quod

95 3262 174 3300 Tom-
198 3264 251 3299 11.

1097 3269 1153 3302 Bb
1820 3279 1850 3302 et
