2036 3495
176 98 246 140 358
595 93 628 128 G
660 103 681 128 iz
713 102 734 125 n
772 100 790 126 Δ
822 101 844 124 rt
877 99 900 124 Β
933 98 947 124 1

177 189 265 225 parte
288 184 381 214 minor
395 182 476 224 effet,
498 180 660 213 AEdz'iitias
680 178 804 210 ustiones
826 183 993 219 competere:
1015 187 1052 209 ne

186 230 332 265 cogeretur
348 231 453 264 emptor
468 224 532 252 crim
555 220 654 250 multis
675 220 807 260 litigare:
829 221 961 261 quamvis
978 217 1051 250 ustio

184 275 223 297 ex
243 272 332 306 empto
356 274 421 296 cum
437 261 563 302 singuiis
570 259 612 299 fit
629 267 681 301 pro
694 262 824 302 portione
837 268 896 302 qua
906 260 1053 302 sociifue-

184 312 266 336 runt.
291 316 359 337 nam
383 306 413 335 id
431 312 525 344 genus
548 301 695 333 hominum
716 303 754 333 ad
769 302 884 333 lucrum
896 301 993 342 potius
1006 299 1053 331 vel

186 348 311 386 turpiter
332 346 499 383 faciendum
519 345 641 383 pronius
666 341 715 384 est.
746 342 898 384 Adscripfi
927 341 1053 382 Ulpiani

185 388 302 425 verba,
325 391 419 427 prout
441 383 593 416 eduntur:
617 393 678 416 nec
706 392 796 417 muto
814 385 997 424 quidquam.
1021 383 1054 415 li-

185 428 274 457 cebit
296 434 401 458 tamen
423 424 499 456 mihi
523 425 660 467 aliquam
682 426 713 457 in
741 426 789 457 liis
812 425 952 456 indicare
976 424 1054 464 Syn-

185 467 303 498 chufim
320 490 330 506 ‚
353 465 408 508 ipsi
430 467 562 506 aliisque
596 476 660 498 non
686 466 848 498 insolitam.
878 465 1053 508 postremus

184 510 270 540 enim
287 506 410 540 versus:
433 507 527 539 Nam.
544 517 606 539 non
632 508 780 539 continet
801 509 957 539 rationem
975 516 1050 548 prae-

184 548 330 581 cedentis
348 549 471 587 versus,
483 547 630 593 Quamvis
647 549 801 580 atttoesed
818 548 923 579 versus
939 548 1051 579 anteri-

183 590 270 629 oris,
292 591 433 631 AEquum
456 595 540 623 enim.
564 589 641 622 Hoc
667 590 773 622 obiter
796 589 825 622 ὅ(
844 596 1003 630 tamquam
1019 588 1050 621 in

184 631 375 663 transcursu.

228 672 430 704 Promittitur
453 679 548 715 porro
569 671 638 703 haec
657 671 737 704 attio
759 672 798 703 ab
814 671 968 704 AEdilibus
983 680 1050 703 non

182 713 214 745 in
231 721 437 756 perpetuum:
461 713 512 745 sed
535 714 613 744 intra
639 712 690 744 sex
711 713 852 751 menses,
876 713 906 744 dt
922 712 1050 753 quidem

182 756 289 787 utiles.
305 756 337 786 id
347 762 472 797 apparet
482 764 521 785 ex
533 754 642 784 Edicto
653 776 663 792 ,
673 754 702 785 ἃ
712 755 751 785 ab
762 755 896 795 Ulpiano
907 761 1051 785 notatum

184 796 205 827 l.
234 806 280 832 19-
298 797 328 838 §.
352 801 380 827 6.
406 797 435 827 h.
459 801 481 827 t.
506 793 610 827 Utiles
634 803 740 827 autem
767 795 889 827 menses
907 803 959 827 aut
984 794 1051 826 dies

184 838 456 879 quemadmodum
479 835 708 877 distinguantur
733 846 750 868 a
773 837 952 875 continuis,
983 836 1051 868 satis

182 887 298 909 notum
314 877 359 909 est
374 887 415 909 ex
437 879 457 908 i.
478 886 504 909 1.
523 877 565 909 D.
592 879 625 908 de
650 878 751 917 divers.
774 884 858 918 temp.
874 878 930 909 att.
953 877 1051 909 solum

180 919 412 951 observandum
442 918 512 956 est,
542 928 582 950 ex
604 926 713 950 mente
739 920 891 951 AEdilium
922 919 962 950 ab
987 918 1052 949 hoc

181 969 330 1001 tempore
346 958 469 998 recedi,
495 959 516 991 ii
533 960 683 991 venditor
699 969 763 991 non
783 967 878 991 cavet
895 961 935 991 de
954 961 988 991 iis
1005 968 1051 990 re-

181 1002 240 1032 bus
258 1010 327 1041 quae
345 1000 480 1041 praestari
496 1000 663 1041 jubentur:
689 1008 755 1032 tum
773 1004 857 1032 enim
883 1001 952 1032 haec
966 999 1049 1031 ειξὶίο

182 1043 276 1074 datur
292 1044 371 1074 intra
387 1043 468 1074 duos
487 1041 608 1073 menses
626 1043 644 1073 l.
662 1047 713 1076 28.
731 1043 759 1073 d.
777 1049 788 1073 t
818 1044 968 1082 idemque
985 1040 1050 1079 est,

183 1084 206 1116 fi
221 1083 394 1122 convenit,
418 1092 452 1115 ut
469 1092 517 1115 res
534 1084 680 1122 vendita,
705 1083 724 1114 ii
750 1092 813 1114 non
837 1084 960 1124 placet,
983 1082 1051 1113 red-

182 1125 348 1157 hibeatur:
375 1134 566 1165 quamquam
590 1126 652 1155 hoc
673 1124 742 1155 casu
759 1124 879 1156 AEdiles
896 1124 1052 1156 actionem

184 1169 279 1243 giam
301 1167 380 1198 ultra
396 1166 585 1208 pollicentur
601 1165 691 1198 causa
709 1165 837 1207 cognita
852 1165 871 1197 l.
887 1175 938 1207 31.
957 1165 988 1206 ὃ.
1004 1173 1051 1196 22.

209 1208 214 1215 '
236 1209 264 1244 se
306 1233 312 1239 .
332 1209 360 1239 d.
380 1215 402 1240 t.

230 1218 379 1281 Prquima
395 1248 526 1286 quaestio
542 1247 607 1287 est,
629 1247 669 1280 ad
683 1248 760 1289 quid
777 1248 871 1280 detur
885 1247 968 1279 actio
984 1248 1053 1280 red-

184 1291 337 1322 hibitoria
354 1290 370 1322 ἱ)
393 1290 514 1323 AEdiles
535 1290 576 1321 fic
600 1288 809 1328 respondent:
830 1289 984 1330 Judicium
1000 1291 1051 1321 da-

186 1334 299 1370 bimus,
315 1338 348 1362 ut
366 1333 395 1362 id
412 1331 783 1372 mancipiumredhibeatur.
800 1330 896 1372 Igitur
914 1331 990 1371 quid
1006 1330 1052 1362 est

185 1372 366 1405 Redhibere?
384 1371 537 1412 Ulpianus
552 1371 570 1403 l.
587 1381 636 1403 21.
652 1372 679 1402 b.
695 1378 715 1402 t.
729 1373 917 1412 ait,fucere,
940 1378 972 1403 ut
986 1381 1052 1402 rur-

179 1415 234 1456 sus
251 1415 352 1445 haheat
366 1415 517 1451 venditor,
539 1414 613 1453 quod
633 1414 779 1449 babuerit‚·
802 1413 839 1447 ὅ)
853 1414 923 1454 quia
938 1414 1053 1443 redden-

187 1457 223 1487 do
240 1456 270 1485 id
272 1454 380 1495 fiebam
394 1455 518 1492 idcirco,
534 1452 655 1493 inquit,
673 1455 820 1485 redhibitio
836 1454 977 1494 appellata
994 1452 1052 1494 est,

187 1495 270 1537 quafi
285 1496 413 1526 redditio.
437 1494 531 1534 Apud
544 1492 668 1525 Festum
678 1492 860 1535 ficlegitur:
885 1495 1054 1526 Redibitum

187 1539 219 1568 id
231 1536 346 1577 proprie
361 1537 470 1566 dicitur
478 1537 551 1577 quod
560 1535 702 1566 redditum
717 1532 756 1575 est
767 1559 776 1572 ‚
791 1537 1053 1577 improbatumque,

186 1577 225 1613 ὅ)
240 1579 290 1619 qui
306 1578 403 1616 dedit,
425 1578 555 1618 idemque
572 1576 674 1616 rursus
697 1577 813 1608 coaetus
827 1575 886 1618 est,
911 1578 1010 1609 babere
1025 1578 1055 1608 id

189 1620 266 1661 quod
289 1623 356 1648 ante
378 1619 487 1649 habuit.
511 1618 603 1649 Unde
626 1625 776 1658 apparet,
807 1618 969 1650 inventam
993 1617 1056 1650 ess'e

187 1661 270 1693 hanc
286 1659 442 1691 aftionem
459 1659 497 1690 ad
515 1657 685 1691 utilitatem
703 1659 860 1698 emptoris
872 1682 882 1698 ,
904 1659 1056 1700 mancipi-

184 1710 240 1733 um
259 1700 354 1732 titulo
365 1700 540 1741 emptionis
550 1707 718 1740 acceptum
730 1723 738 1738 ,
749 1699 861 1740 Justam
877 1700 918 1732 ob
934 1699 1056 1733 causam

184 1742 413 1783 improbantis,
435 1741 465 1773 &
482 1740 654 1773 reddentis.
671 1742 702 1772 id
720 1748 824 1773 tamen
834 1742 875 1773 fic
891 1741 953 1773 fuit
969 1742 1056 1773 adhi-

185 1785 306 1822 bitum;
332 1791 366 1815 ut
382 1806 393 1822 ,
415 1783 491 1815 dum
508 1783 638 1824 juvatur
661 1790 808 1823 emptor,
839 1783 964 1814 interim
990 1792 1054 1815 non

181 1827 316 1859 laedatur
332 1825 501 1863 venditor,
512 1821 610 1865 magis
626 1824 731 1856 omnia
746 1824 777 1855 in
793 1825 950 1866 integrum
968 1823 1054 1856 resti-

186 1875 336 1905 tuantur,
348 1866 479 1908 perinde
491 1874 528 1897 ac
542 1864 564 1897 si
581 1873 686 1904 neque
705 1866 961 1906 empti0‚neque
978 1874 1053 1897 ven-

187 1910 270 1943 ditio
286 1906 511 1941 interceffiffet.
526 1915 590 1938 non
601 1906 645 1938 est
655 1906 742 1947 quod
753 1906 877 1938 dubites
887 1929 896 1945 ,
914 1907 1052 1938 indican-

185 1959 220 1984 te
236 1951 301 1982 hoc
323 1950 462 1991 Ulpiano
484 1948 502 1979 l.
522 1957 569 1989 23.
591 1947 619 1989 §.
645 1954 673 1987 7.
700 1947 730 1978 ἀ
755 1947 853 1980 Paulo
878 1947 898 1978 l.
915 1951 965 1979 60.
984 1948 1012 1979 h.
1029 1953 1052 1980 t.

189 1993 223 2026 Si
247 2000 354 2023 tamen
379 1991 498 2029 mavis,
522 1997 691 2029 utrumque
709 1989 794 2029 exigi
812 1989 850 2020 ad
865 1988 967 2020 Editti
984 1998 1051 2020 ver·

184 2035 246 2067 ba:
260 2034 345 2065 nulla
359 2033 390 2064 in
406 2041 456 2063 me
473 2032 533 2062 erit
549 2039 648 2062 mora.
658 2029 797 2062 Primum
814 2030 899 2070 ajunt
915 2030 1055 2069 AEdiles,

188 2076 223 2108 Si
242 2076 313 2117 quid
329 2079 425 2106 autem
434 2071 496 2114 post
512 2072 707 2103 venditionem
728 2072 967 2113 traditionemque
982 2073 1055 2102 dete-

187 2119 252 2150 rius
269 2116 400 2156 emptoris
419 2121 519 2155 opera,
527 2113 672 2152 familiae,
689 2114 922 2153 procuratorisve
936 2113 998 2154 ejus
1005 2114 1056 2152 sa-

186 2158 267 2190 &um
281 2159 346 2189 erit.
369 2156 490 2188 AEdiles
507 2155 553 2186 his
572 2155 675 2186 verbis
692 2162 826 2193 cavent,
850 2163 890 2185 ne
908 2155 1057 2186 venditor

184 2209 244 2241 per
263 2198 386 2231 causam
403 2195 626 2229 redhibitionis
643 2196 759 2226 damno
777 2195 817 2226 ab
828 2203 975 2235 emptore
992 2195 1056 2227 affi-

185 2241 298 2273 ciatur.
321 2238 382 2272 effe
398 2248 475 2270 vero
493 2238 523 2268 id
539 2236 682 2268 futurum
699 2235 896 2275 existimant,
911 2235 932 2267 si
948 2238 976 2267 ei
997 2237 1056 2268 ser-

187 2292 247 2314 vus
262 2282 301 2314 ab
317 2289 463 2322 emptore
486 2286 551 2310 non
562 2276 709 2316 ,deterior
730 2276 920 2309 restituatur.
944 2278 1058 2309 Utrum

187 2325 313 2362 animo,
331 2332 368 2353 an
380 2320 542 2361 corpore?
565 2326 803 2358 puto,neutro:
825 2328 890 2350 non
911 2320 995 2350 enirn
1014 2319 1057 2351 di-

188 2364 349 2406 ssinguunt
366 2362 489 2395 AEdiles
508 2361 527 2392 l.
549 2370 598 2402 23.
615 2361 634 2392 l.
653 2367 703 2400 25.
719 2358 749 2401 ξ.
774 2363 803 2391 6.
821 2360 849 2391 h.
869 2366 891 2391 t.
909 2359 1054 2401 Tempus

190 2413 295 2437 autem
321 2405 373 2437 hic
399 2403 508 2444 inspici
534 2403 666 2440 volunt,
690 2410 754 2432 non
780 2402 970 2441 emptionis,
1002 2400 1055 2433 sed

188 2447 381 2478 traditionis.
404 2446 490 2486 aiunt
506 2444 610 2481 enim,
629 2441 691 2484 post
704 2443 914 2481 venditionem,
937 2443 1054 2474 traditi-

189 2495 332 2527 onemque.
357 2488 525 2524 nimirum,
549 2485 622 2524 quia
646 2491 773 2524 emptor
788 2483 863 2514 inde
880 2483 980 2524 coepit
996 2484 1054 2515 ser-

189 2536 266 2559 vum
282 2530 312 2558 in
328 2529 378 2559 sua
387 2527 544 2568 potestate
554 2526 672 2558 habere
684 2526 754 2566 jure
763 2525 945 2565 emptionis.
970 2525 1059 2565 quod

190 2569 211 2602 fi
228 2575 301 2600 ante
326 2569 536 2600 deterioratus
560 2568 684 2598 dicatur
700 2565 825 2603 servus3
847 2567 885 2598 ad
901 2567 962 2597 hoc
977 2566 1057 2606 judi-

189 2609 275 2641 cium
302 2618 366 2640 non
390 2610 544 2649 pertinet:
565 2608 638 2647 quia
664 2609 730 2648 ejus
756 2607 883 2647 copiam
899 2615 974 2638 ante
992 2616 1054 2639 non

188 2650 304 2682 habuit
320 2657 510 2689 emptorzac
526 2650 547 2682 si
565 2649 644 2681 fecit
659 2648 872 2688 deteriorem,
894 2657 959 2680 non
978 2656 1054 2680 tarn-

189 2700 286 2733 quam
304 2698 428 2729 emptor
448 2690 536 2723 fecit.
561 2691 624 2723 (1.1.
643 2700 692 2730 25.
710 2689 807 2721 Plane
827 2690 898 2730 quis
914 2690 1053 2721 deterio-

190 2742 260 2765 rem
270 2731 385 2763 fecerit
395 2729 514 2762 servum
525 2755 533 2769 ,
555 2732 619 2764 five
629 2732 692 2772 ipse
702 2739 844 2772 emptor,
855 2732 917 2762 sive
934 2729 1053 2762 familia

187 2776 254 2810 five
264 2778 448 2814 procurator
459 2771 595 2809 ,AEdiles
611 2783 676 2805 non
685 2780 815 2810 curant3
839 2773 979 2812 ideoque
994 2770 1056 2803 fine

189 2814 391 2850 distinctione
409 2820 517 2843 tenere
533 2813 706 2851 astionem,
718 2813 874 2854 Ulpianus
891 2813 1055 2845 observat:

189 2858 278 2892 fimul
291 2879 300 2895 ,
317 2853 484 2896 quomodo
499 2854 682 2892 accipienda
699 2854 757 2887 fint
773 2855 834 2886 hac
849 2856 879 2886 in
897 2862 985 2896 parte
1001 2854 1055 2886 ΙΕ-

190 2900 303 2932 dilium
321 2895 416 2927 verba
433 2896 461 2925 d.
478 2893 497 2925 1.
509 2893 541 2935 §.
559 2901 592 2939 2..
604 2893 724 2937 &seqq
748 2895 826 2928 Non
844 2895 1054 2936 adquiescunt

188 2941 240 2973 his
255 2938 395 2972 AEdiles:
418 2942 567 2979 praeterea
583 2934 714 2974 jubent,
737 2937 894 2968 venditori
912 2936 1052 2976 restitui,

190 2981 227 3013 Si
241 2982 312 3023 quid
328 2989 365 3010 ex
379 2987 407 3008 eo
420 2973 626 3018 [mancipio]
639 2973 699 3014 post
715 2978 906 3009 venditionem
928 2984 1031 3009 natum
1041 3001 1052 3016 ,

189 3018 518 3063 adquifitumuefuerit.
541 3016 656 3056 Aiunt,
673 3014 736 3055 post
760 3020 969 3057 venditionem,
993 3027 1054 3050 nec

189 3063 358 3103 adjiciunt,
381 3055 444 3101 post
459 3059 655 3094 traditionem,
679 3064 713 3086 ut
728 3056 873 3102 fecerunt
891 3060 986 3099 paulo
1003 3069 1055 3092 an·

191 3111 236 3134 te.
251 3104 325 3142 quia
343 3110 440 3133 omne
465 3098 670 3131 commodum
688 3096 789 3128 statim
805 3100 971 3137 aperfesta
985 3110 1051 3133 em-

188 3144 322 3186 ptione,
344 3142 399 3174 etsi
417 3151 481 3172 non
496 3140 602 3171 secuta
618 3138 720 3170 adhuc
736 3138 925 3183 traditione,
940 3143 978 3172 ad
989 3151 1052 3174 em.

187 3193 315 3228 ptorem
331 3184 571 3224 pertinettcum
581 3179 765 3215 deteriorari
779 3179 818 3213 ab
835 3187 981 3222 emptore
1003 3191 1052 3216 res

1006 89 1547 131 Neon-[Cottii.

1094 178 1244 226 vendita,
1267 179 1321 212 nifi
1344 183 1475 220 tradita,
1498 191 1647 225 nequeat.
1677 183 1741 216 Vix
1764 193 1866 225 opus,
1889 195 1955 218 mo-

1095 229 1184 267 neri,
1212 220 1351 267 AEdiles,
1381 233 1453 255 cum
1472 224 1577 263 ajunt,
1609 225 1643 256 Si
1665 227 1735 267 quid
1756 236 1792 257 rx
1815 236 1843 257 eo
1858 222 1959 265 natumi

1088 262 1206 301 fuerit,
1229 263 1396 303 indigitare
1413 267 1534 297 ancillae
1560 274 1702 306 partum,
1725 266 1788 299 five
1808 277 1905 305 unus,
1925 267 1962 299 fi·

1096 309 1135 333 ve
1155 302 1260 349 plures
1275 303 1348 336 sint:
1371 306 1403 337 id
1420 307 1503 337 enim
1522 307 1637 347 probat
1655 305 1805 348 Ulpianus
1821 309 1841 339 l.
1861 317 1910 349 31.
1926 301 1965 350 §.=

1096 349 1124 375 2.
1144 343 1171 374 h.
1188 349 1211 374 t.
1231 344 1315 377 idem
1331 347 1371 378 de
1381 346 1484 379 fruCtu
1495 347 1683 388 confirmat3
1699 349 1840 389 itemque
1851 349 1960 388 addit,

1096 393 1162 416 non
1180 385 1313 429 multum
1329 387 1468 427 referre,
1493 393 1597 421 utrum
1616 398 1670 430 per
1685 388 1714 420 se
1724 390 1902 431 acceperit,
1917 399 1958 422 an

1097 426 1136 456 ab
1152 426 1214 472 alio
1233 426 1399 466 poffess‘ore
1414 429 1433 460 l.
1451 440 1498 471 23.
1513 430 1541 472 ᾗ.
1555 431 1607 461 ult.
1627 432 1654 463 d.
1674 437 1696 462 t.
1721 429 1848 463 Deinde
1872 432 1960 471 ajunt

1096 466 1237 513 AEdrles,
1268 468 1506 511 Adquisttumve3
1540 481 1655 512 nempe
1672 481 1711 502 ex
1723 474 1829 511 operis
1846 472 1965 504 manci-

1096 517 1158 548 pn:
1183 516 1323 547 excepto
1335 532 1345 547 ,
1367 510 1386 541 ii
1403 512 1479 551 quid
1494 522 1534 543 ex
1550 522 1583 544 re
1606 514 1759 553 emptoris
1774 511 1809 544 fit
1824 512 1959 552 adquisi-

1094 558 1171 580 tum.
1195 556 1267 580 nam
1291 549 1355 580 hoc
1376 552 1458 591 apud
1483 552 1581 592 ipsum
1606 553 1843 594 relinquendum
1868 553 1912 586 est
1926 554 1957 587 d.

1092 590 1112 622 l.
1131 599 1181 631 31.
1200 590 1228 631 §.
1246 600 1283 636 3..
1293 589 1394 633 Quod
1410 593 1449 623 de
1464 596 1569 633 operis
1591 595 1673 633 dixi,
1697 597 1791 626 etiam
1819 596 1858 626 ad
1876 604 1958 627 mer·

1093 635 1186 663 cedes
1204 640 1361 671 pertinet,
1377 634 1681 674 quomodocumque·
1701 646 1752 667 eas
1769 636 1958 667 consecutus

1094 673 1145 704 fit:
1169 679 1203 703 ut
1221 672 1260 704 de
1276 671 1432 704 fructibus
1450 673 1579 706 dictum.
1603 670 1675 707 Nec
1693 677 1784 708 aliter
1802 677 1865 715 est,
1879 677 1899 708 ii
1916 677 1960 708 le·
2014 713 2019 717 ,

1093 720 1200 755 gatum
1211 720 1263 744 aut
1274 713 1432 745 hereditas
1441 713 1529 745 servo
1538 715 1716 750 obvenerit.
1727 717 1872 750 observat
1888 718 1957 749 haec'

1096 755 1248 794 Ulpianus
1265 755 1293 785 d.
1313 754 1330 785 l.
1346 765 1394 796 23.
1411 755 1439 796 §.
1459 755 1510 786 ult.
1527 764 1622 795 atque
1639 757 1829 797 indistinete,
1852 769 1959 792 utrum

1092 796 1237 836 potuerit
1253 795 1320 826 haec
1329 795 1476 836 consequi
1491 798 1640 828 venditor
1651 807 1705 836 ,an
1721 809 1784 830 non
1802 801 1957 839 potuerit,

1094 836 1116 868 fi
1130 836 1250 868 servum
1263 837 1460 869 vendidisset.
1477 847 1628 876 ponamus
1646 839 1729 870 enim
1740 838 1819 878 ,(fic
1832 842 1956 882 pergit)

1094 878 1190 910 talem
1208 877 1269 909 effe
1290 879 1342 918 qui
1361 887 1476 919 capere
1496 879 1615 919 aliquid
1633 888 1673 910 ex
1691 880 1878 912 testamento
1893 891 1957 914 non

1093 925 1258 959 potuerat:
1276 919 1351 950 nihil
1363 919 1430 950 haec
1442 929 1490 951 res
1507 919 1649 951 nocebit.
1663 919 1852 959 Sequiturin
1866 924 1893 952 d.
1903 922 1955 954 loc.

1093 960 1209 992 Pedius
1227 960 1355 999 quidem
1367 961 1461 992 etiam
1479 961 1557 993 illud
1567 971 1631 993 non
1643 969 1731 1000 putat
1741 959 1804 992 effe
1822 960 1959 1001 spectans

1094 1002 1168 1032 dum
1182 1025 1191 1039 ,
1212 1001 1298 1040 cujus
1315 1003 1592 1042 contemplatione
1615 1001 1747 1034 testator
1766 1002 1884 1034 servum
1904 1003 1960 1034 lie-

1093 1042 1202 1073 redem
1228 1041 1381 1082 scripserit
1405 1044 1454 1074 vel
1482 1043 1509 1075 ci
1529 1044 1701 1085 legaverit:
1725 1045 1797 1084 quia
1817 1042 1871 1075 etii
1887 1053 1964 1076 ven·

1094 1082 1172 1115 ditio
1189 1082 1395 1122 remansisset,
1412 1084 1488 1116 nibil
1505 1085 1573 1115 haec
1583 1094 1631 1116 res
1641 1083 1778 1124 emptori
1798 1085 1958 1125 proderat.

1095 1124 1125 1155 ἃ
1150 1129 1206 1164 per
1227 1126 1421 1156 contrarium
1455 1126 1597 1167 (inquit)
1628 1125 1649 1157 fi
1683 1126 1957 1166 contemplatione

1094 1165 1268 1196 venditoris
1285 1166 1443 1198 institutus
1461 1175 1715 1208 proponeretur,
1741 1175 1845 1198 tamen
1873 1167 1960 1198 dice-

1093 1215 1215 1238 remus.
1240 1206 1403 1239 restituere
1427 1216 1607 1247 emptorem
1630 1217 1696 1240 non
1720 1209 1837 1240 debere
1853 1208 1962 1240 vendi-

1095 1246 1176 1285 tori,
1200 1247 1220 1279 ss
1238 1247 1334 1279 nollet
1351 1258 1423 1281 eum
1440 1249 1622 1281 redhibere.

1135 1287 1283 1333 Tenetur
1299 1289 1393 1330 igitur
1410 1300 1450 1321 ex
1462 1289 1575 1322 Edicto
1593 1296 1738 1331 emptor,
1754 1289 1911 1331 quidquid
1924 1299 1965 1322 ex

1094 1331 1252 1370 mancipio
1274 1329 1345 1370 post
1368 1331 1585 1364 venditionem
1609 1340 1715 1363 natum
1733 1330 1963 1371 adquifitumve

1096 1371 1175 1410 erit,
1199 1370 1364 1410 venditori
1386 1372 1560 1403 restituere.
1602 1372 1663 1404 Sed
1682 1373 1775 1412 quid,
1800 1371 1819 1403 si
1835 1371 1910 1404 nihil
1929 1371 1967 1403 sit

1096 1419 1204 1443 natum
1216 1435 1225 1449 ,
1248 1412 1504 1453 adquifltumve?
1530 1410 1594 1445 Hic
1610 1413 1699 1445 silent
1713 1412 1854 1445 AEdiles:
1871 1413 1900 1444 ἀ
1918 1420 1966 1443 ta-

1096 1460 1189 1492 men,
1212 1451 1233 1483 si
1249 1454 1403 1494 emptoris
1418 1454 1495 1486 dolo
1518 1463 1571 1486 aut
1593 1453 1684 1494 culpa
1700 1453 1816 1486 fastum
1835 1453 1899 1493 est,
1922 1463 1964 1485 ne

1095 1493 1289 1532 nasceretur,
1300 1501 1353 1525 aut
1363 1495 1584 1535 adquireretur
1595 1495 1730 1535 3placuit
1739 1518 1748 1534 ‚
1765 1495 1897 1534 perinde
1912 1503 1965 1525 ac-

1098 1536 1226 1575 cipere,
1248 1543 1285 1565 ac
1308 1534 1329 1566 fi
1353 1540 1459 1567 natum
1484 1535 1714 1576 adquifitumve
1739 1536 1848 1567 effeti.
1868 1545 1916 1576 23.
1929 1535 1961 1576 §.

1096 1576 1151 1607 uit.
1171 1576 1198 1606 b.
1217 1580 1238 1606 t.
1256 1575 1396 1615 scilicet,
1414 1576 1485 1617 quia
1503 1576 1643 1618 praestat,
1666 1575 1750 1608 suam
1768 1576 1885 1613 cuique
1899 1577 1966 1607 cul-

1096 1626 1170 1658 pam
1182 1623 1319 1656 nocere,
1329 1624 1423 1657 quam
1439 1618 1541 1649 alteri.
1565 1616 1809 1659 Insuperjuss‘ere
1823 1617 1964 1656 AEdiles,

1099 1659 1260 1689 venditori
1278 1659 1319 1689 ab
1335 1668 1483 1698 emptore
1500 1658 1642 1698 restitui,
1654 1657 1734 1697 Etsi
1748 1659 1819 1699 quid
1836 1658 1915 1689 uliud
1931 1659 1964 1689 iu

1098 1700 1262 1730 venditione
1271 1701 1294 1730 ei
1304 1700 1444 1741 accqfferit
1455 1724 1464 1739 ,
1469 1698 1534 1738 five
1543 1710 1579 1732 ex
1587 1710 1619 1731 ea
1628 1700 1699 1741 quid
1700 1698 1824 1739 fruc'tus
1829 1705 1965 1740 pervene-

1098 1742 1135 1771 rit
1152 1741 1189 1771 ad
1205 1746 1364 1780 emptorem.
1389 1741 1502 1773 Sensus
1513 1741 1684 1780 AEdilium,
1698 1747 1850 1781 oportere
1869 1740 1900 1772 in
1916 1748 1965 1772 re·
2007 1771 2009 1773 ,

1099 1782 1159 1813 bus
1178 1788 1249 1821 quae
1268 1783 1424 1823 emptioni
1442 1782 1658 1821 accesserunt,
1681 1782 1721 1814 ab
1738 1789 1886 1822 emptore
1904 1780 1965 1813 ser-

1100 1822 1166 1854 vari
1185 1823 1269 1854 idem
1288 1825 1376 1862 quod
1391 1824 1436 1856 est
1452 1825 1492 1856 de
1509 1824 1672 1865 principali
1697 1833 1731 1855 re
1755 1823 1884 1855 dietum.
1907 1820 1965 1854 At-

1101 1873 1164 1905 que
1184 1864 1237 1896 illa
1253 1864 1450 1897 sufficerent:
1473 1865 1493 1897 fi
1509 1873 1654 1906 tempore
1670 1863 1760 1896 fattae
1776 1864 1971 1896 redhibitio-'

1093 1905 1140 1937 nis
1159 1914 1227 1945 quae
1247 1907 1406 1945 provideri
1424 1916 1442 1938 e
1457 1916 1489 1939 re
1509 1907 1684 1938 venditoris
1701 1905 1793 1944 effer,
1810 1905 1973 1937 innotuis-'

1095 1946 1162 1978 sent
1179 1947 1294 1978 omnia.
1311 1946 1381 1986 sed,
1411 1956 1446 1979 ut
1464 1947 1492 1979 se
1508 1947 1628 1980 habent
1642 1957 1692 1979 res
1709 1947 1870 1986 humanae,
1885 1946 1964 1978 mul·

1096 1996 1126 2019 ta
1145 1988 1334 2028 plerumque
1356 1995 1524 2030 emergunt
1548 1999 1589 2020 ex
1615 1988 1772 2029 postfacto
1791 1988 1830 2019 de
1848 1987 1962 2025 quibus

1098 2036 1171 2060 ante
1192 2038 1257 2060 non
1286 2029 1347 2061 fuit
1369 2031 1552 2071 cogitatum.
1586 2030 1719 2076 proinde
1741 2029 1817 2061 sedit
1834 2027 1961 2061 Veteri-

1098 2070 1174 2107 bus,
1199 2071 1360 2102 venditori
1377 2073 1425 2103 vel
1444 2075 1474 2103 in
1499 2070 1563 2102 hoc
1586 2075 1730 2108 incerto,
1756 2075 1796 2101 ne
1812 2070 1898 2110 quod
1917 2069 1961 2100 in-

1099 2112 1249 2152 prudenti
1277 2112 1430 2144 obveniat
1460 2112 1575 2144 malum
1594 2135 1603 2150 ,
1633 2108 1797 2143 consulere
1819 2110 1963 2142 remedio

1100 2152 1256 2184 cautionis
1278 2153 1316 2183 ab
1342 2161 1489 2193 emptore
1511 2152 1699 2194 praestandae.
1725 2151 1820 2184 Casus
1847 2152 1876 2182 ἀ
1896 2151 1964 2182 for-

1100 2192 1234 2272 tegullassfi
1251 2193 1489 2267 (Βίεὺάείῑόεῐ-ῑιῑ
1501 2217 1510 2233 ,
1533 2196 1672 2235 reperiet
1689 2195 1719 2225 in
1736 2194 1756 2225 l.
1773 2202 1821 2224 21.
1839 2192 1867 2234 §.
1888 2201 1913 2225 1.
1932 2200 1963 2224 2.

1165 2261 1170 2266 .
1200 2244 1212 2265 e
1234 2258 1241 2266 .
1294 2259 1299 2265 .
1339 2260 1344 2266 .
1362 2243 1383 2267 t.

1142 2244 1241 2314 Dixiq,
1266 2277 1339 2317 quid
1366 2278 1505 2317 AEdiles,
1528 2278 1686 2310 venditori
1713 2275 1848 2317 praestari
1871 2274 1960 2314 jube-

1101 2325 1165 2350 ant.
1187 2317 1374 2358 exspestas,
1405 2320 1480 2359 quid
1508 2320 1645 2359 emptori
1671 2318 1799 2350 viciffim
1825 2315 1959 2356 praestarf

1096 2359 1267 2401 postulent.
1291 2358 1342 2390 sed
1366 2359 1641 2401 praemittendum,
1671 2360 1756 2400 quod
1779 2361 1960 2396 opportune

1097 2408 1209 2434 monet
1236 2395 1385 2440 Ulpianus
1408 2402 1427 2433 l.
1453 2412 1503 2442 25.
1527 2401 1556 2443 §.
1581 2401 1634 2432 ult.
1652 2401 1679 2432 h.
1697 2406 1718 2430 t.
1739 2399 1846 2430 Ordine
1859 2395 1962 2441 feciffe

1097 2441 1229 2480 AEdiles,
1252 2448 1285 2472 ut
1300 2448 1367 2472 unte
1381 2445 1525 2474 venditori
1534 2448 1640 2482 emptor
1647 2450 1678 2471 eu
1689 2441 1781 2471 omnia
1797 2440 1961 2478 quaesupra

1092 2484 1207 2524 scripta
1215 2485 1308 2523 sunt,
1319 2482 1452 2524 praeftet:
1460 2482 1504 2522 fic
1519 2484 1618 2514 deinde
1628 2481 1753 2522 pretium
1763 2478 1962 2519 consequatur.

1104 2524 1249 2564 Nempe,
1272 2533 1313 2554 ne
1329 2525 1479 2556 venditor
1494 2523 1595 2563 pretio
1613 2524 1695 2554 u‘ltro
1720 2519 1886 2558 restituto,
1910 2520 1965 2550 de-

1102 2566 1175 2597 inde
1195 2565 1348 2604 emptoris
1366 2574 1453 2596 mora
1469 2572 1523 2595 aut
1539 2558 1799 2604 tergiversatione
1815 2561 1965 2592 damnum

1099 2606 1214 2637 habeat
1230 2614 1282 2636 aut
1299 2605 1483 2637 molestiam.
1499 2612 1531 2635 at
1546 2612 1611 2635 non
1622 2604 1718 2644 magis
1728 2602 1941 2633 omittendum
1952 2623 1963 2640 ,

1097 2647 1236 2685 AEdiles,
1258 2646 1335 2678 ficut
1352 2644 1509 2677 venditori
1530 2644 1592 2675 hoc
1616 2644 1848 2684 prospexerunt
1863 2642 1965 2674 modo

1096 2691 1140 2720 ita
1157 2697 1217 2719 nec
1233 2695 1413 2727 emptorem
1431 2696 1470 2717 ne
1495 2685 1547 2726 ligi
1567 2685 1668 2726 pass'os
1688 2684 1759 2716 ess'e.
1782 2683 1879 2723 Gajus
1895 2692 1962 2715 cer-

1097 2729 1163 2761 tel.
1181 2732 1230 2760 26.
1247 2728 1275 2759 h.
1293 2733 1313 2758 t.
1331 2728 1449 2759 veritus
1476 2727 1621 2765 imiliter,
1637 2736 1671 2757 ne
1687 2726 1731 2757 ini
1752 2734 1820 2756 uum
1830 2724 1891 2762 fit,
1908 2732 1964 2755 em-

1096 2776 1206 2812 ptorem
1228 2768 1372 2809 compelli,
1395 2769 1536 2799 dimittere
1559 2775 1678 2807 corpus,
1703 2735 1750 2801 &ff
1763 2767 1800 2797 ud
1825 2764 1964 2797 actionem

1093 2811 1224 2854 judicati
1243 2810 1338 2847 mitti,
1354 2808 1384 2848 fi
1405 2810 1552 2840 interdum
1576 2809 1648 2840 nihil
1669 2806 1827 2849 praeflatur
1846 2811 1978 2850 propter¹
2032 2832 2033 2854 ἒ

1098 2853 1225 2893 inopiam
1239 2851 1413 2882 venditoris:
1431 2852 1529 2891 potius
1544 2859 1603 2881 rem
1625 2851 1668 2881 itu
1690 2848 1879 2880 ordinandam
1894 2845 1964 2887 effe,

1096 2891 1306 2931 existimavit,
1327 2898 1361 2923 ut
1375 2899 1481 2932 emptor
1497 2897 1615 2929 caveat,
1626 2889 1655 2929 fi
1669 2891 1749 2921 intra
1773 2894 1880 2920 certum
1894 2893 1963 2919 tem-

1089 2942 1149 2977 pus
1156 2933 1278 2975 pecunia
1279 2933 1376 2973 soluta
1379 2931 1420 2971 fit
1430 2957 1440 2972 ,
1447 2934 1481 2972 st·
1489 2934 1662 2974 mancipium
1672 2929 1886 2973 restituturum.
1898 2927 1962 2974 Sed

1097 2982 1247 3017 apparet,
1271 2974 1428 3006 AEdilibus
1443 2973 1533 3006 fuisse
1553 2973 1739 3015 negotium,
1753 2979 1793 3016 ot.
1801 2969 1962 3014 redhibito

1099 3014 1256 3049 venditori
1272 3016 1431 3056 mancipio
1447 3024 1520 3047 cnm
1536 3014 1660 3046 caeteris
1685 3014 1725 3044 de
1742 3012 1856 3057 quibus
1874 3009 1960 3055 ὡκ),

1098 3057 1214 3091 deinde
1231 3057 1361 3088 demum
1377 3065 1505 3097 emptor
1522 3057 1561 3088 ad
1576 3056 1661 3087 sunm
1680 3058 1854 3094 perveniat.
1870 3046 1961 3092 Quid

1098 3098 1203 3139 ergo?
1226 3097 1248 3130 ss
1272 3098 1297 3130 is
1320 3098 1448 3138 quidem
1472 3105 1543 3139 agat
1565 3098 1603 3128 ad
1628 3092 1878 3129 redhibendum3
1907 3089 1963 3123 sed

1095 3140 1195 3178 nolit,
1217 3140 1375 3171 venditori
1391 3149 1428 3171 ea
1451 3148 1522 3180 quae
1536 3137 1629 3179 juffus
1656 3136 1719 3172 est,
1740 3131 1900 3174 praestare:
1922 3140 1963 3164 an·

1095 3189 1131 3215 ut
1157 3179 1286 3225 praestet
1313 3189 1350 3215 ea
1370 3177 1662 3216 condemnabitur?
1687 3173 1827 3214 Nescio,
1855 3172 1981 3247 anhcgg
