2052 3487
436 149 500 186 An
550 149 705 184 LEGEM
754 146 989 192 AQumiAM
1041 150 1179 186 Lmen
1230 151 1520 192 SINGULARIS.

62 239 152 283 legem
175 241 338 283 Aquilium.
362 240 381 272 l.
401 249 427 271 1.
451 239 480 281 §.
499 248 529 279 5.
551 237 593 268 D.
612 237 645 268 de
660 234 773 278 dejetsstis
792 236 829 272 ὅ)
854 238 928 279 effu-

1768 169 1838 202 :tio

970 237 1153 278 servorum,
1177 239 1228 272 sed
1251 240 1473 282 ingenuorum.
1497 243 1528 275 in
1545 253 1586 276 eo
1604 245 1777 277 certamine
1792 247 1835 279 31η

56 281 110 320 fis.
137 280 220 314 filius
238 283 331 314 ctiam
353 281 484 313 familias
504 278 559 311 etsi
584 279 827 319 quodammodo
844 279 880 311 sit
896 280 926 313 in
971 288 1020 314 ter
1037 282 1171 314 alterum
1191 282 1342 315 occidisse
1361 284 1492 317 dicitur:
1509 286 1539 317 ἃ
1557 287 1708 327 quaeritur
1720 310 1729 325 ‚
1745 289 1836 320 anle“

63 324 208 356 dominio
233 326 328 364 patris
354 323 420 362 sui,
451 322 490 353 ab
518 330 625 362 eoque
651 321 805 352 vindicari
833 322 927 362 poffit

63 375 102 397 cx
124 367 191 406 jure
209 366 402 407 Qun·itium;
432 364 495 405 (ut
516 370 632 404 praeter
660 360 833 408 Ulpianum
856 364 883 410 ἰ..
900 373 924 395 1.

61 406 90 449 ὃ.
109 418 137 439 2.
168 408 210 439 D.
234 410 266 438 ct'e
290 409 330 438 rei
353 406 549 437 vindicatione
575 403 714 435 ostendit
740 403 921 437 Lactantius

61 450 106 480 lib.
131 459 160 488 4.
195 448 302 480 Divin.
326 445 392 488 inst.
422 457 446 478 c.
465 457 495 487 3.
521 447 551 478 &
578 444 751 486 Dionyfius
779 446 921 493 Halicar-

57 490 179 522 naffeus
201 490 247 520 lib.
268 495 295 524 8.
320 490 422 530 Antiq.
449 488 534 520 Rom.
567 497 592 520 c.
613 491 688 528 13.)
718 495 922 533 tamen-quia

59 525 200 572 alioquin
232 532 327 562 habet
357 531 493 563 liberum
524 537 644 570 caput,
677 531 740 569 (ut
765 527 920 570 Ulpianus

59 572 202 614 loquitur
222 577 267 604 tit.
290 582 332 604 11.
357 572 386 614 §.
403 572 461 612 5.)
485 571 505 603 fi
523 571 645 603 occisus
670 571 706 603 fit
724 594 733 608 ,
765 579 919 612 quantum

58 615 97 645 ad
120 615 264 654 corporis
280 613 519 645 aestimationem
547 614 682 651 attinet,
708 613 833 653 Aquilia
852 622 917 645 ces·

58 653 118 686 sat:
142 655 410 696 quemadmodum
427 679 437 693 ,
470 655 492 687 fi
520 654 754 686 filiumfamilias
774 656 919 686 vulnera-

56 698 104 727 vit
123 697 299 737 quadrupes
311 720 320 735 ‚
344 696 439 728 ceffat
454 697 572 728 diretta
591 697 673 727 actio
690 696 720 726 Si
738 696 918 735 quadrupes

57 740 240 780 pauperiem
264 737 372 769 fecisse
398 739 520 769 dicatur
541 738 560 768 l.
580 748 608 779 3.
635 737 676 768 D.
702 737 734 767 Si
755 738 918 782 quadrupes

54 781 218 824 pauperiem
227 779 326 820 feciffe
343 781 467 811 dicatur.
509 779 572 811 Sed
598 778 684 819 quod
701 778 738 809 ad
762 777 917 824 impensas

54 821 221 853 medicinae
245 821 362 862 spectat
380 844 390 859 ‚
427 828 481 853 aut
510 821 549 852 ad
577 819 743 851 mercedes
766 818 917 850 Medico-

53 872 124 895 tum
143 885 153 900 ,
183 870 236 894 aut
259 864 297 894 ad
322 872 435 903 operas
452 886 462 902 ,
492 862 608 903 quibus
628 868 718 901 pater
742 869 853 906 caret,
886 860 916 890 &

56 905 210 936 cariturus
236 904 280 936 est
298 914 431 945 propter
456 903 596 935 occisum
620 903 720 934 filium
736 925 746 941 ‚
778 902 915 933 dubitari

55 946 148 987 poffit
164 970 173 985 ‚
205 956 245 977 ne
270 947 348 987 patri
375 946 458 978 utilis
473 946 556 977 actio
574 943 658 986 quasi
681 953 721 975 ex
746 951 854 990 mente
874 943 915 974 le-

55 988 100 1029 gis
120 988 185 1019 dari
203 988 328 1019 debeat.
370 987 471 1033 Quod
488 997 560 1019 curn
578 986 733 1026 Ulpianus
757 995 789 1016 in
808 985 915 1016 vulne-

55 1037 124 1060 rato
147 1029 264 1070 probet
288 1039 327 1061 ex
353 1030 459 1070 capite
488 1029 585 1061 tertio
609 1028 628 1058 l.
645 1038 675 1068 5.
707 1027 735 1069 §.
760 1027 814 1074 ult.
846 1026 865 1056 l.
883 1035 912 1065 7.

54 1069 98 1101 D.
121 1070 171 1102 Ad
192 1071 279 1112 legem
296 1070 466 1111 Aquiliam:
495 1070 572 1111 quid
592 1069 641 1108 ni,
671 1067 693 1099 fi
709 1066 831 1114 occisus
855 1066 911 1105 sit,

53 1111 107 1143 vel
130 1111 232 1143 statim
252 1134 262 1151 ,
292 1114 345 1144 vel
368 1111 439 1151 post
465 1119 592 1152 tempus
611 1133 621 1148 ‚
657 1119 697 1140 ex
718 1118 824 1149 primo
855 1108 911 1138 sta-

56 1152 156 1184 tuas?
187 1153 294 1193 Atque
330 1155 392 1184 huc
413 1154 516 1184 tendit
541 1149 911 1196 Decretum-quoddam

54 1193 188 1226 Taurini
204 1193 328 1235 Egnatii
346 1217 355 1232 ‚
386 1194 474 1234 quod
496 1203 510 1223 a
531 1192 619 1223 Divo
638 1190 802 1222 Hadriano
821 1200 910 1237 com-

53 1235 244 1276 probatum,
265 1233 389 1273 nescio,
413 1243 451 1264 an
475 1233 550 1264 huic
572 1232 688 1264 actioni
711 1241 748 1264 ac
769 1232 827 1272 J'uri
844 1231 911 1263 for-

54 1283 87 1307 te
104 1277 133 1307 ἃ.
148 1276 329 1316 exemplum
349 1274 520 1315 praebuerit
538 1274 567 1305 δε
582 1274 718 1305 initium.
752 1273 828 1314 Ejus
846 1273 910 1304 De-

52 1317 131 1347 creti
154 1315 183 1347 ἀ
203 1315 357 1356 Rescripti
376 1316 492 1355 verba,
516 1316 588 1356 quia
604 1315 722 1360 habent
744 1314 910 1356 pulchram

49 1358 80 1388 &
98 1357 276 1398 elegantem
297 1356 538 1395 definitionem,
569 1356 743 1388 adscribam
760 1366 800 1388 ex
818 1357 909 1388 Colla·

49 1399 125 1429 tione
147 1398 259 1436 Legum
285 1399 484 1439 Mosaicarum
508 1398 545 1433 &⁸
572 1398 775 1429 Romanarum
800 1398 858 1429 Tit.
881 1408 907 1430 1.

47 1438 76 1481 ὃ.
91 1449 120 1477 9.
143 1439 222 1471 Sunt
239 1448 345 1472 autem
363 1440 443 1472 haec.
491 1439 640 1481 Ulpianus
663 1440 733 1471 libro
751 1439 788 1474 ὅ)
806 1440 907 1478 titulo,

47 1490 102 1521 quo
109 1481 214 1522 supra.
257 1481 331 1514 Cum
344 1483 464 1524 quidam
473 1490 526 1522 per
539 1482 689 1521 lasciviam
705 1481 822 1522 causam
836 1491 906 1512 mor-

47 1523 86 1552 tis
105 1522 265 1562 praebuiffet
280 1546 290 1562 ,
325 1525 535 1564 comprobatum
563 1521 603 1564 est
629 1522 751 1563 fastum
782 1522 907 1554 Taurini

49 1562 173 1605 Egnatl
198 1565 284 1596 Proc.
316 1564 426 1596 Baeticae
457 1575 476 1596 a
506 1564 588 1596 Divo
611 1565 792 1603 Hadriano,
831 1565 906 1606 quod

46 1613 110 1635 eum
136 1607 167 1635 in
190 1606 419 1647 quinquennium
447 1606 602 1648 relegaffet.
646 1605 742 1638 Wrba
763 1606 907 1646 consulta-

47 1646 133 1676 tionis
159 1645 195 1681 &
220 1648 348 1688 rescripti
373 1649 416 1678 ita
430 1647 466 1687 β.»
492 1649 605 1679 habent.
646 1647 730 1679 Inter
754 1648 905 1685 Clodium,

47 1685 164 1726 Optime
186 1687 344 1729 Imperator
361 1712 372 1728 ,
403 1688 439 1723 ὅ)
463 1688 628 1729 EuariJlem
643 1714 645 1716 .
659 1691 779 1730 cognovi
793 1712 802 1726 ,
833 1689 906 1729 quod

48 1728 164 1759 Clodius
181 1729 259 1769 Lupi
270 1728 354 1768 filius
371 1731 402 1759 in
420 1731 571 1769 convivio,
589 1732 738 1771 dumsago
751 1729 905 1771 jactatur,

45 1769 130 1807 culpa
144 1769 242 1800 Marii
266 1768 400 1811 Euarzfli
422 1773 465 1801 ita
488 1771 559 1801 male
579 1778 710 1812 acceptus
724 1773 822 1810 fuerit
837 1794 847 1808 ,
875 1777 908 1801 ut

40 1808 105 1851 post
120 1811 194 1841 diem
209 1812 343 1851 quintum
360 1817 533 1843 moreretur:
555 1822 607 1850 ac,
637 1815 773 1853 quamvis
789 1818 906 1852 appare·

46 1853 97 1882 bat
121 1852 233 1882 nullam
257 1853 441 1883 inimicitiam
463 1862 529 1883 cum
553 1851 688 1893 Euarifto
706 1852 799 1893 fuiffe
814 1876 823 1891 ‚
856 1861 907 1882 nec

44 1893 213 1933 cupiditatis
235 1893 364 1934 culpam,
387 1894 569 1925 coercendum
591 1895 723 1933 credidi,
755 1899 788 1924 ut
814 1894 907 1924 coeteri

43 1935 168 1976 esusdem
182 1935 274 1965 aetatis
284 1935 408 1975 juvenes
424 1936 656 1967 emendarentur.
694 1935 815 1976 Ideoque
832 1934 904 1966 Ma-

43 1976 86 2006 rio
114 1973 251 2016 Euarzflo
274 1976 342 2006 urbe
359 1999 369 2014 ,
412 1975 500 2007 ltalia
515 1999 525 2014 ‚
562 1978 711 2016 provincia
734 1976 845 2007 Baeticae
873 1976 906 2006 in

43 2017 274 2057 quinquennium
296 2017 459 2056 interdixi,
490 2016 527 2052 &⁹
551 2019 690 2057 decrevi,
719 2023 754 2048 ut
769 2017 906 2058 impendii

44 2058 132 2095 caula
152 2059 207 2089 duo
234 2057 325 2088 millia
344 2061 426 2098 patri
445 2059 508 2100 ejus
528 2058 698 2099 persolveret
726 2056 904 2099 Euaristus,

26 2100 118 2144 'quod
139 2097 292 2138 manifesta
314 2100 376 2140 ejus
394 2100 497 2138 fuerat
524 2106 693 2140 paupertas.
745 2100 842 2131 Verba
863 2109 904 2130 re-

43 2141 153 2181 scripti.
196 2140 317 2172 Poenam
350 2140 446 2172 Mar]
464 2140 598 2182 Euarifli
618 2141 691 2172 reue
720 2141 800 2182 Egn.
827 2140 904 2172 Tau-

45 2183 107 2212 rine
124 2183 285 2214 moderatus
308 2192 335 2213 es
360 2184 398 2214 ad
415 2183 529 2213 niodum
544 2183 642 2223 culpae.
672 2184 761 2223 refert
778 2184 852 2214 enim
869 2182 906 2217 {5⁹

45 2223 76 2254 in
93 2223 248 2264 majoribus
264 2223 374 2254 delitiis
391 2224 516 2264 consulto
533 2224 645 2266 aliquid
660 2226 854 2263 admittatur,
867 2234 905 2255 an

44 2263 124 2302 casu.
150 2263 319 2302 &sanein
341 2267 469 2296 omnibus
492 2266 661 2297 criminibus
684 2264 827 2307 distinctio
849 2267 906 2297 haec

38 2310 156 2346 paenam
179 2312 232 2336 aut
251 2304 361 2347 justam
375 2313 532 2348 provocare
557 2308 635 2338 debet
652 2331 662 2347 ‚
693 2313 745 2339 aut
770 2313 904 2347 tempera-

43 2351 173 2377 mentum
195 2347 352 2379 admittere.
394 2347 475 2379 Haec
499 2347 673 2389 Ulpianus:
704 2359 744 2381 ex
770 2358 835 2389 quo
852 2358 904 2389 ap-

41 2394 135 2428 paret
150 2410 160 2427 ‚
191 2386 368 2420 Taurinum
384 2388 529 2421 Euat-isto
549 2413 558 2429 ‚
591 2393 645 2430 qui
665 2400 722 2431 per
745 2390 904 2422 lasciviam

43 2428 224 2469 praebuerat
238 2429 362 2462 causam
376 2433 489 2463 mortis
506 2430 630 2470 Clodii,
652 2431 735 2473 Lupi
751 2431 807 2464 filii
817 2455 826 2471 ,
838 2442 904 2463 non

44 2477 167 2501 tantum
188 2470 267 2502 urbe
282 2494 291 2510 ‚
324 2471 412 2504 Italia
429 2495 439 2511 ‚
472 2474 705 2515 provinciaque
722 2481 733 2511 ·‚
763 2474 794 2505 in
814 2482 904 2514 qnin-

43 2512 217 2551 quennium
234 2513 445 2552 interdixisse,
469 2514 521 2545 sed
538 2523 692 2555 praeterea
708 2514 904 2553 decreviffe,

43 2559 81 2582 ut
111 2553 136 2584 is
159 2553 301 2585 defuncti
329 2556 408 2595 patri
435 2565 494 2596 pro
519 2557 689 2596 impendiis
713 2557 778 2588 duo
807 2557 904 2588 millia

44 2592 258 2634 persolveret,
281 2595 378 2636 idque
401 2607 417 2627 a
443 2597 531 2628 Divo
558 2597 724 2630 Hadriano
747 2599 904 2639 approba-

47 2640 114 2664 tum
130 2634 202 2666 effe.
224 2637 312 2676 quod
329 2637 394 2677 his,
418 2647 489 2679 quae
512 2639 598 2679 dixi,
622 2640 788 2671 convenit.

65 2672 200 2718 ‘Neque
229 2677 380 2710 abhorret
412 2689 428 2710 a
451 2680 604 2721 sequente
634 2680 763 2721 Ulpiani
794 2680 905 2712 defini-

47 2719 155 2785 ἷξοῦο,
178 2726 246 2757 quae
264 2718 308 2750 est
325 2720 356 2751 in
379 2720 398 2752 l.
417 2730 444 2762 7.
468 2722 496 2764 §.
512 2732 542 2761 4.
567 2721 610 2754 D.
631 2722 683 2754 Ad
700 2723 788 2765 legem
806 2722 902 2764 Aqui·

59 2764 125 2785 iani.

87 2795 123 2826 Si
139 2795 245 2839 [quis]
266 2800 298 2831 in
314 2801 530 2843 collutlatz'one,
552 2805 599 2836 vel
615 2806 647 2836 in
657 2805 832 2846 pancratio„
854 2803 902 2835 vel

100 2838 216 2884 pugiles
231 2841 298 2870 dum
314 2843 389 2874 inter
402 2843 431 2881 se
446 2852 616 2877 exercentur
627 2870 637 2886 ,
658 2847 734 2878 alius
750 2846 842 2877 alium
856 2855 901 2876 oc-

106 2880 228 2917 ciderit,
244 2879 384 2921 fiquidem
400 2886 432 2916 in
444 2887 555 2925 publico
574 2890 728 2919 certamine
752 2888 852 2928 [alius
869 2896 900 2917 a·

105 2919 176 2950 lium
188 2922 345 2969 occiderit]
368 2925 451 2964 ceffat
465 2927 606 2969 Aquilia:
628 2931 699 2971 quia
707 2928 901 2970 gloriaecausa

105 2959 144 2995 δ’
160 2967 280 2992 virtutis
291 2986 299 3001 ‚
316 2973 371 2995 non
386 2967 500 3006 injurice
514 2971 614 3010 gratia
630 2972 748 3002 videtur
765 2972 902 3001 damnum

105 3003 219 3033 datum.
238 3003 304 3035 Hoc
320 3011 415 3037 autem
430 3009 461 3038 in
469 3012 556 3048 servo
571 3021 628 3042 non
642 3013 786 3051 procedit:
802 3011 903 3053 quoni-

103 3053 151 3075 am
165 3045 285 3086 ingenui
300 3047 387 3080 solent
404 3055 530 3082 certare:
550 3052 582 3082 in
592 3052 785 3093 filiofamilias
800 3052 901 3084 vulne-

102 3091 166 3116 rato
180 3088 319 3126 procedit.
344 3088 454 3129 Plane,
470 3089 499 3129 fi
524 3095 662 3125 cedentem
684 3095 901 3132 vulneraverit,

100 3128 156 3156 erit
179 3127 305 3168 Aquilia
326 3129 421 3169 locus,
449 3138 502 3163 aut
514 3131 543 3171 fi
562 3144 618 3166 non
634 3136 664 3166 in
680 3136 834 3166 certamine
839 3136 901 3176 ser-

102 3176 174 3199 vitm
189 3170 320 3201 occiderit
337 3181 345 3202 z
377 3171 433 3209 nisi
452 3175 562 3206 domino
579 3179 767 3209 committente
788 3176 838 3208 hoc
846 3177 900 3217 fa-

102 3207 246 3256 &musti-⁸
269 3218 339 3243 tunc
357 3215 431 3245 enim
448 3215 572 3257 Aquilia
592 3217 684 3259 ceffiit.

42 3247 239 3291 Proponitur
252 3254 416 3295 publicum
433 3265 614 3294 certamen.-
636 3259 700 3293 hoc
716 3259 816 3302 ipsum
832 3268 899 3294 non

970 325 1003 364 gi
1028 324 1164 363 Aquiliae
1188 324 1279 356 locus
1295 325 1357 357 fit?
1381 327 1412 358 id
1432 337 1509 358 vero
1529 336 1624 370 negat
1648 327 1802 369 Ulpianus
1823 341 1834 369 ς

969 366 999 395 ἃ
1022 365 1128 403 addit,
1153 367 1225 406 quia
1242 367 1352 408 gloriae
1375 367 1464 400 causa
1487 369 1517 400 &
1535 370 1680 409 virtutis,
1704 380 1768 402 non
1787 372 1833 402 in-

965 405 1051 477 f'uriae
1077 408 1196 447 gratia,
1219 409 1370 440 damnum
1396 413 1503 442 datum
1533 411 1667 443 videtur.
1711 412 1787 444 Hoc
1809 412 1831 445 fi

974 456 1065 479 ionio
1085 458 1241 489 ingenuus
1259 451 1290 481 in
1309 451 1440 490 publico
1450 453 1624 484 certamine
1644 463 1708 484 non
1721 454 1831 493 injuria

965 489 1087 522 occisus
1103 490 1147 521 sit.
1190 489 1295 532 Quid,
1319 492 1339 523 si
1363 493 1497 532 injuria?
1521 494 1595 525 mihi
1613 495 1745 526 dubium
1762 505 1828 528 non

964 530 1028 570 est,
1054 532 1129 572 quin
1149 531 1302 572 Ulpianus
1319 533 1425 564 adhuc
1441 533 1538 566 faciat
1556 536 1618 576 legi
1638 537 1770 576 Aquiliae
1783 537 1830 568 lo·

962 581 1052 604 cum:
1076 582 1147 604 nam
1163 574 1252 609 aliter
1269 573 1497 615 statuentibus,
1512 577 1613 608 inanis
1629 578 1760 618 quaestio
1773 578 1828 613 fin
1844 603 1845 607 ,

963 622 998 644 an
1010 637 1019 652 ,
1035 613 1058 647 fi
1075 614 1176 646 homo
1193 618 1347 657 ingenuus
1366 617 1396 648 in
1414 617 1546 658 publico
1569 621 1745 650 certamine
1762 629 1828 651 non

962 655 1071 694 injuria
1089 656 1212 689 occisus
1236 656 1291 695 fit,
1317 658 1387 699 lege
1411 659 1536 699 Aquilia
1558 660 1608 700 agi
1629 660 1732 700 poffit.
1775 660 1827 692 Sic

961 697 1037 727 mihi
1059 697 1203 736 videtur,
1228 699 1256 729 ἃ
1274 699 1437 739 sequentia
1453 700 1569 738 verba,
1593 700 1659 731 Hoc
1678 707 1772 732 autem
1794 702 1827 732 in

952 736 1039 776 servo
1057 748 1115 768 non
1128 741 1273 778 procedit:
1296 743 1433 781 quoniam
1448 743 1568 782 ingenui
1579 742 1674 781 solent
1697 749 1826 774 certare:

959 779 990 807 in
1001 778 1194 819 filiofamilias
1211 782 1364 813 vulnerato
1376 785 1516 823 procedit.
1554 783 1647 814 Plane
1660 805 1670 823 ,
1686 782 1714 822 fi
1730 785 1827 815 ceden-

960 824 1015 849 tem
1039 820 1240 852 vulneraverit
1256 845 1265 860 ‚
1294 825 1349 854 erit
1370 824 1499 865 Aquiliae
1521 824 1616 863 locus,
1648 830 1702 856 aut
1719 824 1747 863 fi
1768 835 1828 856 non

957 860 989 890 in
1007 865 1161 892 certamine
1175 863 1290 900 servum
1307 866 1455 904 occiderit,
1479 864 1526 907 (fi
1547 866 1646 898 modo
1674 866 1739 897 hoc
1756 866 1825 898 vul-

956 907 1075 939 nerato,
1102 901 1230 944 Ulpiani
1246 904 1300 943 fit,
1324 915 1389 938 non
1406 905 1616 947 interpretis,
1642 908 1828 948 impruden-

959 950 1007 973 ter
1023 943 1242 984 distinguentis
1268 945 1401 987 sequens
1423 948 1521 987 illud,
1545 949 1768 989 vulneraverit,
1792 951 1824 982 in

956 982 1091 1023 persona
1120 985 1332 1026 filiifamillas,
1365 990 1414 1027 ὅῑ,
1445 991 1596 1029 occiderit,
1628 992 1659 1022 in
1692 991 1825 1031 persona

957 1024 1054 1071 servi:
1077 1026 1118 1057 de
1134 1036 1199 1067 quo
1221 1029 1363 1069 dubito)
1387 1040 1451 1062 non
1469 1031 1509 1062 fic
1526 1031 1588 1063 effe
1605 1033 1824 1072 exaudienda,

956 1066 1040 1106 quasi
1056 1067 1121 1098 hoc
1136 1069 1185 1109 jus
1202 1069 1235 1100 in
1252 1069 1385 1102 homine
1401 1072 1532 1112 quidem
1551 1073 1691 1115 ingenuo
1708 1073 1825 1105 filiofa-

956 1108 1055 1140 milias
1082 1111 1192 1149 injuria
1216 1112 1383 1143 vulnerato
1415 1114 1595 1153 procedere
1627 1115 1748 1154 velint,
1772 1114 1826 1147 scd

955 1158 1020 1180 non
1038 1150 1070 1181 in
1096 1151 1227 1183 homine
1248 1153 1390 1194 ingenuo
1413 1153 1619 1187 filiofamilias
1639 1157 1749 1196 injuria
1767 1166 1824 1188 oc-

954 1190 1037 1224 ciso:
1061 1192 1234 1232 praesertim
1261 1195 1333 1233 quia
1362 1202 1450 1228 totus
1476 1194 1606 1236 Ulpiani
1632 1196 1736 1229 sermo
1761 1198 1824 1238 jam

952 1232 1028 1263 inde
1044 1234 1084 1264 ab
1099 1234 1192 1265 initio
1209 1234 1328 1275 spectat
1345 1237 1383 1268 ad
1399 1237 1570 1278 ingenuum
1587 1238 1750 1271 hominem
1770 1249 1825 1270 oc-

952 1273 1069 1313 cisum,
1094 1284 1160 1307 non
1183 1285 1289 1308 autem
1315 1278 1355 1309 ad
1374 1279 1546 1320 ingenuum
1567 1279 1734 1311 hominem
1757 1282 1823 1312 vul·

952 1322 1115 1348 neratum:
1141 1316 1223 1349 istud
1254 1327 1387 1360 quoque
1419 1320 1572 1359 verbum,
1601 1321 1824 1361 vulneraverit,

952 1366 1017 1388 non
1043 1359 1184 1397 pertinet
1206 1359 1285 1399 huc,
1309 1368 1344 1391 ut
1361 1360 1527 1393 hominem
1548 1362 1684 1394 liberum
1711 1361 1828 1394 filium-'

951 1398 1085 1431 familias
1101 1400 1241 1432 occisum
1259 1410 1276 1432 a
1292 1401 1461 1434 vulnerato
1481 1402 1672 1445 distinguat,
1689 1412 1743 1436 aut
1757 1414 1824 1436 cer-

952 1447 984 1471 te
1008 1441 1121 1473 vulnus
1144 1442 1210 1482 eJ'us
1234 1442 1299 1475 fine
1322 1444 1411 1475 caede
1430 1444 1599 1486 indigitet:
1622 1454 1694 1477 nam
1717 1445 1739 1477 fi
1759 1446 1824 1477 hoc

951 1490 1059 1523 ageret
1087 1481 1264 1523 Ulpianus;
1289 1485 1366 1525 quid
1391 1485 1436 1516 illi
1466 1495 1549 1527 opus
1567 1495 1654 1525 erat,
1680 1488 1721 1518 de
1738 1486 1822 1518 filio-

950 1522 1084 1555 familias
1109 1525 1300 1558 nominatim
1324 1525 1518 1567 respondere
1533 1527 1550 1560 *ἓ
1575 1537 1648 1560 cuin
1670 1528 1700 1560 &
1715 1537 1822 1569 pater·

950 1564 1102 1603 familias,
1127 1565 1148 1597 si
1176 1567 1286 1606 injuria
1316 1568 1500 1601 vulneratus
1520 1569 1574 1608 fit,
1606 1569 1660 1600 suo
1690 1572 1823 1601 nomine

950 1606 1067 1638 habeat
1084 1608 1194 1639 utilem
1216 1609 1295 1649 legis
1312 1609 1449 1649 Aquiliae
1474 1611 1633 1641 actionem
1657 1610 1676 1641 l.
1702 1619 1750 1651 ¹3·
1777 1611 1822 1642 D.

950 1648 999 1678 Ad
1017 1648 1105 1690 legem
1119 1649 1284 1690 Aquiliam.
1327 1649 1403 1682 Non
1424 1651 1518 1692 igitur
1534 1652 1639 1684 voluit
1662 1651 1822 1693 Ulpianus

949 1691 1125 1730 inquirere3
1143 1699 1249 1722 utrum
1267 1691 1300 1724 in
1314 1691 1447 1724 homine
1464 1693 1606 1734 ingenuo
1621 1700 1745 1725 tantum
1756 1695 1824 1726 vul-

951 1739 1079 1770 nerato,
1102 1741 1141 1763 an
1167 1733 1264 1764 etiam
1290 1732 1420 1773 occiso,
1445 1735 1640 1775 procederet
1660 1735 1749 1776 prior
1768 1736 1823 1767 de-

952 1771 1075 1803 finitio:
1092 1782 1203 1805 verum
1221 1774 1326 1805 voluit
1342 1775 1519 1815 inquirere,
1545 1784 1650 1808 utrum
1663 1786 1699 1807 ea
1713 1775 1824 1808 defini-

951 1814 997 1843 tio
1022 1813 1091 1844 satis
1109 1815 1303 1854 procederet
1319 1815 1351 1847 in
1376 1815 1598 1857 filiofamilias3
1624 1818 1726 1858 quiin
1752 1827 1821 1850 cer-

950 1860 1056 1885 tamen
1083 1854 1304 1895 descenderit,
1330 1866 1396 1889 non
1419 1860 1648 1890 committente
1671 1866 1763 1899 patre
1788 1860 1822 1892 in

950 1895 1036 1934 cujus
1054 1903 1122 1927 erat
1137 1897 1398 1938 potestatetquia
1412 1899 1517 1940 aliqua
1536 1900 1588 1932 vel
1606 1903 1638 1932 in
1655 1910 1697 1932 eo
1715 1899 1822 1941 super-

950 1945 1016 1967 erat
1041 1937 1199 1969 dubitatio
1217 1961 1228 1976 ,
1260 1947 1394 1980 propter
1417 1939 1589 1982 imaginem
1614 1941 1695 1973 servi
1727 1951 1823 1983 quam

948 1977 1153 2017 repraesentat
1170 1980 1271 2018 patria
1286 1981 1444 2021 potestas,
1469 1983 1641 2015 dominicae
1660 1991 1728 2015 non
1743 1983 1820 2016 abfi-

948 2018 1048 2052 milis:
1064 2026 1100 2052 ut
1116 2018 1301 2054 Lactantius
1318 2023 1430 2055 aanor
1447 2023 1493 2056 est
1507 2025 1556 2056 lib.
1573 2033 1604 2065 4.
1623 2023 1734 2056 Divin.
1750 2023 1819 2065 inst.

948 2070 973 2092 c.
1017 2084 1023 2090 .

990 2069 1120 2141 Deinde
1142 2103 1185 2135 ait
1208 2104 1279 2145 lex,
1304 2106 1566 2153 Qgiaclrupedernve
1582 2109 1731 2148 pecudem.
1773 2107 1821 2140 Ut

949 2143 1043 2182 igitur
1066 2152 1216 2185 apparet,
1233 2145 1330 2179 servis
1349 2148 1461 2180 nostris
1480 2156 1627 2189 exaequat
1645 2150 1824 2190 quadrupe·

950 2185 1023 2217 des:
1049 2195 1114 2217 non
1136 2196 1249 2219 omnes
1265 2190 1413 2228 quidem,
1433 2189 1484 2221 sed
1495 2199 1565 2229 quae
1582 2193 1743 2231 pecudum
1763 2201 1820 2223 [ια-

949 2235 1039 2258 mero
1063 2226 1143 2259 sunt.
1170 2229 1286 2260 dicitur
1302 2239 1428 2269 autem,
1452 2238 1486 2262 ut
1509 2231 1612 2264 Varro
1633 2233 1696 2271 ait,
1720 2242 1819 2273 pecus

947 2268 1057 2307 abeo,
1074 2270 1160 2309 quod
1178 2270 1352 2310 perpascat.
1375 2271 1563 2312 justinianus
1575 2273 1688 2306 definit
1700 2297 1710 2313 ‚
1727 2275 1817 2314 quod

952 2313 1083 2350 proprie
1105 2310 1189 2351 pasci
1215 2312 1331 2345 dicitur
1357 2313 1385 2355 ἓ.
1408 2323 1433 2345 1.
1455 2312 1527 2355 [nst.
1550 2315 1583 2345 de
1599 2315 1658 2356 lege
1683 2316 1818 2356 Aquilia.

947 2350 1148 2391 Marcianus,
1171 2354 1259 2393 quod
1279 2355 1435 2395 gregatim
1458 2355 1595 2395 pascitur
1618 2358 1636 2387 l.
1662 2359 1712 2396 65.
1740 2356 1770 2397 §.
1785 2367 1817 2396 4.

949 2392 990 2424 D.
1012 2393 1044 2423 de
1062 2393 1166 2435 legatis
1181 2395 1229 2426 lib.
1246 2404 1275 2435 3.
1299 2394 1397 2435 Gajus
1408 2397 1494 2436 quod
1505 2398 1661 2438 gregatim
1680 2397 1818 2429 habetur

947 2434 966 2464 l.
994 2443 1020 2465 2.
1040 2434 1067 2475 §.
1084 2445 1113 2466 2.
1133 2434 1175 2466 D.
1203 2436 1254 2466 Ad
1278 2436 1366 2476 legem
1389 2438 1563 2478 Aquiliam:
1587 2438 1618 2470 id
1640 2438 1703 2479 est,
1727 2439 1817 2479 quod

948 2474 1004 2506 sub
1033 2475 1164 2516 pastoris
1194 2486 1269 2508 cura
1294 2477 1431 2509 habetur
1451 2478 1490 2509 ad
1515 2478 1688 2511 humanum
1715 2479 1817 2513 usum.

949 2515 1026 2548 Hoc
1037 2516 1122 2549 sensu
1136 2517 1263 2550 Servius
1281 2519 1320 2550 ad
1340 2518 1525 2560 Virgiliilib.
1545 2531 1575 2560 4.
1594 2521 1714 2552 AEneid.
1737 2523 1815 2562 versi

951 2562 1016 2598 158.
1035 2559 1097 2598 ait,
1128 2567 1248 2600 pecora
1265 2569 1301 2590 ea
1325 2559 1387 2592 effe
1405 2570 1475 2601 quae
1493 2571 1559 2593 non
1576 2561 1738 2604 sylvestri,
1761 2563 1816 2595 sed

947 2598 1087 2631 humano
1099 2623 1109 2639 ,
1134 2598 1200 2632 usui
1217 2600 1352 2633 aluntur.
1393 2601 1531 2635 Isidorus
1548 2613 1626 2635 vero
1643 2604 1692 2635 lib.
1715 2614 1760 2637 12.
1774 2605 1816 2637 Ο-

945 2641 1034 2681 rigin.
1053 2650 1077 2672 c.
1099 2650 1125 2672 1.
1145 2640 1271 2681 scribit,
1286 2651 1385 2683 pecus
1400 2645 1591 2685 generaliter
1609 2646 1739 2686 quidem
1750 2646 1814 2678 dici

946 2691 1044 2713 omne
1064 2683 1150 2723 quod
1169 2683 1306 2715 humana
1323 2684 1429 2727 lingua
1445 2685 1475 2717 ἃ
1493 2686 1597 2728 effigie
1615 2695 1723 2726 caret,
1740 2697 1814 2728 pro-

944 2723 1013 2764 prie
1031 2733 1108 2757 vero
1127 2726 1365 2758 accommodari
1384 2728 1421 2759 iis
1447 2728 1633 2760 animalibus
1656 2738 1727 2769 quae
1742 2728 1813 2761 sunt

944 2773 997 2795 aut
1013 2765 1052 2796 ad
1071 2764 1260 2798 vescendum
1276 2776 1349 2808 apta
1361 2791 1371 2807 ,
1395 2775 1430 2800 ut
1449 2778 1529 2800 oves
1548 2770 1578 2801 &
1597 2769 1683 2808 sues,
1710 2778 1763 2801 aut
1779 2778 1812 2801 u·

943 2804 987 2837 sui
999 2806 1165 2839 hominum
1181 2817 1372 2847 commoda,
1386 2817 1422 2841 ut
1435 2810 1552 2851 equi&
1569 2811 1684 2843 boves.
1709 2811 1809 2853 Quod

943 2847 1005 2888 ait,
1029 2856 1064 2879 ut
1086 2858 1165 2881 oves
1189 2849 1218 2881 δε
1241 2849 1310 2882 sues
1325 2874 1335 2890 ,
1359 2851 1443 2883 bene
1460 2852 1576 2885 habet:
1600 2863 1671 2884 nam
1690 2852 1719 2883 δι
1738 2851 1807 2882 sues

943 2889 1104 2929 pecudum
1126 2899 1262 2924 numero
1293 2893 1471 2932 contineri,
1505 2892 1605 2934 Gajus
1630 2894 1740 2925 auctor
1761 2892 1808 2924 est

943 2931 973 2962 d.
991 2930 1011 2962 l.
1036 2941 1064 2962 2.
1089 2931 1117 2973 §.
1138 2942 1166 2964 2.
1187 2932 1229 2966 D.
1246 2934 1298 2965 Ad
1316 2933 1405 2975 legem
1421 2935 1593 2977 Aquiliam,
1618 2935 1647 2966 δε
1672 2935 1809 2974 Impera-

945 2980 997 3002 tor
1011 2971 1039 3013 §.
1057 2982 1082 3004 1.
1108 2971 1183 3014 Insl.
1203 2977 1261 3008 eod.
1281 2977 1324 3006 tit.
1351 2975 1441 3018 Quid
1457 2978 1496 3008 de
1517 2976 1622 3008 bestiis
1639 2974 1811 3007 dicemus?

945 3014 988 3044 ait
1004 3013 1102 3055 Gajus
1119 3017 1148 3046 d.
1167 3015 1219 3047 loc.
1242 3017 1331 3048 Canis
1351 3018 1430 3049 inter
1440 3019 1562 3058 pecudes
1579 3026 1636 3047 non
1654 3013 1702 3056 est.
1726 3016 1772 3047 lon
1793 3026 1810 3048 e

944 3056 1036 3096 magis
1060 3054 1150 3097 besiiae
1173 3059 1204 3089 in
1226 3067 1255 3089 eo
1275 3067 1391 3090 numero
1415 3069 1472 3090 non
1499 3059 1586 3095 sunt,
1609 3057 1702 3088 veluti
1726 3026 1806 3098 κινῇς,

943 3096 1056 3136 leones,
1089 3100 1249 3139 panthera».
1299 3099 1502 3142 Quamquam
1532 3099 1574 3130 nil
1599 3098 1808 3139 improbem,

943 3147 1053 3170 canem
1071 3149 1087 3170 a
1105 3141 1211 3172 bestiis
1231 3140 1396 3183 distingui:
1421 3150 1493 3171 cum
1513 3140 1637 3171 videam
1649 3162 1659 3179 ,
1675 3139 1807 3174 bestiam

942 3188 1001 3220 pro
1019 3179 1086 3212 fera
1103 3181 1199 3213 bestia
1216 3183 1320 3223 accipi
1339 3183 1421 3223 apud
1438 3180 1611 3221 Ulpianum
1630 3181 1648 3212 l.
1670 3190 1695 3213 1.
1714 3180 1743 3223 §.
1758 3192 1806 3215 10.

942 3220 984 3252 D.
1008 3221 1041 3253 Si
1064 3224 1222 3264 quadrupes
1236 3225 1403 3265 pauperiem
1419 3221 1520 3262 feciffe
1539 3224 1674 3254 dicatur.-
1697 3230 1805 3255 tamen

942 3271 1001 3295 nec
1020 3272 1198 3306 repugnem
1214 3288 1224 3305 ‚
1250 3264 1270 3297 li
1288 3264 1357 3302 quis
1375 3262 1506 3304 scribat,
1529 3264 1611 3307 longe
1631 3265 1724 3308 magis
1732 3266 1807 3337 felrae

1775 3314 1809 3337 νεα
