2036 3495
322 112 354 147 Α
366 123 389 148 9
419 112 464 148 LI
477 123 509 148 Β,
536 108 686 146 XXVII.
714 108 818 144 TIT.
847 108 911 145 Vi.
939 106 1129 157 ,Qllbslsalso
1147 115 1244 144 tutore
1261 111 1384 147 austore
1398 112 1517 162 gestum
1535 114 1602 156 &a

76 198 144 233 sum
173 199 235 234 effe
265 205 405 233 tutorem
438 209 502 241 quo
534 199 661 231 auCtore
683 197 804 239 gestum
829 197 874 229 est
896 205 949 228 ne-

101 243 212 275 otium.
230 243 501 283 quemadmodum
521 248 626 272 autem
644 239 685 270 illi
698 239 949 270 subveniendum

76 252 131 323 ξε,
158 282 355 326 propositum
379 293 395 314 a
417 284 558 315 Praetore
580 280 642 312 fuit
658 279 806 311 Edictum
824 279 878 310 sub
893 278 945 310 Ti-

76 325 147 357 tulo
163 348 173 364 ‚
196 326 248 356 De
269 325 300 356 in
323 327 469 365 integrum
490 321 723 363 restitutionibus.
751 330 787 351 ac
818 320 947 366 sihcon·

73 365 245 399 fideremus
267 365 490 406 Inscriptiones
513 363 635 403 Legum
655 363 743 402 liujus
757 360 860 392 Tituli
878 370 948 401 quae

73 407 145 439 sunt
167 416 208 439 ex
231 407 356 448 Ulpiani
381 408 409 438 &
431 406 519 437 Pauli
550 405 603 435 lib.
632 413 678 434 12.
705 404 752 434 Ad
776 402 948 441 Edictum3

77 456 145 481 tum
168 448 267 480 verba
296 448 397 479 Edicti
428 447 459 477 in
488 445 507 475 l.
536 455 562 476 1.
587 444 616 486 §.
645 454 670 476 1.
695 444 730 479 &³
754 444 782 485 §.
806 446 868 490 3⁴5²:
893 453 944 484 ap-

74 497 184 531 paret,
208 490 264 522 illo
288 488 408 520 tractari
431 496 524 518 unam
547 496 588 517 ex
614 484 665 516 sex
688 488 783 518 caulis
807 496 837 516 in
861 493 944 516 inte-

71 540 165 571 grum
187 529 413 565 restitutionis,
437 528 466 558 in
492 527 606 559 Edicto
631 536 789 567 pei-petuo
813 536 828 557 a
861 526 940 558 Prae-

73 579 146 603 tore
168 570 336 612 propositis
366 569 421 601 sub
445 568 558 600 Titulo
573 592 583 608 ,
608 568 656 599 De
677 570 708 598 in
734 570 878 608 integrum
900 576 941 598 re-

64 611 278 654 Jliruiz'om‘bus.
324 611 387 642 Sed
419 611 488 641 haec
514 611 576 650 jam
605 609 818 641 demonstravi
855 608 942 648 supra

68 653 184 686 Titulo
213 661 238 685 1.
263 653 333 684 libri
358 662 401 684 iv.
444 651 541 683 Nunc
571 652 658 691 quod
688 650 809 691 placuit
838 649 939 689 impe*

67 695 186 733 ratori,
216 693 272 726 etsi
295 702 384 725 extra
408 692 602 734 propositam
631 693 814 730 materiam,
839 691 938 731 ipsum

65 735 214 768 Edictum
237 736 400 777 attingam.
445 734 518 775 Ejus
540 737 640 775 capita
665 733 733 764 sunt
751 734 825 765 duo.
854 734 938 772 prius

66 787 108 809 ex
130 779 160 809 d.
185 777 204 808 l.
233 786 257 808 1.
292 777 320 819 §.
348 786 373 808 1.
408 776 444 811 ὅ)
466 776 520 808 ulit.
551 775 615 806 hoc
645 776 744 806 modo
774 773 936 806 restituen-

67 819 160 851 dum:
185 818 272 862 Quod
294 829 322 849 eo
345 817 459 849 aufilore
480 818 531 864 qui
553 824 633 848 tutor
655 826 712 847 non
728 816 846 856 fuerit,
863 825 936 846 curn

64 861 190 902 pupillo
212 859 332 900 gestum
358 860 417 890 erit
433 883 442 898 ‚
466 859 492 897 Jz
515 860 545 890 id
566 857 644 890 abror
665 858 833 898 ignoravit,
864 858 935 887 dubo

65 904 97 934 in
118 902 264 943 integrum
291 899 505 942 restitutionem.
555 899 654 940 Hujus
677 899 781 930 Edicki
804 900 936 937 aequitas

65 942 205 983 Ulpiano
228 942 246 973 l.
273 951 298 974 ι.
323 943 353 974 h.
377 948 398 972 t.
419 951 483 973 non
500 941 625 973 videtur
640 940 798 982 ambigua.
820 938 864 970 est
882 949 935 970 ve-

62 993 102 1017 ro
125 984 194 1015 haec
218 993 257 1015 ne
279 983 505 1014 contrahentes
527 982 749 1022 decipiantur,
782 981 856 1012 dum
879 980 936 1011 fal-

65 1024 114 1056 sus
135 1033 223 1056 tutor
247 1025 438 1057 adhibetur:
471 1025 500 1056 id
524 1023 587 1062 est,
619 1024 693 1055 dum
716 1022 886 1054 adhibetur
910 1023 935 1053 is

64 1067 118 1104 qui
151 1075 216 1098 non
245 1066 341 1097 fuerit
382 1074 479 1097 tutor.
536 1065 587 1096 Sic
618 1067 700 1096 enim
733 1065 774 1095 ait
807 1063 935 1095 Praetor.

67 1106 154 1149 ρμοά
176 1117 204 1138 eo
226 1107 338 1138 ααᾶονε
360 1109 411 1148 qui
433 1113 509 1138 tutor
531 1117 588 1138 non
603 1106 699 1146 fuerit
715 1128 724 1144 ,
746 1103 856 1146 gestum
872 1107 935 1135 erit.

65 1149 182 1181 Verbis
205 1157 309 1180 autem
333 1147 436 1180 Ediffl
458 1148 555 1180 multa
571 1147 693 1186 deesse,
716 1146 862 1178 observat
881 1147 934 1177 Ul-

67 1192 178 1232 pianus
199 1191 227 1221 d.
250 1190 269 1221 l.
300 1199 324 1221 1.
348 1189 377 1230 §.
407 1198 431 1220 1.
455 1189 490 1224 ὅ)
507 1191 588 1230 seqq.
612 1198 672 1220 nec
702 1189 757 1219 abs
788 1197 820 1219 re
852 1188 934 1226 erit,

64 1231 211 1272 exempla
234 1231 465 1271 repraelentare.
488 1231 623 1270 primum
646 1229 691 1261 est
714 1230 776 1261 tale
797 1230 828 1260 in
850 1229 879 1270 §.
905 1238 933 1260 2.

63 1272 212 1305 EdiCtum
235 1273 377 1311 loquitur
400 1274 439 1303 de
463 1282 503 1303 eo
527 1272 580 1312 qui
604 1272 665 1302 fuit
687 1271 796 1302 auCtor
810 1270 931 1309 factus,

64 1323 137 1346 curn
160 1323 224 1345 non
249 1313 324 1345 effet
346 1321 450 1344 tutor:
482 1312 533 1344 sed
564 1321 629 1344 non
660 1313 800 1353 loquitur
828 1312 867 1343 de
891 1321 932 1342 eo

62 1357 116 1396 qui
140 1354 199 1385 fuit
221 1356 350 1394 quidem
373 1361 476 1390 tutor,
504 1363 614 1385 verum
637 1354 858 1385 auctoritatem
883 1362 932 1383 ac-

61 1395 269 1428 commodare
298 1404 361 1426 non
392 1397 516 1435 potuit,
546 1402 622 1436 puta
650 1393 786 1426 furiosus
817 1394 868 1425 vel
892 1395 930 1425 ad

63 1438 155 1469 aliam
188 1437 350 1478 regionem
381 1438 489 1469 datus:
519 1437 563 1467 ita
595 1436 727 1477 perinde
756 1434 818 1473 est,
847 1444 884 1466 ac
914 1435 935 1467 fi

62 1487 129 1511 non
158 1477 234 1509 ess'et
264 1485 362 1509 tutor.
393 1477 479 1508 deest
508 1478 603 1517 igitur
635 1476 699 1508 hoc
728 1475 835 1508 EdiCti
865 1486 934 1508 ver-

62 1519 121 1551 bis.
164 1519 252 1549 Alius
280 1517 425 1550 defectus
456 1517 639 1549 observatur
671 1519 701 1550 in
726 1517 755 1558 §.
779 1528 807 1558 3.
834 1527 933 1550 ecce:

65 1561 130 1592 duo
154 1567 276 1591 tutores
300 1558 499 1590 contrahenti
521 1559 643 1600 pupillo
666 1558 748 1591 fiunt
769 1558 932 1592 auetores:

64 1601 144 1633 alter
166 1600 211 1632 est
244 1609 355 1638 verus,
385 1600 463 1632 alter
488 1599 590 1633 falsus.
624 1600 708 1632 valet
733 1600 934 1639 contractus,

65 1642 124 1674 etfi
147 1641 326 1673 celebratus
346 1640 425 1685 falso
451 1649 558 1673 tutore
590 1641 744 1681 austore3
781 1642 852 1682 quia
876 1641 936 1673 suf-

61 1682 257 1722 ficit,unum
275 1691 384 1715 verum
403 1681 463 1714 esse
478 1706 486 1720 ‚
503 1683 579 1715 licet
597 1683 678 1715 alter
701 1682 796 1715 falsus
812 1682 857 1715 fit.
875 1692 936 1715 nec

64 1725 119 1757 hic
141 1723 228 1756 casus
252 1724 436 1756 continetur
458 1723 560 1756 Edicit
584 1724 699 1757 verbis.
740 1723 855 1756 Rursus
877 1733 934 1765 po-

61 1776 104 1799 ne
129 1766 157 1808 §.
178 1775 207 1805 4.
229 1766 334 1806 plures
367 1766 566 1797 intervenere
597 1766 650 1806 qui
681 1775 745 1798 non
777 1773 865 1797 erant
889 1773 936 1797 tu-

64 1814 168 1840 tores:
193 1816 257 1838 non
281 1806 344 1838 fuit
368 1807 493 1839 locutus
516 1808 547 1839 in
570 1808 682 1848 plurali
705 1816 840 1839 numero
856 1807 937 1839 Prae-

62 1857 126 1881 tor.
151 1849 182 1880 in
205 1847 348 1889 singulari
371 1848 469 1886 dixit,
500 1848 599 1890 Quod
630 1858 670 1881 eo
702 1856 809 1880 tutore
831 1849 937 1880 aufto-

61 1900 121 1928 re,
153 1890 206 1930 qui
238 1897 326 1920 tutor
358 1898 422 1921 non
452 1889 569 1928 fuerit,
599 1890 722 1931 gestum
747 1891 817 1922 erit.
850 1890 937 1922 deest

61 1932 161 1973 igitur
193 1931 246 1962 vel
278 1930 342 1962 hoc
372 1930 476 1962 Edisti
501 1931 615 1963 verbis.
659 1931 825 1963 Postremo
849 1931 879 1962 in
905 1931 934 1973 δ.

61 1983 94 2014 5.
116 1973 161 2003 ait
184 1972 353 2012 Ulpianus,
387 1971 406 2003 fi
438 1980 497 2012 pro
521 1980 628 2004 tutore
651 1974 780 2014 negotia
802 1981 934 2013 gerens,

62 2013 285 2045 auctoritatem
308 2014 619 2053 accommodaverit3
642 2013 847 2046 nihilominus
870 2013 935 2046 hoc

58 2055 209 2087 Edictum
233 2055 339 2086 locum
364 2054 504 2086 habere:
527 2056 728 2096 quantumvis
751 2064 815 2087 non
838 2057 933 2087 attin-

60 2103 115 2136 gat
138 2095 258 2134 casum,
292 2095 345 2127 ubi
370 2097 439 2136 quis
462 2105 521 2135 pro
547 2104 654 2128 tutore
678 2097 787 2128 auctor
811 2096 932 2136 pupillo

62 2138 109 2169 est
131 2136 242 2169 fastus.
287 2136 417 2177 Excipit
440 2138 611 2178 Ulpianus:
643 2137 710 2169 Niii
739 2137 827 2169 forte
850 2138 933 2169 Prae-

58 2186 111 2210 tor
133 2179 295 2216 decrevit,
326 2186 425 2210 ratum
456 2179 486 2210 se
515 2179 694 2211 habiturum
717 2180 748 2211 id
771 2181 860 2221 quod
884 2180 932 2211 liis

58 2220 238 2252 auctoribus
269 2219 389 2260 gestum
413 2220 475 2251 est:
508 2228 584 2252 tunc
613 2223 697 2252 enim
729 2220 848 2252 valebit
875 2230 933 2262 per

54 2260 205 2293 Praetoris
229 2262 418 2300 tuitionem,
443 2271 507 2293 non
531 2261 598 2301 ipso
620 2262 698 2299 jure.

96 2302 225 2334 Deinde
247 2303 289 2333 ait
311 2301 450 2341 Praetor,
474 2302 507 2334 Si
528 2304 559 2334 id
587 2302 666 2335 ιιὲἶον
688 2304 856 2344 ignoravit,
879 2305 931 2335 da-

56 2345 88 2375 ho
119 2345 150 2374 in
179 2345 324 2384 integrum
353 2342 566 2384 rfflz'tutiouem.
616 2346 768 2384 Ulpianus
795 2345 815 2376 l.
844 2355 867 2377 i.

55 2385 109 2416 ult,
130 2385 158 2416 b.
177 2392 198 2416 τ.
240 2385 379 2423 scienti,
403 2386 524 2426 inquit,
548 2395 612 2417 non
631 2386 794 2424 subvenit,
818 2386 849 2418 id
864 2388 929 2426 est,

54 2425 90 2457 in
113 2426 177 2457 inte
203 2435 270 2457 rum
299 2426 533 2458 restitutionem
564 2436 627 2458 non
659 2428 712 2460 dat
742 2427 866 2459 Praetor
897 2429 928 2461 il·

58 2464 81 2497 li
104 2467 156 2506 qui
191 2467 298 2505 ciem,
321 2466 431 2499 falsum
455 2476 595 2500 tutorem
621 2468 682 2500 esl'e
706 2480 722 2501 a
746 2478 810 2509 quo
834 2471 930 2501 inter-

55 2507 201 2552 ponitur*
217 2509 385 2540 aufioritas
403 2532 412 2548 ,
450 2510 657 2542 nihilominus
696 2519 767 2541 cum
807 2512 928 2552 pupillo

58 2555 235 2586 contraxit,
266 2550 389 2582 aliudve
419 2551 519 2592 gessit.
568 2551 609 2582 Et
639 2552 726 2583 addit
757 2550 928 2592 Ulpianus,

57 2590 194 2621 merito:
219 2590 377 2630 causatus,
402 2594 488 2632 quod
512 2602 576 2624 non
601 2592 645 2624 est
676 2594 850 2633 deceptus,
876 2595 928 2626 sed

56 2629 122 2670 ipse
145 2629 175 2661 se
198 2631 336 2675 decepit.
380 2631 542 2665 Promittit
565 2635 658 2675 igitur
682 2634 803 2666 Praetor
824 2636 854 2667 in
882 2637 926 2667 iii-

58 2678 182 2717 tegrum
213 2670 472 2711 restitutionem;
512 2675 532 2706 si
563 2676 593 2706 id
631 2676 718 2707 actor
753 2677 924 2717 ignoravit.

55 2710 130 2758 Plus
154 2720 197 2744 ait
219 2713 333 2758 Paulus
355 2713 372 2744 l.
398 2723 426 2745 2.
451 2714 634 2749 Labeonem
659 2716 793 2749 scribere
809 2740 818 2755 ,
849 2718 878 2749 ὅ(
903 2719 923 2750 fi

56 2753 176 2785 diCtum
206 2753 241 2784 fit
271 2763 327 2792 ei,
362 2754 392 2785 δε
428 2755 512 2787 bona
543 2756 606 2789 fide
643 2767 707 2789 non
740 2759 921 2791 crediderit.

56 2793 146 2836 Quid
161 2819 170 2833 ,
203 2794 224 2825 fi
247 2794 272 2825 is
294 2794 350 2840 sit,
383 2797 436 2835 qui
466 2798 582 2830 auxilio
605 2809 668 2830 non
692 2800 839 2840 indiget?
862 2801 925 2840 pla·

54 2845 97 2867 ne
128 2844 223 2876 negat
253 2837 404 2875 Ulpianus
434 2837 453 2868 l.
476 2848 496 2880 3
538 2840 565 2871 ei
599 2850 718 2872 nocere
749 2841 923 2873 scientiam.

51 2877 135 2909 cedo
157 2877 358 2923 exemplum,
382 2884 511 2922 utputa
530 2903 539 2919 ,
568 2880 589 2913 fi
612 2881 748 2922 pupillus
771 2891 844 2914 cum
868 2893 924 2921 pu.

52 2919 132 2960 pillo
163 2928 238 2959 egit.
270 2927 332 2957 qua
366 2921 523 2953 ratione?
555 2921 636 2955 hanc
665 2923 804 2962 subjicit,
837 2923 922 2956 Nam

51 2969 125 2992 cum
149 2960 228 2991 nihil
251 2960 355 2991 atrum
378 2960 432 3005 fit,
459 2960 584 2996 scientia
607 2974 670 2996 non
689 2973 795 2996 nocet.
835 2965 924 3008 Quid

47 3002 71 3034 fi
93 3001 128 3033 fit
151 3001 255 3033 minor
279 3003 390 3042 viginti
413 3003 552 3044 quinque
573 3005 688 3037 annis?
711 3014 833 3038 certum
858 3006 922 3046 est,

50 3042 137 3075 hunc
167 3043 268 3074 teneri
296 3044 365 3083 jure
389 3044 491 3076 civili:
520 3044 570 3078 sed
595 3045 711 3087 lapsum
735 3048 859 3079 lubrico
884 3058 923 3079 a:-

50 3085 121 3116 tatis
144 3085 174 3116 in
199 3085 357 3126 integrum
381 3083 512 3118 restitui.
537 3088 733 3120 succurretur
754 3090 850 3130 igitur
872 3092 921 3129 ei,

50 3125 108 3156 etsi
130 3126 251 3164 scierit,
276 3126 405 3157 auctore
428 3126 527 3159 Paulo
558 3129 577 3160 1.
600 3139 629 3166 4.
654 3138 685 3161 at
708 3139 771 3162 non
793 3140 833 3162 ex
858 3131 921 3163 hoc

47 3165 182 3198 Edicto:
204 3167 256 3198 sed
280 3177 319 3198 ex
343 3169 482 3209 generali
512 3168 628 3202 Edicto
658 3173 698 3202 de
728 3172 915 3204 minoribus.

44 3207 125 3242 Non
154 3207 285 3242 subsistit
314 3212 354 3242 ad
388 3209 458 3243 haec
488 3209 643 3253 Ulpianus
673 3212 693 3245 l.
716 3224 747 3254 5.
793 3213 914 3249 Verum

1798 139 1867 175 453

992 196 1153 227 interdum
1176 198 1280 242 inquit
1296 222 1306 238 ‚
1338 200 1367 232 δε
1390 201 1411 234 fi
1436 202 1566 238 scientia
1588 216 1730 250 noceat,
1753 212 1783 244 id
1806 216 1851 248 est

993 236 1048 282 evtfi
1072 237 1145 283 alias
1169 239 1276 285 soleat:¹
1289 249 1409 274 nocere
1433 244 1580 287 scientia;
1617 259 1722 283 tamen
1747 240 1869 288 restituff

994 285 1040 308 tio
1062 279 1208 310 iacienda
1232 289 1303 324 erit.
1328 283 1357 314 &
1381 287 1474 324 ponit
1488 291 1692 331 exemplum,
1717 294 1737 325 fi
1754 305 1770 326 a
1786 288 1868 329 Praess

993 326 1065 349 tore
1096 320 1282 367 compulsus·
1309 324 1354 354 est
1384 327 1422 357 ad
1450 328 1602 367 judiciuin
1633 336 1867 376 accipiendum.

992 359 1080 399 quod
1104 359 1202 392 habet
1225 371 1402 412 rationein3
1437 368 1466 398 δι
1497 371 1541 402 cst
1572 373 1676 407 similis
1706 378 1869 411 excusatio

990 400 1010 431 l,
1035 405 1065 446 o.
1090 401 1117 441 §.
1142 410 1172 440 3.
1203 401 1245 434 D.
1270 405 1302 448 <ie
1324 406 1369 436 his
1397 411 1448 447 qui
1480 418 1539 442 not.
1564 415 1669 454 iusum.
1717 418 1748 450 Si
1773 421 1869 462 igitur

991 449 1061 481 quis
1095 451 1168 490 cum
1205 445 1329 484 pupillo
1369 447 1488 489 aliquid
1517 455 1632 493 gessit,
1663 460 1794 493 auctore
1824 472 1866 494 eo

987 491 1082 521 quem
1119 485 1287 524 ignorabat
1315 487 1376 519 effe
1406 490 1517 524 falsum
1557 503 1695 531 tutorem
1759 512 1866 543 parata

986 523 1060 570 laeso
1086 533 1220 565 propter
1244 528 1454 573 ignorantiam
1479 533 1523 565 est
1546 536 1576 567 in
1601 525 1757 582 integw’m
1781 545 1867 577 resti-

988 572 1090 611 tutiog
1112 565 1235 613 fi.Ve¹'9
1258 571 1368 609 seivit,
1391 572 1501 606 falsum
1526 585 1666 613 tutorem
1698 584 1759 615 effe
1810 596 1866 618 no·

986 613 1040 636 cet
1064 616 1090 651 ei
1115 607 1252 640 scientia.
1295 609 1368 642 Nec
1393 622 1496 647 tamen
1522 617 1586 650 hoc
1617 624 1739 664 semper
1761 608 1806 658 est
1829 627 1864 660 fi-

984 656 1025 693 ne
1046 647 1247 694 difficultate:
1274 660 1346 683 cum
1372 656 1464 694 poffit
1487 659 1658 700 aliquando
1675 668 1772 705 quaeri
1807 678 1863 700 cu-

981 698 1028 728 Jus
1052 688 1180 735 scientia
1204 697 1421 732 computanda
1444 697 1497 730 fit:
1526 709 1631 735 utrum
1661 691 1791 747 pupilli,
1821 720 1859 742 an

983 737 1108 761 tutoris.
1134 730 1237 777 finge,
1264 743 1297 765 ut
1320 745 1370 767 res
1395 741 1545 782 exemplo
1568 745 1763 788 intelligatur
1775 733 1790 782 :3
1806 760 1861 791 pu-

980 772 1074 810 pillus
1107 774 1237 818 auctore
1271 784 1379 808 tutore
1410 776 1464 811 suo
1490 784 1565 823 quid
1586 788 1676 828 geffit
1698 799 1770 822 cum
1795 794 1859 823 alio

980 813 1122 852 pupillo,
1147 818 1385 859 interveniente
1409 822 1598 858 auctoritate
1627 829 1694 862 falfi
1726 834 1840 865 tutoris

979 863 1032 893 qui
1058 854 1102 884 est
1126 857 1212 887 caius
1236 857 1308 904 1.-3.
1334 861 1361 891 h.
1385 867 1406 893 ι.
1433 866 1532 898 utrius
1563 867 1694 902 scientia
1722 857 1860 914 compu³

980 896 1073 925 tanda
1096 896 1157 934 est,
1191 900 1322 938 pupilli,
1353 911 1391 934 an
1423 907 1569 941 tutoris?
1607 919 1676 943 eam
1708 916 1857 955 quaestio·

980 945 1053 967 nem
1078 937 1188 968 trauan
1219 940 1334 973 Paulus
1357 943 1377 976 l.
1398 948 1428 976 6.

980 977 997 1007 ¹*
1036 988 1045 995 λ
1186 981 1191 985 .
1415 987 1420 991 .
1450 947 1480 980 b.
1505 954 1525 979 t.
1550 951 1603 982 sed
1630 954 1788 995 obscure,
1822 958 1857 990 ut

994 978 1079 1016 olet,
1105 979 1262 1012 breVitate
1285 982 1447 1018 sermonis.

1025 1029 1031 1034 1
1147 1023 1150 1026 ι
1179 1022 1183 1026 ¹
1241 1024 1244 1028 Ι
1301 1026 1305 1030 ι
1489 989 1654 1034 Principio
1684 996 1725 1028 fic
1756 997 1858 1039 loqui-

980 1026 1048 1050 tui:
1072 1019 1182 1060 Pzipzciz
1197 1024 1324 1069 J⁶²⁶²⁷J²²a
1345 1034 1538 1068 computanda
1560 1044 1617 1066 non
1636 1035 1686 1076 est.
1720 1047 1837 1081 nempe

979 1069 1089 1105 nte-ex
1122 1061 1185 1092 hoc
1210 1062 1330 1113 Edfflo.
1351 1070 1488 1110 accipiat
1518 1074 1548 1105 in
1579 1077 1738 1119 integrum
1770 1064 1857 1114 resti-⁵

980 1109 1151 1147 tutionem.
1178 1112 1265 1144 cujus
1289 1111 1410 1147 igitur?
1443 1111 1484 1143 sic
1507 1116 1565 1147 ait:
1595 1118 1723 1152 Scz'enii'a
1752 1126 1857 1155 lictoris

978 1151 1039 1188 esus
1061 1149 1253 1183 computanda
1282 1148 1331 1189 est.
1371 1152 1472 1186 sensus
1495 1155 1601 1191 Pauli:
1632 1159 1663 1191 Si
1689 1169 1776 1195 tutor
1797 1164 1855 1197 sci·

977 1190 1043 1222 vit,
1080 1183 1192 1230 sallum
1216 1194 1357 1223 tutorem
1388 1193 1449 1224 ess'e
1473 1204 1545 1230 eum
1570 1201 1658 1241 cujus
1680 1203 1856 1238 intervenit

969 1226 1147 1271 ,auetoritas
1165 1250 1174 1265 ,
1204 1230 1312 1268 potest
1348 1235 1486 1274 pupillus
1515 1248 1609 1281 agere
1637 1244 1785 1278 adversus
1809 1256 1856 1279 ω-

977 1273 1081 1298 torem
1105 1268 1203 1300 luum.
1226 1270 1290 1317 hoc
1321 1276 1350 1305 ei
1381 1275 1559 1312 ruffecerit:
1591 1286 1728 1318 maxime
1778 1287 1799 1320 fi
1823 1291 1853 1321 ei

975 1306 1011 1338 fit
1034 1316 1163 1341 cautum
1194 1310 1399 1348 satisdatione
1429 1327 1496 1350 rem
1527 1322 1642 1357 salvam
1670 1310 1758 1359 fore':
1782 1339 1854 1363 nam

976 1357 1042 1394 tum
1064 1351 1170 1391 potest
1194 1352 1319 1387 securus
1343 1358 1455 1391 videri.
1497 1361 1532 1395 ln
1556 1364 1642 1398 hunc
1664 1370 1796 1402 modum
1819 1381 1855 1413 ρ-

974 1399 1068 1430 pinor
1090 1392 1222 1438 Paulum
1240 1396 1307 1442 ‘effe
1327 1398 1419 1430 initio
1436 1405 1679 1445 accipiendum:
1703 1409 1755 1442 sed
1772 1412 1855 1444 hanc

978 1431 1165 1481 sententiam
1196 1437 1312 1469 deinde
1341 1442 1457 1482 corrigi
1496 1447 1602 1479 verbis
1633 1449 1854 1490 sequentibus·

982 1472 1092 1519 Utique
1117 1474 1185 1518 [ἐς]
1203 1476 1234 1525 fi.
1251 1481 1360 1527 pupillo
1379 1490 1504 1528 'cautum
1519 1485 1581 1527 fit,
1611 1491 1714 1522 melius
1741 1479 1855 1527 dicetur:

976 1524 1035 1561 rem
1061 1518 1145 1553 luam
1167 1518 1281 1558 restitut
1310 1523 1440 1567 pupula,
1472 1537 1559 1569 quam
1581 1531 1725 1565 incertum
1747 1538 1858 1568 cautio-

977 1565 1024 1587 ms
1046 1564 1180 1605 eventurn
1204 1559 1313 1604 [eum]
1339 1564 1480 1611 spesiare.
1521 1570 1635 1604 Sensus
1665 1573 1773 1616 Pauli,
1802 1576 1856 1610 Li-

978 1605 1032 1628 cet
1061 1607 1263 1639 pei·mittatur
1293 1606 1418 1645 pupillo
1440 1630 1450 1647 ,
1487 1612 1537 1643 cui
1567 1613 1612 1644 est
1648 1614 1855 1652 satisdatione

979 1647 1129 1687 cautum,
1158 1651 1251 1684 agere
1281 1654 1347 1678 non
1383 1650 1483 1683 modo
1513 1653 1662 1688 adversus
1692 1665 1857 1700 tutorem,

978 1680 1031 1712 sed
1055 1689 1151 1729 etiam
1175 1685 1321 1733 adversus
1343 1689 1410 1729 ejus
1431 1690 1645 1736 fidejussores,
1681 1699 1792 1732 omiffa
1814 1711 1857 1735 ex

977 1721 1190 1771 ὴοςΕὼξὶο
1228 1727 1429 1763 restitutione
1459 1734 1490 1766 in
1526 1736 1708 1779 integrum:
1749 1748 1856 1776 tamen

978 1764 1113 1810 melius,
1142 1768 1261 1813 idest,
1293 1771 1421 1812 utilius,
1451 1778 1590 1818 aequius,
1624 1780 1768 1821 dicetur,
1798 1793 1858 1824 pu-

978 1805 1057 1854 pillo
1079 1816 1146 1839 rem
1170 1808 1278 1857 suam,
1296 1811 1359 1844 five
1378 1815 1426 1855 jus
1448 1816 1534 1850 suum
1550 1843 1560 1858 ,
1582 1820 1704 1855 restitui
1727 1833 1769 1856 ex
1791 1825 1858 1859 hoc

977 1846 1093 1879 Edicto
1123 1858 1180 1890 per
1209 1861 1240 1884 in
1271 1862 1430 1896 integrum
1460 1859 1725 1904 restitutionem3
1757 1874 1855 1907 quam

978 1897 1053 1920 eum
1081 1899 1180 1938 agere·
1205 1894 1358 1943 adversus·
1374 1896 1587 1940 fidejufforcm
1618 1914 1660 1937 ex
1682 1905 1857 1941 satisdatio·

977 1938 1045 1969 ne,
1078 1938 1141 1977 tam
1172 1943 1297 1968 incerto
1331 1947 1396 1984 ejus
1425 1950 1555 1975 eventu.
1594 1946 1683 1978 addit
1712 1948 1854 1990 Paulus,

977 1971 1007 2002 ἀ
1036 1971 1218 2014 lulianum,
1250 1976 1271 2008 fi
1303 1979 1377 2024 alias
1407 1983 1647 2019 circumventus
1679 1988 1717 2021 fit
1752 1992 1855 2032 pupil-

976 2012 1049 2051 lus,
1079 2013 1144 2046 hoc
1165 2018 1386 2065 respondisse,
1419 2033 1611 2066 quamquam
1651 2030 1853 2072 incognitum

977 2062 1043 2085 non
1065 2054 1120 2096 fic,
1149 2060 1305 2099 pupillum
1334 2062 1400 2094 hoc
1427 2066 1459 2097 in
1483 2068 1554 2100 casu
1576 2070 1694 2103 habere
1722 2072 1854 2106 elestio-

974 2104 1048 2127 nem
1071 2096 1091 2128 l.
1112 2107 1144 2146 Ἰ.
1168 2100 1187 2131 l.
1211 2111 1241 2143 3.
1264 2101 1284 2134 l.
1306 2113 1337 2144 5.
1363 2105 1397 2138 C.
1422 2106 1456 2138 δι’
1477 2114 1557 2141 tutor
1585 2112 1633 2142 vel
1660 2120 1777 2146 curator
1805 2115 1852 2148 in·

975 2142 1139 2172 tervenerzt.

1017 2179 1288 2230 Alterum-Edisti
1319 2194 1414 2228 caput
1443 2189 1484 2222 ita
1509 2193 1655 2231 proditur
1680 2195 1700 2227 l.
1724 2205 1751 2237 7.
1773 2197 1802 2230 h.
1824 2203 1848 2231 t.

973 2219 1013 2253 In
1035 2230 1099 2253 eum
1121 2233 1173 2269 qut
1190 2235 1261 2273 'cuin
1284 2232 1364 2260 tutor
1385 2239 1443 2261 non
1464 2232 1547 2273 affer,
1570 2234 1631 2266 dolo
1652 2237 1725 2268 malo
1747 2238 1848 2272 auffor

965 2260 1290 2313 fristunam-dicitur,
1317 2270 1464 2310 judicium
1499 2276 1587 2313 dabo,
1628 2283 1661 2308 uc
1688 2282 1794 2320 quanti
1813 2290 1846 2314 ea

973 2313 1016 2334 res
1044 2312 1117 2345 eric,
1148 2317 1178 2338 m
1208 2315 1322 2342 tantam
1344 2315 1501 2352 pecuniam
1529 2318 1742 2352 condemnetur.
1807 2322 1845 2355 ln

897 2345 926 2387 §,
972 2346 1038 2376 hoc
1055 2348 1158 2387 capite
1182 2352 1376 2391 proponitur
1398 2355 1481 2388 aftio
1510 2357 1541 2389 in
1564 2357 1702 2400 facium,
1725 2361 1746 2394 fi
1769 2364 1847 2403 quid

973 2385 1010 2418 fit
1032 2396 1105 2434 curn
1129 2391 1251 2437 pupillo
1273 2393 1416 2441 gestum,
1448 2398 1577 2431 auctore
1607 2408 1717 2435 tutore
1747 2403 1844 2436 falso:

974 2428 1003 2459 ἀ
1029 2432 1410 2480 quia—nondistinguitur
1432 2441 1588 2480 pupillus,
1618 2444 1697 2476 nihil
1720 2445 1842 2485 refert,

973 2471 1073 2509 qualis
1096 2471 1132 2518 sint
1154 2481 1204 2504 cui
1228 2472 1323 2507 falsus
1346 2477 1400 2509 ille
1432 2489 1521 2512 tutor
1542 2483 1651 2516 auctor
1672 2485 1773 2520 factus
1795 2488 1841 2519 fit.

972 2509 1200 2558 Ita'Ulpianus
1229 2515 1249 2546 l.
1283 2526 1329 2549 11.
1362 2518 1405 2551 D.
1437 2522 1465 2552 h.
1500 2528 1522 2554 t.
1568 2523 1673 2558 Verba
1706 2528 1842 2569 Ulpiani.

973 2551 1071 2600 Iialgzts
1093 2560 1170 2585 tutor
1191 2557 1243 2597 qui
1264 2558 1295 2588 iii
1317 2562 1508 2594 contrahendo
1532 2565 1632 2598 ααέῖον
1654 2566 1759 2600 ηιίηόνί
1774 2571 1842 2601 drio-

971 2595 1059 2625 decmi
1081 2596 1127 2626 vel
1149 2600 1364 2643 quatuordecim
1393 2605 1480 2634 annis
1502 2606 1617 2647 fuerit,
1648 2612 1788 2641 tenebitur
1810 2611 1841 2640 in

962 2635 1083 2675 fastum
1105 2637 1232 2686 assion-e,
1258 2647 1377 2682 propter
1406 2645 1500 2677 dolum
1528 2649 1656 2681 malum.-
1678 2652 1842 2691 cujuscum-

968 2686 1022 2717 que
1043 2680 1212 2725 conditionis
1227 2681 1326 2720 suerit
1347 2684 1394 2715 vel
1406 2687 1458 2725 sui
1475 2688 1555 2728 juris
1575 2691 1620 2722 vel
1642 2692 1735 2722 alieni.
1760 2690 1838 2722 Non

967 2718 1031 2749 hoc
1061 2719 1191 2751 subsistit
1217 2722 1290 2769 ,ἧος
1332 2724 1496 2766 Ulpianus.
1527 2730 1597 2770 plus
1627 2733 1724 2762 addit.
1756 2731 1784 2772 §.
1810 2742 1839 2764 ε.

967 2759 1022 2790 Sed
1054 2759 1090 2794 &³
1115 2760 1144 2799 fi
1171 2772 1236 2803 quis
1260 2764 1464 2805 filiasfamilias
1490 2771 1589 2802 auctor
1611 2772 1714 2810 fabius
1729 2772 1771 2809 sic
1800 2775 1839 2804 ad

967 2804 1216 2850 cuntraueiiclum,
1255 2811 1380 2841 tenetur.
1431 2810 1563 2852 Idemque
1579 2813 1658 2852 jiiri's
1680 2811 1718 2852 est
1733 2812 1762 2850 fi
1785 2824 1837 2845 cin-

968 2841 1132 2891 czllaelqlms
1168 2851 1262 2877 tutore
1290 2848 1405 2881 a-uftore
1434 2852 1598 2890 credidiffcz.
1643 2853 1724 2884 Nam
1747 2857 1835 2885 omni-

967 2884 1019 2914 hus
1040 2883 1101 2931 istis
1122 2888 1210 2918 modis
1229 2895 1344 2930 propter
1365 2897 1487 2924 tutorem
1508 2893 1648 2932 decipitur
1669 2895 1693 2923 is
1707 2896 1760 2935 qui
1774 2905 1838 2928 con—

966 2931 1060 2972 truxit
1076 2949 1085 2964 ,
1109 2928 1161 2968 qui
1182 2929 1266 2961 aliter
1286 2941 1352 2963 cum
1381 2936 1519 2973 impubere
1547 2933 1751 2966 contrabimus
1779 2947 1837 2970 non

958 2967 1026 3004 fuit
1041 2991 1050 3006 ‚
1073 2978 1160 3009 quam
1174 2969 1203 3008 st
1224 2974 1328 3004 tutoris
1350 2974 1503 3005 azfflori'tas
1525 2974 1723 3017 inierceffiffit.
1754 2977 1835 3010 Haec

966 3016 1027 3048 ego
1057 3009 1098 3040 fic
1127 3011 1235 3044 obiter
1265 3014 1294 3045 ἃ
1327 3015 1449 3045 leviter.
1480 3022 1550 3044 curn
1581 3024 1654 3046 curn
1680 3027 1834 3051 executus

967 3058 1003 3080 ea
1026 3050 1109 3083 belle
1130 3053 1268 3093 jacobus
1293 3055 1437 3094 Cujacius
1459 3055 1505 3085 lib.
1527 3065 1575 3086 22.
1602 3057 1719 3094 Obsbrv.
1741 3070 1766 3091 c.
1784 3071 1834 3094 20.

966 3096 999 3121 tu
1022 3093 1112 3125 vide:
1144 3094 1172 3127 ὅ(
1201 3095 1323 3135 juvabit
1347 3094 1463 3125 vidiss'c.
1513 3095 1710 3137 Proponitur
1740 3102 1835 3142 igitur

963 3131 1028 3163 hoc
1050 3137 1154 3176 capite
1178 3137 1239 3176 (eo
1263 3136 1346 3166 enim
1367 3136 1487 3176 redeo)
1509 3137 1592 3168 actio
1608 3139 1788 3181 infactum,
1814 3145 1834 3176 si

960 3174 1079 3214 aliquid
1103 3176 1138 3208 fit
1162 3186 1234 3208 cum
1258 3176 1380 3216 pupillo
1404 3176 1481 3207 falso
1507 3186 1614 3211 tutore
1635 3182 1765 3214 auclore
1781 3195 1834 3224 gc-

957 3213 1048 3250 stum.
1073 3227 1141 3252 non
1167 3216 1392 3289 tameiLlalliaQ
1417 3227 1510 3258 quam
1534 3219 1554 3252 si
1577 3224 1701 3263 pupillo
1726 3224 1760 3256 fit
1784 3236 1835 3257 au-

1342 3267 1362 3298 3
1764 3268 1832 3299 (tor
