2036 3495
391 114 453 153 lln
482 117 569 153 [ΑΒ.
598 116 640 150 Π.
676 112 733 150 Tt
745 122 777 148 τ.
806 113 865 148 ΠΙ.
902 114 938 150 St·
954 112 1085 160 quz'sjus
1101 114 1215 150 dicenti
1229 125 1287 151 non
1306 115 1571 163 obtemperaverit.

78 217 144 241 rum
159 206 357 250 quidfeczffet.
402 207 443 238 Et
461 205 561 254 rcfte:
577 214 626 253 rie
643 203 761 248 scilicet
779 203 827 233 vcl
847 202 946 262 Magi-

73 251 186 284 stratus
198 272 207 289 ‚
230 252 304 282 dum
320 248 424 281 studet
442 249 505 280 hoc
522 247 669 279 Edictum
686 245 878 284 defendere,
896 245 946 276 vtl

725 328 1080 364 TITULUS

1821 132 1840 164 4
1850 133 1863 156 1

991 203 1133 244 litigator
1149 226 1158 242 ‚
1182 205 1257 237 dum
1285 206 1354 237 vult
1373 206 1533 238 beneficio
1558 206 1646 247 hujtis
1671 207 1773 239 Edisti
1801 209 1863 246 uti„

990 244 1053 285 ipsc
1072 246 1102 276 in
1119 255 1246 286 poenam
1264 247 1357 288 ipsius
1375 248 1478 280 Edisti
1498 249 1617 281 incidat
1635 250 1654 281 l.
1672 250 1725 282 ult.
1747 250 1774 281 l).
1792 255 1813 281 t,

1137 329 1210 365 ΙΙΙ.

633 405 668 441 Si
682 406 746 451 quis
755 406 810 451 jus
831 405 942 439 dicenti
960 416 1016 439 non
1031 405 1293 450 obtemperaverit.

138 504 161 532 x
175 499 274 531 tribus
293 496 409 528 Editus
426 502 493 536 quae
510 493 849 533 tuendaejurisdittioni
871 503 942 533 pro-

119 567 126 571 ,
158 540 255 581 polita
271 538 360 570 fuisse
377 538 439 568 dixi
456 560 464 574 ‚
498 534 635 574 superest
653 535 780 566 tertium
793 558 802 571 ‚
829 544 944 566 conce·

77 589 168 623 ptum
184 582 213 612 in
231 582 297 612 haec
314 579 419 610 verba.
459 578 568 618 Siquis
584 577 631 616 jus
647 577 754 607 dicenti
769 585 827 606 non
842 578 943 607 obtem-

72 623 239 664 paraverit:
262 622 366 662 quanti
389 629 420 650 eci
443 628 485 649 res
508 616 564 658 est,
589 620 666 648 incra
682 627 791 648 minum
806 618 943 664 adversus

76 673 142 694 eum
151 663 293 704 judicium
308 663 386 692 dabo.
413 659 493 692 Haec
513 659 606 690 vei-ba
627 659 741 699 collegi
761 668 800 689 ex
816 658 943 704 Ruortca

77 705 108 736 ὅ(
121 705 140 735 l.
158 705 244 735 unica
260 703 287 734 h.
308 709 329 733 t.
347 711 406 734 nec
417 702 550 738 dubim,
565 700 655 731 fuisse
673 700 768 739 plera.
794 699 838 730 est
856 708 940 730 enim

77 744 261 782 verisimile,
277 744 371 775 etiam
391 744 420 774 in
444 742 555 773 Edicto
571 741 661 772 fuilse
676 751 692 771 a
710 741 851 787 Praetore
867 749 939 786 pro-

72 785 228 827 positum,
251 786 301 816 cui
327 786 429 816 danda
451 783 486 815 sit
512 783 580 813 haec
605 782 706 828 ³{t103
730 782 759 813 ὅ(
777 791 828 812 cut
845 781 940 821 appli-

70 828 173 858 canda
190 833 304 867 poena,
328 836 357 857 in
378 825 492 857 Edicto
511 823 663 864 expressa.
687 831 718 854 at
737 830 881 854 neutrum
901 831 941 853 ex

72 868 137 901 hoc
151 867 267 900 'I'itulo
284 868 481 908 intelligitur.

112 908 299 949 Utcumque
315 909 392 940 erit:
418 906 576 947 promittit
596 905 732 941 Praetor,
750 904 779 936 se
797 904 939 951 daturum

70 951 228 982 affionem
242 973 251 988 ‚
274 950 307 980 Sz·
331 950 396 990 quis
414 950 466 990 jus
490 948 596 978 dicenti
619 956 675 977 non
696 948 940 986 obtemperaverit.

71 992 127 1033 Jus
137 1000 243 1023 autem
260 993 419 1022 dicentem
438 990 548 1028 accipe
559 997 687 1019 omnem
700 986 939 1032 Magistratum,

72 1042 147 1064 cum
166 1032 347 1069 Urbanum,
373 1039 438 1062 tum
463 1029 704 1061 Provincialem.
730 1038 766 1060 an
786 1030 815 1059 <St
833 1028 938 1075 Muni-

74 1075 212 1114 cipales,
236 1083 270 1104 ut
289 1072 483 1104 Duumviros
503 1071 516 1102 Ρ
542 1069 694 1109 Ulpianus
712 1077 805 1110 negat
821 1069 840 1100 l.
858 1078 937 1100 unzc.

74 1116 103 1147 b.
122 1121 145 1146 t.
177 1114 339 1152 Omnibus,
364 1115 530 1154 inquiens,
555 1109 796 1158 Magistratz'lms,
818 1120 874 1141 non
895 1116 938 1140 ta-

74 1165 140 1187 men
157 1155 351 1192 Duumviris,
375 1156 528 1190 secundum
540 1153 592 1193 jus
603 1150 819 1192 potcstatzssuoe
835 1160 941 1198 concer-

69 1201 140 1238 jum
156 1195 212 1237 eft,
231 1195 455 1238 jurisdictionem
471 1195 558 1233 susim
583 1195 729 1232 defendere
739 1192 848 1238 paenalz
859 1193 940 1234 jucli-

78 1240 131 1270 cio.
175 1239 228 1270 Sic
245 1237 412 1269 Florentiae
430 1235 505 1266 &in
525 1233 649 1265 Norico
666 1234 837 1273 exemplari
855 1233 940 1280 reete

76 1279 139 1312 levi
151 1302 161 1317 ‚
179 1279 296 1310 dudum
313 1276 490 1307 observavit
511 1276 666 1306 Antonius
685 1273 873 1319 Augustinus
890 1274 937 1304 Ιώ.

73 1302 240 1363 3.²'Emena.
253 1329 276 1350 c.
294 1322 322 1349 6.
339 1317 438 1355 infin.
461 1315 515 1347 etfi
534 1320 563 1347 in
576 1316 759 1356 quibusdam
778 1315 863 1347 libris
881 1324 939 1355 pro

72 1371 132 1394 non
147 1368 241 1392 tamen
256 1358 291 1390 fit
308 1368 363 1389 non
380 1363 504 1389 tantum.

112 1402 166 1433 Ait
182 1401 302 1433 Praetor
314 1423 323 1436 ‚
338 1399 409 1430 Non
423 1397 666 1438 obtemperaverit.
690 1396 771 1429 Haec
786 1398 882 1444 verba
898 1396 939 1445 fic

70 1442 206 1483 exponit
224 1440 376 1480 Ulpianus
393 1441 420 1471 d.
431 1440 449 1472 l.
461 1441 540 1470 unic.
558 1439 585 1480 §.
603 1448 627 1471 1.
653 1439 683 1470 Is
697 1440 816 1469 videtur
828 1449 880 1486 Jzts
897 1441 939 1486 ziz-

74 1485 150 1516 cenni
164 1492 220 1514 non
240 1481 431 1522 obtemperciffe
442 1504 450 1519 ‚
474 1482 524 1522 qui
541 1482 615 1521 quod
631 1486 789 1511 extremum
804 1482 834 1511 in
846 1490 938 1522 μινυ-

76 1524 197 1557 difflant·
221 1522 279 1564 eft,
301 1532 358 1553 non
375 1522 470 1562 fecit:
492 1522 583 1553 velun·
598 1519 627 1559 fi
650 1523 715 1562 quis
738 1531 796 1552 rem
813 1522 939 1570 mobilent

75 1565 222 1596 vindicari
236 1575 254 1595 a
267 1566 294 1600 l'e
306 1563 401 1603 paffus
427 1573 484 1594 non
508 1561 563 1603 est,
581 1564 628 1600 led
644 1564 712 1593 duci
728 1572 788 1593 eam
804 1564 850 1593 vel
859 1564 938 1601 serrz

69 1605 170 1649 paffus
191 1603 249 1645 est:
272 1598 399 1636 eceteram
417 1603 446 1641 fi
470 1603 667 1644 &sequentia
686 1604 846 1644 recusavit,
870 1611 940 1635 tnnc

78 1657 137 1678 non
153 1645 343 1686 obtemperaffe
359 1646 481 1677 videtur.
505 1643 580 1676 Huc
598 1654 695 1685 usque
706 1642 870 1691 Ulpianus.
887 1646 939 1677 sed

102 1688 153 1719 uid
179 1695 274 1718 vocat
296 1686 479 1717 extremum?
502 1695 567 1717 non
594 1685 671 1717 solet
689 1685 754 1717 hoc
773 1688 883 1732 attingi
901 1687 939 1718 ab

95 1728 327 1769 nterpretibus3
345 1736 416 1758 cum
434 1727 632 1768 fitelegantis
648 1727 866 1767 inquisitionis.
884 1737 939 1769 pu-

75 1778 114 1802 to
138 1777 264 1807 autem,
286 1768 347 1800 effe
371 1769 435 1800 hoc
459 1768 588 1799 verbum
608 1769 741 1808 petitum
760 1778 776 1799 a
800 1769 943 1801 Philoso-

76 1811 168 1853 phis:
189 1811 272 1851 apud
296 1819 376 1850 quos
398 1809 530 1841 astionis
554 1809 704 1849 cujusque
721 1808 807 1848 finis,
831 1810 894 1842 five
910 1821 939 1842 a·

77 1852 190 1884 &ionis
213 1852 361 1892 cujusque
385 1850 491 1889 causa,
515 1849 577 1882 five
601 1851 688 1890 quod
710 1850 739 1882 in
757 1851 880 1883 afflone
895 1852 940 1884 est

76 1893 253 1933 optimum,
270 1893 333 1931 ejus
349 1901 525 1923 extremum
543 1892 728 1933 appellatur.
752 1891 828 1924 Non
838 1903 939 1938 arces·

79 1933 143 1965 sam
161 1935 254 1974 longe
270 1933 434 1972 exempla:
457 1933 498 1964 sic
514 1932 631 1964 Cicero
647 1933 693 1964 lib.
711 1943 738 1965 2.
760 1934 806 1964 De
818 1935 939 1974 finibus.

77 1984 105 2006 c.
121 1984 149 2006 2.
169 1974 252 2006 Nam
268 1975 316 2005 boc
331 1974 422 2014 ipsimi
433 1973 498 2012 five
508 1973 690 2013 finem,five
706 1981 883 2014 extremum,
900 1975 940 2014 si-

75 2025 112 2047 ve
128 2015 261 2046 ultimum
276 2015 428 2054 definiebas
439 2017 468 2046 id
485 2015 536 2055 effe
552 2025 606 2056 quo
618 2017 711 2047 omnia
726 2025 788 2057 qztae
804 2017 877 2048 rene
887 2018 939 2057 fie-

79 2062 159 2094 rem,
174 2057 368 2095 referrentur,
384 2065 472 2098 neque
487 2058 517 2087 ici
532 2058 625 2097 ipsum
643 2067 765 2098 usquam
773 2058 937 2097 referretur.

75 2096 120 2135 Et
136 2107 160 2129 c.
179 2107 208 2139 3.
241 2097 314 2128 -Hoc
329 2107 393 2128 vero
409 2099 543 2138 optimum
555 2121 564 2134 ,
586 2105 618 2129 ut
635 2099 659 2129 is
675 2099 726 2139 qui
735 2098 826 2138 finem
846 2110 940 2131 rerum

76 2140 316 2179 expetendarum,
341 2139 516 2180 voluptatem
533 2138 584 2179 effe
600 2141 695 2177 dicat,
717 2141 746 2170 id
761 2148 937 2180 extremum,

75 2180 107 2210 id
129 2181 261 2211 ultimum
284 2182 435 2217 bonoru7n3
458 2182 487 2211 id
512 2181 607 2220 ipsum
622 2182 691 2221 quid
700 2180 759 2220 fit,
783 2182 866 2223 quale
877 2182 937 2221 fit,

74 2222 192 2260 nesciat.
223 2219 263 2251 Et
284 2222 330 2252 lib.
350 2231 378 2262 3.
397 2231 421 2251 c.
440 2231 475 2262 7:
500 2221 564 2253 Nec
579 2223 654 2252 enim
666 2225 872 2263 gubernationz
886 2231 938 2256 auc

73 2263 219 2293 medicznae
229 2261 350 2298 fimilem
366 2261 541 2304 sapientiam
557 2263 607 2302 effe
626 2266 802 2295 arbitramur
813 2288 821 2302 ‚
836 2266 890 2306 sed
907 2276 938 2296 a·

71 2301 162 2334 aioni
187 2303 231 2334 illi
245 2305 360 2344 potius,
383 2313 470 2345 quam
486 2305 563 2335 modo
580 2305 644 2335 dixi
663 2304 699 2338 ἐξ
708 2305 881 2346 saltationi,
905 2312 938 2337 ut

73 2345 105 2376 in
119 2344 180 2384 ipsa
191 2351 252 2375 arte
262 2343 345 2383 infit,
362 2354 418 2375 non
431 2346 504 2383 foris
514 2349 631 2385 petatur
645 2352 820 2386 extremum,
836 2349 865 2378 id
881 2347 938 2387 eft,

71 2386 147 2417 artis
163 2385 277 2427 effech'o.
310 2385 350 2417 Et
368 2386 462 2426 paulo
479 2386 559 2426 post.
598 2387 670 2417 Cum
686 2389 761 2418 enim
777 2389 826 2419 hoc
835 2388 877 2425 fit
889 2399 935 2421 ex-

73 2432 192 2458 tremum
206 2428 221 2466 (
230 2429 323 2464 lentis·
331 2430 407 2458 enim
419 2451 427 2466 ,
442 2429 539 2465 cretio,
556 2437 599 2458 me
607 2429 748 2468 jamdiu,
764 2432 836 2470 quod
851 2431 937 2463 τέλΘ,

74 2467 193 2499 Graecus
214 2469 308 2506 dicat,
333 2469 362 2499 id
384 2470 476 2499 dicere
497 2476 559 2500 tum
583 2476 760 2509 extremum,
785 2477 846 2502 tum
869 2472 935 2502 ulti-

74 2517 175 2546 mum,
198 2516 258 2539 zum
274 2510 439 2549 summum)
461 2520 524 2541 cum
549 2520 610 2551 ergo
636 2512 685 2541 hoc
695 2510 735 2548 fit
758 2519 935 2550 extremum,

75 2557 262 2589 congruenter
272 2556 382 2581 naturae
392 2553 645 2592 convenienterque
659 2553 768 2584 vivere.
792 2553 803 2584 l
809 2555 869 2585 nde
885 2554 935 2586 lio.

75 2598 104 2627 4.
123 2599 146 2619 c.
168 2599 216 2622 11.
238 2591 360 2631 ejusaem
379 2591 497 2631 Operis,
521 2594 686 2624 animantis
704 2601 879 2633 extremum,
903 2593 935 2625 fi-

75 2630 123 2660 nis
141 2630 183 2660 ob
200 2640 294 2671 quem
313 2632 430 2664 fafitum
446 2635 573 2665 animal:
597 2634 673 2665 ficut
685 2635 714 2666 in
727 2635 891 2676 propofito
909 2645 939 2667 a·

75 2670 141 2711 pud
167 2669 356 2711 Ulpianum,
378 2673 602 2712 jurisdictionis
624 2681 800 2715 extremum,
824 2686 938 2708 execu-

75 2712 144 2749 tio,
167 2711 218 2742 seu
235 2711 321 2750 finis,
346 2715 389 2744 ob
407 2723 498 2753 quem
516 2716 563 2755 jus
581 2716 704 2748 dicitur.
733 2718 889 2756 Proinde,
904 2726 940 2750 ut

74 2753 114 2785 ad
133 2761 197 2784 rem
216 2754 337 2785 veniam
349 2778 357 2791 ‚
375 2754 394 2785 fl
411 2756 479 2794 quis
496 2765 674 2789 conventus
690 2759 734 2790 rei
752 2760 940 2792 vindicatio·

75 2803 136 2831 ne,
160 2792 220 2824 fuit
244 2802 435 2833 contumax,
460 2805 564 2836 coque
589 2807 653 2829 non
671 2799 714 2830 est
732 2800 850 2840 paffus,
874 2808 940 2831 rem

77 2834 230 2867 mobilem
255 2844 272 2865 a
297 2834 326 2866 se
351 2836 520 2873 vindicari,
545 2837 597 2869 sed
621 2848 688 2870 eam
706 2841 778 2872 duci
796 2842 846 2873 vel
864 2841 939 2873 ferri

99 2875 177 2908 assus
203 2875 265 2907 est:
290 2876 313 2906 is
338 2885 401 2907 non
427 2877 536 2908 incidit
552 2879 582 2909 in
601 2880 663 2910 hoc
679 2879 842 2915 Edictum:
868 2883 940 2921 quia

73 2885 156 2949 {ecit
173 2917 260 2956 quod
284 2917 314 2947 in
337 2917 551 2956 jurisdictione
568 2918 612 2950 est
634 2929 821 2955 extremum.
847 2932 940 2954 caete-

73 2967 143 2990 rum
168 2957 190 2989 fi
214 2958 244 2989 dt
261 2956 423 2997 sequentia
440 2958 612 2991 recusavit:
635 2969 711 2993 tunc
730 2973 792 2995 non
813 2965 938 2996 obtem—

65 2998 196 3040 -perass‘e
217 2999 361 3030 videtur:
384 3000 415 3030 id
439 2999 502 3037 est,
526 2999 546 3031 fi
568 3010 632 3032 non
655 3002 734 3033 fecit
752 3014 787 3035 ea
804 3015 881 3045 quar
893 3005 936 3036 se-

73 3047 211 3081 quuntur
225 3040 270 3071 rei
287 3040 555 3080 vindicationem3
569 3041 632 3073 five
646 3043 666 3074 si
678 3043 748 3082 post
764 3046 856 3078 latam
873 3046 938 3078 sen-

74 3082 206 3113 tentiam
230 3090 294 3112 non
313 3080 358 3112 est
376 3081 494 3121 pafl'us,
518 3092 583 3114 rem
601 3092 618 3114 a
637 3082 666 3114 se
684 3084 796 3117 abduci
817 3095 869 3118 aut
885 3097 937 3118 au-

72 3121 168 3160 ferri,
185 3123 237 3162 qui
255 3122 300 3153 est
317 3121 387 3154 finis
405 3125 449 3154 rei
467 3123 707 3156 vindicationis:
732 3136 795 3158 non
813 3128 937 3160 obtem-

72 3170 195 3203 peraV1t
216 3164 265 3204 jus
287 3164 428 3205 dicenti;
451 3165 522 3206 quia
545 3170 611 3201 non
635 3166 816 3201 observavit
832 3177 937 3203 extre-

59 3265 63 3268 ,
109 3241 188 3277 Tem.
211 3243 264 3279 II.

987 502 1071 524 mum
1088 493 1325 533 jurisdictionis.
1350 496 1428 529 Inde
1446 497 1542 529 visum
1556 498 1710 531 Balduino
1727 499 1799 532 Not.
1817 501 1855 532 ad

986 535 1011 565 h.
1030 542 1050 565 t.
1074 536 1103 566 ὅ(
1123 535 1289 568 Ranchino
1308 537 1355 569 lio.
1372 549 1400 579 3.
1422 540 1496 571 Var.
1515 540 1578 570 lect.
1597 551 1620 571 c.
1645 550 1678 580 15
1696 565 1704 579 ‚
1731 552 1771 573 ita
1788 542 1858 574 scri-

987 576 1062 607 bere
1081 578 1109 607 in
1127 579 1155 607 d.
1174 577 1203 618 §.
1228 586 1249 608 1.
1300 578 1329 609 Is
1345 589 1401 611 non
1419 583 1536 611 videtur
1546 583 1598 623 jus
1616 582 1721 617 dicenti
1739 593 1795 615 non
1811 586 1856 615 ob-

987 617 1147 658 temperaffe
1161 620 1211 658 qni
1226 621 1300 659 quod
1316 627 1475 653 extremum
1487 624 1516 653 in
1527 622 1728 664 jurisdictione
1743 623 1780 665 est
1791 648 1800 663 ,
1814 625 1860 662 se-

986 660 1042 688 cz'c:
1064 660 1156 689 veluti
1175 658 1201 695 fi
1225 662 1290 700 quis
1316 672 1375 693 rem
1391 664 1516 694 mobilem
1532 665 1677 695 vindicari
1693 669 1748 703 nse
1759 666 1859 706 paffus

984 709 1041 730 non
1056 698 1171 739 cst‚sed
1187 703 1254 731 (luci
1269 711 1331 733 eam
1349 704 1592 745 velserripaffus
1612 703 1660 745 est.
1685 711 1816 737 ceterum
1827 707 1856 745 Ji

984 739 1186 780 &sequentia
1210 744 1374 784 rccnsavic,
1398 752 1468 777 tunc
1494 756 1551 777 non
1567 746 1761 786 obtelnperaffe
1775 750 1858 778 ‘nide-

985 786 1040 811 tur.
1065 782 1115 812 Sic
1131 784 1184 813 illi.
1209 793 1240 814 at
1260 785 1452 818 vei-ifimilius
1473 787 1535 825 est,
1559 788 1799 819 attendentibus
1816 790 1856 821 ad

984 821 1087 853 EdiCti
1110 823 1223 862 verba,
1248 826 1386 858 maluiffe
1407 827 1576 868 Ulpianum
1603 826 1756 868 definis-e,
1782 832 1854 871 quis

984 863 1014 894 in
1035 862 1147 894 Edicto
1165 874 1229 896 non
1249 867 1393 899 videatur
1410 871 1634 910 obtemperare
1647 871 1695 911 jus
1713 872 1853 909 dicenti,

983 912 1076 941 quam
1086 904 1218 936 definire
1229 929 1238 944 ,
1250 909 1318 946 quis
1329 909 1452 941 dicatur
1461 912 1490 942 ei
1505 913 1740 952 obtemperare.
1767 913 1855 945 Con—

983 945 1074 976 stabit
1093 954 1199 977 antem
1218 956 1357 988 receptae
1376 951 1503 983 lectioni
1530 953 1627 984 ratio:
1651 952 1672 985 fi
1689 962 1853 993 putemus,

982 985 1043 1017 effe
1071 985 1197 1026 Ellipssn
1224 989 1294 1028 post
1318 990 1387 1022 hoec
1408 993 1525 1032 verba,
1548 993 1648 1025 Veluti
1668 994 1694 1031 fi
1713 997 1778 1036 quis
1795 1006 1854 1027 reni

981 1027 1107 1058 mobilem
1123 1030 1268 1060 vindicari
1281 1031 1378 1070 paffns
1394 1042 1451 1064 non
1467 1032 1506 1074 est
1522 1058 1531 1072 ,
1555 1037 1600 1067 led
1616 1037 1685 1066 duci
1703 1046 1783 1076 cam,
1806 1038 1853 1069 vel

973 1069 1053 1108 serrz'
1066 1068 1166 1108 paffus
1183 1067 1240 1109 est,-
1263 1071 1292 1102 &
1311 1072 1521 1106 subaudienda
1539 1075 1600 1107 effe
1618 1077 1712 1108 verba
1724 1101 1731 1115 ‚
1743 1078 1796 1118 jus
1811 1080 1855 1110 di-

982 1111 1057 1140 centi
1072 1110 1267 1151 obtemperaffe
1283 1113 1409 1146 videtur.
1450 1115 1565 1148 Talem
1585 1117 1711 1159 Ellipfin
1731 1119 1769 1150 1).
1789 1120 1853 1151 Cu·-

981 1151 1079 1190 jacius
1098 1151 1167 1190 liic,
1193 1153 1221 1183 ἂ
1239 1153 1270 1184 in
1289 1154 1309 1185 l.
1332 1164 1379 1187 12.
1403 1156 1440 1188 D.
1458 1159 1490 1188 cle
1508 1159 1648 1198 captivis,
1666 1163 1790 1192 notavit
1806 1161 1853 1192 lib.

983 1201 1029 1230 24.
1051 1192 1171 1230 Observ.
1189 1203 1213 1224 c.
1233 1204 1280 1235 25.
1301 1195 1337 1230 ὅ)
1353 1207 1377 1227 c.
1394 1206 1444 1238 31.
1483 1199 1528 1230 Ita
1546 1199 1608 1230 fine
1627 1202 1854 1234 emendatione

982 1233 1120 1273 sequitur
1138 1234 1231 1273 illud,
1257 1236 1414 1274 Coeterum,
1440 1239 1469 1271 dt
1487 1240 1617 1280 reliqua.
1648 1242 1778 1274 Ponitur
1795 1244 1853 1284 igi-

983 1282 1034 1305 tur
1051 1274 1114 1305 hoc
1132 1274 1247 1307 Edicto
1263 1278 1315 1309 ille
1334 1280 1385 1319 qni
1403 1280 1450 1320 J'us
1473 1281 1590 1312 dicenti
1607 1290 1671 1313 non
1688 1284 1856 1324 obtempe-

983 1324 1039 1346 rat.
1086 1315 1193 1358 Quid,
1218 1318 1237 1349 fi
1260 1319 1284 1351 is
1302 1319 1337 1351 sit
1358 1330 1547 1361 procurator
1564 1331 1654 1362 tuus,
1679 1324 1729 1355 vel
1747 1333 1854 1365 tutor,

983 1358 1033 1388 vcl
1060 1364 1187 1389 curator
1204 1359 1221 1391 ἶ)
1243 1362 1286 1391 ait
1315 1360 1467 1402 Ulpianus
1491 1364 1510 1395 l.
1527 1365 1606 1396 unic.
1627 1365 1654 1406 §.
1675 1375 1702 1397 2.
1724 1365 1765 1398 D.
1782 1367 1809 1398 h.
1829 1373 1854 1399 t,

981 1398 1080 1438 ipsum
1099 1400 1219 1439 puniri,
1239 1410 1302 1433 non
1321 1403 1485 1436 dominum
1498 1427 1506 1442 ‚
1523 1405 1573 1437 vel
1591 1407 1756 1447 pupillum.
1781 1407 1854 1440 Nec

982 1448 1111 1471 movet:
1136 1443 1222 1481 quod
1246 1446 1450 1483 praecedente
1471 1445 1586 1478 Titulo
1611 1456 1723 1480 contra
1746 1448 1791 1480 est
1809 1450 1856 1481 di-

982 1481 1066 1512 &tum
1085 1491 1124 1513 ex
1142 1482 1158 1512 l.
1177 1493 1204 1524 3¹
1221 1483 1249 1525 §.
1273 1493 1297 1515 1.
1328 1494 1392 1517 non
1421 1488 1520 1525 puniri
1541 1493 1781 1528 procuratorem
1799 1493 1855 1531 qui

981 1523 1182 1562 iniquumjus
1195 1525 1396 1564 impetravit:
1413 1527 1464 1559 sed
1476 1530 1640 1561 dominum
1651 1531 1704 1570 qui
1722 1532 1750 1562 ei
1769 1541 1856 1564 man-

981 1564 1068 1595 davit
1081 1564 1247 1604 postulare.
1272 1566 1354 1599 Nam
1372 1567 1466 1599 facile
1481 1579 1497 1600 a
1514 1579 1608 1610 poena
1617 1571 1783 1603 excusatur
1800 1573 1854 1614 qui

980 1606 1026 1646 jus
1051 1614 1171 1637 novum
1200 1610 1379 1640 verecunde
1403 1609 1574 1648 postulavit
1599 1621 1615 1642 a
1640 1612 1851 1653 Magistratu,

982 1656 1054 1678 cum
1072 1646 1173 1686 posset
1190 1649 1336 1689 ignorare
1348 1650 1448 1682 Edieti
1462 1651 1671 1684 severitatem.
1689 1655 1740 1685 sed
1758 1664 1855 1695 quam

982 1688 1078 1719 habet
1095 1688 1331 1723 excusationem
1349 1694 1401 1733 qui
1419 1692 1583 1725 manifesta
1601 1695 1630 1725 vi
1649 1695 1759 1727 resistit
1778 1706 1854 1729 exe-

981 1730 1102 1761 cutioni
1131 1730 1332 1772 Magistratus
1358 1742 1469 1765 contra
1488 1735 1592 1767 bonos
1608 1745 1713 1768 mores
1730 1739 1811 1777 qu'os
1827 1739 1853 1769 i-

979 1780 1114 1812 gnorare
1140 1773 1169 1802 in
1195 1773 1279 1804 civili
1305 1773 1456 1807 societate
1476 1785 1540 1807 non
1558 1779 1665 1817 potuit
1680 1778 1699 1808 l.
1722 1787 1788 1816 199.
1806 1778 1851 1812 Dt

980 1815 1013 1842 de
1036 1821 1094 1854 reg.
1113 1813 1189 1852 jur?
1212 1814 1292 1846 lllud
1314 1817 1410 1857 magis
1429 1817 1561 1849 mirere:
1586 1819 1672 1858 quod
1689 1819 1802 1852 deinde
1818 1822 1852 1853 iu

980 1853 1008 1894 ἓ.
1022 1862 1050 1894 3.
1070 1858 1097 1884 α.
1115 1854 1134 1884 l.
1151 1855 1193 1885 ait
1210 1853 1363 1895 Ulpianus
1375 1881 1384 1895 ‚
1402 1858 1472 1889 Non
1483 1859 1579 1897 solum
1594 1867 1690 1891 autem
1705 1870 1784 1893 reum
1799 1861 1852 1903 qui

980 1904 1038 1925 non
1055 1896 1272 1936 obtemperavit,
1294 1899 1344 1929 hoc
1362 1899 1462 1930 Editio
1479 1902 1583 1939 teneri,
1610 1901 1701 1933 Labeo
1717 1905 1778 1939 ait,-
1800 1913 1852 1934 ve-

982 1945 1047 1966 rum
1064 1938 1149 1967 etiam
1158 1939 1316 1978 petitorem.
1342 1938 1386 1971 Ut
1401 1941 1484 1972 enim
1502 1951 1558 1973 reo
1576 1941 1671 1974 facile
1688 1944 1854 1976 incumbat

982 1976 1147 2015 Edictum,
1170 1978 1190 2010 fi
1215 1979 1311 2011 aeteri
1339 1982 1570 2014 condemnatus
1595 1983 1648 2015 fit:
1672 1983 1725 2015 ubi
1743 1993 1852 2019 tamen

982 2028 1039 2050 reo
1055 2020 1286 2052 condemnatur
1301 2022 1412 2054 attor?
1428 2023 1489 2055 Sed
1508 2024 1687 2064 videamus,
1702 2034 1742 2057 ne
1751 2026 1788 2059 id·
1801 2026 1851 2060 lo-

982 2069 1054 2091 cum
1071 2060 1210 2092 inveniat
1230 2063 1260 2093 in
1277 2064 1392 2094 mutuis
1409 2065 1631 2104 petitionibus.

1022 2101 1123 2133 Porro
1139 2103 1182 2133 ait
1208 2102 1346 2135 Proetor:
1371 2106 1522 2145 Adversus
1536 2116 1619 2146 eum,
1640 2109 1746 2149 quanti
1758 2118 1791 2141 ea
1808 2118 1852 2142 res

981 2140 1037 2182 est,
1056 2143 1202 2184 judicium
1218 2146 1299 2176 daho.
1322 2146 1356 2177 In
1372 2145 1420 2178 his
1438 2148 1546 2180 verbis
1562 2151 1754 2190 proponitur
1766 2151 1853 2183 attio

980 2185 1012 2215 in
1031 2183 1169 2224 factum,
1194 2194 1257 2217 non
1282 2187 1321 2218 ad
1338 2188 1369 2219 id
1393 2190 1480 2228 quod
1497 2190 1646 2230 interest,
1670 2190 1722 2223 sed
1740 2193 1856 2232 quanti*

982 2235 1019 2256 ea
1038 2235 1088 2256 res
1106 2225 1171 2258 esta
1195 2226 1260 2258 hoc
1284 2227 1349 2267 est,
1373 2230 1480 2268 quanti
1498 2234 1752 2264 ea·contumacia
1768 2242 1785 2264 a
1798 2233 1853 2273 Ju-

982 2266 1054 2298 dice
1074 2276 1133 2307 pro
1150 2276 1183 2298 re
1200 2277 1271 2300 nata
1290 2269 1511 2304 aestimabitur:
1535 2280 1569 2304 ut
1587 2272 1666 2305 solet
1687 2273 1774 2313 fieri,
1797 2275 1855 2307 ubi

981 2307 1111 2339 definita
1132 2317 1225 2347 poena
1240 2319 1304 2342 non
1322 2310 1375 2343 est.
1421 2312 1558 2345 Dabitur
1580 2314 1676 2355 igitur
1697 2315 1802 2355 agenti
1820 2325 1853 2348 a-

981 2349 1065 2388 Ctio,
1081 2351 1188 2389 quanti
1204 2360 1240 2382 ea
1257 2361 1304 2384 res
1321 2352 1384 2386 est:
1401 2354 1455 2385 etli
1472 2355 1550 2386 nihil
1567 2355 1686 2387 intersit
1703 2357 1778 2396 ejus.
1802 2365 1851 2388 at·

982 2398 1043 2429 que
1060 2390 1123 2421 hoc
1139 2389 1159 2422 fi
1172 2390 1232 2423 est:
1247 2394 1403 2427 veriffime
1418 2397 1461 2426 ait
1474 2394 1626 2435 Ulpianus
1642 2398 1670 2429 d.
1688 2397 1707 2428 l.
1723 2399 1803 2429 unic.
1822 2397 1852 2440 §-

979 2431 1032 2462 ult.
1058 2433 1086 2463 ei
1106 2431 1304 2473 consequens
1321 2435 1399 2474 esse,
1415 2444 1451 2467 ut
1467 2446 1585 2469 meram
1603 2447 1727 2478 poenam
1745 2443 1853 2471 conti-

979 2480 1071 2504 neat:
1095 2473 1234 2514 ideoque
1250 2476 1342 2507 detur
1357 2479 1486 2517 quidem
1504 2479 1651 2510 adversus
1675 2479 1774 2521 ipsum
1794 2480 1850 2521 qui

979 2523 1044 2544 non
1062 2514 1335 2556 obtemperaverit
1349 2518 1397 2558 jus
1416 2519 1553 2552 dicenti:
1577 2519 1633 2552 sed·
1646 2521 1675 2552 in
1697 2521 1850 2555 heredem

981 2564 1047 2586 non
1063 2556 1171 2587 detur:
1194 2566 1299 2598 neque
1315 2560 1411 2600 magis
1428 2560 1498 2600 post
1514 2570 1639 2593 annum.
1671 2562 1851 2603 Caeterum,

982 2604 1017 2627 ut
1035 2597 1126 2628 initio
1145 2601 1274 2635 monui,
1297 2601 1347 2630 cui
1367 2610 1436 2632 eam
1455 2602 1612 2634 astionem
1627 2603 1709 2643 dari,
1734 2605 1851 2643 &¹13oe-

977 2647 1053 2669 Anam
1078 2639 1194 2670 cedere
1217 2640 1296 2671 velit
1320 2641 1458 2681 Praetor,
1481 2653 1520 2674 ex
1546 2643 1608 2675 hoe
1631 2643 1761 2686 Ulpiani
1778 2646 1850 2677 Fra-

981 2687 1114 2719 gmento
1131 2681 1248 2720 conjici
1268 2683 1396 2722 nequit:
1420 2683 1474 2715 etfi
1487 2686 1517 2716 in
1529 2684 1643 2718 Edicto
1660 2688 1736 2719 olim
1750 2688 1781 2719 id
1797 2686 1846 2719 fu·

982 2719 1034 2751 iss‘e
1047 2719 1214 2759 scriptum,
1231 2722 1307 2753 mihi
1325 2723 1536 2764 persuadeam.
1561 2726 1614 2759 sed
1631 2727 1729 2760 hodie
1748 2729 1849 2767 liquet

983 2769 1158 2800 nusquam:
1179 2763 1208 2793 ἃ
1234 2763 1308 2795 ideo
1324 2774 1388 2797 non
1408 2766 1452 2798 est
1472 2776 1530 2799 una
1549 2768 1762 2809 Interpretnm
1781 2768 1847 2798 sen-

983 2802 1099 2832 tentia:
1117 2802 1182 2834 aliis
1199 2811 1363 2845 utramque
1374 2816 1443 2840 eam
1458 2808 1576 2847 astori,
1593 2811 1658 2841 aliis
1675 2809 1846 2847 unicuique

983 2843 1022 2873 de
1035 2842 1158 2882 Populo
1169 2867 1178 2883 ,
1193 2848 1454 2880 concedentibus.
1473 2848 1573 2893 Quod
1590 2850 1743 2890 discrepat
1759 2848 1794 2880 fit
1811 2850 1846 2880 in

983 2884 1101 2915 medio.
1125 2893 1159 2916 tu
1177 2886 1250 2918 vide
1265 2887 1301 2918 fis
1322 2887 1476 2928 Jacobum
1495 2892 1659 2931 Cujacium
1681 2893 1709 2922 d.
1727 2890 1773 2920 lib.
1792 2898 1844 2926 24.

983 2925 1102 2963 Observ.
1123 2936 1147 2958 c.
1166 2937 1214 2966 25.
1238 2928 1266 2959 ἃ
1283 2928 1464 2964 Emundum
1480 2933 1653 2964 Merillium
1671 2931 1717 2961 lib.
1739 2939 1750 2961 1
1784 2930 1848 2966 Va'-

981 2967 1121 2997 namium
1146 2978 1182 2999 ex
1204 2968 1322 3009 cujacio
1346 2981 1370 3002 c.
1392 2977 1421 3004 6.
1440 2974 1505 3013 ipse
1527 2974 1602 3003 nihil
1621 2970 1766 3002 definiam
1782 2976 1844 3011 pr'o

982 3008 1111 3039 certoin
1127 3018 1161 3040 re
1175 3009 1266 3049 facti3
1282 3013 1315 3043 in
1331 3022 1391 3054 qua
1403 3022 1464 3045 tam
1480 3015 1560 3051 hoc,
1578 3021 1668 3052 quam
1687 3012 1782 3049 illud,
1795 3011 1846 3044 fu·

978 3047 1033 3080 iss'e
1045 3050 1162 3089 potest:
1177 3050 1240 3083 fine
1253 3052 1406 3087 Veterum
1422 3054 1607 3086 auctoritate
1622 3061 1686 3084 non
1703 3054 1843 3093 probans

979 3090 1253 3125 ratiocinationem
1271 3096 1458 3135 plerumque
1482 3095 1628 3126 fallacem
1644 3103 1697 3127 aut
1711 3102 1848 3135 vanam,-

978 3130 1032 3163 ctfi
1047 3130 1125 3174 saepe
1143 3143 1207 3167 non
1224 3135 1477 3177 improbabilem·

1136 3255 1166 3290 r
1213 3247 1215 3249 ’
1780 3261 1848 3296 ΤΞ,
