2036 3495
165 129 234 161 190

166 207 285 238 ximum
301 228 311 243 ,
336 203 411 235 nihil
436 200 552 233 refert:
574 198 650 238 quid
668 197 698 228 ni
719 196 802 229 enim
819 203 890 242 agat
913 194 1038 242 afflone

166 245 329 279 communi
344 242 538 277 dividundo,
555 239 607 279 qui
626 238 736 270 nonsit
753 239 900 269 dominus
915 247 982 277 Jure
998 246 1037 267 ci·

165 288 237 320 vili:
260 296 330 317 cum
350 282 495 315 dominus
512 281 664 312 habeatur
677 280 744 319 jure
765 277 940 316 Praetori03
959 279 986 309 δι
1008 288 1036 308 u·

166 329 252 360 tilem
269 333 417 357 exerceat
433 321 596 354 communi
612 320 786 352 dividundo
804 320 980 358 actionem,
1005 326 1038 349 ut

165 380 229 400 non
249 368 363 398 babeat
379 364 530 395 directam
552 364 621 403 jure
646 361 758 406 civili?
779 359 830 392 Eo
857 360 949 406 sensu
961 360 1039 405 dixit

165 409 320 448 Ulpianus
338 407 356 437 l.
375 416 400 446 7.
419 407 446 436 h.
466 412 485 436 t.
508 403 681 436 Communi
697 403 872 434 dividundo
886 403 1038 442 judicium

163 451 272 482 locum
291 448 406 479 habere
422 447 450 478 δι
466 445 497 477 in
514 445 764 490 vectigali-agro.
814 483 820 489 .
996 484 1000 488 η

203 489 351 522 Similiter
368 488 495 529 possunt
511 487 563 527 qui
582 486 795 519 Publicianam
813 494 843 529 ln
863 494 928 529 rem
945 484 1040 515 aCtio-

162 541 237 564 nem
253 531 372 562 habent
384 553 392 567 ,
412 528 574 560 communi
591 527 765 559 dividundo
778 527 930 565 judicium
949 535 1039 556 exer-

165 582 240 604 cere
255 574 281 603 d.
302 572 321 603 l.
340 581 367 610 7.
385 570 452 612 §.2
477 568 548 609 quia
562 570 630 609 jure
648 568 802 599 I'raetorio
821 566 902 607 quasi
919 566 1039 597 domini

163 614 331 645 habentur.
343 613 410 654 §.4
430 610 499 651 Inft.
516 612 548 641 de
566 609 670 641 αὲἶῖοη.
697 610 853 641 Praeterea
870 608 912 638 ait
928 606 1035 645 Ulpia-

163 665 219 687 nus
246 656 264 685 τί
291 655 309 685 l.
329 664 357 695 7.
374 654 403 696 ς.
419 657 449 684 6.
474 652 493 683 fi
518 653 583 683 duo
605 660 670 682 rem
695 649 817 691 pignori
837 649 1036 695 acceperint:

159 695 365 737 aequissimum
379 694 441 726 effe
453 718 462 732 ,
478 693 525 724 his
541 692 604 724 dari
622 692 698 723 utile
714 700 877 722 commum
893 691 1036 722 dwidun-

161 739 204 770 do
219 739 382 778 judicium.
399 736 548 775 idemque
568 733 650 772 effe3
666 732 686 764 fi
705 734 744 763 de
762 731 921 763 usuftuCtu
938 731 972 762 fit
992 732 1036 762 in-

161 788 211 810 ter
236 781 317 810 duos
344 774 559 808 controversia
574 775 602 816 §.
621 784 647 814 7.
665 775 692 804 d.
709 774 728 804 l.
748 783 775 814 7.
801 782 917 812 nempe
941 772 1038 803 habet

160 828 314 860 uterque,
331 819 360 850 ἀ
371 817 511 849 creditor
527 814 747 857 pigneratitius
759 838 768 853 ,
784 815 813 846 ἃ·
830 813 1037 852 frumarius,

159 862 207 901 jus
225 863 254 892 in
276 870 329 898 re;
351 869 387 890 ac
405 866 537 899 propter
555 857 651 896 illud,
677 866 706 888 in
723 866 789 887 rem
808 856 974 887 actionem.
999 856 1037 886 A·

160 903 246 943 liqua
264 901 361 933 fuerit
378 899 465 931 forte
482 898 652 931 difficultas
672 899 701 929 in
721 896 748 939 ᾗ.
768 902 801 931 8:
824 896 843 928 fi
863 899 927 928 duo
945 896 1004 928 lint
1023 906 1038 927 a

160 944 305 977 Ptaetore
324 943 399 973 miffi
418 942 449 973 in
467 940 687 982 poffeffionem
706 940 893 979 legatorum.
911 937 962 969 sed
983 937 1032 969 Ul>

159 986 270 1026 planus
280 983 321 1015 ait
333 1007 343 1022 ,
361 982 422 1014 effe
435 982 544 1023 justam
563 981 683 1013 causam
700 980 849 1011 custodiae
867 981 974 1021 gratia.
991 989 1037 1010 er-

159 1036 202 1068 go
214 1026 243 1057 &
260 1026 280 1057 fi
293 1026 358 1056 duo
377 1033 520 1056 ventres:
537 1024 622 1055 idem
641 1021 713 1053 fore
731 1022 919 1067 dicendum,
937 1021 965 1051 δ(
984 1021 1034 1066 lia-

159 1069 236 1099 bere
259 1067 429 1098 rationem.
453 1066 567 1106 plane,
593 1063 613 1096 fi
634 1064 738 1095 damni
761 1062 870 1094 mfecti
887 1061 980 1107 jussus
1001 1062 1036 1092 lit

156 1109 331 1150 poffidere:
358 1117 421 1141 non
440 1108 519 1144 erit,
536 1106 659 1146 inquit,
676 1104 750 1136 huic
768 1105 834 1135 utili
852 1104 972 1143 judicio
991 1103 1036 1134 lo—

157 1160 231 1182 cus:
248 1158 322 1181 cum
336 1149 585 1181 vindicationem
605 1147 722 1178 habere
733 1145 866 1191 poffit-§.
880 1155 907 1181 9.
923 1146 951 1176 d.
970 1143 987 1174 l.
1007 1154 1034 1184 7.

201 1190 340 1223 Obtinet
365 1189 459 1231 igitur
481 1189 563 1221 aetio
590 1188 753 1220 communi
777 1186 952 1218 dividundo
968 1186 1033 1231 ple*

159 1242 320 1275 rumque,
353 1232 406 1265 ubi
432 1232 477 1264 rei
504 1230 680 1263 vindicatio
704 1229 813 1261 locum
839 1227 946 1259 habet.
967 1236 1033 1259 imo

813 1312 1168 1347 TxTuLus

605 113 957 148 Gnninnx
1006 107 1263 145 Neon-r
1321 108 1532 143 COMM-

1081 196 1188 237 (quod
1203 196 1350 229 observat
1366 195 1520 237 Ulpianus
1536 197 1563 227 d.
1582 196 1603 228 l.
1621 205 1648 237 7.
1664 197 1692 238 §.
1710 197 1760 238 3.)
1775 197 1868 230 cessat
1883 197 1950 240 qui-

1082 240 1154 268 dem
1172 239 1223 269 illa
1240 249 1280 271 ex
1298 238 1484 279 quibusdam
1503 237 1616 276 causis,
1633 238 1684 269 sed
1701 246 1804 270 tamen
1822 239 1842 270 fi
1859 240 1893 271 fit
1906 242 1951 281 iu-

1081 277 1123 309 sta
1139 279 1313 319 possidendi
1332 280 1439 318 causa,
1464 278 1621 319 competit
1637 280 1713 311 utile
1730 283 1891 312 communi
1907 283 1950 314 di-

1082 320 1221 352 vidundo
1235 321 1406 361 judicium:
1432 330 1464 353 ut
1482 329 1574 362 puta,
1598 320 1619 352 fi
1637 330 1685 353 res
1702 321 1894 361 poffideatur
1910 331 1951 356 ex·

1082 360 1168 391 causa
1185 362 1316 394 indebiti
1337 362 1439 393 soluti.
1582 362 1585 363 ⁷

1122 400 1185 434 Vix
1208 413 1287 443 opus
1311 403 1494 441 admoneri,
1512 403 1663 442 judicium
1690 404 1852 436 communi
1874 404 1951 437 divi-

1083 443 1191 474 dundo
1209 445 1315 476 locum
1334 455 1398 476 non
1419 444 1535 476 habere
1558 446 1639 476 inter
1654 445 1841 484 praedones3
1857 455 1916 478 nec
1930 447 1952 479 fi

1082 485 1227 523 precario
1250 486 1424 525 poffident3
1449 495 1509 517 nec
1533 485 1553 517 si
1572 487 1671 518 clam:
1694 487 1766 527 quia
1783 485 1891 524 injusta
1907 487 1953 520 est

1082 524 1227 565 poffeffio
1246 526 1317 566 ista3
1331 526 1380 558 illa
1398 529 1525 566 quidem
1539 527 1634 568 justa,
1654 527 1778 559 sednon
1796 528 1899 569 pergit
1915 529 1966 569 ad,

1079 567 1185 607 judicii
1205 567 1347 607 vigorem
1364 570 1391 599 d.
1409 569 1426 598 l.
1443 578 1470 609 7.
1482 570 1510 610 §.
1523 580 1550 607 4.
1577 569 1619 599 Ea
1641 571 1764 600 ratione
1780 579 1885 609 neque
1901 578 1955 601 co-

1082 607 1180 645 ionis,
1198 617 1302 648 neque
1318 609 1363 639 eis
1383 609 1432 648 qui
1451 610 1628 650 depolitum
1646 609 1866 651 susceperunt.
1892 611 1954 642 hoc

1076 650 1230 732 jpdliciutg
1246 651 1423 690 competit,
1440 652 1580 691 quamvis
1599 653 1782 684 naturaliter
1797 650 1954 693 poffidcnt

1080 702 1106 722 c.
1137 700 1188 730 .7.
1229 715 1233 720 .
1255 700 1299 722 11.

1121 732 1221 763 Porro
1240 735 1282 763 ait
1301 732 1440 772 Praetor,
1456 733 1610 765 Arbitrum
1626 735 1714 766 dabo.-
1729 735 1812 776 cujus
1830 735 1954 767 arbitra·

1081 779 1114 804 τῑι
1130 783 1173 803 res
1195 782 1354 804 communes
1373 773 1496 815 singulis
1512 783 1563 815 pro
1576 781 1661 816 parte
1681 777 1904 817 adjudicentur:
1928 777 1952 807 i-

1082 821 1134 845 rem
1145 838 1154 852 ,
1174 813 1203 851 fi
1217 816 1287 855 quid
1303 816 1334 845 in
1350 815 1393 845 his
1406 817 1505 846 damni
1522 818 1620 847 dacum
1633 816 1788 856 factumve
1804 817 1952 856 erit,five

1080 858 1150 896 qnid
1166 865 1194 885 eo
1209 857 1322 886 nomine
1338 856 1426 887 alicui
1441 859 1548 895 aberit,
1572 864 1623 888 aut
1638 860 1675 889 ad
1688 868 1753 889 eum
1767 861 1953 898 pervenerit,

1080 904 1111 927 ut
1130 898 1160 927 ici
1172 895 1332 937 proestetur.
1358 895 1407 929 Ex
1425 898 1484 929 hac
1502 898 1633 929 clausula
1646 899 1849 939 intelligitur,
1873 900 1955 932 hanc

1079 939 1236 969 actionem
1248 962 1256 976 ,
1273 939 1405 979 perinde
1424 948 1458 970 ut
1470 939 1645 979 superiores
1657 965 1665 978 ‚
1682 950 1722 971 ex
1742 941 1864 972 duobus
1876 950 1955 973 con-

1079 979 1199 1011 sistere:
1215 982 1348 1018 primum
1368 990 1409 1012 ex
1425 981 1537 1020 rebus,
1556 981 1672 1013 deinde
1690 991 1730 1012 ex
1749 981 1954 1020 praestationi-

1079 1021 1137 1052 bus
1155 1021 1371 1061 personalibus
1383 1022 1400 1052 l.
1420 1022 1487 1064 4.§.
1499 1033 1528 1064 3.
1545 1024 1572 1053 b.
1592 1028 1612 1053 t.
1636 1023 1714 1054 ultra
1732 1022 1808 1054 nihil
1826 1025 1856 1054 in
1874 1023 1955 1056 hanc

1078 1063 1237 1093 aftionem
1257 1062 1343 1094 venit
1359 1063 1376 1094 l.
1393 1072 1421 1104 3.
1441 1064 1467 1094 b.
1486 1070 1506 1094 t.
1531 1073 1645 1095 caetera
1664 1065 1776 1095 eadem
1794 1064 1861 1095 sunt
1881 1073 1950 1105 quae

1079 1105 1107 1135 in
1122 1103 1250 1136 familiae
1261 1103 1582 1145 erciscundaejudicio
1593 1104 1791 1137 tractavimus
1801 1106 1819 1137 l.
1828 1110 1856 1136 6.
1865 1105 1892 1147 §.
1907 1111 1951 1139 11.

1078 1145 1105 1175 h.
1122 1151 1141 1177 t.
1171 1145 1201 1176 Si
1220 1146 1295 1182 quid
1312 1144 1366 1185 ipfi
1385 1145 1447 1177 fine
1472 1147 1549 1177 dolo
1576 1147 1659 1178 malo
1676 1146 1758 1178 inter
1778 1149 1807 1178 se
1825 1149 1952 1188 pepige-

1077 1188 1159 1225 rint,
1183 1187 1214 1218 id
1233 1188 1263 1218 in
1282 1188 1390 1227 primis
1411 1188 1441 1218 ἃ
1457 1187 1583 1218 familiae
1602 1187 1795 1220 erciscundae
1815 1189 1843 1220 ἃ
1862 1198 1951 1221 com·

1076 1230 1162 1260 muni
1181 1229 1358 1261 dividundo
1374 1228 1495 1261 servare
1511 1229 1613 1270 Judex
1628 1230 1735 1262 debet.
1751 1232 1779 1262 d.
1798 1230 1818 1262 l.
1836 1240 1864 1273 3.
1879 1230 1907 1272 §.
1924 1239 1950 1263 1.

1224 1312 1296 1349 IV.

915 1391 967 1427 Ad
978 1392 1187 1429 exhibendum.

249 1486 407 1519 &ionibus
432 1484 594 1527 plerisque
617 1482 647 1515 in
665 1492 753 1522 rem,
776 1482 853 1514 item
873 1481 1039 1514 noxalibus

161 1490 246 1564 A
263 1538 331 1568 quae
352 1528 420 1558 sunt
439 1529 470 1558 in
493 1525 678 1567 personam,
696 1524 748 1556 sed
766 1525 796 1556 in
816 1533 882 1555 rem
899 1523 1038 1568 scriptae,

162 1571 192 1602 ὃ(
212 1568 316 1602 mixtis
333 1569 437 1600 tamin
451 1577 518 1599 rem
535 1577 629 1608 quam
647 1567 677 1598 in
689 1565 856 1606 personam
870 1566 909 1596 de
926 1565 1039 1609 qulbus

160 1613 263 1643 atium
283 1610 326 1641 est
351 1610 524 1647 haetenus,
549 1607 707 1649 subjicitur
730 1607 813 1639 actio
832 1607 870 1638 ad
888 1606 1039 1637 exhiben-

159 1654 253 1692 dum,
279 1653 307 1683 ἃ
331 1651 393 1689 ipsa
421 1651 450 1683 in
473 1649 656 1693 personam,
679 1648 767 1681 fimul
793 1650 822 1693 in
842 1657 907 1679 rem
927 1647 1039 1687 scripta

159 1704 265 1735 eoque
281 1693 421 1725 actiones
439 1695 468 1723 in
486 1702 551 1724 rem
576 1691 606 1722 in
624 1691 780 1730 aliquibus
805 1691 939 1722 imitans.
963 1699 1039 1729 prae-

158 1742 247 1768 terea
263 1745 326 1766 non
345 1733 529 1774 principalis
546 1732 647 1770 actio,
672 1732 724 1762 sed
741 1731 867 1763 alterius
886 1730 1035 1766 aetionis,

156 1776 383 1808 vindicationis
395 1799 403 1814 ,
419 1776 506 1806 verbi
523 1773 639 1815 gratia,
660 1773 891 1813 praeparatoria.
924 1772 1037 1804 Forma

156 1816 262 1850 EdiCti
283 1827 347 1855 quo
365 1815 526 1857 proposita
550 1825 586 1846 ea
606 1815 688 1845 aetio
709 1815 784 1851 fuit,
812 1823 864 1845 me
886 1813 1036 1852 auom-c,

156 1859 200 1893 fic
217 1859 440 1899 confingenda.
463 1858 514 1888 Ad
527 1854 757 1893 exbibemlumfi
772 1864 877 1895 agetur
892 1856 927 1885 ab
946 1864 974 1884 eo
986 1856 1038 1896 qui

158 1911 216 1934 rem
228 1902 338 1942 judicio
354 1904 499 1940 petiturus
516 1897 573 1938 est,
588 1899 620 1928 ob
638 1899 667 1928 id
686 1900 827 1939 qnod-sua
845 1894 976 1941 intersim
993 1906 1038 1926 rie-

157 1953 212 1985 que
222 1953 253 1974 ea
269 1952 312 1973 res
324 1942 443 1972 arbitrio
454 1941 574 1980 Judzczs
590 1940 616 1969 ei
630 1940 799 1969 exhibeatur
809 1951 817 1968 .·
829 1941 965 1976 adversus
976 1947 1039 1968 eum

157 1986 209 2026 qui
225 1982 427 2024 eampoffia'ere
444 1984 556 2012 dicetur
568 2004 577 2017 ‚
594 1982 698 2021 quami
709 1990 740 2010 ea
756 1990 799 2010 res
808 1981 881 2017 erit,
893 1979 1039 2019 judicium

159 2027 238 2058 dabo.
262 2025 439 2057 Utilitatem
457 2021 560 2054 Edisti
578 2023 859 2053 commendaturus
876 2029 966 2051 more
984 2020 1038 2050 suo

160 2068 313 2107 Ulpianus
326 2067 354 2096 in
372 2066 390 2096 l.
408 2065 471 2096 1.h.
489 2071 510 2095 t.
528 2063 569 2096 fic
586 2063 709 2095 lcribit:
728 2062 799 2093 Hoec
814 2061 886 2092 αὲἶίο
900 2069 1039 2102 perquam

161 2108 316 2149 mceffaria
326 2104 383 2147 esi,
408 2106 500 2141 &vis
516 2107 578 2147 ejus
593 2106 624 2136 in
641 2105 694 2141 usu
704 2105 845 2135 cotidiano
862 2101 901 2143 est
912 2127 920 2141 ,
932 2102 967 2137 ἐᾷ’·
975 2111 1038 2143 pro-

155 2155 223 2192 pter
246 2149 457 2181 vindicationes
480 2146 599 2177 industri
616 2144 663 2186 est.
698 2145 738 2176 Et
759 2146 787 2175 in
813 2144 831 2175 l.
851 2153 878 2175 2.
904 2154 980 2176 mox
999 2154 1039 2175 ex

161 2192 262 2224 Paulo
288 2189 459 2222 illustrandi
479 2187 606 2226 Ulpiani
625 2188 723 2228 gratia
744 2186 920 2225 subjicitur:
944 2185 1037 2216 Exhi-

160 2235 222 2265 bere
238 2230 294 2272 est,
305 2232 406 2272 facere
422 2232 453 2261 in
467 2229 578 2271 publico
593 2227 823 2272 1>ozeftcitenz,·ur
841 2228 866 2257 ei
882 2228 934 2268 qui
948 2234 1038 2268 agot,

161 2275 334 2315 experiundi
342 2271 383 2311 fit
393 2273 482 2313 copia.
505 2270 617 2302 Sensus
630 2270 789 2310 conjuncti
801 2269 965 2308 utriusque
977 2268 1038 2300 loci

162 2314 438 2355 hucredit:quod
449 2311 517 2344 usus
534 2312 625 2353 hujus
635 2310 767 2342 aetionis
785 2309 837 2351 qui
852 2309 896 2341 est
913 2309 1039 2350 insignis

163 2358 192 2388 δι
212 2356 434 2396 quotidianus,
458 2354 526 2386 fere
544 2353 574 2384 in
601 2362 641 2384 eo
659 2351 819 2390 confistit3
843 2359 878 2381 ut
901 2354 954 2391 qui
973 2361 1037 2382 non

163 2398 268 2439 potest
285 2407 378 2438 agere
396 2407 428 2428 re
453 2405 517 2427 non
542 2395 706 2432 exhibita,
729 2403 802 2424 cum
827 2393 891 2431 ejus
908 2392 1038 2424 interest

164 2449 256 2480 agere
268 2463 277 2478 ,
301 2439 345 2470 rei
364 2436 565 2469 exhibitione
581 2435 718 2474 accipiat
733 2433 921 2478 experiundi
941 2433 1039 2465 facul-

164 2488 271 2511 tatem.
290 2480 319 2511 id
334 2479 439 2512 multis
456 2479 560 2510 modis
576 2477 784 2517 contingere,
800 2482 951 2516 attingam
967 2484 1040 2515 pau·

162 2521 196 2554 10
215 2521 292 2562 post.
315 2521 379 2552 hoe
396 2520 470 2551 loco
481 2518 660 2557 suffecerit,
677 2517 831 2558 intelligi,
846 2517 928 2548 illam
945 2517 1041 2548 aftio-

163 2572 238 2595 nem
251 2562 310 2593 effe
324 2571 444 2593 tantuin
462 2562 590 2592 alterius
603 2559 882 2601 praeparatoriam3
900 2559 1039 2598 ideoque

163 2602 327 2645 principali
351 2602 540 2638 deficiente,
565 2604 637 2642 quia
656 2602 718 2641 jam
740 2609 801 2632 non
822 2599 950 2630 interest
969 2600 1039 2640 agi,

165 2653 226 2677 nec
243 2643 416 2674 accefforiae
434 2644 518 2675 usum
532 2643 610 2674 effe:
631 2642 821 2675 supervacua
838 2642 1039 2681 praeparatio-

165 2696 206 2720 ne
223 2686 288 2725 ejus
303 2694 371 2724 quae
390 2684 556 2723 sequutura
574 2694 637 2716 non
656 2683 702 2715 sit.

205 2726 346 2767 Exposui
371 2724 470 2756 EdiCti
493 2727 672 2757 utilitatem.
697 2734 795 2765 porro
813 2723 984 2763 disputabo
1001 2723 1041 2754 de

165 2767 296 2803 nomine
308 2767 337 2798 &
355 2767 549 2806 proprietate
564 2767 697 2798 aetionis
714 2776 754 2797 eo
772 2765 954 2806 propositae.
977 2763 1040 2805 ipstt

167 2812 198 2844 in
227 2808 364 2841 Rubi-ica
389 2806 417 2837 δι
444 2808 547 2846 paffim
569 2807 622 2838 sub
640 2809 703 2838 hoc
720 2806 834 2838 'I'itulo
853 2814 985 2837 vocatur
1001 2807 1041 2837 ad

167 2849 402 2886 exhibendum:
426 2849 529 2887 petito
548 2847 691 2880 Rubricae
710 2849 739 2880 &
755 2849 889 2879 actionis
909 2848 1040 2879 nomine

130 2899 133 2902 ’
166 2892 302 2934 aprimis
318 2888 418 2921 Ediffi
436 2887 550 2918 vei-bis.
575 2889 641 2920 Effe
659 2900 736 2921 vero
755 2889 970 2930 personalem,
988 2898 1039 2919 au-

170 2937 240 2968 ctm-
254 2932 299 2965 est
315 2929 496 2971 Ulpianusl.
508 2939 536 2970 3.
556 2928 584 2969 §.
601 2939 629 2969 3.
648 2931 673 2961 b.
692 2938 712 2961 t.
737 2931 956 2962 animadverso
969 2954 978 2968 ,
995 2930 1040 2961 ni-

169 2979 193 3009 ti
217 2984 283 3008 non
310 2972 474 3008 dominio,
498 2979 551 3001 aut
570 2970 638 3009 jure
658 2973 687 3001 in
705 2981 756 3002 re:
779 2974 863 3003 unde
879 2973 909 3003 in
927 2981 993 3003 rem
1010 2981 1040 3001 a·

170 3019 234 3050 etio
252 3014 406 3047 nascitur:
423 3012 474 3043 sed
490 3011 687 3050 obligatione
703 3012 784 3051 quali
797 3023 836 3044 ex
854 3013 1039 3045 contractu:

171 3068 264 3099 quam
292 3056 444 3094 aequitas,
466 3062 537 3084 cum
555 3050 777 3092 Disputatione
794 3053 887 3092 Fori,
912 3062 978 3086 tum
998 3053 1040 3084 E-

171 3100 255 3132 dieto
281 3098 426 3129 Praetoris
443 3119 452 3134 ,
476 3094 607 3126 induxit.
636 3092 717 3123 lianc
741 3096 926 3131 opinionem
950 3096 1040 3135 juvat

170 3143 235 3174 hoc
254 3138 383 3178 Ulpiani
401 3140 429 3169 (I.
448 3136 466 3168 l.
478 3146 506 3177 3.
523 3135 542 3177 §
573 3144 598 3166 t.
623 3133 686 3179 Qui
700 3134 737 3164 ad
752 3135 940 3166 exhibendum
957 3138 1039 3178 agit,

171 3181 336 3220 nonutz'que
345 3178 525 3214 dominumse
534 3177 622 3214 dicit,
638 3185 687 3205 nec
703 3175 780 3205 debet
798 3173 959 3214 ostendere;
976 3187 1040 3207 cum

170 3223 266 3256 viultae
276 3220 338 3260 fim
355 3219 443 3260 caufie
459 3220 498 3251 ad
512 3218 701 3249 exhibendum
717 3217 830 3257 agendi.
855 3216 991 3248 Accedit
1009 3218 1044 3249 il-

1083 1482 1134 1514 lud
1151 1481 1178 1524 §.
1195 1492 1225 1519 9.
1244 1483 1270 1514 d.
1290 1483 1307 1514 l.
1331 1480 1432 1524 Junlex
1446 1485 1538 1525 igitur
1553 1481 1718 1521 licinmatim
1732 1482 1836 1516 debebit
1852 1493 1954 1525 cogno·

1072 1527 1171 1565 scere,
1196 1535 1233 1554 an
1249 1525 1311 1566 ejus
1328 1525 1436 1563 interfit
1448 1549 1456 1563 ‚
1472 1535 1528 1556 non
1545 1536 1583 1556 an
1600 1526 1659 1567 ejus
1678 1524 1785 1564 resfit‚
1803 1525 1893 1563 &fic
1909 1527 1955 1566 ju-

1082 1567 1143 1596 bere
1158 1565 1204 1595 vel
1219 1567 1363 1605 exbiberi,
1379 1567 1425 1597 vel
1442 1576 1498 1597 nnn
1509 1590 1517 1605 ,
1534 1569 1604 1612 quia
1619 1566 1690 1597 nihil
1707 1566 1825 1604 interfit.
1852 1567 1954 1606 ulpia-

1083 1606 1112 1638 ni
1131 1606 1251 1638 sensus:
1267 1609 1353 1647 quod
1372 1608 1478 1645 actor,
1495 1617 1566 1645 quia
1579 1609 1637 1639 hac
1655 1607 1780 1638 achone
1797 1617 1860 1639 non
1872 1609 1955 1649 agit,

1082 1657 1115 1679 ut
1134 1658 1182 1679 res
1201 1649 1265 1688 ejus
1285 1649 1482 1687 declaretur3
1499 1648 1572 1680 ideo
1591 1659 1654 1680 non
1673 1648 1770 1679 habet
1788 1659 1890 1688 opuS,
1908 1650 1954 1680 di·

1081 1699 1173 1727 cere,
1198 1689 1226 1720 se
1251 1690 1414 1721 dominum
1439 1690 1510 1721 elle.
1534 1699 1645 1722 contra
1671 1691 1739 1721 sunt
1765 1691 1871 1722 multae
1888 1691 1954 1722 aliae
1980 1699 1989 1703 ·

1081 1730 1200 1769 causae,
1224 1741 1338 1770 praetei·
1356 1732 1532 1763 dominium
1545 1756 1553 1771 ,
1577 1741 1709 1773 propter
1722 1740 1799 1771 quas
1817 1732 1908 1772 poffit
1925 1742 1958 1764 e-

1077 1773 1125 1812 jus
1142 1772 1306 1810 intereffe,
1324 1772 1377 1804 sibi
1396 1783 1460 1804 rem
1477 1774 1515 1804 de
1533 1783 1591 1813 qua
1609 1774 1730 1805 aeturus
1748 1772 1801 1812 sit,
1819 1773 1952 1805 exhibe-

1080 1815 1115 1845 ri.
1141 1815 1278 1845 intendit
1303 1813 1397 1855 igitur
1423 1815 1481 1845 hac
1503 1815 1629 1846 aftione
1645 1838 1654 1854 ‚
1683 1823 1769 1845 reum
1799 1822 1954 1855 oportere

1081 1865 1145 1886 rem
1167 1855 1339 1893 exhibere,
1358 1856 1388 1886 id
1404 1856 1467 1892 est,
1490 1865 1643 1895 oportere
1659 1854 1786 1893 facere,
1804 1857 1831 1888 &
1851 1856 1870 1888 fi
1889 1866 1953 1888 non

1081 1896 1253 1935 cxhbear,
1276 1896 1338 1928 five
1357 1907 1421 1928 non
1451 1897 1565 1936 faciat,
1590 1897 1688 1929 actori
1706 1896 1850 1938 praestare
1868 1897 1956 1938 quod

1082 1939 1145 1977 ejus
1162 1937 1302 1975 intersit,
1327 1948 1392 1969 rem
1412 1938 1584 1970 exhibitam
1604 1937 1675 1970 ess'e.
1711 1938 1788 1971 Hoc
1806 1938 1867 1971 esse
1883 1949 1957 1979 pro-

1081 1980 1184 2020 prium
1213 1979 1343 2010 aetionis
1369 1982 1398 2011 in
1425 1980 1609 2021 personam,
1634 1987 1696 2010 tam
1723 1989 1771 2011 res
1794 1981 1953 2020 loquitur,

1069 2030 1176 2066 ⁸quam
1190 2020 1381 2060 justinianus
1399 2020 1560 2053 attestatur
1577 2022 1604 2063 ᾖ.
1620 2030 1642 2052 1.
1656 2017 1725 2061 Infl.
1737 2022 1770 2051 de
1785 2021 1955 2052 cretionibus.

1082 2061 1155 2094 Nec
1180 2071 1283 2093 tamen
1310 2061 1449 2098 inficiet,
1474 2062 1555 2093 hanc
1579 2062 1735 2094 aftionem
1753 2061 1782 2093 in
1800 2063 1957 2102 aliquibus

1083 2104 1201 2135 habere
1220 2103 1387 2144 imaginem
1403 2103 1561 2136 aulonam
1584 2105 1614 2135 in
1632 2113 1711 2135 rem.
1735 2110 1766 2134 at
1785 2113 1848 2134 non
1866 2104 1959 2136 idcir·

1083 2155 1123 2176 co
1141 2144 1176 2176 fit
1192 2144 1273 2176 attio
1291 2155 1321 2175 in
1338 2154 1415 2176 rem.
1440 2146 1546 2185 potius
1564 2145 1718 2183 dixerim,
1735 2154 1799 2176 non
1819 2144 1959 2178 definere

1082 2194 1253 2227 propterea
1265 2186 1326 2217 effe
1337 2187 1365 2217 in
1378 2186 1559 2227 personam:
1577 2195 1698 2218 tantum
1716 2195 1756 2217 eo
1767 2185 1849 2217 effici
1861 2210 1871 2225 ‚
1887 2187 1958 2219 ea'm

1082 2237 1146 2259 non
1171 2229 1200 2258 in
1222 2228 1370 2259 omnibus
1393 2227 1474 2258 finiri
1501 2229 1643 2260 terminis
1661 2227 1821 2259 actionum
1837 2227 1867 2259 in
1887 2237 1959 2268 per·

1083 2269 1207 2307 sonam3
1233 2267 1284 2300 sed
1303 2270 1332 2299 in
1353 2269 1540 2309 quibusdam
1559 2279 1616 2300 eos
1639 2270 1757 2310 egredi.

1124 2310 1373 2347 Demonstrato,
1391 2310 1587 2350 personalem
1605 2310 1666 2341 effe
1683 2311 1721 2341 ad
1740 2309 1958 2343 exhibendum

1082 2352 1256 2383 amonem:
1272 2361 1329 2393 age
1349 2361 1431 2383 nunc
1449 2352 1601 2391 reliquam
1621 2352 1686 2392 ejus
1705 2350 1842 2382 formam
1861 2352 1959 2391 expli-

1082 2402 1208 2424 cemus:
1233 2394 1261 2425 &
1282 2394 1416 2431 primum
1444 2393 1594 2432 quidem,
1618 2393 1694 2433 quid
1710 2393 1956 2433 agatideinde,

1084 2434 1134 2466 cui
1159 2442 1343 2474 competat,
1367 2436 1396 2465 ἃ
1423 2434 1568 2465 adversus
1587 2442 1699 2474 quem:
1723 2434 1750 2463 ἃ
1773 2433 1956 2473 postremo,

1083 2478 1113 2506 in
1134 2485 1198 2516 quo
1217 2475 1357 2506 versetur
1372 2476 1488 2514 judicis
1511 2474 1663 2506 officium.
1708 2473 1807 2516 Quod
1833 2476 1870 2505 ad
1895 2476 1958 2515 pri-

1086 2526 1170 2548 mum
1182 2518 1314 2548 attinet:
1333 2517 1435 2547 omnis
1455 2517 1519 2555 ejus
1539 2517 1584 2546 vis
1602 2515 1769 2556 spectatad
1786 2515 1958 2547 exhibitio-

1084 2568 1156 2589 nem
1168 2559 1230 2596 rei,
1247 2558 1364 2589 deinde
1381 2560 1410 2588 in
1424 2556 1586 2597 principali
1601 2556 1721 2597 judicio
1740 2558 1897 2597 petendae.
1913 2559 1956 2588 id·

1083 2600 1171 2630 circo
1189 2600 1227 2630 ad
1244 2598 1458 2629 exhibendum
1469 2606 1629 2629 vocatura
1646 2598 1754 2638 primis
1772 2597 1871 2630 Edieti
1890 2609 1957 2630 ver-

1084 2640 1140 2672 bis.
1185 2640 1230 2671 Ea
1248 2640 1344 2671 verba
1367 2639 1474 2670 fuere:
1496 2639 1546 2671 Ad
1562 2638 1788 2676 exbihfndumfi
1805 2646 1906 2681 agetur
1922 2641 1958 2671 ab

1083 2691 1112 2712 eo
1128 2683 1180 2723 qni
1194 2691 1252 2712 rem
1263 2681 1376 2723 judicio
1387 2683 1535 2721 petiturus
1551 2679 1599 2721 est.
1623 2680 1675 2712 Est
1686 2688 1790 2712 autem
1809 2683 1956 2720 exhihere,

1084 2731 1118 2753 ut
1134 2732 1173 2754 ex
1191 2723 1288 2754 Paulo
1306 2723 1325 2752 l.
1345 2732 1372 2753 2.
1395 2722 1512 2753 dietum
1524 2746 1533 2759 ,
1548 2723 1649 2761 facere
1667 2723 1697 2752 in
1713 2722 1825 2763 publico
1838 2721 1957 2764 potesta-

1083 2771 1156 2801 tem,
1172 2770 1204 2795 ut
1220 2765 1263 2800 ei,
1279 2764 1331 2804 qui
1347 2769 1434 2804 agat,
1451 2765 1623 2803 experiundi
1631 2762 1672 2801 fit
1694 2765 1781 2802 copia.
1807 2763 1840 2795 In
1853 2765 1954 2804 publi-

1085 2815 1124 2836 co
1141 2815 1217 2836 vero
1236 2803 1405 2845 significat,
1430 2805 1540 2844 palam·
1572 2805 1696 2836 Plenius
1713 2803 1868 2844 Ulpianus
1889 2806 1908 2838 l.
1925 2815 1954 2851 3,

1084 2847 1111 2888 §.
1128 2851 1155 2881 8.
1175 2846 1214 2878 D.
1232 2847 1266 2876 de
1284 2846 1355 2876 hom.
1373 2847 1419 2876 lib.
1435 2847 1530 2877 exbib.
1554 2845 1613 2884 ait,
1637 2845 1798 2877 Exhibere
1818 2845 1880 2878 effe
1892 2870 1900 2882 .
1924 2855 1956 2878 m

1083 2888 1244 2929 publicum
1263 2888 1459 2926 producere,
1483 2888 1511 2918 ὅ(
1529 2887 1658 2919 videndi
1677 2887 1888 2928 tangendique
1901 2888 1957 2918 ho-

1082 2928 1174 2960 minis
1200 2928 1385 2960 facultatem
1412 2929 1574 2968 praebere:
1599 2929 1729 2969 proprie
1746 2936 1852 2960 autem
1870 2927 1957 2960 exhi-

1082 2971 1160 3001 bere
1178 2969 1258 3008 effe,
1284 2978 1372 3001 extra
1390 2970 1545 3001 secretum
1563 2970 1688 3001 habere.

1124 3012 1180 3042 Rei
1204 3020 1310 3043 autem
1335 3011 1549 3051 appellatione
1573 3011 1692 3042 Praetor
1717 3009 1856 3051 designat
1887 3018 1955 3041 rem

1083 3053 1304 3094 corporalem,
1328 3062 1393 3084 non
1421 3061 1572 3090 omnem,
1597 3052 1648 3083 sed
1673 3051 1822 3083 mobilem
1845 3050 1872 3080 ἀ
1889 3060 1956 3081 cer-

1083 3104 1157 3127 tam.
1196 3094 1231 3125 Id
1248 3093 1449 3134 consequens
1465 3093 1509 3124 est
1527 3092 1698 3125 exhibendi
1715 3091 1820 3122 verbo.
1846 3090 1909 3122 sola
1927 3101 1957 3122 e-

1083 3139 1147 3168 nim
1166 3135 1271 3175 potest
1288 3145 1338 3166 res
1355 3135 1531 3174 corporalis
1549 3144 1585 3165 ac
1603 3141 1689 3164 certa
1712 3132 1798 3177 tang-i
1814 3141 1850 3162 ac
1870 3134 1957 3164 vide-

1083 3177 1118 3209 ri.
1144 3176 1241 3208 solam
1259 3184 1413 3217 praeterea
1425 3184 1490 3206 rem
1502 3174 1652 3206 mobilem
1664 3172 1867 3218 inpublicum
1886 3183 1959 3214 pro-

1087 3217 1323 3259 duciextraque
1337 3217 1492 3248 secretum
1508 3214 1636 3254 haberi,
1650 3222 1731 3247 ratio
1747 3215 1874 3254 patitur.
1891 3222 1960 3245 rem

1901 3258 1959 3287 im·
