2036 3495
187 135 257 171 370

196 214 332 255 pretium
349 211 492 254 praestare
517 208 641 241 neceffc
660 207 767 239 habet.
792 207 854 239 Sed
874 216 908 238 ea
927 206 1065 248 objectio

198 255 237 286 Ul
263 256 335 285 iano
359 253 523 293 displicet:
556 248 770 287 existimanti,
804 258 820 279 a
846 247 975 280 diverfis
1003 258 1066 280 non

196 265 281 331 regie
296 295 363 326 fieri
380 292 571 325 illationem:
588 291 768 331 ideoquein
781 290 868 331 supra
885 289 975 321 dictis
991 299 1068 321 con-

197 335 401 367 ventionibus
419 340 531 363 contra
554 332 724 364 dicendum
755 330 818 363 esse
831 354 840 369 ‚
862 329 979 362 ceffare
993 340 1068 372 prae-

196 377 365 408 stationem
389 373 551 410 utilitatis,
575 373 606 405 id
632 373 696 412 est,
719 373 785 413 ejus
810 373 898 413 quod
920 372 1070 404 interest:

606 117 1275 156 ‘GERARDINOODT
1333 120 1549 158 Conn.

1108 215 1142 238 re
1159 209 1318 255 mancipio
1335 212 1457 243 tradita.
1482 211 1556 244 Hoc
1572 219 1668 255 negat
1688 214 1745 247 Vir
1766 215 1919 258 summus,
1934 219 1984 260 J'a-

1109 249 1209 281 cobus
1227 249 1371 290 CuJacius
1382 275 1392 289 ,
1404 254 1548 285 Paratitl.
1567 254 1600 285 C.
1617 256 1643 287 h.
1654 261 1674 286 t.
1686 257 1714 288 ἃ
1730 257 1778 289 lib.
1798 268 1845 291 21.
1859 260 1982 299 Obstru.

1110 298 1203 338 c.155
1233 291 1263 323 ἂ
1290 292 1437 333 sequutus
1456 305 1527 327 eum
1554 295 1704 328 Claudius
1729 298 1910 341 Salmafius,
1933 303 1983 335 De

1113 331 1212 370 usuris
1228 342 1252 363 c.
1274 338 1303 368 8.
1322 343 1354 365 at
1370 343 1434 367 tam
1451 336 1583 368 confuse
1601 338 1631 368 ά
1649 347 1665 368 a
1683 341 1803 371 ratione
1819 342 1899 381 Juris
1916 352 1983 378 tam

1113 380 1237 405 remote
1254 382 1408 416 uterque3
1431 385 1465 408 ut
1481 379 1596 409 merito
1613 379 1722 418 mirer,
1748 381 1840 414 Viros
1859 383 1982 419 Doctos

198 417 290 458 pretii
307 425 370 447 non
387 414 511 446 ceffare.
537 413 567 446 Si
584 422 690 446 tamen
707 414 807 446 sciens
828 413 965 445 alienum
991 423 1073 445 ven-
1115 413 1145 444 ὅ(
1170 414 1268 446 nobili
1292 416 1393 457 fama,
1424 428 1493 451 eam
1520 419 1707 451 sententiam
1731 424 1864 456 tenuisse
1892 425 1971 458 serio

197 459 292 489 didit:
325 464 402 487 tunc
425 456 532 496 placet
559 454 717 496 Ulpiano,
748 455 921 487 secundum
942 455 1073 487 relatam
1115 463 1183 486 non
1200 454 1285 486 foret
1303 457 1379 489 mihi
1397 459 1544 499 difficile,
1560 470 1629 492 earn
1646 451 1984 501 e1·1·0risconvincere:'

197 497 310 538 Juliani
335 496 544 536 sententiam,
568 506 663 534 eum,
685 497 758 537 quia
782 497 857 528 dolo
872 496 955 528 malo
969 496 1068 535 facit,

197 549 239 570 ex
255 546 366 579 empto
384 539 486 570 teneri
504 540 543 570 ad
559 539 590 569 id
607 538 693 578 quod
711 537 853 570 interest.

239 581 422 621 Antequam
437 579 515 611 hinc
532 579 690 611 discedam
701 603 710 618 ,
727 589 793 611 non
809 578 1007 612 diffimulabo
1024 579 1066 610 se-

197 620 469 661 quentemlitem3
487 629 591 653 utrum
609 622 641 652 in
657 620 798 661 simplice
814 628 938 652 tanturn
957 621 1068 652 vendi-

196 666 285 695 tione
302 663 409 696 locum
430 663 546 695 habeat
562 663 602 695 de
619 662 778 694 evictione
793 661 893 701 ac‘ti03
915 671 956 693 an
972 662 1067 694 etiam

1117 495 1170 527 sed
1187 498 1342 541 praevenit
1365 500 1559 546 diligentiam
1582 511 1684 534 meam
1709 503 1838 547 Collega
1862 516 1951 541 meus

1110 535 1499 586 Antoniusqschultmgius
1510 565 1520 581 ,
1533 542 1588 575 Vir
1604 542 1812 586 Clariffimus,
1837 549 1925 580 Notis
1939 533 1982 583 ati

1109 578 1242 610 Paulum
1260 579 1355 611 lib-⁹2.
1378 580 1511 614 Seniani.
1537 585 1581 614 tit.
1602 593 1648 624 17.
1659 585 1690 626 §.
1707 596 1736 627 3.
1754 587 1782 619 δι
1797 598 1870 621 ante
1888 589 1977 623 Defi-

1111 620 1216 652 derius
1234 620 1390 668 Heraldus
1407 621 1454 653 lib.
1474 633 1502 654 2.
1520 623 1724 665 animadvers.
1733 629 1764 660 in
1779 629 1899 673 Salmas.
1910 633 1981 673 ‚Ob-

1102 661 1187 700 serv.
1202 663 1240 693 ad
1251 671 1304 704 jus
1319 662 1411 694 Altzc.
1426 672 1452 694 c.
1467 671 1498 695 2.

851 745 1203 781 Trrunus
1260 736 1332 779 ΙΙΙ.

762 814 815 857 De
830 821 1004 866 exceptione
1022 821 1068 855 rei
1081 821 1210 856 venditae
1226 818 1267 860 δέ’
1284 821 1418 858 traditae.

200 910 382 988 Superior
397 908 528 944 Titulus
545 910 680 950 emptori
696 920 730 942 re
744 910 845 943 evifta
867 909 956 941 dedit
973 908 1069 941 actio-

274 960 358 983 nem.
383 951 517 992 praesens
531 953 586 985 dat
595 951 843 992 exceptionem:
859 960 995 991 eamque
1014 960 1068 981 vo-

198 1002 250 1024 cat
274 994 502 1033 exceptionem
527 995 572 1025 rei
590 993 727 1025 venditae
746 994 776 1026 &
795 993 928 1024 traditae.
954 991 1068 1023 Casum

198 1033 358 1075 Ulpianus
377 1033 397 1065 l.
427 1040 455 1067 1.
472 1035 499 1067 h.
516 1040 538 1067 t.
557 1043 598 1067 ex
613 1033 772 1067 Marcello
799 1034 894 1066 talem
917 1034 1024 1074 ponit:
1047 1031 1069 1063 fi

197 1076 336 1108 alienum
352 1074 488 1109 fundum
512 1075 713 1116 vendideris,
739 1076 770 1107 ἀ
792 1083 883 1107 tuum
900 1073 1007 1115 postea
1024 1073 1071 1105 fa·

200 1117 286 1149 &um
303 1124 403 1157 petas.
427 1117 456 1149 ἃ
472 1118 535 1155 ait,
558 1118 591 1149 in
610 1126 650 1147 eo
665 1126 697 1148 te
720 1116 806 1158 poss'e
830 1116 891 1147 hac
908 1115 1072 1155 exceptio-

197 1168 241 1190 ne
256 1158 342 1190 rede
366 1159 490 1200 repelli.
512 1159 561 1190 Ea
583 1159 734 1199 exceptio
760 1158 799 1191 ab
823 1156 960 1198 Ulpiano
982 1157 1002 1187 l.
1023 1165 1070 1196 17.

198 1199 243 1231 1).
261 1201 296 1231 de
312 1198 396 1231 evin.
412 1200 476 1233 alio
491 1203 622 1232 nomine
637 1201 754 1237 dicitur
769 1199 833 1232 doli
845 1198 926 1231 mali.
941 1206 1002 1229 nec
1017 1198 1072 1230 du-

197 1241 278 1272 bitat
294 1239 471 1282 Ulpianus,
495 1241 557 1273 effe
571 1241 777 1281 justiffimam:
800 1240 822 1272 fi
840 1239 987 1272 venditor
1003 1247 1072 1270 rem

199 1291 293 1322 quam
317 1280 383 1322 ipse
410 1282 574 1321 vendidit,
599 1283 715 1315 deinde
737 1281 899 1320 vindicet,
923 1280 1070 1321 quamvis

200 1324 374 1355 dominium
391 1324 526 1364 aliojure
543 1324 716 1364 quaefierit:
737 1324 883 1365 improbe
908 1322 1003 1367 enim.
1018 1330 1073 1352 co-

200 1365 360 1404 nari,rem
379 1374 397 1396 a
414 1365 444 1397 se
459 1364 634 1397 distractam
653 1365 865 1397 evincerezin
883 1373 944 1405 qua
962 1371 1072 1404 utique

1111 919 1184 941 eum
1215 915 1343 949 oportet
1370 909 1489 943 bonam
1519 909 1616 944 fidem
1646 912 1803 954 praestare.
1858 907 1978 957 Eadem

1111 950 1374 997 rationenPaulus
1397 952 1418 984 l.
1445 961 1491 984 10.
1523 951 1565 984 D.
1599 954 1633 984 de
1662 953 1792 995 distrahi.
1824 959 1904 1000 pig-n.
1938 963 1980 993 Et

1105 990 1134 1030 fi
1158 994 1247 1033 isqui
1274 991 1332 1032 lege
1353 994 1487 1034 pignoris
1509 995 1596 1033 evicit,
1625 996 1658 1026 ob
1680 995 1847 1029 evictionem
1871 1002 1914 1032 rei
1935 1011 1981 1033 re-

1113 1034 1174 1064 dire
1204 1034 1242 1063 ad
1264 1035 1441 1065 venditorem
1470 1044 1528 1066 non
1558 1035 1666 1076 potest,
1710 1043 1804 1070 tomen
1840 1049 1896 1072 non
1928 1042 1982 1083 effe

1113 1075 1289 1105 audiendum
1305 1077 1488 1115 creditorem,
1511 1078 1562 1118 qui
1572 1078 1707 1115 fundum
1723 1082 1875 1120 vendidit,
1889 1081 1919 1120 fi
1932 1093 1982 1114 ve-

1113 1115 1150 1146 lit
1166 1115 1289 1161 ejusdem
1300 1118 1342 1147 rei
1357 1127 1392 1148 ex
1407 1117 1465 1148 alia
1478 1118 1565 1158 causa
1580 1117 1762 1160 quaeflionem
1777 1132 1895 1155 movere.
1921 1124 1984 1166 igi-

1114 1163 1167 1188 tur
1184 1157 1260 1197 quid
1275 1157 1346 1190 est?
1369 1157 1468 1190 solum
1493 1158 1605 1198 restat,
1629 1162 1717 1201 quod
1742 1160 1883 1204 Ulpiano
1899 1166 1930 1197 in
1953 1167 1983 1200 d.

1114 1198 1134 1245 l.
1155 1206 1201 1238 17.
1218 1198 1341 1242 placet,
1362 1201 1544 1240 'emptorem
1564 1202 1702 1243 eligere,
1723 1211 1829 1237 utrum
1844 1215 1909 1238 rem
1928 1217 1985 1239 ve-

1114 1238 1151 1270 lit
1167 1247 1326 1279 retinere,
1358 1241 1536 1273 intentione
1560 1251 1619 1284 per
1639 1245 1864 1283 exceptionem
1891 1248 1984 1291 elisa3

1113 1283 1275 1362 ggnpggiuuis
1285 1291 1319 1313 re
1330 1282 1434 1314 ablata
1447 1305 1459 1324 ,
1474 1292 1514 1316 ex
1531 1283 1622 1317 causa
1635 1281 1842 1326 stipulationis
1852 1291 1985 1331 duplum

320 1536 623 1586 LIBER
671 1535 1238 1588 VIGESIMUS
1293 1535 1839 1588 SECUNDUS.

891 1646 1330 1683 T1TuLus.1=.

443 1727 494 1762 De
509 1726 628 1773 zfitris,
655 1725 888 1773 &similium
914 1723 1088 1772 &caufis,

198 1812 425 1850 fflfflfflizn
436 1825 511 1848 IEM
533 1817 625 1858 huius
656 1816 760 1849 Tituli
792 1815 1071 1858 investigantibus,

281 1877 302 1909 S
332 1857 367 1911 ἐξ
389 1867 453 1890 non
479 1857 524 1889 est
540 1858 599 1890 alia
616 1858 780 1891 reddenda
794 1858 897 1897 ratio,
920 1867 1013 1903 quam
1038 1856 1071 1890 in

331 1907 337 1940 ξ
354 1930 366 1942 a
389 1899 602 1941 superioribus
644 1900 734 1932 attuli
777 1899 840 1940 jam
891 1899 1072 1940 aliquoties.

198 1950 374 1986 vass
393 1950 480 1986 nunc
497 1939 596 1974 solum
612 1942 742 1974 addam:
758 1941 846 1983 quod
863 1940 995 1982 primam
1011 1938 1073 1972 Ti-

395 1983 453 2015 tuli
467 1991 590 2023 partem
606 1983 647 2015 de
665 1982 782 2021 usuris,
806 1982 837 2014 ἀ
862 1983 1005 2014 ultimam
1029 1981 1069 2014 de

200 2027 308 2064 mora,
333 2024 411 2058 olim
427 2023 555 2065 exposui
572 2024 660 2057 libris
679 2024 843 2063 Defoenore
858 2023 895 2058 ἐξ
909 2024 1013 2065 usuris.
1030 2023 1071 2055 de

198 2068 301 2100 tribus
317 2065 445 2107 reliquis
462 2073 563 2107 nuper
577 2066 701 2098 dissei-ui
713 2075 786 2098 cum
804 2064 894 2102 alibi,
913 2073 979 2096 tum
990 2074 1068 2106 prae-

200 2107 309 2141 sertim
324 2108 371 2140 lib.
381 2112 411 2139 6.
429 2108 474 2137 tit.
489 2116 513 2138 1.
534 2107 581 2138 De
597 2108 638 2139 rei
651 2108 856 2139 vindicatione.
872 2105 922 2138 sed
944 2107 996 2138 hic
1012 2105 1071 2138 Ti-

202 2151 310 2189 tulus,
340 2149 424 2190 quod
449 2149 487 2180 ad
511 2158 605 2180 unam
635 2147 796 2189 spectabat
819 2148 1012 2180 arbitrariam
1037 2149 1070 2179 in

206 2200 276 2223 rem
295 2190 477 2228 affionem,
508 2190 598 2230 (talis
623 2191 709 2222 enim
733 2189 779 2221 est
805 2189 849 2221 rei
874 2188 1072 2228 vindicatio)

203 2240 328 2264 tantum
344 2231 525 2276 indicabat,
549 2240 702 2272 oportere
718 2231 850 2275 petitori
868 2229 900 2262 in
918 2240 973 2269 ea,
994 2230 1073 2262 ficut

204 2275 235 2306 in
245 2275 334 2305 bonae
352 2272 425 2305 fidei
442 2271 585 2312 judiciis,
610 2272 719 2304 officio
734 2272 854 2311 Judicis
872 2279 986 2313 praeter
1003 2280 1071 2303 reru

203 2316 358 2354 petitam,
391 2317 486 2346 etiam
511 2314 633 2345 causam
656 2313 793 2345 restitui:
825 2313 857 2344 id
883 2313 947 2352 est,
977 2321 1075 2344 omne

205 2357 292 2396 quod
309 2356 473 2387 habitui-us
498 2354 602 2394 foret,
628 2355 647 2386 fi
663 2364 701 2386 eo
725 2362 872 2392 tempore
886 2363 952 2394 quo
966 2354 1075 2394 judici-

202 2397 490 2469 }mssaccipiebatur
503 2419 514 2436 ,
538 2397 566 2428 ei
584 2405 620 2428 ea
635 2406 686 2430 res
705 2405 722 2428 a
738 2394 910 2437 posseffore
933 2394 1076 2427 restituta

222 2447 251 2469 ui
277 2446 320 2470 et.

246 2478 284 2510 In
300 2479 477 2512 actionibus
493 2479 526 2511 in
542 2478 709 2519 personam
727 2478 866 2511 maxime
881 2477 977 2510 stricti
997 2477 1075 2518 Juris

205 2520 293 2553 idem
310 2520 483 2559 observari,
505 2529 570 2552 non
588 2520 784 2562 placuitJ'ure
799 2520 885 2552 civili
902 2520 941 2551 ab
959 2520 1072 2558 initio,

202 2560 292 2594 foi-te
310 2562 353 2591 ob
370 2562 530 2603 angustam
548 2570 655 2594 earum
671 2560 852 2594 formulam.
877 2561 1073 2602 praevalente

201 2610 310 2635 tamen
327 2602 495 2642 aequitate,
518 2602 583 2634 hoc
600 2602 707 2643 postea
723 2603 753 2634 &
769 2604 800 2635 in
817 2603 865 2634 his
880 2611 972 2643 aeque
986 2608 1072 2633 rece·

202 2652 295 2686 ptum
311 2641 496 2683 esse‚atque
512 2645 545 2675 in
559 2643 736 2676 actionibus
745 2644 916 2676 arbim-ariis
934 2644 964 2674 &
978 2643 1070 2674 bonae

204 2685 303 2723 fidei,
325 2690 431 2715 certus
454 2684 559 2716 auctor
582 2686 627 2717 est
648 2684 761 2717 Paulus
783 2685 804 2716 l.
831 2694 882 2725 31.
901 2685 948 2715 D.
965 2685 999 2715 de
1014 2685 1072 2716 reb.

207 2727 309 2759 credit.
334 2723 440 2755 verbis
457 2723 674 2764 sequentibus:
698 2726 773 2757 Cum
788 2726 906 2766 fundus
928 2725 975 2757 vel
997 2725 1076 2757 homo

201 2776 257 2810 per
275 2764 477 2798 condietionem
500 2767 608 2804 petitus
629 2767 715 2808 effic,
745 2773 833 2808 puto,
863 2767 914 2798 hoc
931 2767 1000 2808 jure
1025 2774 1076 2797 nos

206 2810 272 2848 uti,
295 2813 330 2840 ut
346 2803 410 2849 post
418 2806 565 2848 judicium
588 2815 733 2848 acceptum
754 2810 842 2847 causa
856 2810 947 2840 omnis
960 2805 1075 2849 resticu-

206 2853 283 2883 enda
293 2848 352 2888 fit:
376 2849 406 2879 id
420 2845 478 2888 est,
499 2856 579 2878 omne
593 2851 667 2888 quod
683 2850 836 2881 habiturus
851 2849 918 2890 effet
933 2848 1030 2888 αὲἶον,
1050 2847 1076 2884 li

207 2893 270 2924 litis
288 2887 448 2926 comestam
464 2894 584 2928 tempore
591 2889 704 2928 solutus
714 2891 829 2932 fuiffet.
853 2891 966 2923 Sermo
983 2890 1072 2923 Pauli

208 2933 255 2965 est
271 2934 312 2964 de
329 2931 455 2963 actione
471 2930 504 2961 in
520 2929 682 2970 personam
697 2930 789 2964 stricti
803 2932 894 2972 Juris:
916 2932 948 2963 in
971 2940 1073 2972 eaque

207 2983 283 3007 cum
300 2972 362 3011 ait,
385 2972 435 3003 hoc
443 2972 511 3012 jure
528 2979 578 3002 nos
593 2971 669 3015 uzi„
680 2970 848 3012 fignificat,
869 2974 937 3014 post
953 2973 1074 3014 aliquas

206 3015 421 3053 variationes,
442 3014 474 3044 in
490 3021 526 3044 ea
545 3011 609 3043 hoc
625 3010 716 3056 fuisse
730 3013 876 3046 adversus
892 3015 1016 3056 regulas
1029 3015 1074 3054 ju·

205 3058 248 3089 ris
264 3063 449 3096 receptum3
466 3062 501 3085 ut
519 3052 586 3094 post
598 3052 749 3093 jud1cium
765 3062 951 3094 acceptum,
975 3056 1007 3087 id
1029 3054 1075 3086 est

205 3097 374 3139 postlitem
386 3094 596 3127 contestatam
607 3118 616 3133 ‚
626 3093 722 3126 aetori
737 3093 926 3127 restituenda
941 3097 977 3128 fit
986 3095 1077 3128 causa

206 3139 321 3171 omnis.
344 3137 419 3169 Huc
437 3137 483 3167 ire
497 3145 566 3168 eam
583 3136 798 3173 locutionem,
814 3134 948 3167 antehac
965 3138 1076 3177 proba-

207 3182 240 3212 vi
268 3180 316 3210 lib.
338 3186 365 3209 1.
384 3178 578 3210 Probabilium
593 3187 617 3209 c.
634 3186 662 3210 2.
683 3175 720 3211 ἃ
730 3176 898 3223 ΙωΡεΙαὶῐας.
924 3175 997 3207 Nec
1008 3178 1073 3218 Jam

205 3221 340 3259 dubito,
370 3219 448 3261 quin
470 3220 587 3254 eodem
609 3225 723 3261 pergat
737 3217 924 3262 Papinianus
938 3217 957 3252 Ι.
972 3226 1001 3252 2.
1028 3218 1072 3256 D.

1114 1724 1155 1766 δ’
1171 1727 1311 1762 omnihus
1325 1724 1558 1774 acceffionibus,
1584 1724 1626 1767 ἐξ
1643 1728 1740 1763 inora‘.

1114 1814 1142 1847 h.
1165 1821 1187 1846 t.
1209 1814 1336 1855 dicens,
1360 1814 1456 1858 Vulgo
1480 1821 1622 1858 receptum
1647 1816 1714 1858 ‘ff'3
1737 1815 1768 1848 id
1790 1816 1854 1857 est,
1877 1817 1986 1859 paffim

1110 1856 1174 1896 jam
1190 1856 1252 1888 effe
1268 1865 1434 1898 receptum
1450 1858 1598 1890 adversus
1610 1859 1658 1898 jus
1673 1858 1776 1890 civile.
1799 1859 1913 1902 Quid?
1940 1858 1986 1891 Ut

1113 1899 1248 1939 quamvis
1270 1900 1302 1930 in
1313 1901 1462 1938 personam
1476 1898 1573 1942 aftum
1589 1899 1651 1940 fit,
1671 1900 1767 1940 (puta
1791 1900 1985 1941 generaliter

1112 1947 1209 1981 atque
1224 1938 1423 1982 indistincte)
1438 1939 1501 1981 post
1517 1941 1594 1973 litem
1610 1947 1705 1973 tamen
1719 1940 1903 1982 contestatam
1919 1945 1987 1973 cous

1104 1981 1142 2021 sa
1155 1979 1317 2022 proefletur.
1348 1980 1422 2024 Qua
1437 1982 1582 2025 ratione?
1605 1982 1726 2024 optima
1743 1982 1819 2015 hac:
1835 1982 1986 2028 Quoniam

1112 2022 1196 2064 quale
1217 2020 1273 2063 est,
1295 2033 1361 2054 cum
1374 2024 1500 2064 petitur,
1524 2024 1582 2054 tale
1593 2025 1660 2055 dari
1673 2025 1761 2055 debet.

1155 2063 1236 2095 Haec
1252 2073 1308 2095 cur
1322 2072 1386 2096 tam
1401 2063 1558 2097 sollicite?
1573 2065 1737 2104 nimirum,
1749 2066 1821 2104 quia
1837 2063 1879 2096 fic
1894 2063 1986 2096 disci·

1114 2109 1182 2144 tur,
1206 2106 1261 2136 etfi
1286 2102 1399 2137 Titulo
1428 2114 1453 2136 1.
1477 2106 1548 2138 libri
1574 2116 1626 2138 v1.
1652 2105 1699 2138 De
1724 2108 1767 2137 rei
1787 2106 1985 2138 vindicatione

1114 2153 1183 2184 quae
1199 2146 1244 2178 est
1260 2146 1419 2178 arbitraria
1436 2146 1468 2178 in
1485 2155 1550 2179 rem
1566 2148 1668 2187 actio,
1684 2147 1713 2178 ἃ
1728 2147 1798 2179 alibi
1815 2156 1872 2187 per
1887 2155 1983 2179 occa-

1113 2187 1231 2220 sionem
1249 2187 1284 2219 fit
1305 2188 1470 2219 traCtaturn
1486 2188 1526 2219 de
1542 2188 1656 2227 caufis,
1681 2188 1837 2220 fructibus
1849 2212 1858 2226 ‚
1882 2188 1913 2220 ἀ
1929 2197 1983 2219 ac-

1115 2229 1304 2262 cessionibus
1330 2228 1374 2260 rei
1398 2229 1506 2269 petitae
1523 2229 1641 2269 judicis
1658 2229 1765 2261 officio
1781 2229 1983 2270 praestandis:

1116 2271 1146 2301 in
1164 2270 1317 2313 praesente
1333 2279 1438 2302 tamen
1460 2271 1500 2302 de
1527 2271 1593 2308 his,
1617 2280 1768 2311 quantum
1786 2272 1824 2302 ad
1842 2270 1984 2302 aCtiones

1117 2311 1147 2343 in
1171 2311 1335 2352 personam
1358 2312 1471 2344 attinet
1487 2335 1496 2351 ,
1528 2313 1779 2352 qualescumque
1810 2313 1886 2350 fint,
1918 2320 1986 2343 non

1117 2352 1229 2384 frustra
1245 2355 1292 2393 agi
1311 2353 1341 2384 in
1359 2352 1378 2383 l.
1397 2357 1447 2393 38.
1473 2361 1540 2385 tum
1556 2355 1587 2385 in
1611 2354 1630 2385 l.
1654 2363 1682 2395 3.
1700 2353 1729 2395 ᾗ.
1750 2363 1772 2385 1.
1791 2354 1820 2384 in
1837 2362 1897 2391 qua
1914 2352 1985 2383 haec

1119 2402 1230 2426 extant
1247 2394 1408 2434 Papiniani
1428 2395 1539 2426 verba:
1556 2395 1594 2426 In
1610 2395 1652 2426 bis
1668 2400 1776 2436 quoque
1784 2394 1904 2435 judiciis
1919 2402 1986 2433 qua:

1119 2445 1179 2466 non
1195 2436 1263 2468 funt
1279 2434 1455 2472 arbitraria,
1477 2445 1527 2467 nec
1542 2438 1618 2467 bonae
1637 2435 1711 2475 fidei
1721 2459 1730 2474 ‚
1749 2433 1811 2475 post
1825 2435 1901 2465 litem
1918 2443 1987 2465 con-

1118 2475 1250 2518 testatam
1264 2478 1356 2515 causa
1368 2475 1533 2517 praelbanda
1555 2475 1603 2517 eft.
1642 2476 1803 2517 Papiniani
1830 2475 1986 2506 sententia

1117 2518 1225 2557 est‚in
1241 2518 1429 2550 omnibusin
1440 2517 1604 2557 personam
1620 2516 1794 2549 actionibus
1805 2526 1870 2548 non
1888 2517 1988 2548 modo

1113 2560 1283 2592 arbitrariis
1298 2563 1352 2591 aut
1369 2559 1464 2590 bonae
1482 2558 1573 2598 fidei,
1591 2567 1626 2589 ut
1643 2558 1738 2590 olim:
1762 2558 1814 2589 sed
1831 2561 1945 2596 etiam,
1962 2557 1986 2589 fi

1113 2610 1181 2633 non
1196 2601 1255 2633 fint
1269 2599 1437 2632 arbitraria
1448 2623 1457 2638 ,
1472 2607 1525 2630 aut
1541 2599 1636 2631 bonae
1652 2598 1746 2638 fidei,
1764 2609 1871 2631 verum
1888 2598 1986 2630 stricti

1111 2642 1379 2682 iuris,receptum
1399 2640 1480 2679 effe,
1498 2641 1640 2672 utaCtori
1657 2640 1766 2672 officio
1782 2640 1902 2680 Judicis
1913 2639 1986 2681 post

1118 2684 1208 2714 litem
1228 2680 1435 2714 contestatam
1454 2682 1617 2721 praestetur
1638 2687 1703 2713 non
1725 2689 1847 2713 tantum
1864 2691 1912 2713 res
1933 2690 1990 2722 pe-

1119 2725 1197 2763 tita,
1220 2723 1271 2756 sed
1288 2723 1390 2755 omnis
1405 2731 1537 2763 quoque
1556 2723 1645 2755 causa
1665 2724 1730 2755 rei:
1752 2723 1986 2763 consequenter

1118 2764 1265 2806 percepti
1281 2764 1516 2802 frustus3addo
1539 2772 1647 2805 partus
1663 2766 1692 2796 d.
1709 2764 1728 2796 l.
1748 2774 1776 2796 2.
1793 2766 1822 2796 b.
1841 2770 1862 2796 τ.
1880 2764 1932 2804 qui
1950 2769 1985 2795 ut

1117 2809 1248 2848 proprie
1264 2815 1328 2838 non
1344 2812 1494 2846 putentur
1510 2805 1649 2844 frustus,
1672 2813 1704 2837 at
1720 2815 1737 2837 a
1750 2805 1839 2836 causa
1855 2815 1922 2836 non
1941 2804 1986 2835 se·

1117 2856 1266 2889 parantur
1282 2848 1302 2879 l.
1324 2851 1370 2887 17.
1407 2869 1416 2878 .
1443 2855 1467 2878 1.
1479 2845 1516 2881 ὅ)
1535 2847 1555 2878 Ζ.
1573 2856 1622 2880 20.
1638 2847 1679 2879 D.
1688 2847 1721 2878 de
1737 2848 1778 2878 rei
1793 2848 1902 2878 vindic.
1926 2844 1985 2887 Igi-

1118 2898 1169 2921 tur
1187 2889 1228 2921 fic
1246 2890 1276 2920 in
1293 2888 1380 2920 omni
1408 2898 1442 2920 us
1458 2887 1598 2920 servatur
1624 2888 1753 2920 tandem
1772 2889 1803 2919 in
1821 2887 1986 2927 personam

1115 2930 1303 2962 actionibus.
1327 2938 1387 2961 nec
1403 2937 1509 2961 tamen
1526 2930 1577 2961 vel
1591 2929 1621 2961 in
1638 2929 1686 2961 his
1708 2929 1860 2961 filendum
1883 2927 1988 2960 discri-

1116 2981 1212 3009 men,
1237 2971 1325 3012 quod
1349 2971 1380 3002 in
1401 2970 1524 3011 judiciis
1547 2971 1642 3002 bonae
1659 2970 1779 3002 fidei&
1797 2970 1986 3006 arbitratus,

1117 3012 1279 3055 Papiniani
1316 3012 1492 3053 opinione,
1528 3012 1632 3044 omnis
1661 3010 1751 3042 causa
1784 3012 1879 3043 etiam
1909 3017 1986 3041 ante

1117 3054 1206 3087 litem
1221 3053 1427 3085 contestatam
1437 3053 1598 3094 praestatur
1608 3062 1648 3085 ex
1666 3053 1790 3084 moral.
1808 3062 1836 3092 ς.
1856 3051 1896 3081 D.
1913 3051 1941 3082 h.
1961 3056 1983 3082 t.

1119 3097 1184 3128 imo
1198 3095 1385 3131 omnimodo
1394 3118 1403 3133 ,
1414 3103 1448 3126 ut
1457 3103 1566 3127 monet
1577 3095 1689 3127 Paulus
1705 3094 1724 3124 l.
1735 3098 1791 3139 38..
1801 3086 1830 3134 §-
1852 3093 1980 3138 15..d.t.

1118 3139 1149 3170 id
1169 3136 1234 3175 est,
1256 3137 1350 3169 etiam
1366 3135 1432 3168 fine
1449 3146 1549 3168 mora.
1574 3135 1625 3168 sed
1649 3136 1679 3166 in
1699 3133 1792 3165 striCti
1815 3135 1889 3173 juris
1902 3133 1984 3173 Judi·

1116 3178 1172 3210 ciis
1189 3186 1313 3210 tantum
1329 3177 1399 3219 post
1415 3176 1502 3210 litem
1518 3175 1736 3209 contestatam.
1752 3173 1794 3205 fic
1811 3176 1897 3205 enim
1915 3175 1983 3207 vul·

1113 3229 1156 3263 go
1172 3227 1340 3261 receptum
1353 3217 1466 3260 fuisse,
1480 3227 1553 3257 cum
1568 3227 1609 3251 ex
1623 3217 1689 3257 ipso
1703 3213 1823 3252 ostendi
1840 3215 1983 3262 Papinia-

1938 3266 1982 3290 no
