2036 3495
178 126 219 161 37

183 205 236 245 qui
253 202 323 235 fuit.
367 198 463 240 Atqui
481 197 616 230 moi-‘tuis
642 195 774 229 subinde
793 196 967 236 aliquibus,
993 195 1060 227 aliis

183 244 326 286 adgnatis
339 241 522 277 adscitisve‚
532 247 694 271 mutantur
705 239 815 280 populi
832 246 948 276 partes.
964 236 1059 270 Esto:

182 286 235 317 sed
261 284 304 314 est
335 283 446 313 eadem
463 281 581 321 'populi
600 280 741 321 species,
767 280 918 320 quamdiu
936 277 1060 317 spiritus

185 326 295 357 summi
320 323 443 363 imperii
468 322 624 362 populum
648 322 817 353 continens
835 344 845 359 ‚
867 320 969 351 servat
992 318 1060 351 for-

183 375 265 398 mam
282 365 429 395 unitatis:
446 364 559 395 eadem
576 361 697 403 semper
709 373 742 394 re
758 364 845 402 cujus
862 361 973 392 eadem
990 370 1059 401 per-

184 409 306 439 severat
329 405 467 446 species,
492 405 568 435 licet
588 413 751 436 mutentur
768 405 832 444 ejus
850 412 954 443 partes
971 414 979 434 :
1005 410 1058 441 ut,

184 456 299 489 praeter
308 446 512 478 Plutarchum
522 470 531 484 ,
548 445 596 476 De
603 447 671 486 sera
685 446 814 477 numinis
829 443 978 481 vindicta,
987 450 1057 485 pag.

183 498 254 530 559.
274 493 340 519 tom.
359 498 387 520 2.
412 489 481 519 edit.
505 488 601 526 Paris.
626 489 750 518 erudite
768 485 905 526 disputat
923 484 1058 517 Alfenus

181 533 201 561 ί.
213 534 262 571 76.
279 529 322 560 D.
338 530 370 560 de
379 529 520 571 judiciis,
533 529 686 571 adductus
703 527 792 567 supra
809 527 863 558 lib.
884 535 909 558 1.
925 536 953 557 c.
964 535 1059 557 xv11.

181 571 271 612 Ergo
295 579 467 612 perpetuus
489 571 550 601 erit
574 568 769 601 uiusfiufitus
794 568 916 609 populo
941 566 1060 599 datus?

182 611 313 644 fortasse
336 613 442 644 dices:
469 612 590 652 populo
615 611 667 641 cui
689 611 851 647 debetur,
874 609 1057 640 immortali.

181 654 256 685 sane
275 653 411 691 Cicero,
428 655 455 684 ci.
471 654 515 684 lib.
536 663 565 693 3.
583 651 693 690 Debet,
712 652 833 689 inquit,
849 648 1005 690 constituta
1017 649 1061 687 fic

181 695 233 736 effe
250 696 374 733 civicas,
398 701 430 725 uc
446 701 551 724 [eterna
561 692 612 731 stt.
647 693 740 733 Apud
756 691 909 723 Tacitum
930 700 1060 731 quoque

183 737 229 768 est
243 737 296 768 lib.
314 747 343 777 3.
368 736 481 767 Animi.
506 745 530 766 c.
556 739 586 765 6.
610 734 828 775 Rempublicam
848 739 981 763 aeternam
999 731 1060 772 effe.

182 778 219 810 ld
237 786 342 809 tamen
359 777 529 816 aliquando
544 776 639 807 fallit.
668 784 858 816 quamquam
884 775 969 806 enim
996 783 1062 805 non

181 819 279 851 efficit
295 818 488 860 singulorum
512 818 666 855 mutatio;
692 826 725 848 ut
742 816 805 848 effe
824 815 942 847 desinat
960 824 1062 855 popu-

181 861 230 893 lus
247 859 300 901 qui
318 859 395 891 fuit:
419 859 626 891 nihilominus
647 859 740 890 urbes
768 857 921 898 perinde,
944 866 981 888 ac
1004 857 1063 887 ho-

140 909 145 917 *
182 902 305 939 mines,
328 901 411 933 nasci
434 910 530 941 atque
554 901 675 938 emori,
698 900 822 940 optime
837 898 985 930 observat
1003 897 1063 928 Ru-

182 944 267 975 tilius
287 941 516 981 Numatianus,
532 942 687 974 Itinerurio
705 941 753 973 lib.
774 941 887 982 1.vers.
903 949 974 981 430.
993 949 1063 971 ver-

181 983 230 1016 bis
247 983 461 1024 sequentibus.

221 1026 296 1058 Non
312 1027 476 1067 idignemur
491 1024 625 1057 mortalia
641 1030 757 1066 corpora
774 1023 846 1059 ffilvi
855 1046 864 1061 ‚

267 1067 420 1098 Cernimus
433 1067 567 1107 exemplis
584 1067 686 1106 oppida
697 1065 772 1106 poffe
790 1066 870 1095 mori.
885 1098 887 1101 ⁴

184 1110 215 1141 &
230 1107 288 1140 suis
305 1109 464 1150 exemplis
481 1108 622 1139 ostendit
639 1107 751 1139 Petrus
769 1105 869 1137 Faber
882 1104 922 1137 V.
942 1105 1000 1137 Ct..
1013 1104 1062 1136 lib.

184 1159 211 1182 1.
237 1148 367 1191 Semeflr.
386 1160 408 1182 c,
429 1155 457 1185 8.
477 1149 514 1185 &2⁹
531 1159 559 1186 9.
580 1149 730 1190 praeclare
746 1157 853 1179 autem
868 1147 1064 1178 animadver-

181 1192 220 1223 tit
243 1190 303 1223 Vir
322 1191 487 1229 Summus,
510 1190 610 1231 Hugo
627 1189 780 1228 Grotius,
805 1189 855 1221 lib.
880 1198 909 1220 2.
937 1187 984 1219 De
999 1188 1065 1229 jure

181 1233 245 1264 belli
269 1243 303 1264 ac
324 1235 406 1273 pacis
431 1243 455 1264 c.
471 1242 501 1269 9.
527 1232 556 1273 §.
571 1242 601 1272 3.
625 1231 662 1265 δ’
672 1232 753 1272 seqq.
776 1230 1065 1270 civitatem‘perire

181 1274 307 1306 duobus
326 1273 448 1306 modis:
472 1274 504 1305 id
522 1272 585 1311 est,
605 1273 736 1304 interitu
753 1272 921 1312 corporis,
937 1279 990 1302 aut
1008 1270 1065 1310 spi·

180 1317 259 1347 ritus
270 1324 334 1356 quo
355 1315 509 1346 cohaeret.
534 1315 674 1347 Primum
691 1313 800 1345 interit
816 1322 953 1353 corpus,
969 1311 1067 1342 subla-

181 1357 222 1389 tis
247 1356 334 1388 fimul
360 1357 500 1397 partibus
516 1365 557 1387 ex
573 1356 688 1395 quibus
707 1354 849 1386 constat:
875 1361 908 1385 ut
925 1353 946 1384 fi
963 1361 1066 1393 popu-

181 1398 230 1430 lus
247 1397 452 1430 absorbeatur
470 1405 560 1428 terrae
578 1405 689 1435 mom,
714 1394 891 1433 chasmate,
908 1393 959 1425 vel
978 1394 1068 1424 inun-

182 1440 325 1472 datione.
351 1439 447 1483 ,quod
472 1438 553 1478 saepe
569 1437 758 1478 contigisse,
782 1444 896 1476 praeter
914 1435 1030 1466 citatos
1048 1441 1066 1465 a

181 1479 302 1512 Grotio
328 1480 474 1511 austores
492 1502 502 1517 ,
534 1478 633 1510 refert
660 1478 812 1518 Apulejus
828 1501 839 1516 ‚
870 1476 918 1507 De
945 1477 1063 1506 mundo.

179 1521 310 1553 Deinde
327 1521 408 1561 perit
427 1519 584 1560 populus,
611 1518 733 1550 sublato
747 1518 858 1559 spiritu
875 1526 941 1558 quo
955 1518 1065 1558 junge-

181 1562 273 1593 batur
290 1561 384 1592 civile
405 1570 531 1602 corpus.
565 1569 603 1591 ac
620 1569 680 1600 pro
699 1560 852 1599 exemplo
871 1559 962 1599 ponit
981 1557 1065 1589 Gro-

182 1604 262 1642 tius;
286 1602 308 1634 fi
332 1603 419 1634 cives
434 1612 452 1633 a
468 1602 621 1633 societate
638 1601 751 1643 sponte
770 1600 934 1632 discedant
951 1601 994 1631 ob
1012 1609 1064 1641 pe-

180 1644 370 1683 stilentiam,
385 1651 439 1675 aut
454 1642 664 1682 seditionem,
680 1643 758 1674 item
774 1642 894 1674 sublata
908 1642 996 1673 omui
1012 1648 1066 1672 aut

180 1684 324 1727 perfefita
346 1685 421 1726 J'uris
447 1685 698 1717 communione:
722 1693 763 1715 eo
781 1683 868 1724 quod
885 1684 917 1714 in
932 1682 1065 1715 servitu:-

181 1735 246 1759 tem
272 1726 460 1768 rediguntur
482 1725 614 1768 singuli,
639 1733 693 1757 aut
721 1725 810 1765 quod
827 1725 963 1766 imperio
979 1724 1066 1756 exui-

180 1775 232 1800 tur
247 1769 407 1810 populus,
431 1767 552 1799 servata
569 1767 697 1808 singulis
716 1767 876 1799 libertate.
910 1764 966 1797 Nil
983 1774 1065 1806 opus

179 1810 253 1841 addi
273 1834 282 1849 ‚
308 1810 408 1842 solere
433 1809 569 1841 Veteres
596 1810 707 1840 urbem
729 1808 913 1844 deleturos‚
937 1807 970 1838 in
995 1816 1065 1838 eam

181 1860 320 1884 aratrum
334 1852 506 1890 inducere3
530 1851 670 1891 indeque
686 1857 822 1881 aratrum
838 1848 923 1889 quasi
940 1848 1066 1880 urbium

181 1900 322 1925 mortem
343 1892 471 1924 habere.
502 1892 586 1924 clare
607 1892 640 1923 id
664 1890 868 1922 Modestinus
897 1889 917 1920 l.
944 1899 994 1921 21.
1022 1889 1065 1921 D.

181 1934 299 1975 Quibus
321 1935 410 1965 modis
425 1933 611 1972 ususfructus
628 1933 677 1963 vel
696 1932 766 1972 usus
780 1932 936 1963 amittitur.
968 1931 1066 1962 etiam

181 1977 217 2009 P.
231 1976 330 2007 Faber
345 1977 373 2007 d.
386 1980 449 2009 c.8.
469 1975 497 2007 δι
516 1975 652 2014 jacobus
665 1973 835 2005 Raevardus
848 1997 857 2012 ,
875 1973 923 2003 lib.
944 1983 972 2004 2.
992 1973 1067 2003 Con-

175 2017 245 2061 jefb.
265 2028 289 2049 c.
308 2027 334 2057 7.
375 2016 472 2055 Hoc,
495 2015 516 2048 fi
542 2024 653 2056 pereat
678 2016 824 2056 populus.
860 2014 948 2054 quod
963 2013 982 2044 fi
1000 2023 1067 2045 non

183 2060 236 2091 fiat
250 2071 258 2091 ι
274 2059 378 2090 adhuc
395 2059 493 2099 quoeri
513 2057 636 2099 potest,
661 2056 811 2098 quamdiu
830 2055 966 2086 tuendus
983 2054 1019 2085 fit
1035 2056 1066 2086 in

183 2100 345 2132 usufructu
372 2099 536 2141 populus?
560 2100 660 2140 prima
682 2097 766 2129 facie
781 2096 876 2137 poffit
893 2104 1067 2136 perpetuus

186 2141 355 2173 existimari
381 2140 594 2173 ususfructus:
617 2139 790 2172 immortali
808 2138 930 2179 populo
947 2137 996 2168 cui
1013 2137 1068 2168 de-

183 2183 288 2214 betur.
317 2191 349 2213 at
367 2182 408 2213 sic
435 2183 535 2213 inanis
556 2184 615 2213 erit
634 2181 813 2222 proprietas
829 2189 846 2210 a
861 2188 921 2219 qua
947 2178 1069 2218 semper

184 2224 286 2256 aberit
302 2222 505 2254 ususfructus.
528 2224 616 2262 quod
634 2232 697 2254 non
715 2222 777 2253 fuit
794 2220 934 2253 testatori
950 2221 1067 2260 propo-

183 2266 286 2298 fitum.
311 2265 335 2296 is
352 2273 424 2295 cum
441 2264 564 2304 populo
583 2263 829 2300 uffimfruftum,
853 2262 903 2293 alii
921 2261 1063 2301 proprie-

185 2315 284 2338 tatem
296 2306 434 2347 legaret:
451 2315 514 2337 non
534 2305 636 2337 minus
653 2305 906 2345 voluitlegatum
923 2303 1065 2343 proprie-

185 2349 279 2387 tatis,
302 2356 396 2388 quam
424 2347 563 2387 legatum
588 2345 780 2377 ususfrustus
797 2368 806 2383 ,
831 2344 940 2375 haberi
967 2344 1063 2375 utile:

185 2399 290 2429 eoque
316 2386 545 2419 utumfructum
570 2391 660 2428 aeque
684 2387 748 2418 hoc
771 2388 802 2417 in
829 2386 901 2417 casu
916 2393 1012 2425 atque
1031 2386 1063 2416 in

186 2432 252 2463 aliis
269 2430 363 2462 finiri.
388 2429 545 2469 quando?
569 2427 697 2469 Gajusl.
713 2431 764 2469 56.
783 2427 824 2458 D.
837 2429 869 2458 de
885 2426 1062 2467 usufruelu,

184 2473 322 2513 placuit,
346 2471 468 2512 inquit,
493 2472 631 2502 tuendos
655 2478 785 2501 centum
810 2469 898 2500 annis
916 2467 978 2499 effe
995 2477 1062 2498 niu-

186 2514 317 2552 nicipes.
341 2522 377 2543 ac
394 2508 454 2553 pro
472 2513 596 2543 ratione
612 2512 718 2550 addit,
739 2511 811 2550 quia
828 2511 852 2541 is
870 2509 915 2540 est
930 2508 1000 2541 finis
1020 2509 1063 2539 vi-

187 2562 226 2586 tae
244 2554 379 2594 longaevi
402 2554 551 2585 hominis.
583 2555 626 2584 ita
652 2555 723 2584 sane
749 2552 889 2583 seculum
908 2549 1063 2582 definiiffe

186 2595 341 2631 Veteres,
364 2595 471 2626 multis
497 2595 670 2626 declaravit
687 2596 712 2627 is
728 2603 823 2634 quem
842 2593 927 2630 dixi,
952 2592 1064 2623 Petrus

185 2636 289 2668 Faber
312 2637 340 2665 ci.
361 2646 384 2666 c.
403 2641 430 2669 8.
455 2637 570 2676 quibus
589 2637 701 2667 addam
726 2634 877 2667 illustrem
894 2632 1063 2664 Censorini

188 2679 299 2711 locum
318 2676 362 2706 De
378 2678 421 2706 die
436 2678 547 2709 natali.-
562 2687 649 2718 cujus
667 2676 860 2709 suntverba.
883 2672 990 2715 Nostri
1003 2684 1064 2705 ma-

182 2721 261 2763 jores
278 2718 352 2759 quod
366 2723 483 2756 notura⁴
488 2720 614 2755 seculum
629 2725 771 2761 quantum
787 2717 869 2758 effen,
885 2716 1065 2755 exploratum

188 2771 246 2793 non
263 2759 420 2796 habebam,
430 2759 512 2789 civile
523 2762 560 2790 ad
573 2767 715 2792 certorum
729 2769 873 2791 annorum
888 2757 1065 2788 curriculum

188 2807 302 2835 centum
320 2798 499 2838 statuerunt.
522 2801 575 2839 sed
597 2807 631 2833 ut
655 2799 732 2833 hune
746 2810 898 2832 numerum
913 2797 1064 2839 constitue-

185 2850 251 2877 rem
268 2840 373 2883 mssri2
396 2841 527 2871 nonnihil
543 2844 632 2881 causce
641 2844 718 2883 fuit.
748 2842 884 2873 Primum
898 2841 974 2882 quod
988 2839 1064 2872 mul-

189 2893 232 2918 tos
246 2885 370 2924 suorum
393 2882 500 2912 civium
521 2883 558 2912 ad
580 2884 653 2915 banc
671 2889 780 2916 oezatem
794 2884 889 2915 vitam
908 2882 1063 2923 producere

185 2928 334 2959 videbant.
365 2924 429 2953 dein
455 2923 529 2962 quod
552 2922 687 2965 Etruscos
709 2935 830 2968 quorum
850 2925 946 2965 prima
962 2923 1063 2964 secula

190 2975 340 3000 centenum
351 2965 477 3004 fuerant
494 2973 654 3004 annorum,
676 2968 763 2998 etiam
778 2967 841 3002 hic,
857 2971 890 2997 ut
908 2965 940 2995 in
955 2965 1021 2996 aliis
1039 2965 1063 2995 i-

188 3010 287 3041 mitari
309 3007 474 3038 voluerunt.
504 3011 637 3044 praeterea
654 3006 724 3045 fieri
745 3005 853 3047 potest,
877 3007 953 3047 quod
975 3006 1064 3046 refert

192 3050 307 3089 Varro,
331 3048 462 3090 quodque
483 3045 663 3088 Dioscorides
680 3045 995 3090 Astrologusscriofit,
1017 3048 1063 3081 A·

775 110 1082 144 GERARDI

1132 105 1360 142 Nooui-

1102 196 1259 227 texandriae
1274 197 1351 227 inter
1366 205 1410 226 eos
1422 194 1473 236 qui
1480 197 1606 224 mortuos
1612 191 1709 232 solent
1722 193 1886 234 construere
1895 217 1905 232 ,
1914 197 1979 227 coiu-
2002 199 2006 202 ’

1095 235 1177 277 sture
1193 237 1330 268 bominem
1342 238 1411 278 plus
1427 236 1635 267 tenlumannz‘s
1650 236 1749 266 vivere
1764 244 1820 266 non
1832 235 1916 274 poffe.
1943 238 1977 268 m
2011 233 2015 237 ’

1103 288 1150 309 cor
1165 279 1325 309 humanum
1339 279 1479 309 declarare
1488 286 1585 307 eorum
1600 278 1649 317 qui
1664 277 1771 318 integri
1780 278 1929 316 perierunt
1936 276 1978 314 si-

1103 320 1138 350 'ne
1160 321 1282 360 corporis
1303 321 1384 358 tabe,
1407 330 1435 350 eo
1456 319 1532 359 quod
1556 318 1586 347 id
1611 318 1709 349 multis
1735 318 1821 349 annis
1831 318 1976 356 pendendo

1102 362 1192 397 omnis
1215 362 1307 393 etatis
1328 362 1505 392 incrementa
1530 357 1566 392 ὅ)
1587 359 1789 390 diminutiones
1804 359 1974 398 observant,

1103 401 1140 436 ὅ)
1155 402 1285 433 anniculi
1296 404 1418 443 pendere
1432 408 1506 433 auus
1522 401 1691 439 drachmas,
1706 402 1768 432 hini
1780 405 1925 441 quatuor,
1939 400 1975 435 &³

1096 442 1140 482 fic
1155 452 1246 474 annos
1252 442 1384 484 singulos
1401 452 1492 485 usque
1513 444 1550 473 ad
1564 443 1780 484 quinquaginta
1793 442 1922 471 accedere
1936 443 1978 473 hi-

1102 494 1166 515 rtas.
1197 486 1232 515 ab
1245 485 1282 515 iis
1296 491 1411 516 centum
1426 484 1569 516 drachmis
1584 489 1670 525 atque
1686 493 1761 515 anno
1777 482 1978 524 quinquagesi-

1102 536 1145 556 mo
1160 526 1287 556 decedere
1303 527 1335 557 in
1351 534 1519 568 unoquoque
1541 527 1633 556 binas.
1662 535 1698 556 ex
1722 535 1780 566 quo·
1797 526 1977 564 perspicuum

1098 566 1140 605 fit
1150 589 1159 605 ,
1184 565 1328 604 centesimo
1344 577 1419 598 cinno
1435 568 1526 598 redire
1541 568 1578 598 ad
1594 568 1667 598 anni
1679 568 1769 607 primi
1779 565 1912 607 pondus,
1926 574 1976 596 nec

1104 608 1218 647 longius
1232 608 1325 639 vitam
1337 608 1412 649 poffe
1423 609 1558 649 produci.
1592 608 1645 640 Sic
1660 609 1724 640 ilie.

1145 649 1293 680 AEmilius
1310 656 1418 681 tamen
1436 650 1548 681 Macer
1566 650 1586 681 l.
1604 654 1655 684 68.
1674 649 1716 682 D.
1742 649 1794 681 Ad
1810 649 1897 689 legem
1914 646 1979 680 Fal-

1104 691 1227 728 cidiam,
1238 690 1423 723 inventurus
1440 690 1680 722 aestimationem
1697 700 1816 732 quurtae
1831 690 1977 721 h'alcidiae

1106 732 1311 763 detrahendae
1334 742 1375 764 ex
1396 731 1556 764 usufructu
1575 732 1689 764 infanti
1706 741 1759 764 aut
1775 732 1894 764 civitati
1911 731 1981 762 reii-

1107 774 1179 810 sto,
1205 773 1302 804 vitam
1329 772 1467 806 hominis
1491 781 1544 805 aut
1566 775 1707 805 civitatis
1724 775 1856 807 metitur
1876 772 1976 811 spatio

1107 815 1236 860 triginta
1252 823 1420 846 annorum.
1444 824 1508 847 non
1524 815 1620 855 igitur
1636 816 1726 847 durat
1743 816 1768 847 is
1787 813 1981 846 ususfructus

1106 865 1196 887 aunis
1212 864 1364 895 centum,
1381 855 1436 887 sed
1452 856 1590 897 triginta.
1615 856 1658 888 At
1672 857 1749 888 nihil
1766 863 1866 887 mutat
1883 854 1983 886 AEmi-
2035 880 2036 883 ,

1107 898 1166 929 lius
1179 896 1300 928 Macer.
1326 905 1360 928 ut
1377 898 1462 930 enim
1472 896 1564 938 poffit
1582 896 1773 929 ususfruuus
1788 897 1910 928 civitati
1928 904 1982 928 aut

1104 937 1220 970 infanti
1240 938 1384 977 relictus,
1396 940 1509 971 durare
1523 940 1613 970 annis
1627 948 1758 970 centum
1770 940 1797 970 d.
1815 938 1834 970 l.
1851 941 1902 977 56.
1919 947 1983 970 non

1106 988 1212 1011 tamen
1237 979 1301 1010 hoc
1327 988 1416 1011 vetat
1432 1003 1442 1020 ‚
1475 989 1549 1012 eum
1573 981 1603 1011 in
1630 980 1838 1012 aestimatione
1864 986 1980 1020 quartae

1106 1020 1255 1065 Falcidiae
1273 1021 1373 1052 videri
1391 1022 1491 1060 tanti,
1518 1029 1670 1063 quantum
1695 1021 1741 1053 est
1757 1021 1787 1053 in
1808 1020 1912 1053 reditu
1929 1021 1980 1051 tri-

1106 1071 1193 1108 ginta
1211 1071 1367 1094 annorum
1385 1064 1412 1094 d.
1431 1063 1451 1094 l.
1467 1067 1518 1098 68.
1541 1072 1612 1095 nam
1630 1062 1828 1095 consuetudo
1845 1059 1982 1094 seculurii

1107 1113 1195 1135 annis
1212 1110 1341 1135 centum
1357 1103 1640 1143 circumscribens,
1662 1114 1727 1135 uon
1745 1112 1857 1145 negat,
1883 1103 1982 1135 usum-

1106 1145 1244 1176 fructum
1268 1145 1407 1177 civitatis
1431 1152 1486 1177 aut
1501 1145 1631 1178 infantis
1647 1147 1817 1186 aliquando
1832 1144 1997 1176 breviore,

1107 1184 1200 1232 finiri·
1210 1186 1319 1227 spatio.
1350 1186 1395 1218 est
1412 1189 1499 1219 enim
1516 1196 1648 1219 centum
1667 1197 1821 1219 annorum
1839 1195 1981 1227 tempus,

1109 1236 1263 1259 terminus
1284 1228 1357 1258 vitae
1380 1228 1535 1261 hominis:
1560 1238 1625 1260 non
1652 1229 1825 1269 cujusque,
1849 1227 1902 1259 sed
1917 1227 1986 1259 lon-

1108 1269 1200 1310 gaevi.
1225 1267 1323 1307 Gaius
1333 1269 1352 1301 ἶ.
1365 1274 1393 1304 8.
1413 1269 1455 1301 D.
1471 1272 1505 1301 de
1520 1273 1574 1308 usu
1588 1270 1626 1305 ὅ)
1641 1269 1797 1311 usufrustu
1813 1270 1905 1311 legato
1923 1270 1984 1309 ait,

1109 1309 1171 1356 esse
1186 1309 1283 1342 finem
1300 1312 1373 1342 vitae
1391 1311 1613 1353 longiffimum.
1636 1320 1668 1342 at
1685 1312 1812 1352 quoties
1828 1312 1864 1342 fit
1880 1310 1986 1342 huma-³

1110 1361 1156 1383 nis
1175 1351 1314 1391 cafibus3
1338 1361 1379 1384 ne
1398 1351 1498 1384 horno
1516 1353 1556 1384 ad
1573 1361 1700 1385 aetatem
1718 1361 1788 1393 quae
1804 1352 1849 1384 est
1866 1353 1985 1393 longis-

1110 1392 1183 1424 sima
1198 1416 1208 1431 ,
1232 1394 1399 1433 perveniat
1424 1393 1510 1426 salvo
1533 1394 1641 1426 statu?
1664 1394 1760 1425 etiam
1784 1394 1906 1425 civitati
1931 1394 1986 1424 ali-

1109 1435 1237 1474 quando
1254 1435 1392 1474 accidit3
1415 1445 1456 1467 ne
1473 1435 1617 1467 absolvat
1635 1435 1788 1467 seculum.
1820 1434 1902 1476 saepe
1920 1435 1987 1474 ejus

1109 1476 1247 1521 corpus,
1271 1475 1352 1516 saepe
1370 1477 1435 1516 ejus
1458 1476 1583 1517 spiritus
1599 1485 1672 1508 ante
1689 1477 1820 1507 tollitur.
1851 1476 1987 1515 proinde

1107 1525 1254 1556 incerto,
1269 1516 1479 1550 habiturusne
1495 1518 1652 1550 naturales
1677 1518 1832 1549 terminos
1849 1516 1886 1549 fit
1900 1516 1983 1549 usus*

1107 1556 1228 1603 fruetus
1246 1558 1370 1590 civitati
1386 1568 1440 1590 aut
1457 1560 1579 1591 homini
1599 1560 1740 1601 legatu33
1765 1568 1828 1590 non
1848 1558 1894 1590 est
1909 1555 1985 1590 faer-

1108 1598 1147 1631 lis
1166 1598 1313 1631 definitio
1331 1608 1452 1641 quartae
1470 1600 1627 1632 Falcidiae.
1651 1610 1687 1631 ea
1703 1600 1793 1631 causa
1809 1599 1901 1631 fuere
1919 1598 1983 1631 Ve-

1109 1647 1192 1672 teres
1209 1663 1219 1679 ,
1253 1642 1341 1681 quod
1363 1651 1414 1674 res
1441 1641 1590 1673 suadebat
1607 1666 1617 1680 ,
1648 1642 1810 1682 aliquanto
1837 1640 1983 1673 contenti

1108 1690 1383 1722 temperamento:
1405 1684 1437 1714 id
1454 1683 1516 1722 est,
1532 1683 1740 1715 aestimatione
1757 1683 1914 1715 redituum
1931 1689 1984 1714 an-⁴

1108 1730 1223 1756 norum
1248 1724 1377 1765 triginta
1397 1724 1450 1765 qui
1467 1725 1640 1763 admodum
1657 1724 1913 1765 complestuntur
1932 1724 1985 1755 trig

1111 1773 1220 1796 entem
1244 1764 1354 1798 seculi.
1386 1773 1475 1797 certe
1499 1776 1573 1798 cum
1596 1767 1739 1807 plerique
1756 1769 1866 1797 vivant
1884 1774 1983 1805 usque

1110 1808 1149 1838 ad
1167 1815 1284 1838 annum
1302 1806 1547 1848 sexagesimum:
1571 1817 1637 1840 non
1660 1815 1812 1848 putarunt
1830 1806 1984 1845 Veteres,

1110 1846 1140 1879 se
1158 1848 1310 1880 recedere
1328 1849 1368 1880 ab
1384 1851 1557 1889 aequitate;
1581 1849 1771 1881 aestimantes
1791 1848 1985 1880 dimidiatam

1111 1890 1177 1929 eius
1193 1891 1295 1921 aetatis
1313 1898 1451 1930 partem:
1475 1898 1609 1932 propter
1625 1892 1731 1923 varios
1748 1889 1834 1921 casus
1850 1889 1931 1931 saepe
1945 1896 1986 1921 ex

1111 1930 1288 1962 transverso
1305 1932 1484 1964 incidentes
1505 1934 1599 1964 rebus
1617 1933 1811 1964 mortalium.

1150 1971 1197 2003 lta
1212 1972 1275 2004 est:
1291 1972 1312 2004 fi
1330 1973 1451 2005 civitati
1469 1975 1666 2015 relinquatur
1682 1973 1884 2014 ususfruClus.
1900 1972 1984 2004 aliud

1110 2012 1172 2045 est:
1191 2013 1211 2044 fi
1232 2014 1260 2045 ei
1276 2023 1415 2046 annuum
1433 2015 1567 2053 legetur.
1587 2015 1618 2046 id
1637 2015 1721 2046 enim
1736 2024 1801 2046 non
1818 2013 1926 2044 finitur
1943 2013 1985 2044 se·
2003 2041 2006 2043 .

1110 2055 1185 2085 culo
1197 2078 1207 2092 ,
1231 2055 1310 2086 ficut
1330 2054 1544 2087 ususfructus:
1562 2055 1636 2088 licet
1654 2056 1718 2096 ejus
1736 2055 1886 2095 exemplo
1903 2064 1986 2087 mor-

1112 2103 1145 2126 te
1170 2095 1297 2126 finiatur
1320 2096 1338 2127 l.
1363 2101 1390 2130 8.
1417 2097 1459 2128 D.
1484 2099 1516 2128 <le
1537 2099 1645 2128 annuis
1670 2099 1792 2139 legaiis3
1813 2097 1941 2136 utique,
1965 2095 1987 2127 fi

1111 2137 1237 2175 privato
1255 2137 1394 2168 alimenti
1415 2138 1486 2168 vice
1499 2138 1592 2169 detur
1610 2139 1629 2169 l.
1647 2148 1696 2170 20.
1715 2137 1757 2169 D.
1783 2137 1909 2183 Quando
1927 2137 1985 2167 dies

1111 2178 1281 2219 legatorum.
1313 2179 1380 2210 imo
1399 2179 1429 2210 ἀ
1446 2178 1468 2211 fi
1489 2189 1555 2210 non
1571 2179 1613 2211 fic
1627 2180 1751 2221 legetur
1768 2179 1799 2210 in
1815 2188 1914 2210 annos
1929 2177 1986 2209 fin-

1112 2219 1216 2260 gulos.
1250 2218 1320 2250 sunt
1336 2221 1421 2252 enim
1436 2221 1525 2261 plura
1540 2230 1642 2252 annua
1659 2222 1783 2261 legata:
1804 2221 1897 2260 primi
1913 2220 1983 2251 anni

1109 2269 1242 2300 purum:
1265 2260 1463 2300 sequentium
1479 2262 1533 2293 sub
1550 2262 1760 2300 conditione,
1776 2261 1797 2293 fi
1814 2261 1900 2292 vivat
1915 2261 1934 2293 l.
1951 2271 1981 2300 4.Α

1108 2301 1152 2332 D.
1171 2302 1205 2332 de
1221 2304 1328 2332 annuis
1343 2303 1456 2344 legatis.
1493 2303 1524 2335 Si
1544 2311 1648 2335 tamen
1663 2303 1745 2343 juffit
1762 2302 1911 2342 testator,
1933 2312 1982 2334 an-

1108 2352 1207 2389 nuum
1229 2340 1324 2374 Titio
1350 2345 1379 2375 &
1402 2345 1467 2385 ejus
1490 2344 1662 2376 heredibus
1681 2344 1835 2384 praestari:
1860 2345 1979 2384 placet,

1106 2384 1256 2416 omnibus
1275 2384 1466 2425 heredibus,
1482 2387 1514 2417 id
1530 2385 1593 2424 est,
1611 2385 1705 2417 etiarn
1725 2385 1878 2417 heredum
1897 2386 1982 2417 here-

1107 2425 1200 2457 dibus
1225 2425 1335 2457 deberi
1361 2436 1402 2458 ex
1424 2428 1592 2459 voluntate
1615 2427 1772 2459 testatoris
1789 2427 1807 2457 l.
1828 2437 1876 2459 22.
1895 2427 1927 2458 C.
1950 2427 1980 2457 de
2025 2435 2027 2447 ¹

1106 2467 1226 2508 legatis.-
1242 2467 1334 2498 aliter
1350 2477 1388 2499 ac
1405 2468 1426 2500 ss
1445 2468 1635 2500 ususfruttus
1654 2470 1778 2510 legetur
1793 2466 1884 2500 Titio
1903 2468 1933 2500 ὅ(
1949 2477 1980 2499 e-

1106 2508 1155 2548 jus
1170 2508 1357 2554 heredibus.
1389 2517 1457 2541 tum
1474 2511 1559 2542 enim
1576 2509 1670 2541 Titio
1687 2512 1716 2541 δι’.
1733 2510 1835 2551 primo
1851 2510 1914 2551 eJ'us
1931 2508 1982 2540 he-

1109 2549 1196 2588 redi,
1223 2548 1276 2581 scd
1295 2559 1360 2582 non
1377 2550 1503 2582 heredis
1527 2552 1635 2583 heredi
1654 2551 1684 2583 δε
1703 2551 1855 2591 deinceps
1874 2549 1978 2583 deberi

1107 2590 1127 2622 l.
1148 2600 1193 2631 153.
1213 2591 1246 2622 C.
1263 2593 1295 2622 tle
1309 2591 1477 2632 usust-ath.
1502 2600 1699 2634 quapropter
1714 2593 1844 2625 interest
1857 2593 1938 2624 inter
1949 2599 1980 2622 u*

1108 2631 1314 2678 suinfruClum
1333 2633 1363 2664 ἀ
1380 2643 1534 2667 annuum:
1558 2644 1619 2666 nec
1631 2635 1694 2675 jam
1712 2635 1828 2670 miror,
1849 2640 1980 2665 annuum

1107 2673 1289 2713 reipublicae
1298 2674 1420 2720 (quam
1437 2675 1502 2707 dixi
1522 2676 1763 2717 quodammodo
1780 2675 1842 2707 ess'e
1857 2676 1980 2707 immor-

1109 2714 1225 2755 talem)
1248 2715 1411 2754 remum,
1436 2716 1464 2748 ei
1488 2718 1658 2758 quotannis
1674 2717 1706 2749 in
1725 2725 1912 2758 perpetuum
1930 2716 1978 2747 de-

1107 2756 1176 2787 beri
1194 2756 1214 2787 l.
1231 2759 1263 2788 6.
1280 2757 1298 2787 l.
1318 2767 1366 2796 24.
1384 2757 1421 2792 ὅ)
1436 2759 1456 2789 Ι.
1473 2769 1522 2791 20.
1541 2759 1569 2801 §.
1591 2769 1617 2791 1.
1634 2758 1677 2790 D.
1696 2760 1730 2790 de
1746 2760 1851 2791 annuis
1866 2757 1978 2796 legatis:

1108 2796 1164 2829 etfi
1181 2796 1374 2830 ususfructus
1393 2800 1420 2830 ei
1442 2800 1583 2841 legatus,
1607 2799 1732 2839 seculo,
1746 2801 1778 2832 id
1797 2800 1858 2838 est,
1883 2798 1977 2839 spatio

1107 2845 1243 2886 centum·
1255 2848 1410 2872 annorum
1425 2839 1564 2874 finiatur.
1596 2841 1696 2873 refert
1713 2842 1819 2880 enim,
1840 2840 1925 2882 quod
1937 2838 1980 2869 le-

1105 2888 1181 2921 gato
1199 2889 1245 2911 rei
1264 2879 1440 2921 usufructu,
1461 2883 1564 2924 palam
1583 2884 1720 2924 legatum
1735 2883 1781 2915 'est
1798 2883 1841 2914 rei
1859 2880 1979 2912 emolu-

1105 2929 1268 2953 mentum:
1292 2931 1324 2953 at
1348 2932 1454 2955 annuo
1478 2925 1602 2966 legato,
1625 2935 1688 2956 non
1713 2924 1758 2956 est
1779 2923 1842 2955 hoc
1857 2922 1978 2962 palam,

1105 2962 1159 2994 sed
1184 2964 1300 3002 tacite,
1325 2964 1483 3005 legatum:
1507 2967 1606 2999 multa
1630 2975 1734 2998 autem
1760 2964 1854 2996 tacite
1871 2962 1901 2993 &
1919 2969 1977 3000 per

1106 3003 1370 3078 colnsequentiam
1388 3007 1563 3041 tolerantur
1584 3016 1653 3050 quae
1671 3007 1773 3049 palam
1786 3004 1886 3041 faeta,
1908 3011 1975 3034 non

1105 3054 1145 3080 va
1159 3054 1225 3078 ent.
