2036 3495
330 143 395 177 AD
421 144 511 179 LIB.
538 142 669 178 XVIII.
707 141 742 176 T
753 153 807 177 ir.
837 143 900 180 Vi.
927 144 976 181 De
988 147 1121 193 periculo
1145 146 1186 188 ὃ)
1204 151 1355 187 commodo
1371 155 1417 189 rei
1432 157 1573 195 venditae.

49 238 196 264 mortuus
214 231 269 270 fit,
293 231 344 263 vel
361 232 462 273 aliqua
480 239 568 272 parte
583 231 726 271 cor-poris
743 232 829 279 laesus
845 232 916 279 fue-

48 274 110 311 rit,
134 282 186 304 aut
205 275 288 304 cedes
316 281 394 304 totae
418 275 468 305 vel
484 273 584 313 aliqua
603 275 914 320 extparteyncendio

48 313 246 354 consumptae
265 313 403 354 fuerint,
418 323 472 345 aut
488 314 604 345 fundus
623 323 652 360 ν1
670 313 806 361 fluminis
826 324 914 361 totus

47 355 99 386 vel
118 356 219 395 aliqua
236 365 276 386 ex
300 364 389 395 parte
415 356 532 386 ablatus
554 354 609 391 fit,
629 355 695 400 ¹five
713 363 807 402 etiam
825 365 914 387 1111111-

47 396 179 427 datione
195 404 283 436 aquae
304 404 356 427 aut
373 396 536 427 arboribus
553 395 678 440 turbme
695 397 825 435 dejectis
844 398 914 443 lon-

44 445 85 476 ge
101 437 204 468 minor
221 446 274 468 aut
297 438 435 469 deterior
452 436 513 467 effe
538 445 686 477 coeperit.
709 436 744 468 ln
765 439 913 484 omnibus

43 478 93 508 his
122 479 276 517 emptoris
300 479 445 510 damnum
467 476 750 523 effe‚·1mpe1·ator
777 488 835 526 ait:
866 483 910 517 id-

45 526 107 556 que
124 521 365 558 interpretatur3
389 525 422 548 ut
439 527 575 556 emptori
592 519 697 565 adhuc
712 521 907 568 macene-sit,

43 559 119 590 licet
143 569 208 591 rem
236 569 297 591 non
320 558 416 590 fuerit
442 559 564 597 nactus,
589 562 750 592 venditori
770 570 908 602 pretium

43 601 232 640 persolvere.
256 599 307 631 Sic
322 600 396 639 111ος
420 600 449 631 &
473 610 547 632 ante
572 601 711 641 Julianus
728 602 746 633 l.
761 613 791 642 5.
810 603 837 644 §⁷
853 603 907 650 alt.

41 640 86 672 D.
102 643 134 672 cle
153 642 268 677 rescind.
290 642 401 673 vendit.
422 641 617 680 Pomponius
635 645 653 673 l.
675 652 720 684 ¹5·
742 643 784 675 D.
802 651 906 690 ciqyzcr.

41 682 99 712 dot.
129 683 158 713 δι
186 681 349 713 Africanus
370 683 389 713 l.
417 693 464 722 539.
485 683 525 714 D.
554 684 807 725 desolationibus,
829 694 907 732 item

40 721 261 754 Diocletianus
280 724 309 754 &
331 723 544 756 Maximianus
559 725 685 757 halac.
701 727 727 758 h.
745 733 770 771 t..
783 737 821 757 ne
839 736 908 766 quis

38 772 148 804 putet,
164 764 249 803 quod
268 764 398 804 Cujacio
416 765 519 804 sedet,
537 766 619 799 aliud
635 767 908 815 institutionibus,

41 804 122 835 aliud
139 805 324 845 Pandcffls,
349 809 533 839 convenire.
556 808 616 840 Sed
642 809 762 841 fallitur
785 812 831 840 vir
856 811 908 841 ille

38 845 260 886 sagaciffimus:
286 847 345 878 hac
371 848 524 880 veriffinia
548 850 697 889 ratione3
727 851 814 896 quod
839 860 904 898 em3

40 895 116 926 ptor
134 886 273 925 perfetta
288 890 470 928 emptione,
495 890 596 922 statim
622 891 666 922 est
691 893 832 923 creditor
858 902 902 939 rei

35 928 195 959 venditae:
228 928 376 961 venditor
399 939 510 962 contra
533 931 577 963 est
600 933 738 964 debitor.
772 935 903 981 interitu

38 978 144 1000 autem
180 971 306 1001 naturali
341 970 452 1010 speciei
479 972 595 1004 debitae
617 974 768 1006 liberatur
789 975 903 1016 speciei

40 1010 168 1042 debitor
185 1010 202 1041 l.
222 1021 269 1051 23.
284 1011 321 1042 D.
338 1014 370 1043 de
384 1015 460 1044 verb.
477 1014 558 1055 oblig.
571 1024 635 1046 non
653 1015 753 1048 minus
770 1026 847 1063 vera*
860 1016 904 1048 est

36 1050 171 1092 sequens
189 1051 346 1090 justiniani
366 1056 445 1086 ratio
463 1056 493 1086 111
511 1057 529 1086 cl
558 1055 585 1097 §.
604 1067 631 1097 3.
651 1057 738 1096 quod
754 1059 904 1103 venditor

38 1101 78 1123 ex
100 1101 205 1123 natura
223 1095 424 1134 contiastus,
451 1097 614 1137 utriusque
631 1099 851 1130 contrahentis
869 1109 901 1130 u-

38 1133 148 1164 tilitati
172 1134 380 1171 consulentis,
398 1146 519 1169 tantum
536 1139 575 1169 de
592 1139 669 1171 dolo
688 1140 717 1170 ὅ(
734 1141 824 1180 culpa
841 1141 901 1185 lata

36 1184 74 1205 ac
91 1174 152 1205 levi
172 1184 298 1208 tenetur
315 1178 331 1207 l.
349 1189 368 1218 5
397 1178 425 1219 §.
445 1188 472 1211 2.
491 1179 528 1210 D.
547 1179 741 1217 Commodum,
765 1182 794 1212 dt
811 1183 900 1222 quid-

35 1216 110 1255 quid
129 1215 189 1248 fine
207 1217 252 1249 liis
266 1220 402 1256 accidit,
417 1219 447 1251 in
464 1229 503 1251 eo
514 1221 637 1252 securus
655 1222 698 1253 est
716 1223 742 1253 (l.
760 1223 788 1264 §.
806 1233 834 1264 3.
845 1233 902 1263 po·

35 1259 150 1288 strumo
168 1259 211 1288 ait
232 1257 383 1298 Ulpianus
400 1261 418 1293 l.
444 1271 491 1301 23.
511 1261 552 1293 D.
573 1264 606 1293 cle
627 1273 686 1304 reg.
699 1264 761 1304 jur.
793 1265 899 1310 (quod

36 1298 65 1329 ἃ
87 1299 232 1330 traditum
251 1300 269 1330 l.
290 1305 318 1330 6.
340 1302 370 1331 C.
388 1304 420 1331 a'e
432 1305 516 1344 pigri.
541 1302 617 1343 att.)
636 1303 720 1334 casus
738 1304 848 1335 fatales
867 1315 897 1337 111

33 1339 120 1369 1111110
138 1340 227 1370 bonae
244 1339 443 1380 fideijudicio
455 1343 600 1382 praestari.
616 1343 697 1375 Haec
713 1344 829 1377 summa
841 1354 898 1392 :at

34 1379 204 1411 diilinCtius
222 1382 625 1424 tractandazcupientibus,
643 1393 678 1416 ut
692 1394 898 1425 oportet‚in-

32 1422 176 1462 telligere
189 1421 341 1454 Veterum
354 1423 541 1465 Fragmenta
558 1425 700 1457 intricata
716 1427 894 1459 &obscura

77 1461 203 1493 Initium
225 1463 339 1495 sumam
357 1466 403 1496 al.
427 1471 454 1499 8.
483 1466 523 1497 D.
544 1468 571 1497 h.
590 1473 610 1497 t.
628 1468 713 1508 cujus
731 1469 825 1514 verba
843 1480 895 1500 va-

35 1505 115 1535 riant
135 1504 163 1534 111
190 1504 372 1536 Florentina
395 1506 424 1537 <St
441 1508 566 1547 vulgata
589 1509 726 1540 Acciri-sii
743 1512 894 1543 editione.

32 1542 203 1575 Florentiae
218 1545 259 1575 sic
269 1554 363 1576 extat.
379 1546 693 1588 Neceffariosciemitim
708 1549 764 1590 est,
781 1555 894 1592 quando

30 1585 159 1625 perfetta
172 1584 210 1621 fit
228 1587 345 1625 emptio:
369 1595 437 1618 tnnc
447 1591 520 1619 enim
533 1590 668 1629 sciemus,
684 1592 766 1633 cujus
779 1595 892 1632 pericti-

35 1626 94 1656 lum
111 1624 161 1664 stt.
185 1636 251 1657 71ch
274 1628 393 1666 perfecie
418 1632 552 1670 etizpiione
563 1632 775 1671 periculumad
790 1642 893 1675 empto-

34 1676 93 1697 rem
109 1670 230 1707 respiciet
263 1668 337 1708 Ets‘!
352 1671 382 1699 ia
397 1673 615 1711 (ditiori-vetuerit,
635 1680 786 1715 appareat,
801 1678 889 1717 quid,

34 1708 137 1749 quale,
162 1709 372 1749 qimiitzsmsit,
391 1710 432 1748 ,lit
450 1711 485 1746 &³
498 1715 638 1753 pretium,
655 1715 691 1749 δέ)
704 1723 776 1756 pure
791 1721 889 1758 vemt,

28 1749 159 1789 perfetta
175 1750 211 1786 esi
228 1758 335 1785 t'iws'lfflc.
374 1752 495 1792 Ouodfi
510 1757 560 1790 sab
574 1758 731 1788 conditione
746 1768 790 1788 res
808 1762 888 1791 veni-

33 1791 106 1829 erit,
127 1789 152 1827 si
168 1787 278 1832 quidem
306 1785 438 1833 defecfflit
461 1798 602 1837 conditio,
626 1799 707 1829 nulla
722 1798 760 1839 esi
774 1803 892 1841 emptio,

29 1830 118 1869 sicuti
136 1842 185 1861 nec
194 1831 353 1873 stipulatio.
395 1835 518 1879 Quodsi
532 1840 678 1877 eatiterit,
703 1841 840 1873 Proculus
857 1843 893 1878 &³

34 1872 201 1904 obtaremus
218 1881 345 1913 emptoris
362 1877 412 1916 effe
423 1880 582 1917 periculum
597 1881 691 1923 ajunt.
715 1882 792 1913 laem
810 1884 891 1915 Pom-

27 1916 132 1953 ponius
157 1915 204 1946 lib.
233 1925 261 1951 9.
284 1920 389 1956 privat.
424 1919 510 1961 Qut-tl
527 1920 555 1959 fi
572 1924 710 1962 pendente
733 1926 892 1957 conditione

32 1962 138 1994 cuipter
160 1956 206 1985 vel
230 1959 362 1988 venditor
384 1961 540 2000 a'ecefferit:
565 1962 690 2004 constat,
705 1964 738 2006 fi
751 1965 890 2005 exstiterit

32 1997 152 2026 conditio
170 2019 177 2033 ,
203 1998 314 2029 heredes
337 2009 447 2041 qaoque
470 2004 603 2043 obligatos
629 2006 698 2045 affe,
729 2007 811 2048 quast
826 2009 891 2050 jam

31 2036 176 2068 coritraei'a
206 2041 342 2078 emptione
365 2042 394 2072 in
416 2047 603 2083 pra'ttrz'ium.
626 2050 735 2089 quodsi
754 2054 892 2089 pendente

31 2079 188 2108 conditione
212 2089 255 2110 res
281 2084 390 2113 tradita
405 2083 447 2124 stt
464 2096 473 2113 :
496 2092 603 2127 emptor
627 2099 684 2119 non
704 2092 809 2129 poterit
832 2102 893 2123 eam

29 2122 182 2158 usucapere
202 2129 251 2158 pro
276 2129 413 2163 emptore,
437 2124 473 2159 ὃ
495 2129 570 2167 quod
590 2132 679 2169 precii
696 2131 817 2168 solutum
834 2132 890 2174 est,

29 2166 188 2198 repetetur,
209 2161 373 2200 &fruitus
387 2168 473 2197 meaa·
489 2172 618 2209 temporis
632 2173 891 2213 venditorissurzt:

23 2200 115 2238 ficati
128 2199 329 2241 stipulationes
350 2206 384 2238 ἃ
409 2208 503 2248 legata
527 2213 731 2244 conditionalia
742 2218 889 2255 perimun-

28 2248 95 2277 tur,
113 2242 142 2280 fi
157 2247 292 2281 perurente
318 2249 476 2279 conditione
498 2260 542 2280 res
564 2250 704 2290 exstinsta
718 2255 824 2293 fuerit.
842 2259 891 2297 sa-

27 2292 62 2313 ne
79 2282 107 2320 fi
131 2283 219 2324 exstet
245 2295 305 2324 res,
337 2288 401 2318 licet
424 2291 543 2322 deterior
564 2293 682 2333 effresia,
702 2295 792 2336 potest
816 2299 890 2337 dici,

27 2323 78 2363 effe
101 2326 239 2357 dammum
262 2331 403 2366 emptoris.
435 2331 487 2361 Sic
510 2331 691 2366 Florentiae.
723 2337 814 2374 Apud
837 2340 891 2371 Ac-

28 2365 159 2398 curfium
179 2369 219 2397 ita
236 2369 356 2401 editur:
385 2371 661 2413 Planefipendeme
677 2379 835 2409 conditione
848 2391 892 2411 res

27 2406 165 2438 interierit
176 2432 183 2445 ,
197 2412 354 2447 perimetur
372 2415 472 2453 emptio
483 2413 574 2452 ,ficut
588 2415 783 2457 stipulationes
799 2419 835 2455 ἐξ)
852 2423 888 2452 le-

24 2453 97 2487 gata
113 2451 315 2482 conditionalia
325 2455 563 2494 peririzuntur,fi
576 2460 715 2497 pendente
732 2463 890 2493 conditione

26 2497 70 2517 res
86 2490 213 2520 exameta
223 2492 328 2530 suerit.
344 2497 417 2532 sarie
427 2494 456 2532 fi
465 2506 508 2526 res
517 2504 592 2529 extet
602 2522 611 2537 ,
630 2500 694 2530 licet
710 2502 829 2533 deterior
847 2505 888 2541 ef-

20 2527 121 2566 fetia,
134 2530 222 2569 potest
232 2535 305 2572 ilici,
317 2536 452 2566 [lavinum
468 2537 517 2577 effe
530 2542 669 2579 emptoris.
697 2542 809 2574 Paulus
831 2553 889 2585 pro

26 2577 117 2612 certo
143 2570 277 2611 habens,
301 2578 476 2614 periculum
502 2582 550 2610 rei.
570 2581 711 2615 perfetta
727 2585 889 2624 emptione

26 2609 128 2654 statim
147 2615 297 2651 emptoris
313 2616 390 2655 effe,
408 2627 441 2649 ut
459 2620 599 2659 perfecta
618 2624 811 2665 intelligatur
827 2638 891 2659 em-

26 2659 116 2691 ptio,
141 2653 203 2698 duo
221 2653 390 2690 defiderat:
415 2669 509 2693 unum
528 2663 593 2703 est3
619 2672 670 2702 ut,
694 2675 808 2706 praeter
825 2678 891 2700 cet·-

25 2700 92 2723 tum
110 2701 264 2732 pretium,
290 2705 452 2739 appareat,
476 2704 568 2742 quid,
595 2707 704 2745 quale,
722 2717 888 2747 quantum-

23 2742 86 2772 que
96 2733 130 2764 sit
149 2738 235 2774 quod
253 2745 375 2769 veneat.
393 2741 523 2775 alterum
542 2745 603 2784 est,
623 2756 655 2778 ut
676 2758 749 2788 pura
768 2749 802 2780 sit
820 2761 884 2782 em-

21 2774 92 2814 ptio
120 2774 148 2805 6<
174 2777 329 2809 venditio.
354 2779 486 2819 primum
507 2794 657 2827 oportet,
680 2789 741 2820 ell'e
759 2798 881 2824 certum

21 2815 159 2856 pretium
171 2839 179 2852 ,
194 2817 222 2847 ὅ(
239 2827 408 2863 apparere,
426 2825 519 2864 quid,
536 2829 645 2867 quale,
662 2839 881 2871 quantumque

22 2857 76 2894 fit,
101 2858 357 2902 quoda-finditur.
375 2862 406 2892 id
424 2872 499 2895 vero
518 2870 693 2911 contingit,
717 2872 736 2903 fi
755 2875 884 2905 vendita

0 2923 1 2937 ἦ
21 2897 58 2929 fit
75 2906 161 2928 certa
179 2898 296 2938 specics
312 2902 330 2931 l.
351 2913 381 2942 5.
402 2904 432 2934 C.
453 2906 480 2937 b.
500 2913 519 2938 t.
539 2909 568 2940 id
586 2911 646 2949 est,
669 2922 791 2945 certum
812 2924 881 2947 cor-

0 2939 1 2943 ’
20 2947 96 2979 pus,
115 2939 283 2973 utSticlius
301 2941 415 2975 servus.
434 2944 560 2979 Nonita
571 2951 633 2991 est,
651 2963 761 2994 empto
771 2955 883 2988 Sticho

20 2989 74 3013 aut
93 2979 274 3020 Pamphilo:
291 2984 362 3023 quia
379 2987 454 3018 utin
471 2987 648 3028 hujusmodi
660 2995 882 3035 stipulatione,

21 3023 61 3052 ita
71 3020 137 3057 1110,
155 3022 434 3057 debitoriseleetio
451 3030 510 3059 est:
527 3041 626 3071 eaque
642 3035 797 3075 cessante,
814 3047 884 3069 uter

21 3061 188 3100 debeatur,
212 3066 357 3103 quamdiu
383 3076 517 3108 uterque
542 3073 639 3111 vivit,
664 3077 884 3109 3000010001·-

21 3111 85 3134 tum
103 3104 155 3134 eil.
181 3104 338 3138 Caeterum
365 3118 429 3140 uno
454 3120 597 3153 mortuo,
623 3117 650 3148 ἀ
670 3126 745 3148 111οΧ
763 3120 882 3159 alteru,

21 3144 102 3185 prior
126 3146 297 3179 venditoris
314 3171 323 3187 ‚
353 3151 509 3189 posterior
531 3159 707 3195 emptoris,
738 3161 882 3197 periculo

21 3185 70 3216 est.
95 3185 230 3225 scilicet,
262 3198 332 3229 quia
351 3191 394 3222 est
411 3193 528 3224 arbitrii
552 3198 725 3229 venditoris
747 3201 878 3239 prornis-

21 3226 131 3299 sossvc
147 3236 253 3299 ,Hnon
275 3240 314 3263 an
341 3233 477 3275 debeat,
502 3235 553 3269 sed
579 3247 673 3279 quem
692 3240 826 3274 debeat:
846 3243 875 3276 &

80 3277 132 3300 om.
194 3292 202 3300 .

1775 175 1842 212 323

961 243 1024 265 uno
1042 243 1189 281 11101100,
1209 238 1290 273 solus
1306 242 1358 283 qui
1369 244 1526 288 superest,
1543 247 1670 282 videtur
1689 251 1836 295 emptust

961 275 1042 315 quali
1068 287 1098 309 111
1123 278 1186 309 1100
1209 289 1341 315 extante
1369 288 1579 330 conditione,
1610 301 1675 324 non
1693 296 1836 336 expressa

959 317 1089 355 quidem
1105 320 1208 360 aliqua
1220 344 1230 360 ,
1247 321 1301 354 sed
1319 327 1415 358 tacita
1433 329 1451 358 l.
1467 339 1517 370 34.
1536 331 1563 373 §.
1589 335 1617 364 6.
1639 333 1681 366 D.
1700 339 1834 370 contrab.

957 363 1040 397 empt.
1061 359 1080 391 l.
1092 370 1119 392 2.
1135 360 1164 401 §.
1178 370 1207 406 3.
1226 361 1268 394 D.
1287 365 1321 394 (Ie
1340 375 1368 396 eo
1383 370 1458 407 quod
1473 378 1538 403 cert.
1557 373 1607 405 loc.
1627 375 1645 406 l.
1663 386 1713 417 95.
1733 379 1833 410 [λάε

947 398 1116 438 solutionib.
1149 401 1227 434 Dixi
1265 404 1305 435 de
1329 415 1466 447 corpore
1490 415 1634 446 vendito.
1665 419 1831 452 videamus

957 439 996 469 de
1014 441 1214 482 quantitate,
1239 445 1271 476 id
1290 445 1354 485 est,
1369 448 1410 479 de
1426 459 1479 489 re,
1495 456 1659 496 pondere,
1676 468 1824 501 numerO,

953 488 1007 511 aut
1031 482 1172 516 mensura
1196 486 1377 519 constante:
1410 498 1444 521 ut
1468 494 1513 525 est
1538 496 1668 538 vinum,
1698 502 1829 543 oleum,

951 520 1159 556 frumentum.
1189 524 1254 557 Hic
1280 528 1357 560 nihil
1379 540 1489 565 muto:
1519 535 1539 566 fi
1566 546 1662 570 omne
1688 542 1795 576 vinum
1816 567 1829 584 ,

953 564 1042 594 verbi
1061 567 1179 605 gratia,
1205 577 1270 599 uno
1289 572 1393 606 pretio
1412 576 1565 609 venierit:
1583 579 1731 619 (qualem
1749 594 1829 618 ven-

952 604 1108 637 ditionem
1127 616 1184 647 per
1201 610 1397 645 aversionem
1414 615 1496 654 dici,
1513 621 1664 658 praeclare
1684 624 1827 659 ostendit

952 644 1008 676 suo
1026 654 1169 688 tempore
1187 650 1343 685 Antonius
1356 654 1545 696 Augustinus
1565 660 1612 691 lib.
1625 672 1644 702 3
1671 663 1825 700 Emendat.

952 696 976 717 c.
992 688 1045 728 6.)
1065 697 1135 720 nam
1154 692 1191 722 ad
1210 693 1381 732 emptionis
1408 698 1640 737 perfectionem
1661 705 1738 736 nihil
1756 715 1825 741 tum

953 737 1148 770 magnopere
1165 732 1371 767 defideratur:
1388 740 1439 770 vel
1455 739 1495 771 sie
1513 742 1697 784 manifesto,
1723 750 1823 789 quid,

952 771 1063 809 quale,
1089 772 1117 804 ὅ(
1136 782 1287 813 quantum
1313 777 1347 808 fit
1365 781 1453 819 quod
1479 792 1603 816 veneat.
1628 794 1658 818 at
1678 787 1698 820 fi
1715 787 1745 820 in
1763 790 1823 822 1111-

950 811 1036 850 gulas
1054 813 1241 854 amphoras,
1265 819 1315 848 vel
1329 819 1359 850 in
1379 820 1509 863 fingulas
1527 833 1696 868 metretas,
1721 831 1774 862 vel
1791 832 1825 865 in

948 853 1085 892 fingulos
1102 857 1228 887 modios
1240 880 1249 895 ,
1267 860 1403 892 venierit
1415 868 1593 906 quantitas,
1613 877 1765 909 quantum
1781 875 1822 905 ad

947 894 1203 933 periculum‚n0n
1213 906 1287 929 ante
1298 901 1440 939 perfecta
1451 906 1567 940 dicitur
1577 910 1712 951 emptio,
1725 923 1822 954 quam

946 935 998 966 illa
1016 936 1166 976 adpensa,
1194 946 1248 969 aut
1271 949 1474 977 annumerata
1498 947 1566 980 sint.
1589 960 1653 983 non
1674 955 1756 986 enim
1773 957 1822 988 in-

948 977 1078 1008 tellesto
1095 983 1188 1018 ante,
1213 979 1303 1020 quid,
1319 985 1412 1022 quale
1424 1010 1433 1024 ‚
1448 997 1500 1019 aut
1519 999 1671 1030 quantum
1691 994 1727 1026 fit
1744 1006 1822 1029 ven·

947 1017 1047 1049 clitum
1059 1041 1068 1057 ,
1091 1019 1157 1051 illic
1173 1023 1349 1061 periculum
1367 1027 1405 1057 ad
1424 1037 1603 1070 emptorem
1625 1034 1726 1068 statim
1740 1061 1750 1077 ,
1767 1038 1818 1070 hic

948 1059 1073 1091 interim
1099 1062 1138 1092 ad
1164 1064 1365 1098 venditorem
1383 1071 1531 1107 pertinet.
1555 1072 1630 1106 Huc
1646 1075 1676 1108 iu
1695 1080 1817 1118 quanti-

945 1101 1062 1132 tatibus
1079 1101 1206 1134 iverunt
1232 1104 1307 1137 olim
1331 1107 1463 1143 Sabinus
1487 1114 1516 1145 &
1533 1114 1672 1157 Caffius,
1697 1129 1818 1161 eosque

945 1140 1093 1181 sequutus
1117 1144 1188 1190 post
1211 1146 1255 1177 est
1282 1146 1378 1194 GaJ'us
1402 1151 1421 1182 l.
1450 1163 1500 1194 35.
1527 1155 1553 1197 §.
1572 1168 1602 1198 5.
1624 1159 1669 1190 D.
1689 1163 1820 1194 contrah.

945 1189 1028 1223 empt.
1052 1193 1259 1227 putax’itque,
1283 1191 1315 1221 ld
1340 1190 1482 1226 [imiliter
1509 1198 1605 1236 quaeri
1625 1200 1664 1232 de
1684 1201 1731 1233 his
1746 1213 1817 1244 quae

946 1233 1079 1256 numero
1094 1227 1257 1261 constant:
1281 1229 1301 1260 fi
1320 1234 1457 1271 pretium
1477 1245 1535 1276 pro
1554 1248 1686 1273 numero
1703 1253 1818 1286 corpo-

945 1275 1011 1296 rum
1039 1265 1135 1298 fuerit
1157 1268 1317 1304 statutum.
1341 1282 1429 1314 pone
1458 1281 1641 1320 exemplum
1657 1284 1687 1314 in
1704 1295 1815 1326 grege.

943 1306 968 1336 is
986 1307 1007 1338 fi
1024 1309 1240 1342 universaliter
1263 1322 1327 1344 uno
1346 1318 1451 1355 pretio
1469 1322 1625 1362 venierit3
1648 1325 1691 1355 ait
1715 1324 1815 1367 Gajus

941 1348 969 1387 §.
986 1352 1014 1379 6.
1034 1348 1199 1396 postquam
1216 1353 1256 1385 de
1280 1357 1385 1395 pretio
1408 1363 1616 1403 convenerit,
1639 1365 1818 1405 perfectam

941 1389 1042 1421 videri
1068 1393 1297 1426 venditionem.
1328 1400 1416 1437 quod
1437 1400 1458 1432 fi
1481 1401 1511 1433 in
1534 1402 1652 1446 singula
1677 1416 1813 1448 corpora

941 1438 1031 1461 certo
1049 1434 1152 1472 pretio
1169 1436 1343 1477 vendatur-3
1359 1439 1428 1471 fore
1448 1444 1559 1476 eadem
1580 1455 1649 1485 quae
1665 1452 1815 1489 proxime

939 1473 1149 1506 tractavimus.
1174 1475 1335 1516 Superiori
1358 1480 1433 1512 1000
1448 1484 1553 1515 adhuc
1571 1486 1726 1527 subjiciam
1748 1492 1815 1524 hoc

938 1512 966 1553 §.
985 1516 1056 1553 7.ι1.
1091 1516 1109 1546 l.
1127 1526 1177 1558 35.
1205 1519 1325 1558 pendet
1349 1522 1433 1554 enim
1456 1525 1495 1555 ab
1522 1526 1586 1558 i110.
1611 1529 1667 1560 Sed
1683 1530 1761 1570 &fi
1776 1543 1815 1565 ex

939 1554 1061 1586 ctoteario
1073 1563 1144 1596 pars
1161 1559 1226 1590 vini
1241 1561 1382 1599 venierit3
1404 1564 1499 1596 veluti
1521 1574 1647 1600 metretae
1671 1579 1809 1614 centum,

937 1595 1109 1636 veriffimum
1126 1597 1164 1639 eft
1174 1622 1184 1638 ,
1200 1602 1293 1642 (quod
1309 1602 1346 1637 {⁴2⁹
1362 1604 1489 1645 constare
1498 1610 1636 1651 videtur)
1652 1618 1811 1655 antequam

935 1639 1111 1669 admetiatur
1123 1663 1132 1677 ‚
1148 1650 1226 1672 omne
1236 1644 1399 1683 periculum
1415 1649 1453 1678 ad
1467 1651 1643 1683 venditorem
1653 1657 1810 1694 pertinere.

935 1678 1000 1709 Nec
1015 1680 1151 1721 interest,
1176 1689 1275 1714 utrum
1288 1687 1416 1725 pretium
1434 1691 1561 1722 omnium
1577 1699 1691 1727 centum
1708 1703 1811 1729 metre-

934 1724 1030 1751 tarum
1047 1723 1078 1752 in
1086 1723 1174 1762 semel
1189 1724 1298 1756 ditium
1308 1726 1370 1765 fit,-
1393 1739 1431 1760 an
1447 1730 1617 1774 infirigulos
1633 1745 1686 1768 cos.
1711 1738 1811 1771 Certa

938 1761 1005 1792 haec
1029 1771 1127 1803 atque
1157 1766 1328 1800 evidentia.
1364 1769 1444 1803 Illud
1469 1773 1544 1805 1111111
1569 1785 1686 1816 grave:
1722 1781 1810 1820 quod

936 1804 1019 1844 apud
1036 1803 1204 1846 Ulpianum
1221 1808 1240 1839 l.
1261 1818 1286 1840 1.
1302 1810 1329 1851 §.
1359 1820 1386 1842 1.
1416 1812 1458 1846 D.
1479 1815 1508 1845 h.
1527 1823 1547 1847 t.
1567 1817 1596 1847 in
1618 1818 1701 1850 hunc
1720 1829 1811 1853 extat

936 1846 1085 1878 modurn:
1110 1847 1165 1882 Sed
1181 1848 1217 1883 &³
1233 1849 1390 1890 custodiam
1406 1856 1444 1884 all
1462 1857 1535 1886 diem
1554 1861 1694 1896 mensurae
1708 1865 1811 1894 vendi-

936 1892 980 1916 tor
994 1885 1125 1928 praestare
1147 1890 1235 1921 dehet.
1257 1890 1318 1931 post
1344 1899 1505 1932 mensuram
1521 1899 1637 1937 filetum
1652 1904 1813 1935 venditoris

934 1927 1035 1965 desinit
1051 1928 1287 1970 effepericulum:
1303 1933 1340 1967 ὅ)
1354 1943 1421 1966 ante
1435 1940 1594 1978 mensuram
1604 1944 1730 1982 periculo
1741 1946 1810 1976 libe-

934 1976 1035 2008 ratur,
1054 1970 1083 2009 si
1111 1981 1168 2003 non
1191 1975 1228 2004 ad
1253 1976 1414 2013 mensuram
1437 1982 1589 2021 vendidit,
1615 1982 1706 2027 [leri]
1731 1987 1810 2025 forte

933 2012 1087 2051 amphoras
1102 2013 1149 2043 vel
1166 2016 1252 2046 ettam
1264 2015 1382 2058 lingula
1399 2020 1482 2052 dolia.
1499 2021 1581 2054 Meo
1595 2025 1734 2065 Judicio‚
1755 2028 1809 2059 hic

934 2061 1090 2094 repugnat
1109 2053 1261 2096 Ulpianus
1287 2068 1352 2090 non
1378 2060 1478 2093 dicam
1500 2063 1730 2105 superioribtm,
1754 2069 1808 2102 sed

936 2094 988 2125 libi
1008 2095 1081 2135 ipse.
1101 2097 1183 2128 adeo
1200 2107 1262 2130 non
1275 2099 1544 2138 placetrnihihaec
1559 2116 1644 2146 vox,
1660 2107 1808 2149 custodia,

934 2136 962 2166 ei
981 2137 1066 2175 quod
1085 2137 1208 2178 agitur,
1235 2140 1365 2173 minime
1391 2145 1599 2180 conveniens.
1623 2158 1660 2179 ac
1676 2150 1729 2182 vix
1748 2152 1808 2184 du-

933 2176 1024 2216 bito,
1059 2181 1135 2219 quin
1164 2180 1191 2211 ei
1216 2190 1273 2221 per
1295 2183 1537 2225 incogitantiam
1562 2189 1736 2224 exciderit:
1761 2203 1810 2224 re-

933 2219 1100 2257 cordatus,
1126 2220 1310 2262 hujusmodi
1335 2234 1458 2258 errores
1483 2230 1575 2260 etiam
1595 2239 1645 2261 me
1659 2231 1730 2264 alibi
1750 2234 1808 2266 ob-

933 2259 1054 2292 servare
1071 2261 1117 2292 lib.
1141 2271 1166 2293 1.
1184 2263 1382 2297 Probabilium
1399 2278 1422 2297 c.
1441 2278 1470 2305 9.
1489 2269 1526 2304 ὅ)
1532 2274 1611 2312 seqq.
1635 2271 1700 2304 Hic
1716 2284 1806 2308 certe

934 2301 1009 2332 1111111
1021 2301 1176 2343 suspectus
1194 2305 1259 2345 ejus
1270 2306 1338 2338 vitii
1350 2307 1393 2339 est
1404 2308 1575 2349 Ulpianus:
1592 2313 1804 2357 existimanti,

935 2351 1008 2374 eum
1026 2353 1090 2375 non
1115 2345 1154 2375 de
1185 2346 1349 2387 diligentia
1374 2351 1554 2390 disputare,
1578 2353 1629 2385 sed
1652 2356 1691 2387 de
1707 2357 1805 2398 casu,

935 2386 1066 2416 modum
1077 2384 1228 2418 custodiae
1250 2389 1485 2432 diligentiaeque
1501 2395 1704 2434 egrediente:
1721 2399 1804 2431 adeo·

933 2425 1108 2465 oportuisse
1124 2437 1195 2458 eum
1217 2438 1280 2460 non
1309 2429 1480 2471 custodiam,
1511 2436 1562 2466 ied
1582 2439 1745 2476 periculum
1761 2440 1807 2473 di-

933 2474 1024 2505 cere,
1049 2476 1111 2506 prae
1131 2477 1182 2500 me
1199 2469 1286 2502 fero:
1310 2481 1349 2502 eo
1371 2472 1602 2516 confidentius,
1626 2480 1696 2518 quia
1715 2480 1805 2521 supe-

933 2507 1014 2537 riora
1032 2507 1182 2549 suadent;
1199 2520 1259 2542 nec
1275 2511 1376 2545 minus
1386 2515 1521 2554 subjecta
1536 2517 1602 2550 haec
1617 2521 1683 2561 ejus
1699 2523 1804 2556 ratio:

934 2547 1110 2589 Priusquam
1121 2553 1195 2582 enim
1212 2555 1388 2585 admetiatur
1402 2558 1505 2589 vinum
1516 2581 1524 2595 ,
1536 2567 1623 2601 prope
1631 2562 1714 2603 quafi
1728 2574 1801 2596 non-

933 2590 1000 2620 dum
1021 2592 1112 2622 venit.
1137 2591 1284 2633 Omitto,
1310 2597 1397 2635 quod
1413 2607 1491 2630 mox
1508 2599 1646 2639 sequitur
1662 2603 1801 2638 ibidem:

934 2629 1001 2670 Post
1017 2633 1176 2670 mensuram
1184 2635 1302 2674 fatiam
1324 2639 1482 2671 venditoris
1504 2641 1604 2680 definit
1619 2644 1670 2685 effe
1682 2649 1797 2687 pericu·

933 2671 999 2702 lum.
1023 2671 1103 2705 Item
1122 2677 1239 2707 rurlus:
1262 2677 1303 2707 Et
1327 2686 1394 2710 ante
1417 2682 1575 2720 mensuram
1586 2688 1715 2726 periculo
1731 2688 1796 2717 libe-

932 2718 1034 2752 ratur,
1055 2713 1081 2751 si
1095 2725 1151 2745 min
1168 2718 1205 2746 acl
1222 2720 1383 2753 mensuram
1411 2724 1559 2764 vendidit,
1575 2729 1629 2766 sed
1637 2728 1718 2766 forte
1733 2737 1796 2758 am-

928 2754 1050 2791 phoras,
1074 2755 1249 2797 velfingztla
1265 2761 1350 2791 dolia.
1378 2761 1486 2796 Potest
1507 2765 1575 2798 ficri
1588 2792 1596 2804 ,
1623 2775 1656 2799 ut
1675 2777 1795 2800 errem:

927 2794 1059 2826 sednon
1079 2805 1178 2835 puto;
1203 2799 1231 2830 ὅ(
1259 2800 1397 2834 officium
1422 2804 1518 2838 faciet
1532 2808 1627 2844 mihi,
1654 2808 1796 2849 quisquis

925 2836 1072 2867 docuerit
1090 2838 1235 2878 meliora,
1252 2841 1270 2872 11
1286 2843 1398 2882 potest.
1414 2844 1536 2879 Interea
1546 2849 1702 2889 praestabit
1719 2859 1795 2881 ven-

928 2877 1034 2915 ditor,
1066 2887 1116 2909 me
1140 2880 1289 2922 auctore,
1320 2884 1425 2917 donec
1449 2890 1638 2920 admetiatur
1663 2890 1792 2930 vinum3

927 2918 992 2957 ejus
1011 2927 1074 2950 non
1103 2921 1291 2963 custodiam,
1313 2925 1418 2966 (quod
1446 2929 1592 2960 hactenus
1611 2930 1720 2961 volunt
1737 2930 1796 2963 Ul·

927 2960 1012 2998 piani
1038 2961 1151 2999 verba)
1174 2963 1225 2995 sed
1251 2967 1435 3005 periculum.
1462 2971 1578 3001 Praeter
1603 2970 1664 3000 hoc
1687 2972 1795 3004 obser-

927 3001 1083 3039 vandum,
1107 3006 1194 3043 quod
1213 3004 1365 3047 Ulpianus
1390 3010 1418 3051 §.
1436 3020 1464 3050 3.
1482 3011 1541 3040 (1.1.
1566 3019 1590 3041 1.
1609 3010 1669 3050 ait,
1695 3013 1792 3046 licere

927 3042 1105 3082 venditori,
1121 3044 1141 3075 11
1159 3046 1241 3078 diem
1265 3050 1302 3080 ad
1324 3051 1516 3081 metiendum
1535 3052 1716 3092 111-3111111111,
1733 3062 1795 3088 11εο

926 3081 1005 3113 intra
1023 3083 1103 3116 diem
1123 3087 1302 3120 admensum
1316 3091 1377 3127 est,
1402 3092 1508 3121 vinum
1527 3091 1792 3130 (11“ι111(1010;11011

927 3129 1030 3155 tamen
1050 3125 1166 3165 statim,
1190 3137 1243 3160 aut
1268 3130 1371 3169 prius,
1396 3139 1487 3169 quam
1514 3136 1648 3173 emptori
1671 3137 1792 3170 denun-

925 3166 1008 3203 ciet,
1031 3174 1065 3196 ut
1081 3176 1133 3198 aut
1149 3170 1241 3200 tollat
1267 3174 1372 3201 vinum
1398 3180 1450 3216 aut
1476 3172 1550 3204 sciat
1568 3175 1730 3217 futurum,
1755 3188 1790 3211 ut

923 3207 1030 3238 vinum
1049 3208 1242 3240 effunderet.
1260 3210 1334 3240 Hoc
1351 3220 1472 3249 pontin
1493 3215 1563 3256 lege
1579 3218 1663 3258 vini,
1687 3221 1716 3251 in
1734 3222 1791 3252 do-

917 3245 965 3279 liis
997 3249 1146 3287 venditi,
1172 3251 1387 3292 consueviffe,
1419 3254 1528 3289 auctor
1554 3257 1656 3300 Cato,
1689 3262 1741 3292 De
1762 3273 1792 3294 re

1083 3290 1105 3321 S
1120 3300 1133 3320 s
1156 3301 1173 3322 2
1681 3301 1790 3344 rustica
