2036 3495
150 86 217 120 166
561 79 594 117 G
626 85 646 114 Ε
680 90 703 115 R
735 88 756 112 A
787 89 810 114 n
844 86 869 112 1>
902 87 915 111 1

145 172 238 204 tebit.
256 172 316 203 Sed
336 170 411 210 quid
429 169 471 200 est
483 169 499 199 ἵ)
516 168 658 199 Servitus
677 175 770 204 quarn
788 174 941 197 vocamus
959 163 1020 196 Lu-

143 223 237 252 men,
262 214 312 244 vel
333 212 380 250 jus
401 210 587 246 Luminum,
610 209 660 238 vel
679 205 732 239 Ne
757 207 925 238 luminibus
952 205 1018 237 offi-

141 255 261 291 ciatur,
280 252 420 284 latiffime
438 257 535 290 patet.
559 248 743 287 simpliciter
765 251 885 288 quippe
902 257 1017 279 conce-

142 303 218 335 pta3
240 303 316 330 nec,
341 300 374 321 ut
391 291 530 330 l'uperior
544 291 595 322 illa
617 289 667 320 Ne
691 290 783 321 altius
802 289 954 328 tollatur,
978 297 1019 319 ne

144 334 313 367 luminibus
331 330 489 363 officiatur
503 355 511 368 ,
528 332 594 362 ullo
613 330 676 362 fine
686 339 740 361 aut
759 330 859 362 modo
876 329 1016 361 coareta-

146 383 177 406 ta
193 399 201 413 ,
225 374 461 412 consequenter
486 372 521 403 fit
547 372 693 403 adversus
717 381 784 403 eam
812 380 1019 412 quocumque

144 416 243 446 modo
262 414 469 445 obscurentur
485 415 587 452 aedes3
603 412 665 444 five
685 413 892 450 aedificando,
909 413 972 445 five
987 422 1017 442 a·

143 457 225 488 liter.
250 455 283 487 ld
300 458 329 486 in
347 455 447 486 oculis
464 454 575 486 habuit
591 453 702 485 Paulus
718 455 746 485 d.
765 454 783 484 l.
799 464 826 492 4.
844 455 869 485 h.
888 459 909 485 t.
934 454 955 486 fi
972 462 1019 485 re-

143 498 193 528 ere
209 505 410 535 exponantur
422 496 485 536 ejus
496 496 591 527 verba
607 496 780 526 admodum
798 495 941 527 obscura.
959 494 1021 525 Lu-

143 540 254 569 minum
260 539 406 578 servitute
421 535 574 576 constituta
584 559 594 574 ,
616 538 645 568 id
661 535 837 577 adquzfitum
850 538 978 571 videtur,
988 541 1022 565 ut

142 580 260 610 vicinus
276 579 388 609 lumina
404 576 501 618 nostra
519 579 655 618 excipiat.
692 579 764 608 Cum
781 585 878 608 autem
888 576 1021 617 servitus

143 621 303 660 imponitur
313 644 321 657 ,
340 619 389 651 Ne
404 620 561 650 luminibus
576 618 740 659 officiatur,
755 619 805 649 boc
821 619 946 649 maxime
956 619 1020 649 ade-

135 663 183 702 pti
199 663 351 699 videmur,
368 671 402 691 ne
412 661 465 702 jus
473 659 515 698 fit
531 662 627 691 vicino
639 684 648 698 ,
668 662 771 691 invitis
788 661 866 690 nobis
876 659 964 690 ultius
983 669 1018 689 ω·-

141 703 278 740 ciiftcare,
300 709 385 743 atque
404 704 446 732 ita
472 703 597 732 minuere
614 701 727 732 lumina
745 697 904 740 nostrorum
928 699 1018 740 oeoifi·

141 745 259 776 ciorum.
276 743 364 786 Quid
380 743 431 774 hic
450 742 560 774 Paulus
573 743 589 774 ἵ)
613 751 721 783 putat,
738 750 831 773 unam
848 741 911 773 effe
927 740 1018 773 servi-

141 792 264 817 tutem:
289 794 358 825 quae
375 784 503 815 brevius
521 784 637 814 dicitur
654 782 776 814 Lumen
788 807 796 820 ,
821 783 871 814 vel
889 782 1019 814 servitus

140 826 329 858 Luminum:
347 826 470 864 plenius
488 824 620 856 servitus
638 824 688 856 Ne
708 825 878 856 luminibus
899 824 1016 855 officia-

140 875 209 900 tur:
227 869 290 908 pari
308 867 516 898 formularum
535 865 704 906 potestate.
735 865 807 897 Nec
825 875 856 896 te
873 865 1018 897 offendat

141 910 278 948 vocula,
294 916 408 945 autem,
426 917 485 947 qua
504 909 602 938 utitur
620 907 748 939 Paulus:
768 906 913 938 sumenda
933 909 1018 938 enim

141 955 202 990 p'ro
213 953 316 981 etiam.-
334 958 366 980 ut
385 949 464 988 saepe
483 950 566 988 apud
583 949 707 979 nostros
720 949 749 979 ἃ
765 949 844 979 alios
861 948 1015 979 auctores.

139 992 237 1031 Atqui
258 991 393 1029 Paulus,
416 990 561 1030 imposita
582 990 752 1029 servitute,
779 988 829 1020 Ne
848 989 1018 1020 luminibus

141 1032 317 1071 officiatur,
341 1033 402 1070 ait,
426 1042 484 1063 nos
511 1032 575 1063 hoc
591 1032 728 1063 maxime
746 1031 844 1062 videri
862 1032 997 1067 adeptos
1010 1052 1019 1068 ‚

136 1083 177 1105 ne
196 1074 304 1105 vicino
320 1075 367 1114 jus
385 1073 419 1105 fit
435 1097 444 1111 ,
476 1073 583 1104 invitis
612 1073 705 1104 nobis
732 1072 823 1103 altius
842 1071 1017 1109 aefflficare,

139 1123 236 1154 atque
253 1117 296 1146 ita
313 1117 456 1146 minuere
474 1114 590 1146 lumina
608 1113 785 1145 nostrorum
803 1113 1019 1144 aedificiorum.

140 1155 372 1188 Rectemones.
400 1157 512 1188 Paulus
524 1165 586 1186 non
605 1154 788 1195 simpliciter
798 1156 859 1192 ait,
876 1154 940 1184 boc
958 1163 1015 1185 nos

138 1199 275 1238 adeptos
294 1197 376 1236 esse3
394 1197 445 1229 scd
462 1198 523 1236 ait,
541 1197 639 1228 videri
652 1206 709 1227 nos
728 1195 792 1226 hoc
811 1198 947 1227 maxime
964 1196 1014 1226 ad>

140 1246 246 1279 eptos.
270 1239 459 1279 indigitans,
486 1248 544 1269 nos
571 1247 607 1268 ea
624 1238 762 1268 formula
783 1247 847 1267 non
866 1236 927 1267 esse
944 1237 1015 1267 ade-

139 1287 215 1320 ptos
232 1280 331 1312 solum
343 1304 353 1319 ,
369 1289 409 1311 ne
420 1281 502 1310 aedes
519 1279 632 1310 nostrae
649 1279 739 1310 altius
757 1277 944 1309 aedificando
961 1278 1016 1308 ob-

140 1320 324 1353 scurentur:
351 1321 401 1352 sed
420 1322 515 1352 etiam
533 1320 616 1352 aliud
634 1329 795 1359 praeterea.
818 1319 893 1360 quid
912 1328 1016 1350 autem

141 1362 209 1394 hoc
227 1362 283 1402 fit,
307 1362 372 1401 ipse
389 1372 453 1393 non
471 1362 608 1393 declarat
634 1361 745 1393 Paulus
761 1362 789 1391 d.
808 1361 826 1390 l.
844 1371 872 1398 4.
898 1360 948 1390 scd
964 1359 1018 1392 Ul-

140 1405 252 1444 pianus
269 1405 295 1435 cl.
314 1404 334 1435 l.
357 1413 403 1443 15.
421 1404 448 1434 h.
464 1409 487 1434 t.
510 1402 551 1434 fic
566 1403 720 1442 loquens,
743 1402 861 1432 edente
879 1400 1019 1433 Haioan-

144 1445 223 1477 dro:
252 1445 288 1476 In
311 1445 469 1475 luminibus
486 1450 581 1474 autem
598 1453 632 1473 ne
650 1444 763 1474 lumina
780 1443 951 1484 cujusquam
973 1444 1016 1474 ob-

133 1486 272 1527 scuriora
290 1485 390 1524 fiant.-
416 1484 568 1525 Ulpianus
594 1485 624 1515 in
650 1483 800 1515 servitute
828 1483 1018 1523 Luminum,

138 1527 204 1559 five
223 1526 273 1558 Ne
290 1527 459 1558 luminibus
477 1525 636 1557 officiatur
659 1527 749 1565 (nam
770 1526 808 1556 de
825 1534 861 1556 ea
877 1527 961 1566 agit)
976 1527 1019 1556 ita

142 1567 304 1599 observari
331 1567 448 1605 resei't3
474 1576 514 1598 ne
544 1567 661 1598 lumina
679 1566 902 1606 qualicumque
921 1569 1020 1598 modo

143 1608 222 1640 fiant
239 1608 433 1640 obscuriora.
449 1608 562 1640 &inde
579 1617 655 1640 mox
672 1607 713 1639 fic
729 1607 842 1638 infert:
857 1608 1021 1650 Quodcum-

140 1660 195 1691 que
213 1652 304 1689 igitur
317 1651 411 1688 faciat
426 1652 464 1681 ad
480 1650 598 1680 luminis
613 1650 845 1690 impedimentum
856 1673 865 1686 ,
877 1650 1023 1690 prohiberi

133 1691 246 1733 potest,
262 1691 431 1730 fiservitus
446 1692 590 1722 debeatur.
628 1690 741 1721 Sensus
761 1690 825 1727 est,
849 1689 1020 1722 constituta

139 1733 294 1765 servitute
307 1731 474 1764 Luminum
485 1756 493 1770 ‚
510 1731 574 1763 five
586 1730 636 1763 Ne
653 1731 824 1763 luminibus
841 1731 997 1764 officiatur
1009 1755 1018 1771 ‚

137 1775 322 1815 prohiberi,
349 1775 505 1814 quidquid
530 1772 585 1805 fiat
608 1775 646 1804 ad
669 1773 794 1804 luminis
812 1774 1017 1812 impedimen-

138 1821 230 1856 tum,
253 1815 315 1847 sive
331 1815 424 1847 altius
440 1814 648 1853 aedificando,
672 1814 734 1845 live
761 1812 868 1852 politis
897 1815 1016 1845 arbori-

138 1858 208 1889 bus.
236 1856 311 1888 Hoc
328 1856 417 1898 posui
429 1857 632 1896 exemplum,
649 1864 683 1886 ut
700 1855 738 1886 ab
757 1854 826 1895 ipso
847 1855 1021 1896 suggeritur

140 1896 282 1938 Ulpiano
300 1899 319 1928 l.
342 1907 387 1938 17.
404 1899 432 1928 b.
450 1905 472 1930 t.
498 1907 590 1938 quam
614 1896 702 1929 soleo
725 1897 921 1936 conjungere
947 1906 1019 1929 cum

140 1942 170 1971 d.
188 1941 205 1971 l.
223 1949 268 1980 15.
288 1940 367 1971 ficut
383 1939 460 1970 olim
478 1949 549 1970 cum
570 1948 606 1969 ea
621 1937 750 1970 cohaeflt
770 1937 965 1969 monstrante
986 1949 1020 1969 u-

142 1981 287 2018 triusque
311 1990 383 2012 cum
401 1979 634 2020 Inscriptione‚
661 1988 726 2010 tum
755 1987 957 2020 argumento.
981 1979 1021 2010 fic

140 2031 223 2054 vero
241 2022 344 2053 sonat:
366 2022 399 2053 Si
412 2023 538 2052 arborem
550 2027 655 2061 ponat,
674 2028 706 2051 ut
724 2020 829 2051 lunzini
845 2020 970 2061 officiat,
988 2031 1020 2051 ‹e-

143 2073 201 2105 que
223 2070 324 2095 contra
340 2063 499 2104 impositam
509 2062 684 2103 servitutem
699 2071 763 2092 eum
778 2062 889 2101 facere.
951 2071 1021 2093 uam

142 2106 189 2136 ob
207 2105 298 2136 rem?
321 2104 473 2145 praefatur
493 2103 669 2144 Ulpianus,
695 2103 735 2134 Er
757 2104 884 2134 arborem
899 2112 912 2133 e
948 2113 1023 2141 cere,

141 2156 198 2187 quo
216 2148 312 2183 minus
329 2147 389 2177 caeli
404 2147 500 2176 videri
510 2145 600 2185 poffit,
623 2144 696 2176 Nec
714 2145 777 2175 hoc
793 2144 857 2175 fine
877 2147 1024 2176 terminat

142 2188 292 2220 formulae
309 2188 560 2228 amplitudinem.
583 2188 657 2226 quin
677 2195 745 2217 eam
763 2187 854 2217 latius
872 2187 1024 2226 porrigit:

144 2229 222 2270 quid
238 2231 323 2261 enim
336 2253 346 2267 ,
363 2228 393 2267 fi
410 2230 440 2259 id
455 2231 530 2270 quod
543 2229 668 2269 ponitur
679 2251 687 2264 ,
710 2228 806 2257 lumen
821 2228 936 2268 quidem
950 2227 1025 2258 nihil

144 2270 396 2310 im]›ediat‚solern
405 2277 501 2301 autem
516 2269 660 2310 auferat?
675 2269 716 2300 fic
732 2269 835 2309 pergit
851 2267 1022 2308 Ulpianus:

147 2312 183 2342 Si
197 2313 310 2352 quidem
327 2322 354 2342 eo
366 2312 418 2342 loci
433 2321 487 2352 quo
501 2318 622 2351 gratum
637 2317 697 2341 erat
708 2334 717 2348 ,
737 2319 800 2340 eum
816 2320 873 2340 non
890 2310 959 2351 effe,
972 2317 1022 2351 po-

144 2351 197 2393 test
213 2354 271 2384 clici
281 2378 290 2392 ,
313 2354 388 2384 nihil
408 2363 471 2384 eum
488 2359 589 2383 contra
595 2354 769 2391 servitutem
778 2352 892 2389 facere:
907 2351 957 2390 fin
973 2361 1022 2382 ve-

145 2404 176 2424 ro
196 2395 376 2425 beliocamino
402 2395 448 2425 vel
469 2394 587 2431 solario,
612 2395 761 2424 dicendum
776 2394 849 2430 erit,
872 2395 942 2434 quia
960 2404 1023 2424 um-

145 2437 225 2466 bram
242 2436 314 2472 fucit
332 2438 363 2466 in
379 2436 454 2476 loco,
471 2437 519 2466 cui
531 2435 639 2472 fiJlfuit
650 2433 819 2473 neceffczrius
830 2457 839 2471 ‚
856 2435 1022 2474 contruser—

145 2477 270 2507 vitutem
286 2475 444 2517 impositum
458 2477 533 2515 fieri.
574 2475 727 2516 Ulpianus
747 2476 961 2515 appellatione
977 2476 1021 2506 be-

145 2517 289 2548 liocamini
307 2520 356 2548 vel
374 2517 494 2558 solarii,
518 2527 586 2556 quae
611 2517 706 2547 verba
724 2517 806 2547 idem
824 2516 999 2557 fignificant
1011 2540 1020 2556 ,

144 2559 297 2597 intelligit
312 2559 417 2590 locum
436 2561 466 2590 in
483 2560 603 2590 aedibus
620 2559 788 2598 aliquando
806 2559 944 2597 tectum,
968 2558 1022 2589 ali-

145 2600 276 2639 quando
296 2598 465 2631 subdialem
477 2624 486 2637 ,
502 2601 696 2641 excipiendo
712 2599 767 2630 soli
788 2607 1018 2637 comparatum.

146 2640 213 2681 ejus
239 2639 338 2670 solarii
363 2642 506 2672 meminit
533 2641 659 2673 Plautus
674 2640 767 2671 Milit.
782 2640 898 2680 glorios.
916 2640 972 2672 αὲῐ.
990 2651 1019 2671 2.

137 2683 183 2724 Jc.
201 2691 230 2722 3.
245 2681 318 2717 vers.
334 2684 383 2716 69.
401 2682 429 2711 ἀ
446 2682 614 2713 Suetonius
636 2682 754 2713 Claudio
772 2691 796 2712 c.
820 2691 864 2713 10.
883 2682 1021 2713 helioca-

144 2723 221 2756 :mini
251 2721 365 2753 Plinius
382 2721 428 2751 lib.
446 2733 474 2753 2.
496 2722 584 2762 Epist.
607 2733 652 2763 17.
682 2722 861 2754 Urebantur
876 2723 927 2754 tali
946 2724 1022 2754 loco

147 2764 286 2796 Veteres
309 2763 502 2802 apricantes:
529 2766 558 2795 in
577 2764 640 2795 sole
661 2765 821 2804 jacentes,
845 2773 898 2795 aut
913 2764 1021 2796 ambu—

146 2807 252 2839 lantes
269 2804 361 2834 nudi:
378 2810 412 2833 ut
428 2805 510 2843 apud
529 2806 675 2837 eumdem
694 2806 829 2836 Plinium
842 2829 851 2843 ,
867 2806 913 2836 lib.
934 2815 961 2846 3.
980 2805 1021 2836 Ε-

142 2844 212 2889 pist.
229 2855 259 2887 5.
275 2844 311 2880 ὅ)
327 2842 418 2885 Epist.
438 2852 463 2874 1.
487 2844 539 2875 Sic
553 2855 701 2885 apparet,
720 2845 860 2887 Ulpiano
877 2846 963 2878 recte
979 2848 1021 2878 vi—

148 2889 238 2926 deri,
263 2887 358 2917 etiam
383 2892 496 2916 contra
520 2885 600 2916 hanc
627 2888 808 2918 servitutem
837 2886 926 2927 fieri;
948 2897 1021 2919 cum

147 2930 261 2961 umbra
285 2926 321 2959 fit
345 2928 375 2958 in
395 2926 506 2957 solario
525 2928 575 2957 vel
597 2927 826 2960 heliocamino:
850 2930 899 2960 cui
917 2929 960 2960 sol
978 2928 1022 2960 est

150 2968 350 3002 necess'arius.
374 2968 522 3007 Sequitur
538 2970 619 3006 apud
639 2966 808 3006 Ulpianum
826 2971 853 2999 d.
863 2970 880 3000 l.
894 2970 1021 3012 17.§.⁴1.

152 3012 192 3046 &³
209 3022 236 3042 2.
266 3011 322 3042 Per
338 3011 516 3040 contrarium
527 3007 556 3046 fi
570 3009 691 3048 deponat
707 3010 861 3048 aedificium
876 3013 922 3041 vel
939 3014 1020 3042 arbo-

150 3055 193 3084 ris
212 3061 305 3083 ramos
324 3061 378 3093 quo
387 3050 470 3090 facio
486 3051 563 3080 locus
578 3056 681 3090 opacus
697 3052 840 3089 quondam
862 3053 1022 3091 coepitJolis

153 3093 206 3135 effe
228 3093 347 3131 plenus:
369 3092 515 3131 nonfacit
530 3097 630 3122 contra
638 3090 826 3129 servitutem.
857 3092 931 3121 hunc
946 3095 1021 3124 enim

150 3136 269 3170 'deorum
286 3143 321 3164 ue
332 3134 486 3164 luminibus
502 3131 616 3172 officiat.
634 3141 711 3161 nunc
726 3140 783 3161 non
797 3130 951 3162 luminibus
961 3133 1021 3173 offi-

153 3178 212 3217 cu,
228 3175 281 3216 sed
295 3175 360 3216 plus
376 3184 453 3214 <equo
471 3174 565 3207 lumen
574 3173 664 3215 facic-
705 3170 778 3204 Nec
795 3170 858 3203 hoc
873 3173 1022 3206 omitten-

974 76 1235 114 Noonr
1292 79 1508 114 Coum.

1064 167 1137 198 dum
1164 168 1289 206 putavit
1313 168 1488 208 Ulpianus,
1512 166 1664 199 Interdum
1688 168 1744 199 dici
1759 168 1848 209 poffe,
1871 179 1934 202 eum

1062 209 1113 248 qui
1136 209 1208 239 tollit
1230 209 1381 249 (edificium
1396 210 1444 240 vel*
1459 210 1609 248 deprimit,
1633 209 1789 240 luminibus
1806 209 1934 250 officere:

1056 247 1173 287 siforte
1197 253 1230 287 νίς
1255 252 1454 288 οἰνῧκνάκλασιν,
1478 251 1506 280 id
1529 248 1569 289 est
1583 256 1632 288 per
1647 251 1867 290 refractionem,
1888 258 1937 289 seu

1062 290 1291 331 repercuffionem
1308 293 1353 323 vel
1364 291 1498 332 preffura
1514 294 1656 331 quadam,
1679 292 1773 322 lumen
1791 294 1821 322 in
1839 301 1884 323 eas
1898 302 1938 324 ω-

1062 332 1110 361 des
1123 332 1303 364 devolvatur.

1097 371 1189 419 ⁸Dedi
1212 375 1369 415 integrum
1390 373 1508 405 sensum
1533 373 1680 405 formulae
1700 372 1860 405 servitutis
1877 373 1937 406 Lu·

1063 422 1202 451 minum,
1218 414 1282 445 five
1299 414 1349 447 Ne
1367 415 1534 447 luminibus
1552 415 1727 452 officiatur,
1749 414 1937 454 interpreta-

1064 462 1114 486 tus
1139 454 1268 487 Paulum
1293 456 1469 496 posteriore
1489 466 1578 496 parte
1594 460 1621 487 d.
1640 457 1658 486 l.
1674 467 1705 495 4¹
1723 456 1748 486 b.
1765 463 1785 486 τ.
1811 455 1938 496 Restat,

1064 496 1141 535 quid
1159 497 1265 535 priore
1284 497 1443 538 designet,
1468 497 1508 529 sie
1530 498 1685 529 scribens:
1711 496 1869 528 Luminum
1879 497 1939 538 ser-

1062 537 1159 567 vitute
1181 535 1352 576 constituta,
1373 540 1403 569 id
1427 537 1601 580 adquisitum
1617 540 1751 574 videtur,
1775 543 1806 568 ul
1823 540 1939 570 vicinus

1062 578 1173 623 lumina
1190 576 1286 617 nostra
1302 580 1434 619 excipiat.
1456 580 1566 611 Paulus
1577 604 1586 618 ,
1604 580 1732 611 Lumina
1749 580 1859 619 excipi,
1877 581 1937 610 ait:

1063 627 1098 650 ut
1113 628 1142 649 in
1163 619 1181 649 l.
1197 628 1243 650 20.
1265 618 1293 659 §.
1303 623 1332 650 6.
1349 621 1375 650 b.
1391 628 1412 651 t.
1432 621 1531 659 dicit,
1548 619 1813 661 recipiflillicidia:
1828 621 1939 652 adver-

1062 659 1108 692 sus
1123 668 1191 698 quae
1209 659 1285 690 nihil
1299 661 1367 699 jure
1384 660 1451 692 fieri
1469 662 1581 702 potest.
1611 661 1711 703 'Quod
1729 661 1747 693 li
1765 660 1827 693 est:
1842 670 1937 701 appa-

1063 704 1110 733 'ret
1130 700 1258 731 Paulum
1277 702 1303 732 d.
1322 701 1338 731 l.
1360 712 1389 739 4.
1415 703 1545 734 voluiffe
1561 703 1744 736 servitutem
1766 701 1938 735 Luminum

1063 743 1148 774 idem
1166 741 1415 782 comple-Ctiqu
1439 745 1526 781 quod
1545 745 1830 784 comprehenditur
1848 745 1938 775 servi·
1968 750 1972 752 '

1062 792 1149 822 tute,
1167 782 1218 814 Ne
1237 783 1406 815 luminibus
1422 783 1589 816 officiatur.
1612 789 1758 824 adeoque
1779 795 1870 816 unam
1889 796 1938 817 es·

1061 824 1093 856 se
1110 825 1291 856 servitutem
1303 848 1313 863 ,
1328 824 1480 856 formulas
1490 829 1580 857 duas:
1598 836 1658 858 nec
1673 826 1817 858 interesse
1830 851 1837 862 ,
1857 826 1939 866 hac,-

1063 875 1100 896 an
1119 866 1188 902 illa,
1207 873 1346 896 utamur:
1363 874 1495 908 utraque
1513 871 1626 898 eonem
1642 874 1790 899 excunte.
1815 869 1866 898 Sic
1883 869 1939 899 mi⁸

1063 907 1093 938 hi
1115 906 1240 938 incidit.
1257 906 1324 937 aliis
1343 909 1467 948 placet,
1480 907 1607 940 Paulum
1625 909 1796 940 constituta
1809 909 1939 940 servitu-

1063 956 1094 979 te
1112 947 1301 986 Luminum,
1326 958 1435 979 Vican
1451 951 1631 980 concedere
1647 951 1693 989 jus
1712 951 1873 989 aperiendi
1892 951 1937 980 su-

1062 999 1115 1021 um
1132 991 1283 1028 parietem
1296 990 1345 1026 ,ἃ
1363 991 1477 1021 lumina
1497 990 1558 1021 sive
1576 990 1727 1022 fenestias
1746 992 1775 1021 in
1793 999 1937 1031 apertum

1062 1031 1266 1062 immittendi.
1299 1030 1411 1062 Male:
1444 1033 1571 1070 quando
1596 1031 1699 1072 porest
1723 1033 1938 1070 unusquisque

1063 1073 1228 1110 dominus,
1247 1070 1300 1103 nisi
1319 1072 1388 1112 lege
1400 1073 1627 1112 prohibeatur,
1643 1075 1751 1113 (quod
1770 1073 1801 1103 in
1820 1083 1936 1113 propo-

1061 1113 1120 1145 suo
1136 1123 1287 1153 nusquam
1306 1113 1435 1144 invenio
1452 1114 1589 1155 factum)
1604 1124 1694 1153 aeque
1711 1114 1827 1145 lumina
1839 1137 1849 1153 ‚
1873 1114 1936 1146 five

1061 1154 1233 1192 fenestras,
1259 1155 1289 1185 in
1308 1153 1393 1185 suum
1420 1156 1571 1194 parietem
1591 1157 1763 1186 immittere
1782 1155 1835 1186 suo
1850 1156 1934 1195 jure:

1060 1205 1096 1227 ac
1112 1195 1217 1236 potest
1236 1196 1285 1227 sua
1306 1195 1454 1227 libertate
1474 1197 1503 1227 in
1522 1206 1562 1227 eo
1579 1197 1686 1228 facere
1704 1206 1774 1237 quae
1794 1197 1887 1236 velit,
1904 1207 1935 1228 a-

1060 1238 1099 1269 lia
1117 1246 1224 1268 omnia
1240 1237 1258 1267 l.
1280 1241 1307 1271 8.
1325 1237 1352 1278 §.
1369 1248 1397 1277 5.
1417 1239 1461 1268 l).
1486 1237 1519 1268 Si
1535 1238 1632 1274 servit.
1653 1239 1762 1269 vindic.
1786 1238 1839 1270 etii
1860 1239 1936 1270 vici-

1061 1288 1105 1310 no
1122 1280 1209 1319 quod
1229 1278 1324 1315 facit,
1352 1277 1386 1309 fit
1407 1278 1583 1310 molestum.
1630 1279 1706 1311 Hoc
1724 1280 1821 1311 Paulo
1843 1279 1935 1311 fuisse

1060 1321 1245 1360 negotium,
1263 1320 1312 1350 vel
1331 1319 1406 1350 hinc
1418 1321 1549 1352 evidens
1566 1321 1628 1358 est,
1647 1322 1733 1359 quod
1753 1330 1815 1351 non
1835 1322 1934 1361 dicit,

1061 1361 1232 1392 Luminum
1259 1360 1408 1392 servitute
1429 1360 1618 1398 constituta,
1643 1361 1705 1393 esse
1723 1361 1934 1402 adquifitum;

1061 1410 1097 1433 ut
1121 1402 1270 1443 poffirnus
1294 1402 1410 1432 lumina
1435 1401 1538 1443 nosti-a
1554 1404 1745 1440 immittere,
1769 1402 1820 1434 sed
1839 1411 1872 1433 ut
1889 1404 1936 1434 vi-

1062 1446 1152 1474 cinus
1169 1444 1283 1475 lumina
1302 1442 1407 1474 nostra
1423 1445 1571 1484 excipiat.
1589 1445 1675 1484 quod
1691 1445 1745 1484 (ut
1762 1446 1861 1475 modo
1880 1446 1937 1475 de-

1062 1484 1288 1523 monstratum)
1311 1483 1482 1524 fignificat,
1506 1484 1644 1516 vicinum
1668 1494 1684 1515 a
1710 1494 1773 1522 quo
1799 1484 1882 1516 c‘ess'a
1899 1485 1937 1517 fit

1063 1525 1195 1557 servitus
1213 1524 1400 1564 Luminum,
1423 1535 1488 1557 non
1506 1525 1595 1566 poss'e
1611 1526 1750 1558 immiffis
1766 1526 1938 1558 luminibus

1061 1568 1130 1607 jure
1148 1566 1290 1598 officere.

1104 1607 1180 1639 Hoc
1198 1606 1369 1638 constituta
1388 1606 1558 1639 Luminum
1578 1607 1744 1647 servitute,
1761 1617 1854 1649 quam
1873 1608 1938 1640 dixi

1065 1650 1160 1680 etiam
1178 1649 1285 1679 vocari
1305 1648 1488 1681 servitutem
1512 1648 1563 1681 Ne
1583 1650 1753 1681 luminibus
1771 1649 1940 1682 officiatum

1065 1690 1153 1723 Idem
1172 1700 1208 1721 ea
1223 1699 1288 1721 non
1301 1689 1492 1722 constituta:
1510 1692 1559 1722 vel
1578 1691 1619 1722 fic
1638 1691 1819 1722 indubitato
1839 1690 1941 1723 domi-

1063 1732 1105 1763 nii
1121 1733 1198 1772 jure.
1223 1730 1442 1763 Lubettamen
1454 1755 1462 1771 ‚
1480 1741 1544 1772 quo
1561 1733 1659 1773 magis
1671 1733 1793 1771 liqueat
1809 1742 1858 1764 res
1876 1733 1941 1765 ele-

1061 1783 1156 1814 gans,
1173 1774 1268 1804 etiam
1287 1775 1314 1804 ei
1332 1773 1435 1804 iucem
1455 1783 1565 1814 petere
1581 1773 1620 1804 ab
1639 1774 1702 1804 hoc
1720 1773 1940 1814 Ulpianil.11.

1065 1816 1112 1846 D.
1137 1815 1162 1845 h.
1188 1820 1206 1845 t.
1238 1814 1303 1858 Qui
1317 1814 1474 1845 luminibus
1486 1815 1647 1845 vicinorum
1663 1813 1791 1856 officere,
1817 1816 1936 1846 aliud-ve

1063 1856 1134 1896 quid
1156 1856 1251 1895 facere
1273 1861 1372 1886 contra
1396 1857 1569 1886 commodum
1590 1865 1684 1887 eorum
1700 1857 1804 1895 vellet,
1828 1855 1894 1894 fciet
1911 1857 1938 1892 se

1056 1898 1185 1937 formum
1208 1906 1241 1928 ac
1252 1895 1365 1935 Jlatum
1389 1900 1575 1938 antiquorum
1597 1897 1782 1936 aedificicrum
1803 1893 1942 1938 custodire

1065 1940 1170 1969 debere.
1219 1938 1339 1976 Aliquis
1357 1942 1479 1977 aperuit
1497 1938 1581 1969 suum
1599 1939 1772 1978 parietem,
1795 1939 1890 1978 inque
1909 1948 1943 1969 a·

1066 1988 1193 2019 pei-tum
1218 1978 1343 2010 immisit
1368 1980 1484 2011 lumina
1502 1979 1553 2010 seu
1569 1979 1738 2015 fenestras,
1762 1989 1825 2011 non
1842 1981 1943 2018 impe-

1066 2028 1146 2051 trata
1164 2031 1180 2051 a
1198 2020 1305 2051 vicino
1322 2019 1473 2052 servitute
1495 2019 1685 2059 Luminum,
1708 2020 1772 2052 five
1790 2020 1942 2051 servitute

1065 2061 1118 2093 Ne
1139 2062 1308 2094 luminibus
1325 2061 1492 2093 officiatur.
1524 2061 1605 2093 Haec
1621 2061 1752 2102 species.
1778 2061 1866 2104 Quid
1884 2061 1942 2093 Ul-

1068 2103 1204 2144 pianus‘?
1227 2110 1335 2144 putat,
1359 2103 1441 2135 Eum
1466 2104 1517 2143 qui
1540 2102 1655 2134 lumina
1676 2102 1728 2134 seu
1743 2103 1942 2135 fenestrasin

1067 2146 1230 2186 proprium
1257 2145 1410 2185 parietem
1436 2143 1580 2183 immifit,
1603 2153 1668 2176 non
1693 2144 1864 2176 constituta
1882 2143 1943 2176 Lu-

1067 2187 1187 2217 minum
1206 2186 1376 2224 servitute,
1392 2187 1423 2217 in
1441 2185 1495 2216 suo
1512 2185 1597 2217 usum
1616 2185 1678 2217 effe
1693 2186 1761 2226 jure
1779 2185 1822 2217 sui
1840 2186 1942 2217 domi—

1067 2227 1131 2260 nii:
1155 2227 1207 2258 sed
1223 2228 1361 2258 vicinum
1379 2235 1492 2258 contra
1510 2226 1539 2258 in
1560 2226 1614 2257 suo
1630 2227 1865 2262 aedificantem,
1884 2236 1943 2267 po-

1067 2277 1240 2300 nentemve
1263 2269 1401 2308 aliquid,
1425 2269 1489 2309 ejus
1516 2268 1686 2299 luminibus
1704 2267 1792 2307 poffe
1810 2267 1941 2299 officere

1067 2311 1134 2350 pari
1152 2309 1283 2341 dominii
1299 2308 1515 2350 jiire,servata
1531 2309 1634 2341 forma
1647 2317 1683 2340 ac
1699 2309 1780 2340 statu
1795 2309 1946 2350 antiquo-i

1065 2360 1134 2382 rum
1158 2351 1376 2383 aedificiorum.
1421 2351 1573 2383 Siccine?
1595 2349 1737 2389 quaeris?
1758 2349 1779 2381 fi
1803 2350 1940 2388 putasset:

1067 2392 1241 2433 Ulpianus,
1260 2392 1377 2423 lumina
1395 2392 1482 2423 nullo
1495 2393 1565 2432 jure
1582 2391 1644 2423 ess'e
1659 2401 1676 2422 a
1691 2391 1825 2422 domino
1845 2392 1875 2421 in
1896 2390 1942 2421 su·

1067 2444 1119 2465 um
1139 2435 1291 2473 parietem
1318 2432 1466 2471 immiss'a,
1490 2442 1555 2464 non
1580 2431 1750 2463 constituta
1767 2430 1940 2463 Luminum

1065 2476 1234 2506 servitute:
1256 2474 1399 2514 jussisset,
1424 2475 1564 2505 vicinum
1589 2483 1682 2514 agere
1704 2473 1830 2504 afflone
1847 2483 1886 2503 ne
1911 2483 1942 2504 a-

1065 2517 1166 2554 toria,
1189 2525 1253 2547 non
1272 2515 1333 2547 effe
1346 2515 1601 2555 adversariojus,
1620 2516 1662 2544 ita
1681 2514 1796 2545 lumin‘a
1812 2513 1876 2545 sive
1889 2483 1940 2545 {e-

1066 2557 1182 2588 nestras
1200 2558 1328 2588 habere.
1371 2555 1468 2587 Nunc
1485 2556 1516 2586 id
1534 2565 1598 2586 non
1615 2564 1696 2596 agit:
1721 2563 1844 2586 tanturn
1861 2555 1940 2586 facit:

1064 2598 1172 2630 vicino
1195 2599 1261 2638 ius,
1285 2597 1449 2628 adversarii
1476 2597 1643 2628 luminibus
1661 2596 1814 2628 officere:
1836 2597 1938 2628 modo

1064 2641 1147 2671 inter
1168 2639 1231 2670 boc
1250 2640 1336 2678 quod
1350 2639 1441 2678 ponit
1455 2637 1634 2669 aedificatve
1652 2640 1689 2669 ad
1710 2639 1862 2669 luminum
1880 2639 1943 2680 ob-¹

1064 2681 1288 2717 structionem,
1314 2679 1442 2719 spatium
1460 2679 1635 2719 legitimum
1653 2679 1820 2719 relinquat.
1866 2678 1942 2711 Exi-

1066 2722 1167 2753 stimat
1184 2722 1278 2762 igitur
1297 2720 1469 2760 Ulpianus,
1484 2721 1599 2752 lumina
1618 2721 1657 2751 ab
1675 2730 1738 2751 uno
1756 2722 1890 2752 domino
1908 2721 1942 2752 in

1066 2764 1219 2804 parietem
1236 2762 1321 2793 suum
1336 2762 1405 2802 jure
1425 2763 1572 2799 immitti,
1591 2763 1733 2801 quamvis
1749 2763 1829 2793 citra
1847 2762 1940 2793 servi-

1067 2812 1185 2835 tutem:
1201 2803 1230 2834 &
1247 2803 1285 2834 ab
1301 2804 1403 2835 altero
1422 2805 1451 2834 in
1470 2802 1523 2834 suo
1539 2803 1606 2843 jure
1624 2803 1742 2834 obstrui
1756 2828 1764 2840 ,
1782 2802 1845 2843 pari
1866 2801 1940 2834 utri-

1065 2855 1128 2886 que
1146 2844 1301 2876 libertate.
1328 2845 1415 2884 quod
1433 2844 1453 2875 fi
1470 2845 1551 2876 nolit
1568 2844 1655 2883 quis,
1679 2844 1830 2875 fenestras
1847 2845 1877 2875 in
1896 2842 1941 2875 su-

1065 2896 1117 2918 um
1135 2885 1340 2917 immifl‘uruzz
1357 2886 1384 2915 ei
1404 2885 1526 2917 necess'e
1538 2885 1618 2923 elle,
1636 2895 1652 2916 a
1671 2886 1778 2916 vicino
1792 2886 1941 2925 impetra-

1065 2938 1099 2959 re
1115 2928 1235 2966 nonjus
1253 2927 1442 2958 immittendi
1463 2926 1651 2958 luminaiive
1663 2926 1834 2963 fenestras,
1850 2925 1940 2964 quod

1064 2971 1150 3000 ultro
1171 2968 1326 2999 habebat:
1351 2967 1402 2999 sed
1418 2969 1466 3007 jus
1486 2967 1673 3004 Luminum,
1691 2968 1752 2999 live
1765 2969 1813 3006 Jus
1829 2966 1879 2997 Ne
1894 2967 1940 2996 lu-

1064 3010 1200 3042 minibus
1218 3009 1393 3046 officiatur,
1416 3010 1502 3048 quod
1524 3018 1588 3040 non
1617 3009 1762 3040 habebat.
1807 3007 1858 3037 Sic
1881 3005 1940 3038 Ul-

1065 3051 1187 3090 pianus.
1223 3050 1331 3082 Simile
1354 3050 1455 3081 innuit
1484 3050 1681 3089 Pomponius
1702 3049 1720 3078 l.
1742 3058 1789 3088 23.
1808 3047 1849 3078 D.
1869 3048 1896 3077 h.
1914 3052 1936 3078 t.

1065 3093 1153 3123 hisce
1177 3093 1302 3123 verbis:
1327 3092 1360 3122 Si
1375 3092 1509 3132 servitus
1532 3089 1660 3131 imposita
1677 3089 1794 3127 fuerit,
1818 3088 1937 3118 lumina

1066 3143 1135 3174 quae
1152 3142 1237 3164 nunc
1254 3132 1324 3164 sunt
1342 3156 1353 3171 ,
1388 3140 1422 3163 ut
1446 3134 1486 3162 ita
1505 3132 1579 3169 lint,
1602 3133 1634 3161 de
1654 3130 1765 3165 futuris
1780 3129 1940 3160 luminibus·

1066 3175 1139 3206 nihil
1155 3174 1253 3207 caveri
1269 3175 1399 3206 videtur.
1437 3172 1524 3216 Quod
1533 3171 1560 3211 fi
1574 3168 1664 3209 itufit
1683 3175 1799 3202 cautum
1806 3192 1818 3211 ,
1840 3180 1881 3202 ne
1896 3171 1940 3215 lu-

1882 3218 1940 3243 ml-
