2036 3495
565 140 924 176 GERARDI

818 225 1174 260 T1TULus

981 134 1243 172 Noonr
1304 134 1519 171 COMM.

1229 226 1279 263 V.

283 313 318 348 Si
331 311 397 357 quis
411 309 443 342 in
455 307 511 354 jus
527 311 653 339 vocatus
671 313 729 337 non
743 302 837 337 ierit:
854 300 924 347 five
939 302 1007 347 quis
1027 313 1098 337 eum
1116 304 1273 339 vocaverit
1284 332 1294 348 ‚
1321 314 1406 351 quem
1423 315 1462 339 ex
1480 300 1591 338 Edicto
1605 311 1663 336 non
1679 299 1823 337 debuerit.

236 402 270 434 Ic
291 398 422 430 Titulus
447 394 586 436 pertinet
602 393 640 424 ad
664 392 836 424 tuitionem
853 390 1036 422 vocationis

243 445 273 475 in
287 442 352 481 jus:
369 447 463 480 quam
481 446 498 468 a
515 435 645 476 privatis
656 433 856 466 fieriiinebat
866 431 934 464 Lex
944 431 1035 464 Duo-

157 489 263 520 decim
288 482 496 513 Tabularum.
527 477 659 517 jubebat
682 474 907 521 quidem-illa,
931 476 961 505 in
985 475 1034 514 J'us

156 534 310 560 vocatum
326 523 429 555 statim
446 520 532 560 sequi
551 525 741 556 vocantem;
757 516 949 547 ledinterim
966 524 1034 559 poe-

155 579 248 608 nam,
264 567 285 599 ss
304 563 524 600 frustraretur,
540 570 604 591 non
621 559 768 591 addebat.
794 564 916 588 tantum
934 565 1031 602 patie-

156 613 267 647 batur,
293 616 381 639 reum
400 604 515 645 praevia
531 601 760 639 antellatione‚
777 599 842 639 rapi
861 599 890 629 ἃ
909 599 984 629 duci
1002 606 1035 629 in

152 654 211 694 jus.
229 652 326 692 igitur
343 648 482 684 Praetor,
500 652 535 674 ut
552 643 748 674 succurreret
767 640 967 671 verecundiae
980 648 1034 670 eo-

156 703 229 726 rum
247 692 299 732 qui
317 699 334 721 a
351 691 381 719 vi
400 688 470 725 illa,
489 693 680 726 quamquam
699 681 860 724 permissa.
887 681 1036 726 abliorre-

155 744 248 774 rent3
271 732 358 765 simul
381 729 474 771 Legis
493 727 693 758 voluntatem
710 731 943 764 exequeretur:
960 722 1034 754 Edi-

157 777 210 809 cto
229 776 332 812 cavit3
348 780 383 803 ut
400 772 429 802 in
446 771 493 810 jus
505 776 638 799 vocatus
650 776 689 798 ex
707 774 909 807 quacumque
925 763 1014 795 causa
1026 787 1037 802 ,

157 819 268 849 veniat
284 817 322 847 ad
341 823 411 845 eum
425 809 696 852 quijurisdiffioni
708 806 838 848 ptaeest:
856 808 894 837 ad
910 805 974 837 hoc
987 813 1042 844 ,ut

156 859 290 894 sciatur,
308 866 345 887 an
368 856 431 894 ejus
449 852 484 885 fit
502 851 689 892 jurisdictio.
713 849 825 880 auctor
841 848 955 880 Paulus
971 847 991 878 l.
1012 857 1041 878 2.

157 902 201 934 D.
221 901 248 932 h.
266 906 286 931 t.
306 896 464 936 Ulpianus
482 894 542 934 l.5.
562 892 603 924 D.
617 894 650 923 de
661 892 783 933 judiciis
801 890 870 930 plus
886 889 1042 930 postulat,

161 951 233 974 eum
254 945 447 981 quamquam
472 946 511 967 ex
537 934 637 966 aliena
652 931 872 973 jurisdictione
890 938 1043 968 vocatur,

161 986 273 1015 venire
291 981 428 1013 debere:
455 977 551 1016 idque
571 975 711 1016 Legatos
731 973 838 1004 facere
856 975 980 1013 inquit3
1002 981 1043 1003 ne

160 1031 371 1058 contemnant
388 1021 436 1061 jus
457 1019 592 1051 dicentis
608 1016 814 1062 majestatem.
851 1055 857 1061 ⁶

202 1066 302 1109 Quod
320 1064 341 1096 si
358 1065 387 1095 in
404 1063 452 1103 jus
476 1067 611 1091 vocatus
634 1067 700 1090 non
720 1058 808 1088 ierit:
832 1063 874 1087 ait
891 1055 1004 1087 Paulus
1020 1054 1040 1086 l.

159 1119 188 1141 2.
209 1109 239 1151 §.
260 1117 285 1139 1.
308 1107 347 1138 D.
365 1106 393 1137 b.
412 1110 433 1134 t.
461 1101 549 1143 quod
567 1110 606 1132 ex
625 1098 715 1131 causa
733 1108 749 1129 a
765 1105 975 1137 competente
991 1095 1042 1135 Ju-

165 1152 238 1181 dice
256 1148 355 1180 multa
381 1154 440 1187 pro
454 1142 673 1185 jurisdictione
691 1140 808 1180 Judicis
826 1138 1038 1170 damnabitur.

1078 397 1163 431 tem,
1179 392 1285 426 [inihi]
1298 392 1420 426 interfit
1435 391 1568 429 actoris,
1584 388 1794 421 adversarium
1812 399 1853 422 eo
1873 396 1954 426 tem·

1077 441 1158 473 pore
1174 434 1205 465 in
1221 436 1269 476 jus
1286 435 1424 473 venisse3
1447 434 1582 465 remittit
1598 432 1720 463 Praetor
1738 441 1885 472 poenam:
1900 443 1955 474 pu·

1078 482 1108 504 ta
1120 497 1129 512 ‚
1146 477 1217 515 quia
1235 475 1368 507 feriatus
1385 477 1454 508 dies
1471 475 1543 506 fuit.
1573 474 1682 505 Simile
1700 473 1871 506 dicendum
1890 475 1954 514 est,

1077 515 1098 546 fi
1115 515 1201 546 sorte
1217 517 1248 547 in
1263 517 1311 556 Jus
1329 526 1463 549 vocatus
1479 516 1516 548 sit
1530 524 1627 556 quern
1644 524 1684 546 ex
1703 514 1863 555 superiore
1879 516 1956 548 Edi·

1078 556 1131 587 tto
1147 557 1178 587 in
1193 558 1241 597 jus
1259 559 1366 589 vocari
1384 569 1449 591 non
1467 558 1624 598 oportuit.
1657 565 1728 587 nam
1747 558 1770 588 is
1789 566 1895 598 neque
1912 558 1956 589 se-

1078 598 1133 637 qui
1159 605 1310 638 tenetur,
1333 609 1439 640 neque
1463 600 1536 631 duci
1562 598 1676 630 debet:
1702 605 1736 628 ut
1758 608 1890 639 apparet
1913 609 1956 632 ex

1080 640 1141 670 hac
1167 638 1323 678 Rubrica‚
1346 641 1487 681 itemque
1510 650 1550 672 ex
1574 639 1788 680 inscriptione
1808 641 1825 671 ί.
1843 645 1892 680 48.
1909 640 1954 673 D.

1079 681 1113 711 cle
1135 682 1214 712 verb.
1233 680 1339 723 fignzf.
1367 691 1427 713 nec
1446 681 1646 714 inverisimile
1663 681 1725 720 est,
1749 683 1857 722 (qnod
1875 682 1956 713 Ran-

1081 722 1194 753 cliinus
1205 725 1316 763 putat)
1331 731 1427 764 caput
1438 723 1541 754 Edico
1553 722 1644 754 fuiffe
1663 723 1736 755 tale.
1764 724 1796 754 Si
1812 726 1877 764 quis
1892 733 1958 755 eum

1082 765 1231 794 vocaverit
1242 788 1250 803 ‚
1268 773 1349 805 quem
1364 774 1399 796 ex
1417 764 1518 796 Editio
1533 774 1591 795 non
1607 765 1754 804 debuerit,
1770 767 1821 806 qui
1835 772 1958 796 vocatus

1084 806 1137 836 eriz
1150 829 1158 843 ‚
1183 814 1273 846 neque
1282 807 1449 847 sequatur,
1471 815 1560 846 neque
1578 807 1716 838 ducatur.
1742 807 1782 838 de
1800 816 1866 846 quo
1885 808 1962 838 loco

1085 847 1209 878 erudite
1234 846 1382 887 Cujacius
1403 847 1450 878 lib.
1470 856 1498 887 2.
1519 846 1638 884 Ohserv.
1664 857 1687 878 c.
1716 851 1761 879 16.
1809 848 1915 889 Quid,
1941 847 1963 879 fi

1086 896 1222 921 vocatus
1238 898 1303 920 non
1321 889 1481 930 pertineat
1507 889 1545 918 ad
1558 888 1605 927 jus
1622 888 1758 920 dicentis
1773 890 1965 929 iurisdictio-

1086 930 1184 962 nem?
1208 930 1313 961 adhuc
1337 930 1448 961 venire
1474 938 1546 960 eum
1564 929 1700 968 debere,
1724 939 1858 971 apparet
1874 941 1914 963 ex
1931 932 1961 963 cl.

1086 971 1106 1002 Z.
1124 982 1153 1012 5.
1174 971 1215 1003 D.
1235 973 1268 1003 de
1279 972 1418 1013 judiciis:
1436 980 1507 1012 quac
1524 969 1569 1001 est
1586 979 1626 1001 ex
1647 970 1774 1011 Ulpiani
1788 972 1963 1004 Commen-

1087 1014 1169 1044 tario
1187 1014 1227 1045 ad
1246 1013 1311 1044 hoc
1328 1012 1495 1044 Edictum:
1520 1011 1715 1044 monstrante
1741 1012 1962 1054 Inscriptione.

1087 1053 1194 1097 Quid,
1217 1054 1238 1086 fi
1263 1054 1410 1093 venerit,
1434 1054 1462 1085 ἃ
1477 1054 1525 1094 jus
1544 1052 1629 1086 suum
1653 1055 1858 1094 allegaverit3
1882 1055 1963 1087 suffi-

1085 1104 1149 1127 cit:
1163 1105 1200 1127 ac
1218 1096 1239 1128 fi
1257 1096 1374 1128 deinde
1394 1105 1457 1126 non
1474 1103 1582 1135 parcat
1595 1096 1644 1133 jus
1662 1096 1799 1126 dicenti:
1815 1097 1843 1127 ei
1861 1096 1965 1136 impu·v

1084 1146 1125 1168 ne
1140 1136 1186 1168 est
1202 1138 1221 1168 l.
1237 1138 1291 1169 ult.
1303 1137 1345 1169 D.
1361 1138 1395 1168 de
1405 1135 1555 1178 jurisditi.
1572 1135 1609 1172 ἐξ
1626 1137 1701 1179 l.53.
1720 1136 1811 1178 §.ula
1829 1136 1870 1168 D.
1888 1141 1919 1170 cie
1936 1146 1968 1169 re

162 1191 216 1224 sed
227 1188 428 1223 excusabitur
444 1187 497 1227 qui
512 1194 570 1226 per
585 1182 794 1216 rusticitatem
809 1190 876 1213 non
894 1181 991 1211 venit.
1015 1179 1039 1210 i·
1078 1179 1222 1220 judicata.

818 1264 1171 1300 Τιτυιυε

1230 1263 1301 1300 VI.

634 1344 676 1379 In
689 1345 745 1390 jus
758 1342 859 1377 vocati
877 1347 911 1375 ut
924 1346 1018 1383 eant,
1043 1338 1189 1387 autsatis
1209 1339 1262 1374 vel
1273 1347 1396 1375 cautum
1411 1341 1491 1377 cient.

187 1462 188 1465 η
244 1436 296 1469 Oc
307 1436 424 1469 Titulo
439 1436 563 1468 Praetor
572 1434 669 1465 etiam
684 1442 702 1464 a
716 1430 901 1463 neceffitate
911 1428 1043 1470 sequeu-

163 1438 235 1514 Η
251 1480 283 1511 di
301 1478 448 1511 liberavit
464 1487 521 1508 eos
540 1476 593 1516 qui
611 1476 717 1506 vocati
736 1475 765 1504 in
782 1474 847 1513 ius,
864 1473 963 1512 parati
972 1470 1044 1517 sunt

165 1520 284 1557 idonee
304 1519 469 1557 satisdare,
490 1518 613 1558 judicio
630 1515 689 1547 sisti
707 1523 799 1546 certo
816 1514 887 1551 die,
905 1513 995 1544 dedit
1011 1512 1044 1542 ld

165 1560 560 1602 occupationibus‚atque
575 1556 631 1595 ipfi
644 1565 746 1597 prope
757 1555 954 1587 humanitati.
973 1552 1044 1594 post

165 1607 231 1639 hoc
254 1603 350 1644 igitur
374 1600 522 1633 Edictum
547 1598 661 1631 sufficit
677 1599 708 1630 in
725 1598 774 1638 jus
794 1603 913 1641 vocato
929 1596 1044 1641 alteru-

165 1656 268 1684 trum,
284 1652 339 1675 aut
349 1643 394 1674 ire
405 1667 413 1681 ‚
430 1650 484 1674 aut
501 1641 668 1673 satisdare:
684 1639 713 1670 ἀ
725 1639 913 1679 quiduxerit
930 1636 1044 1668 nihilo-

164 1689 268 1722 minus
279 1709 288 1723 ‚
313 1685 494 1725 injuriarum
517 1691 654 1714 tenetur.
687 1680 808 1713 dandus
833 1686 939 1710 tamen
968 1677 1045 1709 fide-

164 1729 262 1773 jussor
277 1727 424 1768 locuples
441 1735 502 1767 pro
518 1725 566 1758 rei
577 1723 728 1766 qualitate
739 1733 747 1754 ε
758 1721 813 1753 nisi
830 1720 918 1752 forte
929 1718 965 1751 fit
975 1729 1045 1761 per-

811 1805 1166 1839 T1Tutus

1087 1427 1162 1460 sona
1177 1427 1347 1460 necess'aria
1362 1436 1432 1469 quae
1447 1429 1535 1470 inJ‘us
1552 1434 1707 1460 vocetur:
1724 1427 1767 1459 ibi
1789 1426 1874 1459 enim
1891 1436 1964 1469 quae·

1087 1471 1291 1509 lemcumque
1309 1471 1429 1510 accipi,
1445 1471 1537 1511 jubet
1553 1470 1692 1507 Praet0r3
1718 1469 1746 1500 ἃ
1763 1470 1792 1499 in
1812 1478 1883 1500 eum
1905 1470 1962 1509 qui

1088 1521 1152 1543 non
1175 1513 1302 1551 accepit
1319 1535 1328 1550 ‚
1358 1520 1431 1542 cum
1457 1511 1549 1543 sciret
1567 1535 1577 1550 ‚
1606 1520 1675 1542 eam
1700 1510 1966 1543 neceffitudinem

1087 1552 1310 1594 personarum,
1326 1553 1469 1593 promisit
1486 1554 1717 1593 quinquaginta
1733 1561 1901 1582 aureorum
1919 1552 1965 1591 ju-

1087 1595 1222 1626 dicium:
1241 1595 1392 1635 quoniam
1410 1603 1468 1634 pro
1487 1595 1654 1635 locuplete
1669 1593 1826 1631 accipitur
1842 1591 1968 1632 fidejus-

1088 1634 1138 1667 sor
1163 1636 1193 1667 in
1223 1635 1400 1667 necessariis
1425 1635 1566 1675 personis
1588 1635 1607 1667 l.
1628 1644 1657 1666 1.
1677 1644 1705 1665 2.
1728 1633 1764 1668 &³
1781 1644 1810 1674 3.
1830 1633 1873 1667 D.
1895 1635 1925 1667 h.
1944 1639 1968 1667 t.

1087 1677 1152 1709 Sed
1169 1678 1208 1709 de
1226 1676 1273 1709 his
1290 1677 1383 1710 latius
1398 1676 1481 1709 infra
1500 1675 1560 1709 Tit.
1580 1682 1609 1713 8.
1631 1675 1722 1716 hujus
1737 1675 1821 1708 libri.

1225 1802 1322 1839 V11.

667 1881 718 1918 Ne
737 1883 801 1928 quis
814 1892 883 1916 eum
900 1882 950 1927 qui
967 1882 999 1915 in
1010 1882 1066 1927 jus
1082 1881 1259 1923 vocabitur,
1286 1880 1318 1914 vi
1333 1881 1463 1916 eximat.

229 1979 379 2013 Drcrnm
399 1975 492 2016 hujus
505 1971 610 2005 Tituli
627 1971 669 2003 fic
687 1971 840 2011 concepit
855 1969 1048 2001 Rancliinus.

167 1983 220 2057 F
252 2022 302 2054 Ne
317 2022 382 2063 quis
398 2027 463 2050 eum
487 2017 539 2057 qui
556 2017 586 2046 in
604 2014 658 2055 jus
675 2014 845 2051 vocabitur,
871 2012 905 2043 vi
922 2013 1048 2050 eximar,

169 2073 242 2097 neve
253 2064 353 2102 faciat
370 2060 430 2092 dolo
446 2058 539 2096 malo,
555 2066 610 2097 quo
627 2056 720 2095 magis
736 2055 893 2086 eximatur.
902 2052 932 2092 fi
947 2055 1049 2084 adver-

160 2107 218 2148 sus
236 2114 269 2135 ea
278 2103 396 2144 fastum
406 2101 523 2141 suerit,
546 2099 578 2129 in
597 2096 737 2137 fabium,
761 2096 867 2137 quanti
883 2105 915 2126 ea
929 2104 971 2125 res
993 2093 1051 2135 est,

165 2147 317 2189 judicium
334 2145 412 2175 dabo.
462 2139 584 2173 Indicio
602 2139 631 2170 ei
649 2137 713 2178 ipse
734 2136 867 2168 Titulus.-
890 2137 967 2168 item
986 2136 1005 2168 l.
1022 2146 1051 2175 4.

170 2189 198 2231 §.
219 2198 247 2220 2.
263 2196 335 2218 cum
353 2185 371 2216 l.
387 2195 416 2225 5.
438 2182 479 2214 D.
500 2182 527 2212 b.
552 2186 574 2213 t.
619 2178 789 2220 Proposuit
805 2186 911 2210 autem
930 2178 1051 2209 Praetor

171 2232 237 2263 hoc
260 2227 427 2260 Edictum:
450 2231 486 2255 ut
512 2230 601 2254 metu
626 2231 730 2260 poenae
754 2220 976 2261 compesceret
994 2229 1051 2251 eos

172 2273 227 2314 qui
244 2271 274 2302 in
289 2270 338 2310 jus
356 2273 491 2299 vocatos
509 2264 539 2296 vi
557 2263 701 2303 eripiunt.
725 2270 858 2303 eratque
875 2262 943 2292 haec
963 2270 1053 2301 poena

173 2310 354 2347 necessaria.
388 2317 461 2340 nam
477 2314 549 2338 cum
566 2306 596 2337 in
612 2306 660 2345 ius
679 2305 829 2342 vocatio,
853 2303 1053 2344 sequensque

173 2355 284 2387 ductio
302 2351 466 2388 violenta,
490 2348 634 2380 clamore
649 2345 773 2377 faceret
793 2346 981 2386 plerumque
1000 2345 1054 2389 bo·

173 2398 294 2430 minum
313 2391 523 2428 concursum3
540 2396 573 2419 ut
590 2386 678 2427 supra
694 2388 841 2428 apparuit
856 2397 896 2419 ex
916 2386 1055 2418 Horatio

173 2438 222 2469 lib.
244 2446 267 2468 t.
286 2435 412 2467 Sermon.
431 2436 483 2466 lat.
499 2441 527 2468 9.
551 2429 649 2462 fiebat
667 2429 858 2470 aliquando,
875 2436 909 2460 ut
927 2438 998 2460 reus
1016 2427 1056 2458 de

175 2478 319 2513 manibus
337 2474 484 2507 vocantis
503 2474 708 2505 eximeretur.
734 2472 822 2511 quod
841 2480 881 2502 ne
898 2469 1008 2509 fieret,
1025 2479 1055 2500 e-

177 2520 260 2552 dixit
278 2519 417 2556 Praetor,
433 2514 485 2547 Ne
501 2515 571 2556 quis
588 2523 660 2546 eum
674 2513 728 2552 qui
744 2515 773 2544 in
790 2513 838 2552 jus
855 2520 1006 2550 vocatus,
1024 2511 1054 2542 vi

177 2561 318 2596 eximam
342 2560 368 2591 ἃ
389 2557 409 2590 fi
428 2564 539 2588 contra
555 2555 630 2593 fiat,
655 2555 821 2595 proposuit
840 2555 870 2585 in
889 2553 1008 2585 faCturn
1025 2562 1055 2583 a·

177 2603 330 2635 ctionem.
367 2599 442 2631 Hoc
460 2605 565 2630 autem
584 2596 737 2635 verbum,
763 2595 812 2628 Ne
829 2599 895 2637 quis
912 2604 974 2626 tam
993 2604 1055 2625 ma·

177 2653 266 2681 rem,
291 2650 384 2682 quam
409 2640 575 2673 foeminam
597 2638 745 2670 continet
769 2639 789 2669 l.
814 2646 841 2669 1.
861 2636 905 2669 D.
927 2638 960 2668 de
977 2637 1055 2668 verb.

194 2695 204 2717 ι
225 2695 255 2716 m
276 2707 283 2715 .

179 2684 296 2762 ngift‚
312 2722 407 2764 injus
424 2724 592 2753 vocabitur:
616 2722 649 2754 id
669 2719 731 2758 est,
747 2720 787 2752 ad
805 2719 1000 2751 Praetorem:
1022 2725 1058 2749 ut

180 2765 409 2809 supradictum.
426 2773 498 2795 nain
513 2763 534 2795 fi
553 2764 623 2800 quis
640 2764 763 2794 eximat
778 2769 930 2792 vocatum
949 2762 987 2792 ad
1003 2769 1056 2800 pe·

182 2811 320 2843 daneum
335 2806 495 2846 judicem:
517 2804 645 2837 cessabit
661 2813 757 2847 poena
775 2803 866 2844 hujus
879 2802 983 2836 Ediffl
1001 2802 1019 2833 l.
1030 2812 1057 2844 3.

192 2854 210 2884 '.
230 2862 255 2884 i.
276 2849 316 2881 D.
333 2850 361 2880 h.
381 2852 402 2878 c.

179 2853 200 2895 ὃ
228 2893 301 2931 Ait,
328 2889 370 2920 Vi
384 2889 504 2920 eximar.
535 2885 678 2920 Verbum
696 2887 856 2919 Eximendi
870 2886 916 2919 est
931 2894 1059 2928 genera-

181 2935 233 2974 1e3
250 2934 280 2965 ὅτ,
298 2929 497 2972 distinguitur
514 2936 662 2967 arapere.
685 2928 817 2969 Eripere
834 2930 918 2960 enim
938 2927 1001 2965 est,
1020 2927 1060 2958 de

182 2975 329 3009 manibus
339 2981 396 3013 per
412 2971 475 3002 vim
494 2968 632 3001 auferre.
657 2969 808 3001 Eximere
819 2993 828 3007 ‚
845 2978 978 3010 quoquo
989 2977 1055 3000 mo-

183 3020 228 3051 do
248 3015 393 3048 auferre:
412 3020 446 3044 ut
465 3019 561 3052 puta,
578 3009 599 3041 si
618 3010 688 3049 quis
703 3020 767 3042 non
784 3012 924 3051 rapuerit
940 3019 1056 3051 quem,

183 3059 239 3092 sed
258 3064 382 3090 moram
399 3053 533 3091 fecerit,
550 3061 615 3092 quo
635 3051 737 3083 minus
754 3052 784 3082 in
800 3053 848 3091 jus
864 3053 1006 3083 veniret:
1024 3058 1058 3082 ut

182 3101 299 3133 actioni
318 3099 384 3130 dies
400 3097 522 3133 exiret,
546 3093 596 3124 vel
613 3101 663 3123 res
680 3100 826 3131 tempore
845 3101 1055 3125 amitteretur.

182 3142 236 3174 sed
255 3142 284 3173 &
300 3140 322 3172 si
341 3149 381 3171 eo
399 3138 463 3169 loci
480 3133 663 3172 retinuerit,
681 3142 745 3164 non
762 3133 947 3165 abduxerit:
972 3135 1058 3165 vide-

182 3184 270 3215 bitur
295 3179 445 3213 exemiffe
461 3201 471 3216 ‚
503 3176 646 3217 quamvis
671 3183 787 3213 corpus
815 3183 876 3204 non
903 3177 1060 3206 exemerit

181 3225 203 3257 l.
222 3235 250 3264 4.
270 3221 310 3254 D.
327 3223 353 3252 b.
370 3228 389 3252 t.
408 3222 513 3260 itaque
531 3225 680 3255 exempta
696 3215 778 3246 aftio
795 3215 910 3245 dicitur
926 3216 945 3246 ι.
963 3220 1009 3246 26.
1030 3217 1058 3257 ᾗ.

182 3275 212 3309 4.
229 3266 273 3300 D.
295 3263 345 3298 Ex
359 3265 462 3305 quibus
477 3259 569 3302 caztfis
580 3259 706 3301 majores.
722 3257 818 3292 Plane
835 3265 909 3291 cum
921 3257 963 3289 ait
978 3257 1059 3290 Prae-

1093 1975 1165 2006 tor,
1181 1968 1216 1999 «υἱ
1229 1970 1356 2009 eximat,
1372 1969 1410 2001 ad
1427 1967 1577 2001 effaetum
1589 1966 1736 2008 respicit:
1754 1967 1783 2000 &
1799 1967 1885 1999 recle
1901 1976 1972 1999 mo-

1092 2018 1149 2041 net
1167 2009 1331 2052 ,Ulpianus
1346 2011 1365 2042 l.
1382 2022 1412 2052 5.
1429 2011 1460 2052 §.
1481 2021 1509 2042 2.
1530 2009 1571 2040 D.
1589 2009 1616 2040 h.
1632 2017 1653 2040 t.
1687 2009 1828 2040 atrorem
1854 2009 1974 2040 debere·

1092 2053 1230 2091 docere,
1246 2061 1304 2092 per
1320 2053 1401 2084 hanc
1415 2051 1656 2090 exemptionem
1677 2050 1739 2082 effe
1751 2049 1868 2082 fastum
1879 2074 1889 2089 ,
1904 2060 1973 2090 quo

1093 2093 1197 2124 minus
1215 2103 1287 2126 reus
1304 2094 1335 2125 in
1349 2094 1397 2134 ius
1415 2094 1658 2133 produceretur.
1681 2101 1752 2124 nam
1772 2091 1794 2124 fi
1811 2091 1974 2123 nihilomi-

1094 2143 1151 2171 nus
1167 2135 1197 2165 in
1213 2136 1261 2175 jus
1277 2134 1452 2175 productus
1468 2133 1530 2166 est:
1554 2134 1614 2170 ait,
1639 2132 1756 2164 cessare
1773 2142 1923 2174 poenam3
1940 2133 1973 2164 δε

1094 2175 1246 2216 praefatur
1256 2200 1264 2216 ‚
1276 2177 1365 2217 quod
1376 2176 1472 2207 verba
1485 2185 1557 2207 cum
1569 2174 1685 2206 effectu
1696 2175 1883 2215 accipienda
1894 2174 1975 2205 sunt.

1138 2218 1191 2248 Ait
1209 2218 1305 2259 igitur
1320 2218 1460 2255 Praetor‚
1479 2217 1522 2249 Vi
1534 2219 1649 2248 eximat.
1675 2217 1723 2248 An
1741 2216 1771 2248 &
1788 2216 1893 2248 dolo?
1916 2214 1974 2247 Ul-

1096 2259 1207 2301 pianus
1232 2261 1252 2290 l.
1278 2270 1308 2301 3.
1333 2259 1362 2301 §.
1390 2270 1416 2291 2.
1440 2258 1483 2290 D.
1509 2259 1537 2290 h.
1560 2264 1580 2289 t.
1605 2257 1720 2289 sufficit
1736 2281 1746 2297 ‚
1777 2258 1900 2298 inquit,
1922 2257 1976 2296 vi,

1098 2301 1244 2341 quamvis
1264 2301 1356 2333 dolus
1374 2302 1475 2332 malus
1492 2299 1600 2332 cesset.
1624 2299 1706 2331 Fac:
1721 2301 1830 2340 (quod
1847 2308 1899 2330 me
1915 2299 1974 2329 do-

1098 2343 1164 2373 cuit
1183 2342 1365 2374 Bachovius
1378 2366 1387 2381 ‚
1405 2344 1442 2374 ad
1459 2342 1542 2373 Part.
1561 2350 1587 2372 1.
1609 2341 1702 2373 Pand.
1714 2347 1744 2382 p,
1761 2345 1829 2378 480.
1847 2339 1976 2381 &st-⁷11.)

1098 2385 1209 2423 aliquis
1236 2385 1266 2415 vi
1294 2385 1415 2416 exemit
1440 2393 1513 2414 eum
1539 2392 1633 2423 quem
1651 2392 1709 2423 per
1724 2390 1865 2413 errorem
1883 2389 1975 2421 putat

1099 2435 1163 2457 non
1183 2425 1321 2464 potuiffe
1340 2426 1432 2465 injus
1451 2426 1568 2456 vocari.
1593 2433 1658 2455 non
1676 2423 1720 2453 est
1737 2423 1841 2454 dolus.
1867 2430 1974 2453 tamen

1098 2468 1146 2498 vis
1163 2467 1224 2498 est:
1243 2468 1272 2498 &
1289 2468 1357 2498 haec
1372 2466 1488 2498 Edicto
1506 2465 1640 2504 sufficit,
1661 2463 1718 2495 etfi
1735 2472 1844 2495 errore
1862 2464 1978 2495 admis-

1099 2509 1128 2540 sa
1145 2508 1208 2540 fine
1225 2508 1313 2540 dolo.

1140 2552 1193 2581 Ait
1217 2551 1359 2588 Praetor‚
1384 2549 1469 2580 Neve
1487 2548 1583 2587 faciat
1608 2547 1669 2578 dolo
1693 2546 1786 2585 malo,
1810 2556 1867 2588 quo
1882 2548 1976 2588 magis

1099 2594 1281 2624 eximeretur.
1305 2591 1336 2622 Si
1352 2600 1409 2631 per
1425 2590 1519 2621 aliurn
1538 2590 1606 2628 quis
1623 2589 1799 2620 exemerit:
1818 2592 1875 2619 bac
1892 2589 1977 2619 clau·

1098 2635 1161 2665 sula
1186 2641 1330 2671 tenetur,
1354 2632 1417 2663 five
1437 2629 1574 2670 praesens
1598 2629 1681 2668 fuit,
1702 2630 1764 2661 sive
1782 2630 1891 2661 absens
1908 2630 1927 2660 l.
1945 2639 1977 2670 5.

1100 2676 1141 2708 D.
1161 2676 1189 2707 h.
1210 2681 1232 2706 t.
1264 2674 1352 2714 quod
1377 2680 1482 2704 autem
1507 2672 1594 2703 addit
1621 2671 1761 2709 Praetor,
1787 2672 1861 2703 Dolo
1884 2671 1976 2709 malo,

1099 2717 1185 2750 recte
1209 2717 1308 2748 addit.
1340 2723 1412 2746 nam
1438 2713 1543 2753 potest
1560 2713 1623 2744 fine
1641 2714 1719 2744 dolo
1738 2713 1822 2744 malo
1839 2713 1870 2744 id
1886 2712 1975 2744 fieri:

1101 2758 1220 2797 veluti,
1234 2766 1306 2788 cum
1326 2756 1371 2788 est
1384 2755 1461 2796 justa
1478 2755 1565 2786 causa
1583 2755 1797 2794 exemptionis
1816 2754 1834 2785 l.
1846 2764 1875 2794 4.
1887 2753 1977 2795 §.ula

1102 2801 1142 2832 D.
1163 2801 1190 2831 h.
1210 2806 1230 2830 ε.
1263 2798 1309 2830 Ea
1326 2808 1375 2829 res
1393 2798 1497 2828 movit
1515 2794 1665 2834 Ofilium,
1691 2804 1724 2827 ut
1742 2803 1887 2836 putaret,
1911 2803 1977 2826 non

1102 2841 1165 2874 ess'e
1189 2840 1306 2872 Edicto
1327 2841 1454 2877 locum,
1477 2837 1498 2870 fi
1516 2837 1649 2877 persona
1668 2847 1737 2878 quae
1756 2839 1788 2868 in
1802 2838 1849 2878 jus
1868 2835 1978 2866 vocari

1102 2893 1168 2916 non
1186 2883 1314 2923 potuit,
1331 2888 1482 2919 exempta
1499 2879 1561 2911 est:
1578 2879 1676 2910 veluti
1694 2888 1807 2918 parens
1826 2880 1853 2909 ἀ
1873 2886 1980 2918 patro—

1102 2934 1161 2957 nus
1173 2948 1182 2964 ,
1206 2932 1395 2963 caeteraeque
1412 2921 1564 2962 personae.
1588 2921 1618 2952 &
1635 2922 1677 2951 ait
1695 2919 1868 2961 Ulpianus,
1892 2917 1978 2964 quod

1102 2977 1140 2999 ea
1161 2966 1316 2998 sententia
1333 2964 1387 3005 ipsi
1407 2964 1534 2994 videtur
1549 2963 1672 2994 verior:
1697 2963 1724 2993 ἃ
1745 2962 1834 2997 sane,
1853 2963 1976 3003 inquit,

1101 3008 1123 3041 fi
1146 3008 1279 3048 deliquit
1305 3008 1357 3048 qui
1384 3012 1498 3042 vocat,
1523 3013 1586 3035 non
1615 3004 1750 3043 deliquit
1777 3001 1830 3041 qui
1858 3005 1979 3031 exemit

1101 3051 1120 3082 l.
1141 3059 1165 3082 1.
1185 3049 1215 3091 §.
1235 3059 1263 3081 2.
1289 3047 1326 3081 D.
1344 3048 1371 3078 h.
1391 3052 1412 3078 t.
1446 3045 1586 3086 Ulpiano
1603 3044 1765 3076 subscribit
1784 3042 1892 3072 Paulus
1911 3040 1928 3085 ζ.
1947 3048 1975 3085 ‘f'-

1102 3091 1150 3123 D.
1162 3094 1221 3122 eod.
1237 3099 1309 3122 nam
1321 3113 1330 3128 ‚
1349 3088 1516 3128 inquiens,
1530 3089 1602 3118 c'utn
1621 3094 1753 3123 uterque
1770 3090 1881 3113 contra
1901 3080 1976 3111 hdi-

1103 3132 1187 3165 &tum
1205 3131 1323 3170 faciat,
1347 3132 1376 3161 ἃ
1399 3130 1532 3162 libertus
1550 3128 1601 3168 qui
1621 3132 1789 3168 patronum
1807 3129 1921 3158 vocat,
1948 3122 1979 3153 &

1102 3176 1129 3206 is
1146 3175 1198 3215 qui
1216 3181 1384 3215 patronum
1401 3172 1431 3202 vi
1448 3171 1585 3208 eximat,
1602 3167 1881 3210 deteriore‘tamen
1900 3164 1976 3194 loco

1104 3216 1237 3248 libertus
1258 3214 1321 3253 est,
1347 3214 1399 3253 qui
1420 3213 1450 3243 in
1470 3210 1559 3242 fimili
1577 3208 1692 3240 delicto
1710 3213 1856 3251 petitotis
1873 3212 1976 3244 partes

1103 3256 1243 3291 sustinet.
1276 3255 1398 3287 Eadem
1415 3253 1548 3294 aequitas
1563 3249 1608 3282 est
1625 3250 1655 3281 in
1675 3256 1716 3280 eo
1735 3248 1788 3287 qui
1805 3249 1868 3279 alio
1885 3251 1977 3315 ςυεῐὲ

1911 3294 1951 3325 qu
