2036 3495
241 103 625 138 DISSERTATIO
670 98 888 134 TERTM.
929 109 988 135 DE
1028 99 1365 146 JURESUMMI
1408 101 1640 140 IMPERII
1677 105 1747 141 ἃς.

98 190 251 225 consensu
279 190 479 230 effecerunt,
506 196 540 220 ut
558 189 611 229 qui
627 195 700 219 ante
718 187 827 229 finguli
849 189 976 221 diverfi-

97 243 161 274 que
182 241 291 270 erant,
316 242 345 264 in
363 233 459 264 ciVile
477 232 688 266 convenirent
705 239 839 270 corpus:
862 231 892 262 in
912 241 976 272 quo

98 275 149 307 sua
166 275 286 314 quique
303 274 449 305 libertate
467 275 509 304 ita
529 279 690 310 uteretur,
714 280 753 302 ne
770 272 904 304 alienam
923 275 976 304 im-

97 318 278 355 minueret3
302 325 339 346 ac
364 315 383 347 fi
409 316 479 354 quis
497 315 584 345 secus
609 312 753 350 faceret,
778 321 811 343 ut
830 314 976 346 adversus

99 359 186 390 hunc
204 357 252 388 sua
269 359 384 397 cuique
402 357 548 394 libertas,
570 362 640 385 non*
654 362 687 384 ut
702 363 775 385 ante
792 355 916 394 privato
929 356 975 395 Ju-

99 410 153 438 re,
179 398 230 430 sed
247 398 471 430 communibus
489 395 626 427 confiliis
643 404 738 436 atque
755 396 885 435 opibus,
919 398 975 428 ier-

97 450 242 472 vareiur:
266 449 338 470 curn
365 448 443 470 vero
468 438 704 478 intelligerent,
727 445 820 477 quam
847 438 976 470 difficile

97 482 206 521 foret,
223 480 383 512 universos
401 479 524 520 singulis
542 479 719 509 convenire
736 483 908 510 momentis
921 490 974 520 pu-

97 524 173 555 blici
190 523 367 564 privatique
380 522 453 560 juris
469 521 661 559 expediendi
674 522 793 560 gratia;
814 530 910 561 atque
930 523 974 552 in-

98 566 191 596 terim
210 563 332 595 nect—lie
350 562 431 599 esse,
449 561 577 593 Naturae
596 562 664 601 lege
679 562 830 593 vindicari
848 564 901 601 qui
919 572 975 603 pei·

97 605 284 637 societatem
311 605 369 635 tuti
391 603 453 635 effe
479 612 542 634 non
562 603 703 642 pollent,
729 603 826 635 Visum
844 613 975 645 quoque

97 649 160 679 fuit
173 671 181 685 ‚
206 657 224 677 e
241 656 272 677 re
291 645 434 677 omnium
453 643 533 682 esse,
557 646 686 685 publice
704 644 852 676 constitui
873 646 973 677 virum

96 689 242 729 spetiatae
258 688 286 718 ἂ
303 685 379 718 fidei
396 687 425 718 &
442 687 617 726 prudentiae
629 711 637 725 ,
657 688 709 727 qui
729 688 854 717 tuenda:
873 687 973 718 inten-

98 739 148 761 tus
173 729 335 765 societati,
360 730 495 768 partium
512 727 663 760 defideria
682 728 744 758 fine
760 729 802 759 ira
815 753 822 766 ‚
847 728 910 759 fine
927 728 973 759 af—

94 771 182 802 fectu
193 794 201 809 ,
218 779 259 801 ex
269 771 412 801 omnium
429 769 480 801 usu
492 770 521 800 ἃ
539 771 661 800 audiret
672 793 682 807 ‚
700 771 728 800 dt
739 779 971 809 componeret,

96 813 125 844 ἃ
148 821 319 843 commune
336 809 466 842 Naturae
481 811 529 851 jus
553 811 740 851 aequalitatis
756 810 970 842 conservatio·

94 864 135 885 ne
152 853 390 893 exsequeretur.
416 853 447 883 id
465 861 594 892 quoque
612 861 646 883 ut
662 852 770 884 facere
794 852 896 892 poil'et
919 853 970 883 ad·

94 894 200 927 versus
213 895 323 925 stultos
340 903 435 933 atque
452 895 616 934 improbos
633 895 685 933 qui
705 895 807 926 civilis
820 895 893 924 vitat
908 893 971 924 fru-

96 936 180 969 Ctum
198 944 294 976 atque
320 936 487 967 utilitatem
509 936 558 966 vel
577 945 632 975 per
650 935 825 967 socordiam
844 944 908 966 non
925 934 971 966 iri-

96 979 296 1019 telligcrent,
323 977 373 1007 vel
393 987 448 1017 per
465 977 619 1007 ferociam
636 976 892 1015 aspernarentur3
910 977 973 1016 pla·

94 1021 180 1054 cuit,
206 1018 343 1060 singulos
364 1028 439 1058 quas
457 1028 472 1049 a
492 1018 612 1049 Natura
629 1026 819 1058 acceperant
839 1019 920 1049 vires
938 1027 971 1048 o-

94 1070 235 1103 pesque,
259 1071 285 1091 ei
305 1062 333 1091 ἁ
350 1062 380 1090 in
402 1070 474 1091 eum
494 1058 674 1090 transferre.

137 1102 215 1133 l-laec
231 1111 297 1141 quo
314 1101 495 1141 pertinent,
514 1102 566 1132 ΛΑ
578 1103 594 1132 ἱ)
611 1109 746 1141 nempe,
765 1106 800 1131 ut
816 1100 949 1140 probem
961 1121 970 1137 ,

94 1153 159 1175 non
181 1151 215 1174 ut
235 1144 378 1174 humanae
392 1143 439 1182 jus
460 1142 713 1182 conjunfflonss,
731 1141 771 1173 fic
787 1141 969 1180 Principem

94 1184 216 1216 Natura
234 1185 428 1224 comparari:
443 1183 494 1214 sed
512 1184 677 1221 homines,
693 1193 765 1214 cum
784 1183 876 1212 initio
894 1182 970 1212 libe-

94 1227 119 1256 ri
138 1226 237 1258 efi‘ent
264 1227 347 1264 nati,
371 1225 490 1265 ipsique
508 1224 569 1255 suae
590 1226 713 1264 judices
730 1224 875 1255 utilitatis
894 1232 971 1254 con-

94 1268 214 1306 ssituti,
239 1269 366 1298 deinum
390 1266 570 1306 Principem
593 1265 644 1296 sua
668 1265 834 1296 voluntate
860 1274 896 1295 ac
921 1274 969 1304 pa-

94 1309 202 1341 ssione
215 1307 384 1339 inveniss'e:
408 1307 438 1338 δί
455 1306 598 1347 quamvis
616 1306 793 1338 desinerent
806 1306 880 1336 inde
896 1315 969 1346 pro-

93 1351 169 1391 priae
191 1350 335 1381 vindices
361 1347 423 1380 eise
448 1349 624 1387 libertati33
649 1348 792 1388 nihilque
804 1347 868 1387 jam
886 1348 969 1378 velle

91 1391 238 1432 poiient3
262 1390 317 1422 nifi
343 1390 430 1430 quod
447 1390 595 1421 omnibus
612 1391 794 1422 conducere
815 1398 969 1428 interpre-

94 1442 212 1465 taretur
230 1442 324 1473 quem
343 1432 470 1463 summae
488 1432 531 1462 rei
549 1431 806 1472 praeposuerant:
824 1430 910 1461 hunc
927 1440 969 1461 ta-

94 1485 168 1508 men
188 1484 252 1505 non
269 1474 405 1514 publicae
431 1473 636 1504 decoctorem
660 1473 825 1510 utilitatis,
850 1471 903 1516 sed
918 1482 969 1502 cu-

94 1516 219 1547 stodem
242 1515 465 1555 rectoremque
489 1513 703 1553 constituisse3
728 1523 787 1545 nec
803 1514 869 1553 ejus
887 1514 916 1544 ie
936 1514 969 1544 li-

92 1557 194 1589 bidini
217 1565 269 1587 aut
293 1556 434 1594 insaniat,
460 1555 512 1588 sed
529 1557 637 1588 tutelae
654 1565 691 1587 ac
709 1555 782 1587 fidei
801 1554 970 1586 tradidisse·

93 1600 144 1630 An
163 1597 412 1637 praesumendum
428 1605 512 1636 erat,
530 1597 675 1628 nomines
689 1597 804 1632 mentis
819 1596 898 1628 sanae
915 1598 969 1637 qui

95 1639 126 1671 in
143 1639 306 1670 civitatem
327 1648 364 1669 ac
383 1638 440 1669 sub
459 1638 626 1678 imperium
643 1639 792 1676 coibant,
809 1647 849 1669 ne
869 1647 924 1677 per
939 1647 969 1668 a·

96 1681 213 1712 liorum
231 1681 294 1712 vim
307 1688 402 1719 atque
413 1680 552 1719 injuriam
564 1679 694 1711 Naturae
712 1678 867 1711 beneficia
882 1680 967 1711 amit>

96 1729 221 1760 terent,
246 1731 286 1752 eo
309 1722 478 1752 dementiae
495 1721 630 1760 veniffe3
655 1730 689 1751 ut
707 1720 877 1752 constituta
894 1721 969 1752 civi-

97 1771 164 1794 tate
189 1772 284 1802 atque
308 1763 462 1801 imperio,
485 1763 549 1802 ejus
575 1761 669 1793 finem
697 1771 909 1801 everterent,
933 1772 970 1794 ac

96 1803 227 1836 Natura:
247 1806 331 1835 bona
355 1804 385 1834 in
406 1803 446 1833 sui
477 1804 633 1835 honorem
654 1803 856 1844 Magistratus
874 1805 968 1844 proji-

96 1854 227 1883 cerent,
250 1845 291 1875 ita
309 1851 342 1875 ut
368 1846 519 1884 exemplo
540 1845 698 1885 pecudum
718 1846 841 1876 ratione
861 1855 969 1877 caren-

98 1888 196 1923 tium,
219 1887 334 1918 deinde
358 1895 422 1917 non
447 1886 478 1916 in
506 1885 591 1917 suurn
609 1909 618 1924 ,
650 1885 702 1917 sed
727 1886 856 1917 alterius
881 1886 969 1919 usum

97 1928 218 1959 fructus
237 1927 341 1965 ferre,
358 1927 488 1966 ejusque
503 1928 635 1958 arbitrio
651 1927 753 1968 pasci,
769 1928 816 1968 agi
827 1948 836 1966 5
849 1929 968 1969 mulge-

95 1970 140 2004 ri,
159 1969 300 2006 tonderi,
323 1968 472 2009 jugulari,
489 1969 636 2010 deglubi,
659 1978 696 2000 ac
713 1970 879 2009 devorari,
904 1970 970 2000 vel-

94 2010 188 2042 lent?
205 2008 300 2040 Abfit.
317 2019 381 2040 non
397 2010 429 2041 id
446 2010 545 2048 ratio,
563 2020 627 2041 non
647 2012 827 2042 communis
846 2010 968 2050 sensus,

94 2060 159 2084 non
177 2051 228 2082 lex
245 2049 390 2088 Numi-ze,
410 2051 556 2090 patiatur.
582 2060 644 2082 nec
661 2061 738 2083 vero
754 2052 970 2092 principatus,

93 2101 148 2123 aut
169 2101 301 2132 regnum
323 2091 448 2133 fingulis
473 2092 563 2124 causa
587 2092 649 2124 fuit
667 2117 676 2131 ,
699 2102 755 2124 cur
779 2092 808 2124 se
831 2094 968 2134 imperio

92 2133 304 2173 subjicerent3
327 2132 429 2165 sedait
452 2135 517 2174 ejus
533 2135 743 2165 veneratione
759 2134 814 2166 suo
832 2138 967 2176 quisque

93 2176 199 2206 animo
210 2198 219 2213 ‚
236 2183 393 2214 corpore,
408 2174 564 2213 fortunis,
581 2176 680 2207 libere
697 2175 869 2217 secureque
884 2176 967 2208 frue-

92 2224 200 2254 retur,
216 2216 340 2256 publica
358 2225 451 2255 quam
468 2216 517 2247 sua
532 2217 650 2257 judicia
669 2218 818 2249 maluere.
850 2218 966 2259 Igitur,

91 2257 115 2293 fi
132 2258 170 2288 de
184 2257 387 2298 'jureimperii
406 2259 573 2298 quzei-itu-r,
589 2258 720 2300 defungi
738 2260 860 2300 poffim.
876 2261 967 2291 intel-

91 2299 189 2339 ligitis
207 2299 310 2337 enim,
334 2299 571 2340 magistratum,
596 2300 737 2340 quisquis
755 2300 820 2339 est,
846 2301 876 2332 in
893 2301 966 2333 suos

90 2342 197 2378 cives,
221 2342 316 2380 inque
333 2349 443 2372 eorum
461 2341 630 2372 facultates
647 2365 656 2378 ,
686 2343 812 2373 demum
830 2351 899 2373 eam
916 2352 965 2373 ac-

90 2381 208 2421 cepiss'e
227 2381 423 2427 ‘potestatem
451 2391 545 2421 quam
570 2383 680 2422 poscat
698 2383 835 2424 publicae
852 2385 985 2426 modus¹

88 2421 270 2455 societatis:
286 2422 349 2454 fine
365 2432 424 2463 qua
441 2424 536 2465 longe
552 2424 600 2455 sua
618 2425 775 2464 cuique&
794 2426 922 2456 libertas
934 2426 965 2457 &

87 2463 236 2496 securitas
254 2463 358 2495 foret:
375 2474 412 2495 ac
429 2464 447 2496 fi
467 2466 603 2505 publicis
626 2466 820 2506 privatisque
847 2467 965 2507 opibus

88 2514 125 2536 ac
150 2507 266 2537 viribus
291 2507 370 2537 ultra
398 2507 443 2538 uti
464 2507 560 2547 velit,
585 2516 651 2538 non
673 2517 732 2548 pro
748 2507 897 2549 Principe
912 2516 965 2538 aut

88 2545 277 2587 magistratu
294 2556 398 2587 agere.
919 2550 925 2555 ’

132 2587 215 2618 Mihi
241 2587 282 2619 fic
308 2590 433 2620 videtui·
451 2613 460 2627 ,
484 2589 566 2621 AA:
589 2589 663 2628 sed,
686 2589 707 2621 fi
729 2600 820 2621 aures
847 2590 964 2622 vestras

88 2627 206 2659 fortior
229 2627 415 2669 praestringit
440 2631 610 2669 lententia,
635 2631 710 2662 licet
727 2632 896 2663 diffentire.
922 2633 965 2663 ni·

87 2669 133 2700 hil
153 2669 236 2700 enim
253 2677 446 2709 extorqueo.
467 2681 562 2703 unum
581 2682 680 2713 rogo:
704 2681 738 2703 ut
754 2675 785 2704 in
803 2683 869 2705 rem
887 2683 964 2713 prae-

86 2710 209 2741 sentem
236 2711 388 2748 veniatis,
411 2720 506 2751 atque
523 2712 596 2753 ipsi,
621 2724 687 2745 non
713 2715 815 2745 dicam
833 2715 963 2754 animis,

86 2751 141 2782 sed
158 2751 259 2781 oculis
277 2752 385 2781 vestris
401 2761 529 2783 omnem
547 2754 642 2785 delati
658 2756 783 2795 imperii
794 2755 964 2787 formulam

87 2801 197 2823 coram
217 2791 432 2823 confideretis.
478 2793 524 2824 Ea
540 2796 624 2826 enim
643 2795 662 2827 fi
681 2797 890 2836 convenerim
908 2806 962 2834 ut,

87 2836 176 2871 Quod
200 2832 392 2872 justissimum
410 2833 474 2872 est,
496 2836 637 2867 omnium
654 2835 731 2868 salus
748 2837 890 2877 suprema
911 2839 964 2869 leit

86 2874 142 2906 sit:
160 2875 229 2914 quis
244 2875 388 2912 dubitet,
408 2874 584 2915 Principem
603 2878 655 2916 qui
672 2887 713 2917 eo
731 2878 860 2910 subsistit
879 2879 962 2917 fine,

86 2916 202 2956 Populi
220 2915 408 2946 auctoritate
426 2917 470 2946 uti
483 2938 492 2953 ‚
513 2924 608 2955 atque
625 2920 712 2949 omni
729 2920 815 2958 jure,
839 2921 867 2951 &
885 2921 964 2951 divi-

86 2967 132 2989 no
156 2957 185 2988 &
206 2958 362 2993 humano,
387 2957 498 2995 punire
515 2967 606 2995 cum,
631 2968 726 2998 quem
750 2960 849 3000 liquet
866 2962 962 3001 negli-

86 3008 164 3039 gere
181 2999 286 3039 legem
309 2998 337 3027 in
365 3006 457 3036 quam
482 3007 540 3034 pro
566 2999 682 3029 tuenda
706 3003 848 3032 omnium
866 3002 961 3032 salute

87 3040 281 3071 &libertate
299 3048 412 3070 omnes
431 3039 560 3069 naturali
578 3040 719 3076 ratione,
744 3042 775 3071 id
792 3042 836 3073 est
849 3066 858 3080 ‚
883 3043 961 3073 divi-

86 3090 127 3112 na
153 3081 341 3117 voluntate,
365 3079 578 3111 consensere?
610 3081 650 3113 At
675 3080 693 3111 si
721 3081 846 3123 longius
871 3093 960 3123 egre-

87 3123 170 3153 ditur
195 3121 344 3161 Princeps
365 3144 374 3157 ,
399 3121 428 3152 ἃ
454 3121 605 3160 publicis,
630 3122 823 3161 privatisque
847 3123 960 3164 Populi

87 3162 206 3193 viribus
222 3162 400 3203 opibusque
419 3172 483 3193 non
508 3164 537 3192 in
559 3163 622 3201 ejus
641 3164 746 3202 ulum,
763 3164 814 3195 sed
831 3174 889 3205 pro
909 3163 958 3197 sua

86 3203 235 3239 libiiine,
260 3212 355 3243 atque
383 3204 419 3234 ati
446 3205 509 3243 ejus
538 3205 668 3237 exitium
699 3205 856 3236 abutitur:
880 3209 956 3247 quid

83 3244 189 3276 verius
210 3243 274 3283 est,
299 3253 392 3286 quam
417 3253 543 3285 privato
564 3254 635 3284 Jure
651 3256 743 3287 agere
761 3246 824 3279 fine
840 3248 956 3289 Populi

1828 119 1898 152 511

1018 189 1231 222 auctoritate?
1254 189 1327 222 Nec
1341 191 1402 230 iam
1421 191 1540 224 referre
1558 194 1627 234 quis
1644 195 1719 226 mihi
1737 195 1840 229 dicat:
1862 207 1895 230 u·

1021 239 1103 262 trum
1122 232 1223 272 palam
1243 232 1368 272 pactum
1388 233 1441 273 fit3
1465 242 1498 265 ut
1515 234 1579 266 hoc
1601 245 1697 277 agens
1722 237 1894 279 Princeps,

1019 272 1076 303 illo
1093 273 1378 306 excidatnomine:
1395 284 1433 306 an
1444 275 1472 306 ei
1490 276 1589 316 pofita
1600 287 1664 310 non
1683 277 1718 310 fit
1735 279 1788 311 lex
1805 289 1894 311 com-

1021 312 1177 346 mifforia:
1201 314 1340 355 scilicet,
1365 316 1436 357 quia
1449 317 1498 357 jus
1513 318 1637 360 imperii
1663 329 1728 352 non
1746 321 1893 361 aliunde,

1021 363 1114 395 quam
1130 365 1146 385 a
1163 355 1289 395 Populo
1306 358 1421 397 habet3
1437 368 1497 389 nec
1513 360 1565 391 liic
1583 361 1636 392 ulli
1654 369 1730 393 nato
1749 362 1903 403 homini,

1021 395 1074 427 nifi
1093 397 1147 427 suo
1164 397 1370 438 obstringitur
1386 399 1548 432 consensu.
1574 411 1724 435 caeterum
1743 405 1773 435 in
1792 403 1894 436 Natu»

1018 447 1058 469 rae
1076 447 1216 469 moratur
1233 439 1400 472 libertate:
1417 450 1478 482 qua
1495 451 1568 474 euin
1584 444 1731 478 adversus
1748 445 1893 485 hostem,

1017 480 1260 524 qualiscumque
1283 480 1336 519 fit,
1362 481 1419 514 suis
1438 483 1557 515 viribus
1582 495 1641 525 pro
1665 486 1716 518 sua
1741 488 1892 519 aliorum-

1018 529 1081 560 que
1097 522 1193 552 lalute
1210 531 1246 552 ac
1265 522 1412 559 libertate
1430 524 1496 564 uti,
1513 524 1577 557 sive
1594 527 1696 567 ratio,
1722 528 1786 560 five
1802 528 1895 562 Deus

1018 563 1206 602 permittere
1225 563 1311 594 credi
1329 565 1437 596 debet.

1042 603 1156 650 'Est03
1179 604 1199 634 fi
1226 604 1367 644 Populus
1391 607 1554 648 Principes
1571 609 1668 640 certis
1685 609 1827 651 alligavit
1851 611 1895 643 le-

1017 646 1119 685 gibus.
1163 645 1226 676 Sed
1251 647 1327 686 quid
1345 671 1355 686 ‚
1379 646 1400 678 fi
1422 649 1507 682 nulla
1531 650 1743 682 intervenerit
1769 652 1893 691 pactio,

1017 687 1166 726 Principe
1191 687 1374 727 fimpliciter
1399 689 1601 723 constituto?
1625 690 1715 724 Deus
1742 693 1894 725 meliora!

1017 728 1114 768 Atqui
1131 737 1195 759 non
1212 730 1255 759 rei
1275 730 1445 770 indignitas
1458 732 1611 772 impedit,
1636 742 1701 773 quo
1719 736 1820 765 minus
1836 735 1894 766 iin-

1017 772 1158 809 perium,
1182 771 1325 810 quamvis
1348 773 1579 812 imprudentius
1597 797 1606 813 ‚
1638 783 1744 806 tamen
1776 776 1828 807 vel
1851 775 1893 807 fic

1015 810 1187 841 deferatur.
1216 811 1313 850 quin,
1338 812 1360 844 fi
1384 823 1452 854 quae
1478 813 1559 846 fides
1583 816 1747 847 vetustatis
1771 820 1895 849 memo&

1014 853 1066 882 riae
1079 875 1088 889 ,
1112 852 1301 892 plerumque
1319 853 1382 885 hoc
1400 856 1557 896 contigit,
1582 857 1713 890 rudibus
1728 858 1836 889 adhuc
1851 857 1896 889 se-

1015 893 1187 938 culis‚·ubi
1213 893 1335 934 Regem
1359 905 1423 927 non
1451 897 1587 937 partium
1614 898 1732 930 studia.
1756 898 1807 931 sed
1828 899 1894 941 spe-

1015 934 1097 964 ctata
1116 942 1198 964 inter
1216 935 1321 966 bonos
1336 939 1520 968 moderatio
1538 939 1752 979 producebat.
1777 941 1854 973 Hoc
1869 942 1893 972 i·

1015 976 1099 1015 gitur
1116 974 1137 1005 fi
1155 974 1210 1012 fit,
1229 977 1534 1022 agitari-&publica
1553 980 1709 1022 Principis
1725 991 1838 1022 manu3
1864 982 1895 1014 &

1014 1017 1149 1048 liberum
1167 1017 1264 1047 habet
1281 1018 1445 1050 arbitrium
1465 1023 1517 1060 qui
1542 1023 1637 1053 nullis
1660 1024 1834 1055 includitur
1856 1023 1893 1055 fi-

1014 1058 1126 1089 nibus:
1151 1067 1211 1088 nec
1237 1066 1341 1103 tamen
1366 1062 1484 1099 patitur
1510 1061 1637 1095 humani
1653 1065 1736 1096 ratio
1751 1065 1890 1104 confilii;

1014 1108 1050 1130 ut
1075 1100 1122 1139 jus
1147 1100 1275 1139 probri,
1299 1101 1443 1139 iceleris,
1467 1112 1503 1133 ac
1522 1103 1650 1145 flagitii,
1677 1106 1829 1148 Princeps
1844 1116 1894 1138 ac-

1015 1140 1132 1182 cepiss'e
1147 1150 1188 1172 eo
1204 1141 1419 1173 existimetur:
1436 1145 1524 1183 quod
1543 1146 1582 1176 de
1600 1155 1640 1177 eo
1659 1147 1741 1179 bene
1757 1147 1894 1189 speravit

1014 1182 1155 1222 Populus
1174 1184 1225 1222 qui
1247 1192 1338 1222 eum,
1364 1184 1447 1223 quafi
1465 1186 1568 1217 virum
1589 1187 1730 1227 bonum,
1755 1190 1892 1229 publicae

1015 1224 1212 1263 privataeque
1239 1225 1385 1257 utilitatis
1410 1225 1658 1267 disceptatorem
1683 1229 1806 1271 elegit3
1831 1240 1893 1262 nec

1013 1274 1094 1305 opus
1119 1264 1180 1296 esse
1207 1267 1331 1306 putavit
1350 1290 1360 1305 ,
1384 1276 1478 1306 quem
1506 1276 1612 1307 tanta,
1637 1278 1768 1311 tamque
1793 1272 1893 1303 libera

1012 1307 1145 1338 ornabat
1161 1307 1334 1347 potestate,
1352 1308 1449 1349 pactis
1467 1309 1614 1349 adstringi
1633 1312 1671 1343 ad
1688 1313 1719 1343 id
1741 1314 1829 1353 quod
1848 1314 1893 1344 ul-

1013 1358 1063 1379 tro
1088 1348 1226 1381 facturus
1251 1350 1430 1381 videbatur.
1456 1353 1554 1392 magis
1577 1351 1719 1393 Populus
1736 1364 1809 1386 cum
1825 1364 1893 1386 non

1013 1390 1162 1429 expreflis
1172 1389 1340 1422 acdisertis
1358 1392 1463 1424 verbis
1480 1393 1508 1423 ei
1522 1392 1712 1427 infrenatam
1730 1396 1817 1427 dedit
1834 1405 1893 1436 po-

1015 1432 1180 1471 testatem,
1204 1433 1302 1463 tacite
1326 1433 1435 1473 pactus
1459 1433 1606 1474 videtur;
1631 1444 1666 1467 ut
1685 1446 1780 1476 quam
1797 1438 1895 1469 habet

1013 1472 1184 1514 Princeps,
1209 1483 1275 1505 non
1291 1475 1330 1505 ad
1355 1473 1438 1505 suam
1455 1475 1640 1515 libidinem,
1663 1476 1716 1509 sed
1731 1480 1769 1510 ad
1788 1478 1895 1511 Natu..-

1013 1519 1053 1545 rae
1071 1516 1173 1555 legem
1191 1524 1378 1556 componat.
1404 1515 1451 1547 An
1469 1517 1546 1556 quid
1563 1527 1654 1558 aeque
1666 1522 1821 1552 convenit
1832 1520 1893 1551 ho-

1013 1556 1134 1587 minum
1161 1557 1318 1588 voluntati
1335 1566 1404 1597 quae
1429 1566 1498 1589 tota
1524 1559 1562 1589 ad
1587 1558 1617 1589 se
1634 1558 1772 1599 spectat,
1797 1570 1893 1602 quam

1013 1607 1053 1629 ne
1077 1598 1107 1628 se
1132 1598 1293 1638 negligant
1308 1621 1317 1636 ,
1340 1608 1423 1629 neve
1448 1599 1478 1630 se
1503 1599 1661 1639 pei-dant?
1684 1601 1795 1642 igitur,
1817 1602 1838 1634 fi
1861 1604 1895 1634 ei

1013 1639 1150 1671 deservit
1167 1640 1338 1680 Princeps,
1362 1640 1382 1671 fi
1402 1640 1514 1681 Populi
1538 1641 1810 1681 exspectationem
1833 1644 1892 1677 im-

1013 1681 1080 1722 plet
1096 1704 1105 1719 ,
1137 1690 1178 1712 ex
1200 1691 1236 1712 ea
1262 1682 1310 1721 jus
1335 1680 1459 1713 habet:
1482 1682 1524 1713 fin
1549 1692 1621 1714 euin
1646 1684 1807 1725 negligit,
1837 1693 1895 1718 auu

1013 1723 1140 1761 perdit3
1164 1732 1229 1754 non
1247 1722 1362 1763 sponte
1385 1723 1518 1763 Populi,
1544 1733 1649 1765 neque
1661 1725 1731 1765 jure
1746 1727 1821 1768 agit.
1846 1736 1893 1758 et-

1012 1763 1033 1795 fi
1056 1764 1139 1795 enim
1164 1764 1323 1804 Populus,
1350 1773 1423 1796 cum
1446 1774 1543 1796 omne
1560 1764 1644 1797 suum
1669 1767 1838 1807 imperium
1861 1769 1891 1800 ei

1012 1804 1195 1846 simpliciter
1211 1807 1358 1845 tradidit,
1383 1815 1444 1837 nec
1459 1807 1533 1846 quid
1545 1807 1645 1845 palam
1657 1809 1803 1849 excepit,
1821 1811 1890 1841 cred

1013 1847 1115 1885 dimr,
1141 1847 1168 1877 ei
1187 1847 1250 1877 hoc
1269 1849 1396 1887 optimo
1416 1848 1574 1879 tradidisse
1588 1849 1677 1888 jure:
1701 1859 1807 1882 tamen
1824 1861 1891 1884 non

1013 1888 1084 1928 plus
1117 1887 1236 1919 dediss'e
1262 1887 1485 1920 existimandus
1510 1889 1577 1927 est,
1611 1899 1704 1930 quam
1728 1892 1890 1925 habebant

1012 1930 1141 1969 linguli,
1165 1939 1237 1961 cum
1265 1931 1296 1961 in
1320 1931 1506 1962 societatem
1535 1934 1672 1963 coi'rent.
1703 1937 1755 1972 qui
1781 1943 1891 1967 autem

1014 1979 1081 2002 tum
1106 1971 1244 2002 habebat
1265 1972 1314 2012 jus
1337 1971 1392 2003 fibi
1417 1980 1470 2003 aut
1487 1972 1537 2003 alii
1555 1973 1722 2007 nocendi?
1745 1984 1842 2007 nemo
1858 1986 1891 2008 u-

1014 2022 1082 2044 nus.
1101 2020 1224 2044 tantum
1240 2021 1370 2054 poterat
1388 2014 1605 2054 unusquisque
1622 2014 1676 2045 fibi
1693 2016 1826 2057 aliisque
1843 2026 1893 2048 ca-

1013 2063 1101 2085 vere.
1143 2064 1221 2095 ergo
1238 2078 1248 2092 ,
1279 2063 1351 2085 cum
1374 2055 1480 2094 plures
1505 2056 1534 2086 in
1559 2056 1718 2095 Populum
1743 2057 1892 2090 trannere

1009 2095 1086 2135 juris
1111 2096 1259 2127 naturalis
1281 2095 1408 2127 fruendi
1434 2096 1542 2136 causa3
1565 2096 1685 2138 sibique
1707 2099 1891 2140 Principem

1011 2136 1216 2176 imposuere:
1242 2145 1372 2178 apparet
1390 2161 1401 2176 ,
1435 2137 1607 2177 hoc,-nec
1631 2140 1708 2180 quid
1731 2148 1890 2182 praeterea

1011 2178 1175 2217 cogiiaffe.

1050 2219 1182 2259 Ineptus
1210 2219 1283 2257 sim,
1308 2220 1334 2250 A
1348 2221 1374 2251 A
1387 2243 1396 2258 ,
1419 2219 1440 2252 fi
1464 2221 1582 2253 diutius
1600 2221 1684 2254 circa
1701 2222 1767 2254 hoc
1784 2222 1891 2257 saxum

1010 2260 1165 2299 haeream3
1188 2260 1314 2301 longius
1339 2263 1535 2302 pergendum
1562 2262 1626 2302 est,
1651 2265 1807 2296 invitante
1824 2275 1889 2297 ma-

1010 2303 1098 2333 teria.
1146 2300 1234 2344 Quid
1256 2303 1368 2334 enim?
1396 2303 1417 2334 fi
1439 2304 1614 2344 placuerit,
1638 2305 1753 2346 Populi
1771 2306 1888 2339 Domi-

1010 2353 1083 2374 num
1102 2343 1262 2374 constitui.
1302 2343 1376 2375 Fuit
1393 2343 1485 2384 sane,
1510 2355 1582 2377 curn
1602 2345 1666 2377 huc
1682 2356 1815 2387 quoque
1833 2350 1888 2381 de-

1011 2392 1173 2424 curretur,
1197 2394 1262 2416 non
1279 2386 1404 2426 integra
1421 2386 1534 2427 Populi
1548 2388 1740 2427 voluntate,
1763 2389 1815 2421 sed
1832 2400 1888 2422 ne-

1010 2426 1150 2456 cesiitate
1167 2427 1280 2458 coacti.
1303 2426 1407 2467 finge,
1434 2428 1591 2460 inclinatis
1609 2429 1722 2469 rebus,
1752 2430 1781 2462 &
1799 2433 1888 2463 attri-

1009 2475 1043 2498 to
1060 2467 1235 2506 juventutis
1253 2467 1353 2506 flore,
1378 2469 1418 2500 de
1441 2469 1603 2509 republica
1625 2471 1810 2511 desperare3
1834 2473 1888 2509 sed

1008 2509 1137 2546 urbem,
1161 2512 1272 2549 agros,
1289 2509 1421 2540 delubra
1440 2509 1545 2542 Deum
1557 2534 1566 2549 ,
1584 2511 1710 2551 divina,
1735 2514 1886 2547 humana·

1008 2559 1070 2589 que
1088 2550 1195 2580 omnia
1220 2551 1251 2581 in
1271 2550 1398 2582 victoris
1410 2573 1419 2589 ,
1443 2560 1496 2582 auc
1512 2553 1642 2584 alterius
1659 2556 1771 2595 populi
1790 2557 1887 2592 ditio·

1007 2600 1079 2622 nem
1098 2591 1225 2622 dedere.
1249 2590 1352 2632 finge,
1376 2591 1462 2623 farne
1486 2593 1640 2634 pressum,
1664 2605 1729 2627 non
1747 2596 1887 2638 habere,

1008 2633 1093 2663 unde
1117 2631 1147 2663 se
1166 2632 1337 2671 exhibeat3
1362 2632 1417 2664 nisl
1435 2633 1578 2676 sublege
1596 2642 1657 2668 tam
1675 2639 1761 2669 dura.
1787 2640 1885 2680 quid,

1007 2673 1028 2705 si
1052 2683 1088 2704 ea
1115 2672 1152 2704 fit
1176 2674 1361 2714 reipublicae
1386 2674 1537 2715 fortuna3
1560 2685 1614 2716 ut,
1639 2678 1693 2710 nifi
1719 2680 1775 2711 sub
1792 2682 1885 2713 unius

1007 2715 1163 2755 imperio,
1185 2724 1292 2756 eoque
1312 2715 1412 2747 libero
1432 2726 1470 2748 ac
1490 2716 1613 2758 soluto,
1637 2729 1702 2752 non
1716 2721 1812 2754 facile
1832 2722 1885 2753 sal-

1006 2765 1045 2786 va
1070 2755 1143 2787 fore
1166 2757 1336 2788 videatur?
1361 2759 1526 2797 putabitne
1553 2759 1733 2801 Dominus,
1759 2767 1818 2803 pro
1834 2763 1885 2794 sua

1008 2797 1158 2842 libidine,
1175 2797 1274 2834 stare,
1291 2806 1344 2828 aut
1364 2801 1477 2831 cadere
1495 2801 1654 2840 publicam
1670 2813 1707 2834 ac
1726 2806 1883 2845 privatam

1005 2847 1149 2869 omnium
1174 2837 1330 2871 salutern?-
1354 2839 1459 2872 Video
1479 2843 1559 2881 dici,
1583 2845 1666 2882 AA,
1692 2854 1788 2884 atque
1809 2845 1882 2875 alle-

1005 2880 1090 2919 gari,
1105 2879 1166 2918 jam
1184 2889 1243 2919 pro
1258 2880 1376 2919 familia
1387 2882 1494 2921 haberi
1507 2884 1683 2925 Populum,
1701 2887 1796 2925 inque
1809 2894 1882 2917 eum

1007 2920 1068 2951 esse
1096 2921 1228 2952 Domini
1253 2923 1299 2961 jus
1323 2925 1410 2963 quod
1434 2930 1510 2957 ante
1527 2928 1592 2965 eJ'us
1613 2925 1754 2957 fueritin
1772 2925 1820 2964 se,
1843 2935 1882 2959 ac

1007 2961 1076 2999 sua3
1101 2963 1132 2993 id
1160 2963 1291 2994 voluiffe
1311 2964 1485 3005 Populum,
1510 2975 1581 2998 cum
1601 2967 1644 2997 illi
1663 2967 1815 2998 conceffit
1831 2969 1878 2999 in-

1005 3003 1126 3034 finitam
1144 3003 1357 3045 potestatem3
1375 3016 1436 3038 nec
1452 3009 1588 3047 iniquam
1605 3006 1685 3045 esse,
1705 3009 1805 3038 teneri
1825 3018 1878 3050 pa-

1003 3043 1055 3074 cto
1071 3046 1120 3076 cui
1145 3045 1299 3078 consensit
1318 3048 1439 3080 volens.
1463 3048 1525 3079 Sed
1545 3050 1674 3085 vicer03
1698 3047 1718 3079 fi
1734 3048 1880 3083 ostende-

1005 3095 1062 3124 ro,
1086 3087 1114 3117 &
1129 3087 1179 3117 hic
1197 3086 1226 3118 se
1248 3087 1396 3127 spectasse
1414 3089 1570 3130 Populum
1587 3089 1640 3127 qui
1659 3088 1734 3119 sein
1751 3092 1881 3125 alterius

1005 3126 1158 3159 ditionem
1185 3129 1323 3166 tradidit.
1371 3131 1459 3172 Quid
1477 3153 1485 3166 ‚
1509 3129 1528 3160 fi
1555 3138 1614 3160 nec
1636 3131 1743 3169 potuit
1768 3133 1879 3172 aliter,

1002 3177 1037 3198 ut
1055 3169 1190 3200 voluerit
1208 3172 1372 3203 maxime?
1397 3172 1444 3202 An
1466 3174 1534 3209 quis
1551 3171 1699 3212 ambigit,
1717 3171 1800 3204 hanc
1815 3175 1878 3207 effe

1001 3208 1133 3242 Naturae
1146 3211 1276 3251 legem,
1293 3221 1333 3242 1ut
1350 3214 1485 3250 quisque
1507 3212 1593 3250 quod
1609 3213 1637 3242 ei
1656 3213 1734 3244 utile
1750 3215 1813 3253 est,
1837 3216 1885 3248 se-'

1000 3259 1133 3291 quatur,
1157 3261 1194 3283 ac
1209 3253 1296 3293 quod
1313 3254 1445 3284 noxium
1461 3251 1523 3290 est,
1539 3253 1667 3285 evitet?
1689 3264 1725 3285 ea
1741 3265 1820 3288 vero
1834 3259 1876 3289 le·

1835 3309 1876 3341 ge
