2036 3495
201 118 272 155 304
623 105 656 139 G
688 115 708 139 Ε
740 114 762 137 R
794 115 815 139 A
846 113 868 137 R
901 113 924 138 D
958 112 971 136 1

196 207 229 239 5.
247 205 272 227 c.
291 205 318 228 2.
338 204 366 227 n.
386 204 434 226 10.
452 194 499 226 M.
519 194 644 224 Cornuto
662 191 788 222 Praetorc
802 191 902 230 funus
920 189 1018 221 Hirtii
1035 188 1071 223 &P

201 238 306 278 Pansae
323 236 405 278 juffu
428 237 554 267 Senatus
579 234 707 270 locante,
737 235 789 273 qui
813 239 883 262 tunc
910 231 1072 262 Libitinam

201 279 386 314 exercebant,
409 285 474 306 cum
491 284 588 306 rerum
602 275 728 312 suarum
745 277 844 311 uxum,
869 278 929 304 tum
947 269 1070 312 ministe-

204 321 282 351 rium
292 320 378 357 suum
390 318 557 357 gratuitum
571 315 694 355 polliciti
699 316 794 355 surim
817 315 886 355 quia
910 315 940 345 hi
956 320 1008 354 pro
1027 322 1071 344 re-

197 360 314 401 publica
330 359 498 387 dimicantes
522 359 693 388 occiderant.
714 356 961 396 perseverantique
977 352 1074 395 postu·

203 401 307 431 latione
330 398 524 436 extuderunt,
550 404 583 428 ut
605 399 791 439 exequiarum
807 403 962 437 apparatus
971 394 1074 436 sester—

205 442 243 471 tio
260 448 375 470 nummo
389 436 457 479 ipsis
473 440 665 479 praebentibus
684 440 875 469 addiceretur.
917 437 1003 468 Idem
1024 437 1075 467 vel

202 481 300 513 fimile
327 480 357 510 in
383 480 570 512 venditione
601 489 731 512 nummo
758 489 824 510 uno
847 477 929 509 fassa
954 479 984 509 in
1011 478 1075 508 hoc

204 520 343 552 Vitruvii
368 521 415 551 lib.
439 530 464 552 Ι.
489 522 540 552 De
563 520 707 552 archiieti.
735 531 756 552 c.
773 531 800 560 4.
845 521 940 551 Areas
956 519 1074 556 timisti,

202 571 318 594 nummo
332 559 453 601 sestertio
462 562 591 604 singulis
615 564 806 603 municipibus
829 562 970 600 mancipio
988 562 1073 590 dedit.

203 603 352 635 Similiter
375 603 547 635 Suetonius
572 602 657 642 Julio
681 613 703 633 c.
721 614 770 642 50.
791 603 883 642 Super
898 603 971 633 aiz'as
989 603 1076 632 dorici—

204 647 312 683 tiones,
336 644 456 685 inquit,
474 643 643 686 uiiipliffima
651 646 762 685 praedz'ii
778 654 814 675 ex
830 643 1009 675 aurisonum
1025 644 1074 673 Du-

195 684 251 727 fiae
267 696 383 717 nummo
403 688 526 718 addixit.
569 685 643 717 Hoc
662 695 721 716 nec
738 684 939 725 justinianum
957 684 1039 724 fugit
1057 683 1076 714 l.

204 729 258 759 uit.
278 728 312 759 C.
340 728 373 758 de
395 728 568 758 donationib.
594 727 801 765 scribentem,
826 725 925 757 solere
944 726 1077 756 donato*-

203 778 271 801 rem
292 768 398 800 dicere
412 792 421 804 ‚
446 770 552 799 vendo
572 768 627 799 tibi
645 777 709 799 rem
729 768 813 799 illam
829 767 970 798 sestertio
987 775 1076 797 num·

204 819 259 842 mo
282 820 353 841 11110.
401 809 531 840 Curiose
546 809 747 841 Brummerus
773 810 820 840 lib.
837 807 916 849 sing.
939 808 988 839 Ad
1005 807 1076 848 Leg.

205 852 288 882 Cirzc.
312 861 336 882 c.
358 860 404 889 14.
427 858 495 891 pag.
520 861 590 882 222.
615 852 655 882 iic
682 851 759 891 legit
775 873 783 888 ,
814 850 921 890 ejcftis
952 848 1074 886 verbis,

203 892 305 932 uffium
328 898 465 932 quatuor.
516 892 607 930 Scio,
641 892 772 931 abrogat
806 891 983 930 Imperator
1010 889 1074 920 for-

205 934 297 965 mulae
323 933 412 971 hujus
439 932 684 965 solemnitatem:
708 933 759 963 scd
785 932 910 963 interim
927 938 1001 963 ante
1020 931 1076 961 ob·

207 974 330 1006 tinuisse
357 973 519 1015 fignificat.
563 974 665 1005 Fuere
691 974 825 1005 Veteres
851 973 986 1012 imagine
1011 981 1076 1002 em-

204 1017 323 1056 ptionis
344 1025 475 1046 nummo
495 1025 558 1047 uno
575 1016 667 1047 fatiae
683 1016 776 1046 etiarn
795 1015 866 1045 alibi
885 1014 944 1045 uli:
968 1013 1074 1052 exple-

208 1060 269 1088 turi
296 1056 496 1088 subtilitatem
522 1058 612 1089 aliter
631 1066 695 1088 non
712 1056 962 1096 expediendam,
987 1053 1075 1085 salvis

202 1097 318 1130 finibus
340 1098 416 1138 juris
447 1097 558 1130 civilis.
613 1098 803 1137 Exemplum
829 1098 910 1137 apud
940 1096 1076 1139 Pompo-

204 1140 289 1171 nium
308 1140 328 1170 Ζ.
347 1143 397 1170 66.
421 1139 458 1170 D.
482 1141 515 1170 de
534 1141 596 1181 jur.
613 1141 670 1171 dot.
694 1140 788 1170 etiam
814 1139 842 1168 111
861 1137 1072 1173 testamentis,

203 1182 301 1219 inque
325 1179 554 1220 adoptionibus
577 1182 606 1212 ὅ(
633 1179 951 1219 emancipationibus.
977 1178 1027 1208 led
1044 1186 1074 1207 a·

203 1221 313 1254 bolitis
331 1232 346 1252 a
360 1221 532 1261 Justiniano
549 1221 837 1261 scrupulositatibus
850 1243 857 1255 ,
883 1219 933 1249 vix
957 1218 1000 1249 est
1019 1218 1075 1249 110-

205 1263 258 1294 die
276 1263 340 1294 istis
357 1262 537 1294 fictionibus
553 1273 644 1304 opus.
663 1262 789 1302 poss'unt
808 1261 1011 1292 nibilominus
1023 1260 1076 1299 qui

206 1305 322 1335 talibus
350 1305 566 1341 delectantur,
589 1304 754 1335 consulere
778 1302 964 1333 Raevardum
988 1302 1025 1332 ad
1056 1301 1075 1331 Ζ.

205 1349 251 1376 16.
268 1344 309 1376 D.
327 1347 359 1376 de
376 1353 434 1386 reg.
455 1346 519 1386 jur.
545 1345 699 1377 Contiuin
723 1344 769 1375 lib.
789 1354 816 1375 2.
846 1343 966 1383 Disput.
983 1352 1006 1374 c.
1026 1351 1074 1374 21.

205 1386 235 1417 δι
260 1386 477 1418 Brummerum
501 1387 530 1418 d.
547 1387 598 1418 loc.

249 1426 392 1468 Oportet
418 1437 496 1467 ergo
522 1428 553 1459 in
578 1427 743 1467 emptione
769 1425 905 1465 pretium
935 1426 1073 1456 interve-

206 1469 297 1507 nire;
318 1467 371 1499 sed
397 1477 530 1500 cei-tum.
553 1468 619 1499 hoc
647 1468 716 1508 plus
742 1468 968 1507 pecuniarium.
1011 1466 1075 1498 Pri-

204 1519 291 1542 mum
309 1516 431 1540 certum
449 1507 517 1539 esse·
530 1509 666 1549 pretium
684 1516 815 1548 oportet
829 1507 857 1548 §.
879 1518 901 1539 1.
922 1506 993 1548 lusi.
1010 1508 1036 1538 b.
1054 1513 1073 1538 t.

204 1551 267 1582 tale
284 1548 329 1581 est
343 1572 353 1587 ,
377 1550 464 1588 cujus
481 1550 639 1590 quantitas
656 1558 709 1580 aut
725 1548 854 1580 nomine
878 1557 931 1580 aut
947 1550 1074 1580 demon·

201 1590 349 1623 stratione
366 1590 498 1623 nominis
514 1591 616 1623 vicem
637 1591 775 1622 habente
797 1590 982 1630 intelligitur
1006 1590 1024 1620 l.
1042 1593 1072 1620 6.

201 1632 244 1664 D.
270 1634 302 1663 de
327 1633 384 1663 reb.
410 1634 484 1663 cred.
517 1632 587 1664 Ι810
616 1632 702 1663 valet
727 1631 906 1671 hujusmodi
932 1631 1071 1670 emptio,

202 1674 312 1714 quanti
339 1681 372 1704 tu
399 1683 469 1705 eum
495 1674 615 1712 emisti,
653 1680 804 1714 quantum
831 1672 924 1712 pretii
954 1671 983 1703 in
1003 1680 1073 1703 arca

201 1714 317 1747 habeo.
341 1723 406 1746 non
430 1715 515 1746 enim
537 1714 583 1746 est
608 1715 764 1746 incertum
782 1714 937 1753 pretium,
963 1721 1025 1744 tarn
1044 1722 1074 1743 e-

201 1757 337 1789 vidente
347 1757 540 1788 venditione.
558 1756 654 1797 magis
672 1755 853 1796 ignoratur,
884 1754 990 1794 quanti
1008 1763 1074 1785 em-

203 1806 279 1836 ptus
301 1797 357 1836 fit,
382 1806 476 1838 quam
495 1797 524 1829 in
543 1797 588 1829 rei
606 1797 741 1828 veritate
767 1797 923 1827 incertum
943 1795 986 1826 est
1008 1796 1028 1826 Ζ.
1045 1804 1073 1835 7.

202 1838 233 1880 §.
259 1848 284 1870 1.
310 1838 351 1869 D.
373 1839 400 1870 h.
420 1844 440 1870 t.
464 1839 553 1871 Idem
579 1837 643 1870 est:
666 1837 686 1869 si
710 1836 779 1878 quis
805 1838 848 1868 ita
875 1837 1007 1874 emerit,
1031 1836 1076 1867 est

205 1880 283 1912 1111111
306 1879 424 1912 fundus
448 1888 575 1921 emptus
601 1887 748 1916 centum,
781 1879 810 1910 &
836 1886 955 1918 quanto
981 1876 1075 1917 pluris

205 1930 279 1953 eum
305 1922 493 1954 vendidero.
523 1921 630 1961 itaque
657 1919 756 1951 statim
787 1921 946 1960 impletur.
978 1919 1075 1950 habet

205 1963 290 1994 enim
315 1970 439 1995 certum
459 1963 596 2003 pretium
613 1970 762 1993 centum:
787 1961 953 2001 augebitur
969 1969 1075 1991 autem

200 2003 362 2044 pretium,
384 2005 404 2036 fi
423 2005 518 2042 pluris
537 2011 665 2044 emptor
691 2002 824 2033 fundum
841 2002 1020 2033 vendiderit
1043 2002 1072 2032 d.

203 2046 223 2076 1.
240 2056 268 2083 7.
288 2045 317 2086 §.
336 2055 363 2076 2.
409 2045 531 2077 Contra
548 2045 645 2085 Gajus
670 2044 689 2075 l.
709 2054 759 2084 35.
775 2043 802 2085 §.
825 2053 850 2075 1.
869 2043 910 2074 D.
926 2044 953 2073 b.
968 2049 990 2074 t.
1016 2052 1071 2073 vo-

202 2094 255 2118 cat
277 2086 501 2126 imperfectum
528 2087 708 2129 negotium:
732 2094 805 2117 cuin
823 2086 971 2116 venditor
988 2093 1073 2115 eme-

204 2137 241 2159 re
266 2128 391 2159 volenti
417 2128 458 2159 iic
480 2129 577 2167 dicit,
601 2127 743 2159 Habebis
771 2134 937 2167 emptum,
966 2125 1074 2166 quanti

202 2168 302 2207 velis,
326 2177 477 2209 quantum
504 2178 629 2210 aequum
654 2170 831 2209 putaveris,
857 2167 965 2208 quanti
993 2165 1073 2197 oeii'i-

204 2211 368 2249 maveris,
399 2211 450 2251 (id
477 2211 547 2248 est,
578 2218 729 2249 quantum
762 2210 927 2239 arbitratus
958 2207 1074 2239 fueris:

208 2260 281 2283 nam
298 2252 405 2283 omnia
430 2252 514 2283 idem
531 2252 639 2283 valent
661 2251 680 2281 Ζ.
698 2252 750 2281 ult.
775 2250 808 2281 C.
822 2250 857 2287 11.
875 2256 896 2280 i.
923 2249 941 2279 l.
960 2259 1009 2290 25.
1028 2250 1074 2280 D.

202 2293 316 2329 Locati.
339 2293 357 2324 Ζ.
380 2302 425 2325 11.
444 2293 471 2334 §.
489 2303 517 2334 7.
536 2293 576 2324 D.
594 2294 627 2323 cie
645 2294 730 2332 legat.
753 2292 801 2322 lib.
820 2301 847 2332 3.
870 2291 889 2321 Ζ.
907 2294 956 2329 46.
977 2290 1018 2321 D.
1041 2291 1073 2320 de

198 2334 296 2373 fideic.
315 2334 427 2374 libert.)
450 2335 480 2365 &
497 2343 561 2366 non
586 2333 683 2365 debet
700 2333 730 2363 in
749 2331 911 2363 arbitrium
936 2332 979 2363 rei
996 2340 1072 2362 con-

203 2375 298 2412 ferri,
321 2384 427 2407 utrum
446 2375 482 2407 fit
503 2374 669 2407 obstrictus
693 2374 711 2404 l.
732 2383 775 2415 13.
796 2374 828 2404 C.
848 2374 876 2404 b.
895 2380 916 2404 t.
943 2374 963 2404 l.
987 2378 1014 2407 8.
1036 2372 1074 2402 D.

205 2417 236 2446 de
260 2417 341 2458 oblig.
367 2416 403 2451 &²
427 2416 483 2448 ati.
508 2417 526 2448 Ζ.
556 2421 623 2451 108.
648 2416 676 2458 §.
706 2425 730 2446 1.
761 2415 802 2446 D.
825 2415 857 2445 de
885 2416 965 2445 verb.
989 2414 1073 2454 oblig.

205 2456 266 2487 Sed
284 2457 364 2495 boc,
390 2466 423 2489 ut
441 2466 599 2496 meretur,
625 2456 746 2497 plenius
761 2456 977 2493 tractandum
1001 2463 1075 2486 cum

203 2497 296 2537 poffit
313 2501 432 2537 metui,
456 2509 496 2530 ne
514 2498 597 2539 Gajo
619 2498 768 2529 molestus
789 2497 822 2529 iit
840 2497 992 2536 Ulpianus
1008 2496 1027 2527 Ζ.
1044 2506 1074 2536 7.

201 2537 252 2583 Β..
272 2539 298 2568 b.
317 2546 337 2570 i.
379 2541 425 2572 Sit
449 2540 542 2581 igitur
567 2539 718 2581 quaesti03
743 2549 779 2569 an
802 2537 984 2569 sustineatur
1009 2547 1072 2569 em-

205 2587 294 2620 ptio,
317 2581 432 2612 collata
449 2581 542 2621 pretii
561 2580 748 2613 definitione
766 2582 795 2611 in
816 2580 979 2610 arbitrium
994 2579 1070 2609 alte-

204 2620 267 2652 rius
290 2622 560 2654 contralicntium:
584 2631 678 2663 puta,
710 2621 864 2661 emptoris
886 2627 938 2651 aut
963 2619 1071 2651 vendi-

205 2663 290 2694 toris.
315 2662 443 2698 quaestio
461 2665 615 2701 vertitur,
638 2663 714 2702 quid
730 2662 766 2693 fit
783 2662 904 2693 atium:
929 2662 1001 2700 quia
1015 2670 1071 2700 po·

206 2703 266 2734 test
282 2703 433 2740 dubitari,
458 2705 531 2742 quid
550 2705 696 2745 indigitet
722 2703 895 2735 arbitrium.
920 2701 964 2733 est
986 2703 1070 2733 enirn

203 2744 387 2784 ambiguum
407 2745 554 2777 verbum:
581 2745 752 2786 aliquando
776 2753 893 2775 meram
923 2743 1070 2774 volunta-

206 2792 271 2816 tem
298 2783 494 2824 fignificans,
516 2786 684 2825 aliquando
708 2787 870 2817 arbitrium
895 2785 972 2816 boni
994 2785 1072 2817 viri:

202 2833 238 2857 ut
261 2825 461 2857 observatum
483 2835 498 2855 a
524 2826 660 2858 Proculo
690 2828 708 2858 Ζ.
736 2831 782 2867 76.
817 2827 860 2858 D.
898 2827 958 2858 Pro
981 2826 1068 2865 fficio.

204 2867 285 2899 Cum
305 2867 399 2907 igitur
421 2866 588 2905 quaeritur,
612 2877 649 2898 an
673 2869 777 2899 valeat
802 2871 945 2907 emptio,
970 2867 1069 2898 colla-

201 2911 233 2940 t'a
257 2907 348 2948 pretii
374 2907 581 2939 aestimatione
604 2907 633 2937 in
658 2909 818 2941 arbitrium
836 2910 926 2940 unius
944 2916 1069 2939 contra-

202 2949 361 2981 hentium:
386 2949 518 2980 multum
543 2947 660 2992 refert,
686 2951 760 2988 quid
787 2949 904 2981 arbitrii
932 2950 1069 2989 appella-

202 2991 288 3023 tione
312 2989 506 3029 defignetur:
530 2998 599 3029 quia
617 2988 733 3027 refert,
757 2999 861 3022 utrum
885 2990 926 3022 fic
945 2997 1069 3022 certum

201 3032 256 3063 fiat
274 3033 428 3070 pretium,
453 3041 489 3062 an
508 3037 631 3062 maneat
647 3030 813 3062 incertum.
860 3032 943 3063 Mihi
961 3031 1068 3063 viden-

202 3080 252 3104 tur
269 3072 496 3103 contrahentes
512 3070 607 3112 magis
622 3070 680 3100 viri
698 3070 1069 3113 boniarbitrium,quam

201 3123 320 3144 meram
343 3114 407 3153 ejus
426 3114 622 3145 voluntatem
642 3110 825 3150 respexisse:
852 3114 991 3153 ideoque
1007 3123 1069 3146 non

1028 98 1292 135 Noobr
1349 99 1559 138 COMM.

1116 182 1306 228 trahentium
1330 187 1457 220 collata.
1513 188 1586 222 Nec
1611 191 1675 232 est,
1697 195 1786 235 quod
1812 197 1881 237 quis
1901 199 1980 240 obji-

1115 232 1194 270 ciat,
1219 235 1285 258 non
1302 228 1420 274 debere
1438 231 1467 261 in
1488 232 1651 265 arbitrium
1671 235 1825 267 debitoris
1848 238 1977 271 confer-

1115 275 1159 303 ri,
1183 274 1286 299 utrum
1314 270 1350 300 iit
1372 271 1550 304 obsti-icius.

1116 316 1182 353 non
1197 308 1258 353 est:
1281 319 1351 357 11011,
1365 311 1468 358 eleeto
1487 323 1574 345 mero
1591 319 1745 357 emptoris
1760 319 1906 358 arbium,
1931 321 1983 353 sed
2009 336 2010 340 ¹

1117 348 1261 396 arbitrio
1276 350 1461 398 boni-viii,
1484 355 1516 386 id
1541 356 1604 395 est,
1629 360 1867 397 quodaminodo
1890 360 1981 401 ipsius

1117 398 1297 436 aequitatis2
1320 401 1407 432 cujus
1424 404 1495 427 vrce
1511 397 1594 436 quasi
1610 397 1758 440 fungatur
1773 409 1910 442 emptor.
1934 401 1984 434 Sic

1118 429 1191 477 sane
1205 431 1314 463 definit
1329 434 1480 474 Ulpianus
1496 437 1527 469 in
1544 438 1561 469 l.
1582 448 1629 471 22.
1649 441 1678 482 §.
1700 450 1726 472 1.
1747 442 1788 472 D.
1807 446 1839 473 de
1855 443 1982 484 reg jur.

1118 474 1480 553 ἓῗῧὲῗὲῗιῒῐεὲῗῖἶιπὲ
1494 479 1571 554 έέςῖ·
1587 481 1831 563 ifi²sai¹2¹i³1²1¹351¹ss
1849 492 1984 556 esui?

1601 274 1685 307 Nam
1709 276 1737 308 in
1766 278 1925 318 proposito
1950 280 1982 313 id
2014 290 2015 298 ¹

1119 555 1191 584 dem
1216 554 1327 585 1136131
1352 556 1499 596 speciem.
1532 562 1669 595 Proinde
1689 565 1709 596 fi
1733 567 1902 596 arbitretur
1921 575 1984 598 em·
2008 560 2022 577 ⁴

1119 601 1192 640 pjtor
1204 594 1276 640 ‚sed
1293 601 1536 645 mlquezpotest
1551 602 1697 645 iniquitas
1715 607 1829 647 corrigi
1846 607 1920 638 boni
1941 609 1985 638 vi*-

1120 644 1144 666 ri
1162 635 1292 680 arbitrio
1305 659 1315 675 ,
1339 645 1373 668 ut
1398 649 1441 688 in.
1460 642 1534 673 loco
1552 645 1815 678 demonstrabitur
1832 657 1871 678 ex
1893 649 1912 678 Ζ.
1931 652 1981 686 76.

1121 675 1239 717 &sequ
1253 678 1299 708 D.
1317 678 1466 719 Prosticzo.
1491 686 1576 723 quod
1594 686 1613 716 11
1639 697 1701 719 non
1729 689 1898 720 arbitretur
1921 699 1984 720 em·

1120 725 1213 763 ptor,
1236 726 1309 749 cum
1325 721 1431 764 potest
1445 728 1636 759 commode:
1660 729 1758 760 debet
1780 731 1913 770 perinde
1930 726 1982 761 ha·
2004 748 2007 761 ,-

1122 760 1208 796 beri,
1230 768 1266 789 ac
1283 759 1302 791 si
1318 762 1484 795 arbitratus
1507 765 1629 799 fuisset:
1652 778 1737 801 certa
1752 770 1833 810 juris
1858 772 1983 811 regula,
2006 786 2008 799 ι

1121 799 1262 840 Quoties
1298 810 1355 841 per
1392 813 1492 844 eum,
1530 809 1617 847 cujus
1655 811 1783 842 interest
1827 801 2029 843 001111111οᾱλη

1119 850 1191 885 nerii
1219 850 1283 872 non
1310 844 1452 890 impleri,
1483 846 1557 886 fiat,
1582 858 1645 889 quo
1671 850 1770 883 minus
1796 853 1986 893 impleatur,

1119 884 1252 922 perinde
1269 883 1402 932 baberiq
1421 896 1457 918 ac
1480 887 1500 919 fi
1520 890 1651 930 impleta
1675 893 1820 923 conditio
1841 894 1946 925 fuiss'et
1964 895 1987 925 1.

1123 926 1187 953 161.
1205 922 1246 954 D.
1265 926 1298 954 cle
1315 934 1373 966 reg.
1384 937 1448 968 yur.
1493 929 1570 962 Hoc
1585 931 1797 965 fundamento
1815 934 1924 965 nititur
1939 943 1985 965 te-

1119 1005 1212 1037 uberi.
1237 1015 1297 1037 nec
1321 1016 1422 1052 minus
1446 1013 1620 1058 disputatio
1640 1015 1659 1045 ί.
1677 1024 1704 1055 7.
1730 1015 1770 1048 D.
1795 1016 1823 1047 b.
1845 1021 1866 1047 ε.
1897 1017 1984 1057 cujus
2005 1023 2011 1053 1

1117 1044 1235 1078 sensum
1258 1056 1436 1087 quaerimus,
1481 1053 1527 1085 lbi
1553 1058 1742 1096 proponitur
1771 1056 1849 1088 servi
1876 1055 2002 1089 vendi-'-

1119 1094 1164 1118 tio
1181 1086 1261 1118 faeta
1284 1089 1343 1120 liae
1359 1094 1549 1125 conditione
1561 1119 1570 1134 ,
1594 1097 1627 1128 Si
1652 1099 1776 1128 rationes
1791 1099 1899 1129 domini
1914 1109 1984 1130 com·
2000 1113 2015 1121 w

1112 1128 1239 1168 puiaffet
1264 1132 1401 1165 arbitrio:
1426 1134 1456 1166 ὅ(
1484 1138 1651 1176 (inseritur,
1682 1148 1719 1170 an
1743 1139 1870 1171 valeat?
1894 1147 1983 1180 putat

1121 1168 1282 1215 Ulpianus
1306 1181 1367 1218 qua
1383 1176 1535 1208 ratione?
1557 1179 1619 1218 ait,
1639 1179 1738 1222 Quod
1756 1181 1824 1211 liaec
1842 1182 1985 1212 venditio

1118 1211 1347 1244 conditionalis
1364 1215 1418 1247 est.
1444 1219 1646 1251 venditiones
1664 1230 1767 1253 amem
1784 1223 1983 1261 conditionaa

1121 1251 1166 1282 les
1185 1260 1261 1283 tunc
1279 1254 1504 1299 perficiuntur3
1528 1269 1600 1292 cum
1618 1261 1747 1303 impleta
1763 1263 1860 1294 fuerit
1876 1261 1986 1295 condiss
2013 1290 2017 1294 .

1120 1299 1176 1338 tio.
1202 1303 1298 1333 porro
1318 1305 1381 1328 11011
1400 1300 1489 1331 unius
1512 1303 1637 1342 generis
1659 1305 1727 1335 i'unt
1745 1314 1855 1336 omnes
1874 1305 1984 1336 condi-

1118 1341 1231 1379 tiones.
1257 1338 1399 1383 quaedam
1423 1340 1492 1371 sunt
1516 1343 1689 1376 necess‘ario
1715 1344 1882 1377 extiturae':
1913 1347 1984 1377 aiiae

1117 1374 1186 1421 sunt
1203 1385 1315 1424 incerti
1338 1388 1483 1412 eventus.
1507 1383 1554 1413 hae
1573 1383 1641 1415 sunt
1657 1395 1739 1417 vcrae
1763 1386 1983 1418 conditiones:

1117 1416 1175 1447 illae
1193 1420 1342 1465 non-lunt
1367 1421 1385 1451 l.
1404 1430 1433 1457 9.
1450 1422 1478 1463 §.
1498 1433 1523 1454 1.
1546 1425 1592 1455 D.
1617 1427 1650 1456 cie
1666 1433 1764 1458 novat.
1791 1428 1811 1458 l.
1832 1433 1879 1462 13.
1895 1428 1933 1458 D.
1950 1429 1985 1458 cle

1116 1457 1235 1504 condi&-
1254 1461 1345 1507 11111611.
1393 1462 1554 1508 Quaeritur
1576 1466 1689 1507 igitur,
1715 1467 1812 1508 qualis
1837 1469 1981 1500 habenda

1116 1501 1332 1545 iithconditim
1347 1503 1396 1547 *Si
1421 1506 1544 1536 rationes
1568 1509 1675 1538 domini
1700 1509 1881 1550 computaffet
1905 1511 1981 1540 arbi-

1117 1539 1194 1585 trio?
1219 1549 1260 1571 ait
1278 1541 1454 1589 Ulpianus,
1478 1547 1682 1586 quaestionem
1701 1550 1763 1580 huc
1780 1560 1886 1588 exire,
1904 1550 1982 1590 quid

1115 1580 1275 1629 fignificct⁸
1292 1586 1472 1617 arbitrium:
1496 1595 1598 1619 utrum
1624 1599 1743 1621 meram
1761 1592 1983 1630 voluntatem,

1115 1631 1153 1668 an
1171 1622 1331 1669 arbitrium
1353 1625 1428 1657 boni
1454 1627 1528 1660 viri:
1554 1629 1618 1660 hoc
1642 1630 1765 1662 finitum
1791 1632 1819 1663 &
1843 1640 1986 1664 certum:

1116 1664 1193 1708 illud
1218 1673 1374 1698 incertum
1399 1676 1495 1714 atque
1518 1670 1685 1703 infinitum.
1730 1672 1792 1704 Sed
1812 1673 1886 1713 quid
1910 1672 1980 1705 est?

1117 1705 1289 1754 Ulpianus,
1327 1707 1407 1739 Haec
1423 1733 1445 1755 ,ι
1464 1713 1568 1751 inquit
1585 1736 1593 1749 ‚
1626 1714 1814 1745 venditionis
1839 1714 1981 1746 conditio

1117 1747 1175 1792 (⁵¹
1198 1756 1337 1780 rabones
1360 1751 1481 1782 domini
1505 1755 1716 1794 computasset
1739 1756 1897 1794 arbitrio)
1919 1765 1982 1788 11011

1117 1790 1159 1819 110
1184 1797 1316 1833 accepta
1340 1790 1384 1835 est
1407 1801 1423 1823 a
1449 1792 1644 1828 Veteribus:
1669 1796 1751 1837 quasi
1772 1796 1832 1835 fit,
1862 1797 1894 1828 Si
1916 1796 1982 1837 ipse

1119 1831 1265 1862 dominus
1289 1840 1429 1879 rationes
1450 1834 1585 1875 putasset
1606 1835 1660 1868 suo
1683 1838 1828 1870 arbitrio:
1852 1848 1923 1869 nam
1939 1838 1982 1869 fic'

1118 1872 1204 1918 pulla
1230 1871 1309 1904 effet
1333 1876 1494 1906 venditio:
1519 1878 1638 1918 quippe
1660 1880 1801 1919 pendens
1817 1889 1833 1910 a
1850 1888 1934 1910 mera
1951 1890 1983 1910 e·

1115 1922 1164 1952 Jus
1184 1914 1371 1954 voluntate3
1395 1925 1466 1948 cum
1485 1927 1549 1950 11011
1570 1920 1685 1951 debeat
1704 1922 1734 1952 in
1755 1920 1916 1952 arbitrium
1935 1919 1982 1952 rei

1118 1954 1284 1993 conferri,
1308 1965 1345 1987 an
1370 1955 1594 1991 fitobsliittus.
1619 1961 1735 2000 placuit
1757 1962 1864 2001 itaque
1883 1961 1982 1992 Vete-
2008 1954 2033 1990 Ἣ

1117 1996 1221 2043 ribus,
1245 1997 1277 2028 id
1301 1999 1399 2037 magis
1424 2001 1523 2031 videri
1548 2002 1699 2033 collatum
1718 2004 1749 2034 in
1767 2003 1824 2033 viri
1841 2001 1917 2032 boni
1936 2011 1983 2032 ai·-

1118 2038 1267 2076 bitrium,
1292 2041 1399 2079 (quod
1424 2040 1468 2071 est
1494 2050 1636 2080 certum,
1660 2053 1719 2074 nec
1741 2052 1882 2074 moratur
1898 2042 1981 2073 obli-

2001 832 2036 1026 11

1119 973 1176 994 nor
1198 964 1216 994 l.
1233 975 1262 1005 3.
1285 966 1317 996 C.
1340 969 1372 997 de
1392 970 1519 1011 promzff.
1545 973 1602 1003 dot.
1627 973 1664 1007 ὅ)
1687 975 1706 1006 Ζ.
1723 984 1774 1015 30.
1795 973 1836 1006 D.
1854 976 1887 1006 de
1908 982 1982 1015 oper.-
2000 978 2001 982 ’
2035 984 2036 989 ’

2025 860 2036 893 i.

2025 999 2029 1014 1

1117 2080 1280 2120 gationem
1303 2081 1321 2110 Ζ.
1344 2089 1368 2110 1.
1386 2081 1425 2127 §1
1443 2091 1468 2112 1.
1492 2081 1531 2112 D.
1550 2085 1583 2114 cie
1603 2085 1678 2124 legar
1701 2085 1749 2116 lib.
1767 2084 1817 2118 2.)
1841 2093 1931 2124 quam
1950 2083 1982 2115 in
2031 2085 2032 2088 ’

1118 2121 1281 2152 arbitrium
1306 2121 1451 2167 domini,
1482 2125 1568 2163 quod
1590 2124 1635 2156 est
1666 2126 1830 2157 incertum.
1883 2124 1982 2165 Igitur

1116 2162 1178 2202 (sic
1196 2162 1359 2193 concludit
1383 2162 1559 2203 Ulpianus)
1581 2166 1601 2196 ss
1624 2167 1761 2198 rationes
1772 2165 1884 2205 ‘potuit
1901 2166 1983 2196 acci·

1118 2213 1212 2249 pere,
1236 2212 1296 2234 nec
1319 2205 1469 2248 accepit,
1501 2206 1552 2237 vel
1577 2207 1717 2248 accepit,
1741 2206 1831 2248 fingit
1858 2214 1982 2244 autem,

1117 2247 1148 2275 ie
1170 2253 1235 2275 non
1266 2245 1441 2285 accepisse:
1475 2245 1605 2287 impleta
1635 2249 1781 2279 conditio
1811 2249 1982 2288 emptionis

1118 2285 1181 2330 est,
1206 2286 1235 2317 ὃ(
1251 2295 1291 2332 eit
1308 2294 1419 2327 empto
1437 2290 1585 2320 venditor
1601 2289 1766 2321 conveniri
1782 2289 1895 2329 potest.
1939 2290 1986 2323 ΑΒ,

1117 2336 1200 2359 enim
1226 2326 1323 2367 Gaius
1349 2327 1368 2358 Ζ.
1388 2338 1437 2369 35.
1462 2329 1489 2371 §.
1512 2339 1535 2360 i.
1565 2330 1601 2362 D.
1620 2331 1647 2361 b.
1666 2337 1686 2362 t.
1730 2330 1830 2369 Illud,
1858 2330 1995 2368 inquit„

1117 2367 1244 2409 confiat,
1267 2369 1463 2409 irriperfectum
1480 2371 1530 2411 effe
1551 2374 1718 2413 riegoiiu7n3
1740 2382 1805 2402 cum
1827 2380 1913 2401 emere
1930 2367 2003 2420 ‘utiq¹

1117 2411 1187 2441 lenti
1203 2409 1247 2447 fic
1270 2411 1404 2442 venditor
1426 2414 1518 2449 dicit,
1544 2412 1662 2454 Quanti
1687 2413 1784 2451 velis,
1807 2412 1914 2452 quanti
1941 2421 2002 2450 ,πῖ-1

1118 2461 1214 2492 quum
1238 2453 1397 2491 putaveris
1414 2476 1424 2492 ,
1457 2462 1564 2493 quanti
1596 2454 1795 2485 aestimaveris
1813 2477 1822 2491 ‚
1867 2454 1984 2484 habebit·

1116 2500 1251 2533 emptum.
1294 2491 1360 2524 Nifi
1385 2504 1402 2524 a
1426 2494 1509 2535 Gajo
1530 2496 1571 2526 ibi
1593 2495 1757 2534 adjicitur,
1781 2494 1885 2535 itajus
1903 2494 1983 2526 effe:-

1116 2544 1188 2566 cum
1208 2535 1358 2565 venditor
1374 2535 1439 2566 hoc
1457 2536 1535 2567 dicit
1552 2545 1658 2567 emere
1673 2536 1812 2567 volenti:
1837 2536 1866 2566 &
1884 2534 1908 2566 is
1927 2535 1980 2567 ob·
1996 2572 1997 2577 ¹

1117 2577 1210 2608 latam
1234 2576 1455 2608 conditionem
1475 2578 1507 2607 in
1531 2577 1708 2608 continenti
1734 2586 1797 2608 non
1815 2584 1979 2616 acceptat;

1116 2618 1168 2648 led
1191 2626 1260 2648 eam
1284 2616 1314 2648 in
1342 2618 1449 2648 medio
1479 2618 1638 2658 relinquit.
1672 2625 1738 2649 turn
1763 2619 1847 2649 enim
1871 2618 1980 2650 volens

1115 2668 1181 2690 rem
1205 2659 1320 2689 deinde
1345 2667 1385 2688 ex
1407 2659 1575 2690 intervallo
1603 2658 1754 2691 aestimare
1769 2676 1780 2698 -,
1811 2659 1920 2699 quanti
1941 2668 1980 2689 εθ-

1115 2709 1212 2740 quum
1231 2701 1415 2738 putaverit;
1448 2699 1523 2730 niliil
1552 2702 1634 2741 agit,
1658 2700 1759 2731 invito
1785 2700 1978 2736 venditore.

1115 2750 1209 2781 quem
1224 2740 1454 2784 jampoeniteat
1473 2742 1590 2772 oblata:
1615 2741 1828 2773 conditionis:
1852 2741 1926 2781 quia
1948 2741 1979 2772 in

1115 2784 1294 2814 continenti
1325 2791 1386 2812 non
1419 2791 1553 2821 accepta
1584 2784 1749 2814 oblatione
1770 2782 1978 2819 conditionis,

1114 2834 1178 2856 non
1198 2823 1259 2854 fuit
1277 2822 1481 2864 consensum3
1505 2825 1553 2864 (St,
1579 2831 1612 2856 ut
1629 2824 1727 2863 Gaius
1745 2824 1806 2862 ait,
1830 2822 1980 2863 imperfea,

1113 2867 1197 2897 6111111
1214 2864 1258 2896 est
1274 2864 1451 2904 negotium.
1965 2880 1970 2883 *

1156 2907 1254 2944 Dixi,
1279 2906 1354 2945 quid
1375 2906 1449 2946 juris
1475 2906 1529 2945 fit,
1559 2907 1653 2947 pretii
1678 2905 1866 2938 definitione
1889 2903 1982 2945 alteri·

1112 2948 1370 2980 contrabentium
1401 2949 1440 2979 ab
1463 2949 1565 2980 altero
1589 2947 1760 2979 commissa.
1810 2946 1981 2985 Sequitur„

1113 2990 1188 3027 quid
1210 2988 1372 3026 obtineat,
1395 2989 1541 3021 concessa
1558 2989 1665 3021 tertio.
1688 2997 1768 3029 puto
1783 2995 1904 3023 autem,
1929 2994 1982 3019 ree

1113 3031 1192 3062 fert:
1217 3038 1320 3060 utrum
1348 3030 1489 3070 permiss'a
1515 3031 1550 3061 sit
1579 3031 1648 3061 viro
1674 3031 1762 3062 bono
1784 3028 1814 3059 in
1839 3034 1976 3067 genere·

1113 3082 1149 3104 an
1179 3079 1273 3101 certae
1297 3072 1454 3110 perionae,
1484 3080 1576 3112 puta,
1603 3072 1703 3102 Lucio
1726 3070 1827 3100 Titio.
1859 3076 1930 3097 nam
1954 3066 1974 3097 fi

1112 3111 1300 3155 generaliter
1324 3111 1359 3143 sit
1381 3113 1484 3144 delata
1508 3114 1575 3143 viro
1591 3113 1697 3149 bono,
1721 3119 1783 3140 non
1802 3106 1976 3140 monstrata

2021 2797 2025 2865 l

2020 2868 2023 2953 i

2020 2956 2022 3005 l

201 3154 262 3185 effe
286 3156 433 3193 caulam,
466 3164 522 3185 cur
553 3154 657 3184 valere
688 3161 752 3182 non
779 3152 892 3182 debeat
925 3155 1065 3193 emptio:
1109 3155 1242 3195 persona
1267 3161 1380 3192 certa3
1410 3164 1474 3185 non
1501 3153 1631 3194 placet,
1661 3149 1803 3182 contrabi
1838 3148 1974 3188 eminio·
2018 3154 2019 3162 ¹

201 3202 292 3227 certo
309 3197 509 3236 preti0,ejus
528 3194 715 3228 definitione
731 3192 772 3225 fic
791 3193 821 3225 111
841 3193 973 3224 alterum
989 3203 1064 3226 con-
1110 3205 1202 3236 neni,
1225 3201 1278 3227 aut
1302 3195 1571 3227 conductionem:
1597 3192 1711 3230 veluti,
1736 3190 1755 3222 sl
1783 3190 1899 3222 digium
1919 3188 1978 3225 fit*

1894 3229 1973 3261 Fun·
