2036 3495
154 61 220 94 228
578 50 930 85 Ganranr

989 41 1256 80 Noonr
1314 44 1530 81 Coun.

160 145 193 176 in
210 142 334 188 tutelari
361 140 473 186 causa?
499 146 594 178 negat
608 144 714 182 autern
730 133 909 175 Ulpianus,
932 131 1034 176 pupil·
1075 133 1118 164 rei
1133 134 1243 181 vindic.
1255 135 1297 167 fic
1313 135 1436 166 scribit:
1455 135 1589 172 sivero,
1606 142 1664 165 non
1678 133 1771 176 potest
1788 135 1950 178 restituere,

161 186 227 219 lum
246 185 363 225 iptum,
388 182 408 213 si
429 180 576 220 impubes
596 177 659 215 est,
685 175 795 213 idest,
819 174 840 206 fi
858 175 962 205 adhuc
977 182 1034 204 irn-
1070 172 1100 211 fi
1113 177 1225 215 quzdem
1246 178 1306 208 dolo
1322 178 1410 215 fecit,
1433 186 1487 217 quo
1501 178 1596 207 minus
1612 175 1693 216 poffit
1706 198 1716 214 ,
1739 179 1784 215 is,
1807 184 1948 218 quantum

161 227 264 268 pubes
280 225 342 262 est,
367 222 438 259 vel,
462 220 534 260 quia
559 218 662 249 adhuc
682 217 828 256 impubes
846 215 911 254 est,
933 215 1036 255 jurare

162 267 259 308 poll‘e.
275 266 403 306 opinor,
413 269 547 302 propter
557 259 718 290 defectum
730 258 838 288 idonei
848 256 1036 288 intellectus:

164 318 204 340 ex
223 317 287 347 quo
303 304 467 336 aestimatio
484 300 681 337 affectionis,
706 308 800 335 quam
816 298 959 337 judicem
978 298 1035 328 ser-

161 358 256 385 vare,
279 354 404 386 aequum
421 343 484 381 est,
500 345 629 373 deinum
647 339 805 381 proficisci
824 338 939 379 potest.
964 337 1038 369 Nec

161 388 273 421 resistit
298 389 316 417 l.
340 389 391 417 26.
427 385 472 415 D.
501 385 532 414 de
550 383 753 425 jurejurando.
780 379 909 412 interest
933 380 1037 417 enim,

163 429 249 470 quod
265 426 479 468 jusjurandum
499 424 557 456 isto
577 426 652 455 loco
672 424 710 454 ab
729 421 924 460 adversario,
949 422 1004 452 illo
1021 429 1037 450 a

162 471 274 510 Judice
286 492 294 506 ‚
313 467 466 499 defertur.
480 466 544 497 Sed
563 465 626 496 hoc
645 466 675 496 in
695 464 818 504 pupillo
834 472 957 494 certum
974 460 1035 492 est.

161 511 216 543 De
235 518 342 541 tutore
362 510 537 540 videamus,
556 499 707 547 Ulpianus
723 507 751 536 d.
771 505 789 535 l.
805 515 834 543 4.
852 503 893 535 sic
911 503 1035 534 scribit:

164 552 227 584 Sed
251 560 314 582 nec
342 558 484 581 tutorem
502 550 683 588 cogendum
701 546 753 577 vel
772 554 904 577 matrem
923 544 1034 583 pupilli

161 593 391 625 admittendam
403 615 411 629 ,
427 589 482 621 etsi
496 597 602 630 parata
621 588 698 619 esset
712 589 813 627 jurare
825 610 834 625 ,
851 585 894 617 D.
912 585 1037 616 Fratres

161 633 398 674 rescripserunt.
423 641 519 672 grave
536 631 621 661 enim
638 630 825 666 videbatur,
844 628 873 658 ἃ
891 628 1037 667 ignoran-

165 683 213 707 tes
231 675 259 706 i&
282 675 403 706 invitos
420 681 545 703 tutores
560 671 614 702 sub
631 670 723 702 alieni
749 668 931 709 compendii
948 676 1036 698 emo-

164 718 313 749 lumento
324 717 418 746 etiam
431 712 600 754 perjurium
611 720 728 752 anceps
739 710 850 746 subire.
865 710 1037 742 Curatores

165 767 294 798 quoque
305 756 416 798 pupilli
429 755 479 786 vel
491 752 700 785 adulescentis
712 761 776 783 non
789 751 851 782 esse
868 751 1036 791 cogendos

164 801 197 831 in
222 800 310 830 litem
335 799 457 838 jurare,
482 795 638 835 rescriptis
667 792 874 834 Imperatoris
895 791 990 823 nostri
1008 791 1038 821 δε

163 840 208 873 D.
228 840 325 871 Patris
341 839 405 879 ejus
424 837 619 868 continetur.
639 835 669 866 Si
682 842 788 865 tamen
806 842 924 865 tantam
942 832 1035 864 affec·

165 881 286 913 tionem
311 879 435 920 pupillo
460 878 513 909 suo
539 878 589 908 vel
614 876 809 908 adulescenti
836 883 960 906 tutores
985 873 1035 904 vel

155 931 328 954 «curatores
355 919 500 960 praestare
523 919 654 955 volunt,
679 918 847 948 auctoritas
870 916 945 955 juris
971 924 1036 946 non

162 963 393 1004 refragabitur,
417 961 490 1002 quin
506 959 626 1000 judicio
645 960 730 997 quod
748 960 831 989 inter
848 958 931 997 ipsos
949 966 1034 987 acce-

164 1015 255 1046 ptiiiii
280 1004 343 1041 est,
367 1002 440 1034 finis
467 1001 622 1041 ejusmodi
642 1000 732 1040 poffit
749 999 907 1030 adhiberi:
924 1007 987 1028 non
1005 1006 1036 1027 e-

168 1056 234 1077 nim
254 1048 292 1076 ad
317 1044 402 1076 suam
421 1043 590 1075 utilitatem
609 1041 776 1072 referenda
790 1039 981 1080 jurisjurandi
1001 1047 1039 1068 ae-

164 1086 302 1119 stimatio
319 1085 382 1123 est,
406 1085 458 1116 sed
478 1085 516 1115 ad
531 1083 652 1115 domini
671 1083 758 1121 cujus
783 1090 913 1112 nomine
931 1080 1038 1110 tutelae

166 1130 249 1160 ratio
266 1127 455 1168 postuletur.
472 1124 665 1157 Adulescens
678 1132 773 1161 vero,
788 1121 808 1154 si
827 1123 922 1160 velit,
935 1121 1037 1160 jurare

191 1169 285 1201 otest.

167 1179 187 1211 p
207 1211 292 1251 Jurat
318 1210 414 1246 initui·
431 1210 461 1240 in
487 1207 576 1239 litem
593 1206 740 1237 dominus
759 1205 831 1237 litis.
857 1203 1038 1244 quatenus?

166 1253 198 1283 in
217 1246 383 1283 iiifinitu‘in.
406 1249 448 1281 fic
471 1250 513 1279 ait
541 1247 694 1287 Ulpianus
719 1247 737 1278 l.
764 1258 791 1285 4.
812 1246 839 1287 §.
859 1256 885 1276 2.
907 1247 951 1276 D.
970 1245 998 1275 b.
1016 1251 1037 1274 t.

166 1294 203 1325 In
229 1292 387 1324 infinitum
413 1298 519 1321 autem
545 1299 608 1320 non
629 1288 691 1325 est,
716 1286 966 1324 iiiimniensum3
990 1285 1040 1316 sed

167 1335 199 1366 in
219 1332 418 1365 indefinitum
437 1341 443 1362 :
468 1340 501 1361 ut
519 1331 548 1361 in
568 1330 596 1371 §.
617 1340 644 1368 4.
666 1327 737 1368 lust.
755 1331 787 1359 de
803 1329 923 1359 Deredib.
948 1325 1039 1366 instit.

167 1383 257 1406 certe
279 1373 431 1414 Ulpianus
447 1372 598 1411 infinituiiz
623 1371 661 1401 ab
677 1372 808 1406 immenso
827 1369 987 1407 distinguit
1005 1369 1035 1398 in

167 1417 194 1449 d.
216 1416 243 1458 §.
256 1426 282 1447 2.
298 1416 340 1446 ita
356 1413 474 1445 sensus:
490 1412 639 1443 Moribus
656 1419 708 1441 aut
727 1412 848 1451 legibus
866 1410 979 1449 quibus
990 1419 1035 1440 re-

167 1466 298 1497 ceptum
316 1456 352 1487 fit
366 1455 579 1495 jus'uranduin
597 1454 625 1482 in
639 1453 743 1490 litem,
763 1462 826 1482 non
846 1452 890 1482 est
908 1450 1038 1482 definita

168 1500 327 1539 quantitas
339 1501 377 1527 ad
389 1505 406 1534 q
433 1504 481 1526 am
494 1494 608 1524 debeat
621 1493 726 1533 jurari.
738 1494 764 1523 ἃ
774 1493 847 1525 ideo
859 1502 922 1523 non
940 1492 1038 1532 estju-

167 1540 248 1572 ranti
265 1537 365 1578 opus‘,
388 1536 510 1567 servare
529 1535 670 1565 mudum.
697 1535 761 1564 imo
779 1534 806 1565 ei
824 1534 958 1565 liberum
978 1532 1038 1571 est,

166 1589 235 1612 rem
252 1579 383 1619 petitam
395 1577 448 1607 suo
466 1576 598 1607 arbitrio
609 1575 778 1613 aestimare3
794 1575 823 1605 in
842 1584 948 1613 eoque
965 1572 1040 1612 affe-

169 1621 265 1652 trioni
285 1620 342 1651 suae
361 1618 526 1656 indulgere
544 1617 640 1648 eiiam
658 1617 840 1647 immodice.
872 1615 944 1647 Nec
959 1616 1041 1646 male

166 1662 280 1696 Paulus
305 1661 359 1692 lib.
386 1670 413 1701 3.
431 1658 663 1697 Responsorum
682 1657 786 1688 scribit
801 1657 820 1688 l.
839 1658 892 1688 ult.
907 1657 935 1687 h.
947 1662 968 1687 t.
990 1658 1041 1687 De

164 1704 292 1745 perjurio
308 1703 370 1743 ejus
387 1703 439 1743 qui
456 1710 493 1732 ex
509 1697 750 1740 vieceffitatejuris
765 1701 796 1729 z‘n
811 1698 887 1730 litem
899 1699 1038 1740 juravit,

166 1744 359 1787 qzcaerz‘facile
376 1752 433 1773 non
446 1741 542 1781 solere.
578 1740 703 1779 Nempe
720 1739 824 1780 potest
838 1739 1040 1770 immodestia

169 1795 209 1817 ex
221 1785 393 1817 affectione
406 1793 473 1815 rem
490 1782 669 1814 aestimantis
687 1780 842 1818 accusari,
859 1780 973 1811 falsitas
990 1789 1037 1811 ac-

170 1828 269 1859 cusari
285 1836 348 1857 non
361 1825 476 1867 potest.
498 1824 559 1855 Sed
572 1847 580 1860 ,
594 1832 628 1854 ut
644 1823 707 1853 hoc
724 1831 867 1864 agamus,
884 1821 925 1853 fic
941 1821 1003 1859 est,
1020 1821 1040 1852 si

169 1868 273 1908 judex
290 1866 563 1898 aestimationinon
581 1865 688 1905 injecit
707 1864 849 1895 modum.
877 1865 917 1893 At
934 1873 1040 1901 pone,

168 1908 310 1941 statuiss‘e
334 1909 491 1947 aliquem,
523 1915 556 1937 ut
581 1907 661 1937 intra
689 1913 808 1937 certam
832 1906 1040 1945 quantitatem

163 1950 310 1993 juretur3
328 1960 368 1981 ne
386 1949 473 1980 forte
490 1956 611 1987 arrepta
629 1946 796 1977 occasione
814 1947 844 1977 in
857 1946 1042 1979 immensum

165 1992 314 2034 juretur?
339 1992 368 2023 ἀ
389 1991 519 2031 quidem
543 1989 574 2020 in
595 1988 727 2020 arbitrio
745 1987 864 2027 Judicis
880 1986 941 2019 esse
956 2011 965 2025 ,
990 1988 1040 2018 de-

168 2033 256 2066 ferre
277 2033 517 2074 jusjurandum,
547 2039 608 2061 nec
630 2039 689 2067 ne,
721 2028 854 2060 constat.
878 2039 914 2060 an
942 2029 1039 2069 igitui-

169 2077 224 2115 qui
245 2074 336 2114 poffit
353 2073 569 2114 jusjurandum
594 2081 658 2102 non
675 2070 820 2109 deferre,
844 2071 928 2101 idem
948 2070 1041 2107 poffit

171 2117 202 2148 ἀ
227 2118 425 2147 taxationem
448 2113 648 2155 jurijurando
673 2112 832 2153 adjicere,
857 2113 1009 2151 quaeritui·
1026 2111 1042 2142 ἱ)

171 2156 315 2190 Arbitrio
332 2165 438 2187 tamen
451 2154 672 2194 Judicisbonae
686 2152 760 2184 fidei
779 2153 872 2184 etiam
892 2153 953 2184 lioc
970 2162 1044 2183 con·

172 2208 306 2240 gruere,
330 2196 486 2238 Ulpianus
503 2203 591 2236 putat
608 2197 634 2226 ci.
653 2194 681 2236 §.
699 2204 725 2225 2.
745 2195 762 2225 l.
780 2205 807 2232 4.
828 2195 855 2225 b.
872 2199 891 2225 t.
914 2192 1044 2233 Proprie

172 2250 253 2271 vero
280 2239 325 2270 uti
350 2248 421 2269 eum
441 2239 600 2268 taxationis
619 2237 738 2273 vei-b0‚
762 2245 802 2266 ex
818 2235 881 2266 hoc
900 2235 982 2266 Festi
1002 2237 1044 2265 in-

176 2282 338 2322 telligitur.
351 2280 448 2311 Taxat
457 2280 576 2310 verbum
583 2279 703 2318 ponitur
711 2279 741 2307 in
750 2278 786 2307 z'z's
795 2301 803 2315 ,
815 2276 1045 2318 quoefiniuntur,

174 2325 249 2363 quod
267 2326 350 2362 tangi
367 2322 469 2358 liceat,
493 2321 524 2350 in
542 2320 641 2350 litibus
660 2328 770 2360 quoque
784 2320 956 2356 arbitrium,
982 2328 1046 2348 cum

172 2364 382 2403 proscribitur,
398 2363 491 2403 quoad
512 2363 537 2392 ei
548 2361 599 2402 jus
609 2359 650 2398 fit
661 2358 820 2398 statuendi.
841 2359 962 2390 Taxatio
978 2361 1045 2390 dici-

175 2409 226 2434 tur
242 2415 302 2445 qziae
312 2403 351 2443 fit
370 2408 450 2434 certae
466 2403 587 2438 l'urmnae.
616 2401 695 2433 Haec
712 2403 750 2432 ad
768 2400 957 2440 Ulpianum:
973 2410 1046 2431 cum

176 2454 240 2483 quo
259 2445 416 2476 consentit
440 2445 622 2475 Mai-cianus
639 2443 657 2473 l.
673 2453 701 2481 5.
719 2443 747 2484 ᾗ.
767 2452 792 2474 1.
811 2444 838 2473 d.
859 2449 879 2473 t.
903 2442 982 2473 iliud
1001 2443 1045 2472 vi-

149 2497 151 2502 ·
178 2487 337 2525 nendum,
360 2487 453 2527 quale
477 2485 531 2524 fit,
555 2485 642 2526 quod
667 2484 821 2525 Ulpianus
845 2484 864 2514 l.
881 2488 931 2518 68.
951 2484 998 2515 D.
1016 2484 1048 2514 cie

830 2567 1186 2602 TtruLus

1078 217 1258 261 adversarius
1277 220 1310 249 in
1336 219 1413 249 litem
1423 217 1486 256 sine
1506 219 1565 249 ulla
1583 220 1734 248 taxatione
1751 220 1781 249 in
1800 218 1950 258 infinitum

1075 260 1242 304 juraverit,
1265 261 1498 291 condemnandus
1516 259 1564 300 est.
1591 259 1669 289 Meo
1684 259 1807 299 judicio
1826 260 1871 291 est
1888 261 1949 293 hoc

1082 300 1123 343 tic
1147 302 1390 341 accipiendum:
1412 309 1446 332 ut
1469 301 1592 340 judex,
1614 300 1633 331 ii
1662 301 1854 332 taxationem
1876 302 1951 342 juri-

1077 341 1214 382 jurando
1234 352 1297 373 non
1313 343 1429 383 adjecit
1442 367 1450 381 ‚
1477 343 1594 374 debeat
1613 342 1784 382 praestitum
1800 343 1951 383 jusjuran-

1081 380 1155 411 dum
1178 380 1280 428 sequi:
1306 393 1369 414 non
1395 393 1499 415 autem
1519 385 1685 416 abiolvtre
1704 383 1827 423 prorsus
1844 393 1950 424 reum,

1081 429 1134 451 aut
1149 430 1279 455 minoris
1299 425 1533 457 condemnare:
1559 434 1767 466 praetei-quam
1784 435 1823 456 ex
1843 434 1951 466 magna

1082 461 1192 508 causa,
1217 466 1246 495 &
1267 465 1374 502 postea
1394 470 1526 507 repertis
1550 467 1804 508 probationibus.
1829 467 1871 496 ita
1887 466 1952 507 ipse
1970 486 1978 494 ι

1081 511 1110 533 in
1128 505 1155 573 Ξῖ.
1174 504 1193 535 ὶ.
1216 515 1243 543 4.
1259 506 1287 546 §.
1307 517 1336 547 3.
1356 508 1382 538 h.
1402 515 1422 538 t.
1442 509 1692 550 &accipiendal.
1716 514 1762 542 18.
1782 508 1824 539 D.
1843 510 1876 538 de
1892 508 1951 540 dolo

1079 554 1125 575 ma
1139 554 1163 574 o.
1807 552 1815 563 ““
1875 568 1877 571 -

1081 627 1087 633 ι
1122 584 1291 630 ΕΧΓρςὲξῒῦε
1309 586 1403 619 finem
1420 589 1523 622 Tituli
1539 615 1548 630 ‚
1572 591 1731 631 explicitis
1746 593 1906 633 plerisque
1921 601 1954 624 e-

1078 636 1127 666 Jus
1147 627 1312 672 capitibus.
1335 627 1388 660 sed
1403 631 1512 663 resistit
1530 634 1696 672 Ulpianus:
1721 634 1823 664 adhuc
1840 640 1952 672 petens

1081 667 1317 708 expositionem
1343 671 1361 700 l.
1391 679 1414 701 1.
1438 672 1464 702 h.
1489 680 1511 704 t.
1531 675 1617 714 cujus
1634 683 1755 714 partem
1771 674 1953 714 attigimus;

1081 709 1214 755 scopum
1240 711 1381 757 nonduin
1409 712 1701 747 demonstravimus.
1735 717 1828 747 verba
1848 714 1957 754 Ulpia·-

1082 759 1132 798 nif
1153 751 1225 780 Rem
1240 761 1272 781 m
1282 753 1427 793 judicium
1443 754 1591 786 [leontiam
1608 766 1664 787 non
1680 758 1785 787 idcirco
1798 758 1891 798 pluris
1909 754 1959 796 effe

1082 799 1253 839 οριηᾳπηιν,
1272 795 1342 834 quia
1358 795 1476 833 crescere
1492 799 1686 828 condemnatio
1699 797 1788 838 potest}
1804 808 1839 829 ex
1856 805 1958 828 contu-

1081 843 1174 880 macia
1190 843 1246 864 non
1255 834 1429 873 restituentis
1440 843 1492 876 per
1502 838 1716 879 jusjurandum
1731 842 1761 870 in
1779 841 1873 870 litem.-
1897 847 1955 869 non

1078 884 1154 905 emm
1176 884 1217 904 res
1240 875 1334 915 pluris
1348 875 1386 915 fit
1399 884 1451 916 per
1466 878 1537 916 hoc,
1552 880 1604 918 sed
1624 889 1660 910 ex
1686 882 1866 911 contumacia
1882 877 1954 919 cesti-

1079 922 1177 947 matur
1193 917 1272 962 ultra
1285 919 1327 947 rei
1337 920 1473 957 pretium.
1507 920 1550 950 Ut
1567 920 1780 961 intelligatur,
1805 931 1869 960 quo
1888 922 1956 960 spe-

1080 957 1144 988 &et
1170 955 1307 1004 Ulpiani
1322 959 1517 997 disputati0;
1541 960 1767 992 consideranda
1786 960 1955 1001 >Inscriptio

1081 998 1134 1030 est.
1153 999 1282 1046 praefert
1302 999 1352 1030 illa
1365 1001 1487 1040 Ulpiani
1508 1002 1558 1032 lib.
1576 1011 1625 1042 51.
1644 1002 1693 1033 Ad
1711 1002 1877 1034 Sabinum:
1891 1011 1955 1042 quo

1081 1049 1153 1086 eum
1175 1041 1295 1086 dejure
1320 1049 1416 1080 atque
1437 1042 1545 1074 officio
1563 1044 1609 1083 jus
1635 1043 1793 1082 dicentis,
1816 1045 1957 1084 itemque

1081 1081 1120 1111 de
1135 1082 1274 1127 judiciis,
1298 1082 1503 1123 judicisque,
1528 1085 1556 1115 ἃ
1576 1085 1722 1116 formulae
1741 1085 1871 1116 datione
1888 1084 1956 1115 scri-

1081 1121 1169 1166 psiffe
1181 1145 1189 1160 ‚
1208 1123 1307 1161 liquet
1324 1125 1390 1154 exl.
1408 1134 1450 1165 ¹3·
1464 1127 1508 1155 D.
1525 1126 1668 1167 dejmisd.
1686 1126 1706 1156 l.
1725 1130 1754 1156 6.
1770 1125 1811 1157 D.
1823 1127 1855 1156 tle
1871 1127 1955 1166 capit.

1080 1169 1185 1194 minut.
1203 1163 1221 1193 l.
1240 1174 1287 1203 59.
1301 1163 1385 1209 ¹D.de
1395 1166 1489 1207 judic.
1505 1167 1523 1196 l.
1541 1178 1590 1206 55.
1605 1168 1645 1198 J).
1657 1169 1689 1197 de
1705 1177 1733 1197 re
1743 1167 1836 1207 judic.
1853 1167 1871 1198 l.
1892 1176 1954 1207 179.

1083 1203 1124 1235 D.
1142 1206 1175 1235 de
1190 1209 1267 1235 vero.
1283 1206 1383 1245 lzgm‘f.
1405 1206 1440 1240 &⁷
1457 1208 1476 1237 l.
1490 1218 1537 1248 37.
1552 1209 1591 1238 D.
1610 1210 1642 1238 cie
1658 1217 1715 1249 reg.
1730 1208 1794 1249 jur.
1815 1208 1953 1239 indicavi

1083 1245 1230 1292 fontem,
1243 1248 1337 1293 'unde
1355 1257 1418 1287 peti
1437 1250 1552 1279 debeat
1573 1249 1698 1289 Ulpiani
1715 1250 1830 1281 thema.
1849 1250 1880 1280 id
1901 1258 1955 1289 po-

1084 1296 1155 1318 nam
1173 1296 1202 1318 in
1216 1287 1416 1326 stipulatione
1434 1298 1530 1320 ratam
1547 1300 1610 1321 rein
1623 1291 1748 1321 baberi:
1765 1290 1956 1322 monstrante

1084 1328 1183 1372 Paulo
1198 1329 1216 1359 l.
1235 1329 1286 1359 ult.
1308 1329 1346 1360 D.
1367 1332 1399 1359 cle
1408 1329 1628 1371 fiflejuffiiribus.
1673 1331 1727 1362 Est
1756 1341 1860 1362 autem
1878 1332 1956 1362 tale:

1079 1370 1223 1401 Abientis
1248 1379 1439 1409 procurator
1462 1372 1492 1402 in
1519 1382 1584 1403 rein
1607 1373 1740 1412 agebat,
1766 1372 1796 1403 ὅς
1814 1381 1884 1403 cum
1904 1372 1958 1402 lia-

1078 1410 1171 1441 beret
1196 1413 1376 1442 mandatum
1404 1415 1507 1442 minus
1533 1414 1682 1444 idoneum
1700 1438 1709 1452 ‚
1740 1414 1895 1450 dederat,
1921 1421 1957 1444 ut

1081 1461 1151 1483 mos
1167 1453 1228 1489 est,
1248 1453 1430 1496 cautionem
1449 1453 1611 1484 dominum
1630 1464 1727 1486 ratam
1747 1463 1811 1485 rem
1833 1453 1957 1485 habitu-

1083 1492 1298 1539 runupostea
1323 1494 1407 1524 viCto
1435 1503 1662 1534 procuratore,
1687 1496 1834 1526 dominus
1852 1504 1960 1526 rever-

1085 1533 1131 1565 sus
1143 1557 1152 1569 ,
1169 1542 1282 1578 iterum
1302 1535 1341 1565 de
1358 1537 1467 1566 eadem
1487 1546 1518 1565 re
1537 1537 1697 1576 agitabat:
1714 1538 1745 1568 id
1762 1536 1826 1574 est,
1842 1535 1957 1566 iterum

1085 1584 1153 1605 eain
1173 1576 1371 1614 vindicabat,
1389 1577 1416 1606 ἃ
1434 1576 1553 1607 causam
1569 1576 1746 1608 obtinebat.
1769 1586 1840 1608 reus
1857 1576 1957 1607 victus

1085 1625 1156 1646 cuin
1183 1616 1316 1662 liaberet
1340 1616 1579 1656 poffeffionem,
1606 1618 1634 1648 ἀ
1657 1619 1757 1649 nollet
1779 1627 1848 1649 eam
1873 1617 1958 1649 resti-

1084 1666 1173 1688 tuere
1196 1657 1275 1697 Juffu
1301 1657 1419 1697 judicis
1438 1682 1447 1697 ‚
1479 1658 1553 1689 ideo
1580 1669 1694 1700 magno
1711 1660 1956 1690 'condemnatus

1083 1697 1143 1743 est:
1176 1698 1267 1741 idest
1280 1722 1289 1737 ,
1313 1701 1409 1737 tanti,
1435 1701 1541 1739 quanti
1562 1699 1708 1732 dominus
1727 1701 1756 1731 in
1775 1701 1862 1732 litem
1877 1701 1957 1740 Jura-

1082 1748 1136 1770 Vit.
1180 1739 1364 1782 Quaeritur,
1387 1741 1417 1771 in
1441 1749 1593 1786 quantum
1615 1749 1782 1773 teneantur
1797 1740 1954 1782 fidejusso-

1083 1791 1152 1827 res,
1177 1791 1193 1811 a
1217 1791 1272 1812 reo
1287 1790 1448 1826 ’conventi
1472 1793 1511 1814 ex
1530 1792 1678 1814 cautione
1702 1792 1799 1814 ratam
1821 1792 1884 1814 rem
1903 1783 1957 1813 do-

1084 1832 1203 1868 minum
1222 1823 1400 1854 habiturum
1413 1823 1483 1855 effe.
1518 1823 1685 1855 Dubitatio
1704 1824 1853 1856 vertitur:
1871 1823 1957 1864 quod

1084 1873 1114 1894 in
1132 1863 1333 1908 stipulatione
1352 1874 1410 1903 qua
1429 1874 1614 1904 procurator
1639 1874 1750 1905 cavet,
1776 1874 1871 1896 ratam
1891 1874 1959 1896 rem

1086 1905 1259 1950 dominum*
1275 1905 1410 1944 habere,
1434 1906 1464 1937 id
1490 1906 1672 1938 continetur
1691 1931 1700 1945 ,
1725 1908 1812 1947 quod
1838 1905 1969 1943 intersit«

1085 1946 1276 1991 stipulatoris
1300 1947 1319 1978 l.
1343 1957 1388 1983 19.
1411 1947 1449 1978 D.
1472 1948 1539 1979 Rat.
1559 1958 1616 1979 rem
1637 1949 1699 1979 hab.
1724 1948 1754 1978 id
1779 1948 1840 1981 est,
1866 1956 1962 1987 quari-

1086 1995 1152 2018 tum
1172 1998 1198 2018 ei
1216 1987 1322 2026 abest,
1342 1998 1559 2029 quantumque
1577 1989 1835 2030 lucraripotuitl.
1849 1998 1893 2028 13.
1914 1987 1959 2019 D.

1085 2031 1141 2059 eod.
1164 2029 1224 2073 Sed
1243 2030 1380 2069 placuit,
1399 2031 1482 2067 quod
1501 2030 1650 2069 Ulpianus
1668 2031 1710 2061 ait
1727 2031 1745 2061 l.
1763 2039 1786 2061 1.
1808 2031 1834 2060 h.
1855 2035 1963 2060 trem

1085 2071 1115 2100 in
1131 2071 1287 2115 judicium
1313 2071 1478 2102 deductam
1516 2081 1579 2103 non
1605 2072 1725 2102 idcirco
1754 2072 1849 2110 pluris
1879 2069 1961 2107 effe,

1086 2121 1156 2152 quia
1168 2111 1310 2142 crescere
1329 2114 1557 2144 condemnatio
1576 2112 1682 2152 potest
1699 2123 1738 2143 ex
1759 2110 1961 2143 contumacia

1087 2162 1150 2183 non
1176 2152 1388 2191 restituentis,
1413 2163 1467 2192 per
1491 2154 1707 2195 jusjurandum
1726 2155 1755 2184 in
1775 2154 1873 2184 litem.
1898 2160 1960 2192 qua

1087 2194 1236 2225 ratione?
1261 2195 1330 2239 quia
1351 2204 1414 2225 non
1435 2205 1482 2225 res
1504 2196 1599 2233 pluris
1619 2195 1653 2226 fit
1672 2205 1727 2235 per
1744 2195 1824 2230 hoc,
1851 2194 1901 2224 scd
1919 2201 1960 2223 ex

1087 2244 1286 2266 contumacia
1302 2234 1470 2267 aestimatur
1487 2237 1565 2267 ulti-a
1583 2237 1626 2267 rei
1648 2237 1792 2272 pretium.
1814 2234 1899 2277 Quid
1918 2243 1964 2265 er-

1088 2287 1130 2317 go
1147 2276 1215 2307 est‘?
1239 2275 1345 2320 Negat
1364 2277 1497 2314 Paulus,
1521 2277 1549 2308 in
1570 2277 1701 2317 amplius
1721 2276 1818 2307 teneri
1840 2276 1964 2316 fidejus·

1090 2318 1185 2349 sores.
1211 2319 1239 2348 ὅ(
1258 2319 1418 2350 causatur:
1443 2319 1531 2358 quod
1553 2319 1615 2349 hoc
1634 2328 1697 2349 non
1718 2319 1814 2349 debet
1832 2319 1965 2356 imputa-

1090 2361 1114 2391 ri
1132 2358 1380 2400 fidejussoribus,
1406 2362 1492 2399 quod
1517 2359 1570 2391 ille
1588 2368 1721 2399 propter
1739 2358 1820 2388 sunm
1839 2365 1967 2397 poenam

1092 2400 1246 2439 praestitit.
1293 2399 1378 2430 Dedi
1399 2410 1494 2431 unum
1513 2401 1705 2440 exemplum.
1724 2399 1765 2429 est
1786 2400 1814 2430 ὃς
1832 2400 1968 2429 alterum

1091 2443 1120 2473 in
1138 2443 1156 2472 l.
1175 2446 1224 2473 60.
1244 2440 1273 2482 §.
1293 2450 1319 2472 1.
1342 2441 1383 2472 D.
1401 2443 1451 2474 Ad
1467 2442 1540 2483 Leg.
1556 2441 1665 2473 Falcid.
1682 2439 1735 2472 sed
1750 2450 1791 2471 ex
1807 2439 1966 2480 superiore

1091 2483 1162 2514 satis
1178 2483 1343 2524 liquidum.

1245 2566 1310 2601 IV.

691 2644 742 2680 De
760 2643 941 2679 coridifflone
955 2641 1046 2689 carisa
1059 2642 1132 2677 data
1153 2641 1246 2689 causa
1261 2653 1319 2676 non
1323 2640 1444 2688 secuta.

178 2732 502 2812 Interpretationem
513 2733 615 2764 Tituli
632 2732 738 2765 ordiar
756 2734 795 2765 ab
811 2733 1047 2765 emendatione.

189 2801 191 2805 .
240 2784 311 2806 nam
335 2783 365 2804 in
382 2775 525 2804 omnibu<
545 2774 710 2806 codicibus
728 2775 852 2811 editur,
878 2775 931 2805 De
953 2774 1046 2804 condi*

177 2818 269 2849 &ione
286 2816 372 2851 causa
389 2817 458 2845 data
472 2815 557 2857 parisii
574 2825 629 2845 non
643 2821 742 2848 secuta.
760 2815 859 2847 Nullo
875 2814 969 2846 sensu.
986 2824 1049 2846 me-

178 2860 239 2891 lius
258 2856 425 2894 scribatur,
451 2856 501 2886 De
520 2855 756 2897 condit'ti'oriesub
782 2861 869 2891 caula
884 2857 947 2887 clati
964 2856 1051 2893 causa

179 2911 238 2932 non
252 2904 389 2940 sequuta:
407 2896 475 2935 vel,
491 2897 523 2941 ob
539 2900 724 2934 caiisamdcitz'
741 2900 826 2932 causa
843 2908 899 2929 non
910 2901 1047 2938 sequuta.

176 2942 255 2974 Hoc
271 2939 372 2972 modo
386 2938 509 2979 loquuti
527 2936 662 2967 Veteres
677 2939 695 2967 l.
713 2948 732 2974 9
759 2941 775 2969 l.
795 2940 848 2970 ult.
872 2938 909 2969 D.
928 2941 953 2970 h.
972 2945 993 2969 t.
1014 2938 1048 2969 ln

181 2983 306 3015 Codice
329 2989 459 3020 quoque
488 2978 531 3010 est
559 2977 712 3015 Rubrica,
747 2981 793 3009 De
822 2979 994 3011 coriditti‘one
1017 2981 1049 3010 ob

179 3025 293 3058 totilam
310 3025 452 3053 datorum.
481 3020 526 3051 Ita
550 3020 666 3058 liquet,
686 3019 742 3049 hac
761 3021 883 3051 actione
909 3020 1048 3059 intendi3

179 3075 214 3096 ut
231 3066 284 3104 qui
305 3065 393 3095 dedit
411 3063 454 3093 ob
475 3060 616 3097 causam,
641 3069 675 3090 ea
694 3069 756 3090 non
777 3062 925 3099 sequuta,
942 3064 1051 3093 adver-

176 3107 225 3137 sus
246 3115 316 3137 euin
342 3105 393 3144 qui
418 3103 564 3142 accepit,
590 3101 701 3132 habeat
728 3102 789 3131 dati
816 3103 1052 3140 repetitionem.

177 3146 260 3179 Haec
275 3155 352 3179 vero
363 3145 518 3187 obligatio
535 3153 602 3177 non
617 3143 703 3179 venit
713 3151 752 3175 ex
768 3142 953 3174 contractu:
969 3143 1056 3183 (fue-

1094 2738 1141 2764 rat
1158 2730 1240 2762 enim
1258 2737 1455 2762 conventum
1468 2752 1476 2767 ‚
1495 2736 1529 2760 ut
1552 2737 1664 2763 contra
1689 2731 1834 2767 daretur,
1851 2740 1915 2762 non
1932 2731 1965 2762 u't

1093 2772 1332 2810 restitueretur)
1349 2771 1400 2802 sed
1420 2778 1526 2802 extra:
1554 2780 1586 2802 ut
1605 2772 1683 2812 saepe
1701 2772 1768 2804 fieri
1784 2771 1967 2803 observatur

1094 2814 1112 2845 l.
1136 2823 1180 2853 13.
1196 2814 1225 2854 §.
1246 2822 1271 2844 2.
1293 2812 1332 2843 D.
1363 2812 1546 2843 Commodati.
1577 2814 1621 2845 est
1640 2813 1732 2855 igitur
1749 2813 1909 2844 condistio
1924 2813 1966 2843 ob

1094 2855 1216 2887 causam
1241 2855 1302 2886 dati
1330 2853 1418 2884 causa
1444 2863 1508 2885 non
1537 2854 1662 2894 sequuta
1684 2855 1765 2894 quali
1784 2864 1824 2886 ex
1843 2863 1968 2884 contra-

1095 2897 1157 2928 ctu.
1201 2895 1299 2928 Causa
1318 2895 1386 2926 talis
1404 2894 1447 2926 est
1466 2904 1517 2926 aut
1535 2895 1640 2927 futura
1655 2896 1710 2927 'aut
1726 2897 1881 2936 praeterita
1914 2893 1968 2925 ista

1093 2938 1123 2970 in
1138 2937 1239 2979 specie
1252 2937 1338 2967 causa
1350 2960 1358 2974 ‚
1376 2936 1425 2967 illa
1436 2946 1484 2968 res
1493 2938 1679 2977 appellatur.
1696 2937 1783 2968 causa
1800 2946 1861 2966 non
1874 2936 1970 2965 liabet

1092 2978 1334 3020 repetitionem:
1351 2987 1399 3008 res
1418 2978 1513 3009 habet
1529 2978 1548 3009 l.
1566 2989 1614 3018 5²·
1632 2980 1674 3009 D⁴
1695 2981 1727 3009 de
1742 2976 1862 3009 conditi.
1874 2978 1968 3007 indeb-

1096 3021 1114 3052 l.
1136 3029 1159 3052 1.
1174 3020 1213 3051 D.
1231 3022 1263 3051 cle
1281 3019 1401 3050 condia.
1421 3021 1453 3050 ob
1468 3026 1542 3058 turp.
1562 3021 1639 3055 confi
1664 3019 1761 3060 Igitur
1777 3027 1844 3057 quae
1861 3016 1890 3047 in
1909 3016 1972 3047 Ru-

1097 3063 1183 3094 brica
1195 3070 1327 3092 vocatur
1338 3059 1426 3091 causa
1437 3084 1446 3100 ,
1459 3061 1553 3101 magis
1573 3072 1621 3093 res
1633 3085 1641 3097 ,
1659 3069 1747 3099 quam
1765 3057 1853 3089 causa
1863 3057 1972 3088 dicen·

1098 3105 1152 3135 da:
1171 3103 1336 3135 &obtinet
1346 3103 1414 3133 liaec
1425 3102 1608 3141 condictio,
1624 3102 1644 3134 fi
1658 3103 1765 3132 datum
1783 3098 1818 3130 fit
1832 3099 1874 3129 ob
1892 3107 1973 3138 rem,

1097 3146 1130 3179 id
1147 3145 1213 3185 est,
1236 3144 1280 3176 ob
1295 3143 1418 3176 causam
1432 3142 1592 3185 futuram,
1615 3144 1644 3175 &
1660 3150 1726 3174 non
1743 3140 1930 3212 sequutami,
1949 3179 1957 3185 .

1931 3189 1969 3211 ri·
