2036 3495
130 102 198 138 392

843 187 1058 221 CAPUT

729 85 1043 120 GERARDI
1095 81 1329 120 NoonT

1119 187 1238 224 XIV.

307 281 358 317 De
375 279 517 316 remediis
538 278 580 313 ad
597 276 743 312 tuendum
760 274 988 322 usunfiutium
1003 276 1143 323 proditis.
1179 275 1367 325 &primum
1389 279 1423 315 de
1437 279 1553 315 afflone
1569 279 1766 327 conjfffiria,

849 324 994 372 diffinita
1015 337 1034 361 a
1049 327 1222 374 negato-ria.

210 434 321 469 empus
331 427 393 459 est:
409 434 445 458 ut
460 425 643 467 cogitemus
659 424 699 456 de
715 423 864 456 remediis
876 421 915 454 ad
926 429 1017 454 tuen-

138 430 205 505 Τ
223 471 298 502 dum
322 468 553 500 usumfructum
574 467 777 506 comparatis.
816 474 889 497 nam
909 465 948 496 de
965 465 1013 495 his

140 521 271 555 quoque
294 519 395 551 pauca
421 509 547 542 tradere
570 507 709 549 promifi.
739 507 840 546 prima
864 515 939 537 cura
956 507 1017 537 erit

139 558 180 588 de
192 553 319 586 actione
334 561 406 593 quae
421 561 481 593 pro
499 550 693 581 vindicando
709 547 872 580 usufructu
888 556 1016 588 compa-

138 603 234 629 ratur.
265 594 319 625 illa
343 592 388 625 est
406 591 619 629 confessoria,
641 589 785 622 distincta
802 599 818 620 a
833 590 1016 628 negatoria:

139 637 270 669 auctore
286 634 428 677 Ulpiano
444 635 462 666 l.
478 645 508 675 5.
525 633 554 675 §.
570 632 624 674 ult.
644 631 684 663 D.
703 630 930 671 Siususfrutius
943 636 1017 670 pete-

139 686 209 718 tur,
225 676 262 712 ὅ)
277 678 297 709 l.
317 687 345 709 2.
364 676 405 708 D.
424 677 456 708 Si
465 675 596 716 ser-vitas
610 674 794 705 vindicetur.-
818 681 894 712 quas
911 672 1019 712 leges,

141 730 216 752 curn
232 720 333 751 ambae
350 718 409 750 fint
426 727 466 749 ex
488 716 615 757 Ulpiani
632 715 680 747 lib.
700 723 745 754 17.
792 714 843 745 Aa
861 712 1018 751 Ediaum,

140 760 274 794 confert
295 761 435 800 jacobus
460 757 608 789 Labittus
635 756 700 793 Usu
711 757 838 796 secundo
857 754 969 786 Indicis
986 764 1018 785 η.

142 813 208 843 29,
236 802 514 844 posterioremque
539 808 580 830 ex
607 798 715 839 priore
741 797 884 842 pendere
909 819 933 842 ².
949 794 1020 842 satis

141 844 353 887 probabiliter
371 842 539 875 existimat.
584 840 678 871 ACtio
694 838 887 870 confefforia
904 838 1021 869 dicitur

143 897 160 919 a
175 884 375 918 confitendo.
399 882 547 915 confiteri
560 881 623 920 est,
639 880 812 912 affirmare:
828 888 862 910 ut
877 887 1021 911 commo·

143 930 184 960 de
208 927 374 959 annotavit
397 925 507 966 Scipio
532 923 692 959 Gentilis,
716 921 813 953 Notis
836 920 1022 966 adnApuleji

143 969 316 1011 Apologiam
331 977 362 1000 n.
379 970 449 1008 716.
462 973 532 1008 pag.
551 976 622 1007 355.
663 963 865 995 Confessoria
883 962 977 1003 igitur
992 971 1022 992 a·

146 1012 253 1044 &tione
269 1011 389 1052 petitur
403 1007 614 1045 ususfructus,
641 1005 705 1037 five
720 1004 756 1037 fit
772 1005 872 1036 totius
888 1005 932 1035 rei
948 1012 1024 1034 con·

143 1054 271 1085 stitutus
283 1076 293 1091 ,
318 1051 382 1083 five
399 1049 498 1091 partis
512 1050 540 1080 d.
556 1049 575 1079 l.
592 1059 622 1089 5.
640 1046 668 1088 §.
688 1057 717 1078 2.
736 1046 781 1078 est
796 1055 876 1077 vero
894 1044 1025 1090 confes3

145 1095 226 1127 soria
241 1095 272 1125 in
293 1103 361 1125 rem
377 1092 479 1124 actio:
502 1099 605 1131 eaque
622 1088 760 1120 intendit
776 1090 864 1128 quis,
889 1085 951 1117 esse
968 1085 1025 1117 fibi

142 1137 191 1178 jus
215 1135 317 1167 fundo
342 1133 430 1166 forte
452 1133 504 1164 vel
527 1131 647 1164 aedibus
665 1129 775 1161 utendi
791 1128 918 1159 fruendi
946 1127 975 1169 §.
996 1137 1024 1158 2.

144 1175 219 1219 lust.
237 1180 269 1208 de
281 1175 451 1208 affionibus.
472 1174 536 1205 hoc
555 1182 632 1204 vero
645 1170 750 1212 potest
766 1170 931 1202 intendere
943 1169 1025 1200 l'olus

147 1221 202 1261 qui
220 1219 319 1250 babet
341 1215 569 1249 usumfructum
587 1223 603 1245 a
620 1215 817 1257 proprietate
836 1210 1023 1250 separatum.

150 1271 223 1293 nam
249 1259 270 1292 fi
287 1260 522 1300 proprietatem
539 1256 711 1287 comitatur
730 1252 939 1285 urusfruerus:
962 1261 1024 1282 ma-

144 1298 195 1344 ‘gis
205 1302 401 1338 dominium,
413 1308 507 1340 quam
524 1296 717 1329 ususfructus
728 1302 873 1325 vocatur.
892 1294 936 1338 ita
950 1302 1025 1324 con-

148 1343 277 1376 sessoria
293 1352 358 1374 non
375 1342 438 1382 agit
454 1339 618 1371 dominus:
636 1337 656 1369 [i
671 1337 737 1377 ejus
754 1335 857 1367 fundo
873 1335 968 1370 alius,
985 1342 1025 1364 eo

148 1386 274 1423 invito,
291 1391 414 1415 utatur:
432 1389 485 1412 aut
502 1379 598 1420 siipl‘e
615 1379 653 1410 ab
669 1378 730 1409 alio
740 1376 1027 1417 prohibeatur-fun-

149 1429 194 1459 do
206 1426 260 1458 suo
273 1427 318 1457 uti
334 1425 406 1456 frui.
423 1430 534 1454 contra
550 1422 615 1461 agit
629 1419 778 1451 dominus
794 1417 918 1448 achone
937 1425 1027 1462 nega-

151 1469 252 1506 toria;
269 1475 371 1506 eaque
388 1465 484 1501 dicit,
496 1471 560 1493 non
572 1461 634 1492 effe
649 1460 776 1499 aliijus‚
792 1459 822 1490 se
834 1459 960 1504 invito,
976 1459 1028 1488 lua

151 1520 186 1542 re
203 1509 335 1545 utendi;
359 1506 409 1537 vel
425 1505 479 1536 sibi
495 1504 543 1543 jus
561 1501 624 1533 esse
647 1500 840 1540 probibendi
858 1500 885 1529 cl.
903 1499 922 1530 l.
939 1509 970 1539 5.
993 1506 1028 1529 ut

149 1551 245 1592 paulo
256 1547 326 1589 post
337 1547 471 1577 dicetur.
501 1543 604 1575 Datur
618 1543 714 1583 igitur
724 1539 917 1572 confefforia
933 1540 960 1570 ei
974 1541 1026 1580 qui

151 1590 258 1633 potest
275 1589 401 1626 dicere,
416 1585 472 1618 fibi
486 1585 535 1626 jus
548 1583 610 1616 effe
621 1607 631 1623 ,
650 1593 683 1615 re
701 1582 874 1614 fructuaria
889 1582 934 1612 uti
952 1580 1028 1612 frui.

149 1634 182 1665 id
200 1639 308 1663 autern
325 1637 360 1661 ut
378 1628 473 1669 poffit
490 1627 616 1664 dicere,
632 1634 698 1657 non
714 1623 845 1662 sufficit,
862 1632 934 1670 eum
953 1632 1028 1663 pro-

149 1676 245 1713 bare,
269 1671 322 1706 fibi
348 1668 533 1711 promissum
556 1667 619 1699 effe
641 1665 891 1703 usumfructum,
918 1665 950 1696 ld
967 1663 1029 1710 est,

151 1724 225 1748 eum
240 1714 296 1747 fibi
312 1713 423 1745 deberi
439 1711 542 1751 aliqua
551 1709 759 1749 obligatione.
777 1716 849 1739 nam
860 1706 1030 1746 obligatio-

149 1767 228 1790 num
253 1754 420 1787 substantia
447 1762 512 1785 non
539 1752 570 1783 in
597 1759 638 1782 eo
665 1748 823 1787 consistit,
847 1755 881 1779 ut
900 1747 1030 1786 aliquod

152 1807 271 1840 corpus
287 1796 450 1833 nostrum,
467 1801 521 1825 aut
532 1793 668 1832 aliquam
688 1790 875 1822 servitutem
894 1788 1031 1820 nostram

153 1840 273 1873 faciat:
297 1838 349 1870 sed
369 1845 403 1869 ut
422 1837 517 1868 alium
535 1834 628 1867 nobis
645 1831 821 1872 obstringat
836 1831 874 1862 ad
893 1831 1033 1863 dandum

153 1883 272 1924 aliquid
291 1880 341 1912 vel
357 1878 540 1911 faciendum
557 1877 609 1907 vel
625 1873 835 1916 praestandum
852 1873 871 1904 l.
889 1882 918 1913 3.
944 1872 983 1903 D.
1001 1873 1034 1903 cle

156 1923 377 1965 obligationibus
402 1919 439 1955 ὅ)
461 1918 631 1951 ustionibus.
664 1917 761 1956 igitur
788 1914 854 1946 hoc
875 1914 945 1960 plus
961 1923 1035 1954 pro-

154 1967 231 1998 bare
256 1973 329 1996 eum
354 1969 487 2002 oportet
507 1978 523 1999 ,-
549 1959 605 1991 sibi
630 1968 646 1989 a
671 1958 804 1989 domino
827 1954 1034 1986 constitutum

159 2007 222 2039 effe
246 2003 474 2037 usumfructum
500 2001 603 2033 modis
625 2000 661 2031 iis
685 1998 798 2040 quibus
823 2006 895 2028 eum
920 1997 1035 2042 conlli-

159 2049 226 2086 tui,
251 2048 283 2078 in
301 2045 515 2087 superioribus
534 2042 640 2073 docui.
661 2040 790 2085 'Quid,
813 2038 835 2070 fi
853 2038 916 2069 hoc
933 2045 1040 2084 potuit

161 2090 348 2121 intendere:
366 2095 450 2118 nunc
466 2094 530 2116 non
548 2082 654 2123 potest
669 2080 777 2113 amisso
794 2078 958 2124 usufrufiu
974 2089 1039 2110 inu-

159 2131 216 2162 su‘?
240 2140 304 2162 non
322 2130 412 2161 datur
429 2129 456 2158 ei
476 2124 671 2157 confell'oria
688 2123 790 2154 acrio:
809 2121 956 2166 quiajam
973 2130 1038 2152 non

162 2171 269 2213 potest
287 2171 413 2208 dicere,
439 2168 525 2199 suum
543 2166 604 2198 ell'e
625 2163 869 2196 urumfructum:
898 2165 971 2193 licet
987 2162 1039 2194 ali-

160 2214 290 2255 quando
308 2211 449 2252 potuerit
466 2209 484 2240 l.
504 2219 532 2249 3.
552 2207 592 2239 D.
626 2207 659 2237 Si
676 2204 860 2250 ususfrutius
871 2210 997 2248 peretur.

204 2253 359 2294 intelligis
376 2252 426 2282 cui
438 2252 530 2281 detur
541 2249 622 2280 actio
634 2246 837 2278 confess'oria.
855 2245 1017 2285 exspectas
1028 2268 1037 2283 ,

162 2295 310 2328 adversus
328 2302 423 2335 quem
440 2292 542 2323 detur.
577 2291 605 2321 t&
623 2289 666 2320 ait
686 2287 858 2327 Ulpianus,
881 2286 1038 2326 Julianum

161 2338 300 2370 scribere
316 2359 325 2374 ,
356 2334 421 2365 dari
447 2330 593 2364 adversus
617 2331 661 2361 rei
686 2329 866 2360 fructuariae
893 2327 1038 2373 poss‘ell'o-

163 2389 251 2411 rem:
276 2387 341 2409 non
365 2375 463 2407 modo
488 2372 652 2405 dominum
675 2372 728 2412 qui
754 2370 917 2401 constituit
940 2371 1039 2401 ulum-

163 2420 317 2452 fruCtum:
346 2417 397 2449 sed
422 2417 517 2447 etiam
535 2413 682 2445 adversus
701 2413 847 2451 quemvis
863 2411 957 2442 aliurn
974 2412 1002 2442 d.
1018 2411 1038 2441 l.

160 2473 191 2501 5.
208 2462 237 2503 ᾗ.
260 2471 284 2492 1.
304 2461 333 2491 ἃ
350 2458 453 2490 rcere:
478 2465 551 2488 cum
578 2457 662 2486 enim
681 2453 876 2485 ususfructus
893 2452 929 2484 fit
944 2453 991 2493 jus
1009 2453 1039 2483 in

163 2513 216 2541 re,
231 2512 270 2533 ex
288 2511 352 2538 quo
370 2499 514 2531 nascatur
530 2495 724 2528 confesibria
740 2496 770 2526 in
790 2504 855 2526 rem
875 2494 978 2532 actim
996 2502 1039 2524 ra-

164 2545 261 2575 tionis
271 2542 314 2574 est
325 2566 334 2581 ,
351 2543 389 2574 ad
405 2548 643 2581 quemcumque
660 2537 826 2568 devenerit
842 2545 891 2567 res
904 2535 1040 2566 fruCtua-

167 2586 230 2623 ria,
253 2594 323 2615 eam
341 2583 425 2622 sequi
443 2579 668 2613 confessoriam
683 2579 722 2609 ad
738 2577 989 2608 vindicationem
1008 2586 1040 2606 u-

164 2625 353 2661 fiisfrutrus,
372 2625 433 2654 hoe
451 2623 602 2661 est,ju1·is
619 2631 654 2652 ea
670 2622 699 2651 in
717 2629 768 2657 re,
785 2627 1038 2658 competentem.

167 2667 324 2707 Ulpianus
339 2666 367 2695 d.
384 2665 403 2695 l.
415 2675 441 2702 ς.
460 2664 487 2705 §.
503 2673 527 2695 1.
543 2664 574 2694 id
585 2662 690 2694 firmat
707 2661 858 2701 sequente
875 2668 1039 2700 argumen-

167 2718 221 2741 to:
247 2707 330 2739 Nam
345 2705 398 2743 5:5³,
410 2704 544 2744 filencio
555 2703 866 2744 fructuarioservitus
882 2702 1035 2737 debeatur,

161 2749 355 2792 fructuarius
371 2756 428 2777 non
434 2747 627 2785 servitutem,
643 2745 697 2785 sed
713 2742 930 2785 usumfruftum
945 2743 1042 2773 vincli-

168 2801 234 2824 care
250 2791 327 2821 debet
344 2788 480 2826 adversus
502 2788 595 2818 vicini
617 2786 707 2825 fundi
730 2787 886 2816 dominum.
929 2783 1043 2815 Sensus

166 2835 233 2875 ejus
249 2831 425 2870 argumenti
443 2826 505 2865 est,
522 2827 552 2858 Si
571 2829 692 2859 vicinus
706 2826 825 2858 fundus
843 2825 956 2857 serviat
972 2825 1042 2856 fun-

166 2876 211 2908 do
229 2864 421 2908 fructuario,
446 2869 475 2899 ἂ
489 2868 675 2900 fructuarius
692 2878 708 2899 a
727 2868 860 2899 domino
880 2866 1043 2898 servientis

168 2915 262 2948 fundi
277 2912 486 2956 prohibeatur
504 2909 548 2940 uti
567 2908 627 2940 frui
645 2909 797 2940 servitute
808 2908 899 2940 fundi
909 2906 1044 2939 fructua-

167 2959 223 2996 rii,
241 2955 329 2998 poss‘e
347 2950 574 2986 frustuarium.
593 2951 666 2980 licet
681 2959 745 2981 non
763 2949 797 2981 sit
814 2951 961 2981 dominus
980 2949 1042 2980 fru—

166 2995 395 3034 ctuariifundi,
411 3001 516 3033 eoque
528 2999 666 3028 nequeat
681 2992 842 3022 vindicare
856 2990 1040 3022 servitutem

167 3041 234 3081 ejus
257 3038 369 3070 fundi:
392 3043 496 3068 tamen
514 3030 603 3074 posse
620 3031 765 3063 adversus
788 3032 949 3063 servientis
970 3032 1041 3063 fun-

172 3083 205 3114 di
229 3081 396 3113 dominum
419 3075 597 3112 vindicare,
621 3070 708 3117 suum
735 3071 796 3103 effe
814 3072 1042 3105 usumfructum

169 3121 362 3155 dominantis
374 3118 475 3151 fundi.
498 3115 585 3157 quod
604 3113 791 3145 veriffimum
808 3113 869 3144 est:
894 3123 965 3145 nam
982 3114 1041 3146 ser-

169 3166 252 3195 uitus
268 3162 372 3195 fundo
393 3158 568 3193 fructuario
583 3155 691 3187 debita
709 3153 755 3184 est
777 3153 842 3192 ejus
865 3153 954 3185 fundi
973 3156 1041 3195 jus,

167 3204 231 3238 sive
247 3204 396 3245 qualitas:
412 3199 509 3242 atque
524 3206 558 3231 ut
575 3196 764 3230 fructuarius
778 3194 874 3226 habet
892 3194 1043 3228 usumfru-

1061 423 1145 456 etum
1161 423 1252 457 fundi
1272 425 1455 464 fructuarii,
1479 425 1521 457 fic
1537 425 1635 457 habet
1651 423 1877 458 usumfructum
1889 426 1934 466 ju-

1062 467 1143 497 rium
1160 465 1224 498 five
1239 467 1425 508 qualitatum
1440 466 1541 499 fundi.
1561 467 1658 498 habet
1674 468 1770 507 igitur
1785 465 1937 499 usumfru-

1064 507 1148 539 erum
1173 507 1332 540 servitutis
1353 507 1456 541 fundo
1480 507 1653 540 fructuario
1671 508 1805 540 debitae:
1830 517 1866 538 ac
1881 507 1902 540 fi
1918 518 1935 539 a

1063 550 1198 580 domino
1222 549 1314 581 fundi
1331 549 1496 582 servientis
1513 551 1722 591 prohibeatur
1738 549 1783 581 uti
1801 547 1862 580 frui
1878 548 1935 581 ser-

1062 591 1181 623 vitute:
1199 599 1263 622 non
1279 592 1408 630 quidem
1418 591 1560 623 vindicat
1571 615 1579 630 ‚
1596 591 1781 623 servitutem
1796 589 1857 622 effe
1866 589 1936 622 fun-

1062 632 1092 662 di
1110 631 1152 662 sui
1165 655 1175 670 ,
1197 633 1270 672 quia
1285 632 1403 665 fundus
1417 633 1468 664 cui
1483 632 1616 665 servitus
1631 633 1786 671 debetur,
1809 641 1875 663 non
1891 631 1936 664 est

1064 674 1147 713 ejus:
1169 671 1221 704 sed
1238 672 1467 705 usumfructum
1484 674 1576 706 fundi
1594 674 1681 714 cujus
1699 674 1851 714 portione
1867 672 1938 704 usus

1062 714 1222 746 servitutis
1239 715 1403 754 censetur,
1426 715 1511 748 suum
1529 715 1611 754 effe,
1635 716 1760 755 optimo
1777 715 1846 755 jure
1868 716 1938 746 vin-

1063 757 1160 788 dicat.
1186 762 1220 787 ut
1236 756 1330 796 igitur
1347 758 1431 795 dixi,
1455 757 1545 788 datur
1563 757 1590 788 ei
1616 758 1669 798 qui
1689 756 1794 796 potest
1809 757 1936 795 dicere,

1064 796 1293 829 usumfructum
1309 799 1354 829 rei
1375 798 1460 829 suum
1478 798 1539 829 ell'e
1550 822 1559 836 ,
1575 798 1658 830 aftio
1677 796 1868 830 confessoria
1884 797 1938 829 ad-

1066 838 1170 870 versus
1188 839 1334 879 quemvis
1359 838 1562 880 poffefforem
1588 840 1632 870 rei
1655 839 1850 871 fructuariae:
1872 837 1937 870 five

1066 881 1101 912 fit
1119 881 1184 920 ejus
1203 881 1369 919 dominus,
1392 880 1455 912 five
1472 882 1575 921 quivis
1591 881 1677 913 alius.
1708 880 1876 921 quomodo
1891 880 1940 911 rei

1066 922 1243 962 corporalis
1259 922 1433 953 vindicatio
1447 922 1537 953 datur
1548 922 1575 953 ei
1593 923 1647 962 qui
1666 922 1770 962 potest
1787 930 1856 954 eam
1871 929 1940 953 rem

1067 963 1150 994 suam
1174 964 1299 1002 dicere,
1324 962 1471 995 adversus
1496 963 1764 1004 qualemcumque
1781 964 1846 1004 ejus
1862 959 1939 1004 po‘s-

1066 1004 1212 1036 sess'orem
1232 1003 1295 1036 fine
1313 1004 1502 1036 discrimine.

1111 1045 1192 1078 Illud
1210 1047 1373 1091 proprium
1389 1045 1433 1078 est
1451 1046 1582 1078 astionis
1599 1056 1658 1087 qua
1684 1057 1733 1079 res
1754 1048 1940 1086 incorpora—

1069 1088 1105 1122 lis
1126 1089 1321 1120 vindicatur:
1339 1096 1371 1119 ut
1395 1089 1487 1119 detur
1503 1089 1599 1119 etiam
1617 1087 1779 1126 poffeffori
1794 1085 1942 1119 adversus

1069 1138 1142 1161 eum
1160 1130 1213 1170 qui
1233 1139 1297 1160 non
1318 1129 1451 1166 poffidet
1474 1130 1501 1160 d.
1526 1130 1544 1160 l.
1561 1141 1590 1169 5.
1609 1129 1637 1171 §.
1656 1130 1711 1162 ulit.
1730 1129 1770 1159 D.
1788 1127 1817 1167 fi
1832 1127 1942 1167 ususfr.

1064 1178 1154 1212 petat.
1172 1170 1209 1204 {5⁹
1225 1171 1244 1201 l.
1262 1175 1292 1201 6.
1309 1170 1338 1212 §.
1361 1181 1384 1202 1.
1402 1171 1440 1202 D.
1458 1171 1628 1210 Siservitus
1644 1172 1820 1202 vindicetur.
1845 1178 1915 1201 nam
1928 1192 1941 1208 ,

1071 1221 1104 1244 ut
1122 1212 1354 1253 diligentiffime
1371 1211 1505 1251 disputat
1523 1212 1563 1243 l).
1575 1211 1711 1244 Vinnius
1724 1212 1852 1254 41].ςᾶ,
1869 1209 1941 1252 Inft.

1071 1256 1103 1284 de
1120 1253 1296 1291 maronibus,
1313 1254 1528 1293 corporalium
1546 1263 1650 1287 rerum
1670 1254 1844 1284 vindicatio
1856 1261 1958 1284 num-v

1071 1304 1164 1333 quam
1179 1293 1340 1334 possessori
1357 1296 1448 1325 datur
1463 1294 1609 1326 adversus
1624 1304 1696 1326 eum
1716 1298 1767 1333 qui
1787 1304 1852 1325 non
1870 1303 1944 1334 pos·

1069 1336 1147 1368 sidet
1163 1336 1181 1366 l.
1205 1345 1230 1367 1.
1249 1336 1277 1377 §.
1295 1339 1324 1367 6.
1344 1335 1375 1367 D
1428 1335 1483 1366 Uti
1497 1335 1656 1376 poffidetis:
1679 1346 1719 1366 eo
1737 1336 1826 1377 quod
1843 1335 1945 1367 domi-

1071 1387 1146 1414 nuS,
1170 1378 1319 1416 quamdiu
1338 1387 1402 1408 rem
1420 1378 1620 1417 corporalem
1639 1378 1794 1417 poffidet,
1812 1386 1849 1408 ea
1866 1377 1945 1408 libe-

1070 1428 1104 1449 re
1122 1419 1165 1449 uti
1186 1418 1308 1458 potest:
1326 1419 1436 1459 estque
1451 1417 1520 1449 finis
1536 1419 1566 1450 in
1586 1428 1651 1450 rem
1668 1419 1817 1450 astionis:
1835 1426 1868 1448 ut
1885 1417 1944 1449 do-

1071 1461 1160 1491 mino
1186 1459 1367 1491 restituatur
1391 1459 1536 1499 poffeffio
1554 1460 1571 1490 l.
1590 1470 1619 1496 9.
1640 1459 1681 1491 D.
1708 1462 1741 1491 de
1755 1462 1796 1490 rei
1812 1461 1944 1490 vindica-

1072 1503 1164 1539 tione,
1182 1501 1244 1537 &is
1263 1511 1295 1531 re
1313 1501 1362 1532 sua
1379 1501 1479 1532 libere
1496 1509 1611 1532 utatur.
1635 1511 1699 1532 non
1715 1501 1760 1533 est
1776 1501 1872 1542 igitur
1888 1500 1947 1531 do-

1072 1542 1160 1573 mino
1179 1551 1244 1573 rem
1264 1541 1346 1573 suam
1364 1542 1564 1582 corporalem
1584 1543 1753 1582 possidenti
1770 1541 1898 1583 prodita
1914 1541 1946 1573 in

1072 1593 1138 1615 rern
1155 1583 1249 1614 aeno.
1281 1591 1313 1614 at
1329 1584 1359 1615 in
1377 1582 1569 1615 ususfructus
1585 1592 1835 1630 caeterarumque
1850 1582 1946 1614 servi·
1964 1580 1969 1596 ³

1074 1632 1178 1656 tutum
1195 1625 1355 1664 petitione
1381 1625 1471 1656 aliter
1490 1624 1544 1658 est.
1575 1624 1643 1656 sunt
1661 1626 1743 1657 enim
1761 1633 1945 1665 incorpora-

1073 1667 1138 1698 les:
1163 1674 1295 1706 quarum
1318 1666 1403 1697 nulla
1426 1665 1471 1697 est
1491 1675 1565 1697 vera
1583 1665 1748 1706 posseffio,
1771 1675 1842 1698 cum
1861 1665 1947 1697 nulla

1073 1707 1109 1739 fit
1126 1707 1290 1739 detentio:
1310 1715 1433 1738 tantum
1451 1705 1582 1748 fingitur
1605 1717 1710 1740 earum
1729 1707 1812 1747 quasi
1828 1705 1948 1747 posses-

1075 1749 1118 1780 lio
1138 1758 1178 1779 ex
1200 1748 1251 1779 usu
1269 1749 1462 1780 dominantis
1480 1748 1509 1780 ὅ(
1529 1749 1681 1789 patientia
1698 1749 1861 1780 servientis
1877 1747 1897 1779 l.
1914 1757 1947 1788 3.

1075 1790 1118 1822 D.
1134 1791 1167 1821 de
1177 1789 1351 1829 usufruiiu,
1376 1791 1393 1821 l.
1407 1800 1453 1822 11.
1465 1789 1494 1830 §.
1511 1799 1535 1822 ι.
1546 1790 1588 1822 D.
1603 1792 1635 1822 de
1651 1790 1825 1822 Publiciana
1842 1792 1874 1821 in
1889 1798 1948 1820 rem
1970 1800 1973 1803 ’

1076 1831 1202 1870 afflone,
1227 1832 1247 1864 l.
1270 1841 1295 1863 1.
1325 1831 1355 1873 ὃ.
1384 1832 1437 1864 ull,
1458 1832 1500 1863 D.
1526 1832 1762 1872 deservilutibus
1778 1829 1946 1871 rusticorum

1073 1875 1256 1915 praediorum.
1288 1874 1438 1913 quamdiu
1453 1880 1558 1905 autern
1579 1875 1609 1905 in
1629 1883 1664 1905 ea
1679 1874 1833 1914 patientia
1850 1871 1952 1913 perse·

1079 1923 1167 1946 verat
1184 1915 1343 1945 servitutis
1367 1915 1513 1953 debitor,
1537 1915 1673 1954 poffidet
1688 1916 1772 1946 illam
1790 1914 1840 1945 cui
1857 1914 1952 1946 debe-

1081 1965 1140 1988 tur.
1173 1956 1194 1987 fi
1215 1965 1278 1987 non
1300 1956 1496 1996 perseverat:
1523 1957 1667 1987 turbatur
1684 1957 1810 1988 alterius
1834 1954 1902 1987 usus
1920 1955 1950 1986 &

1082 1997 1164 2037 quasi
1176 1997 1339 2038 poffessi03
1356 1998 1507 2037 reeteque
1523 1998 1587 2037 agit
1603 1998 1728 2028 afflone
1739 1996 1949 2028 confefforia:

1084 2048 1116 2069 ut
1135 2040 1162 2070 ei
1188 2040 1281 2069 liceat
1305 2038 1354 2069 sua
1373 2038 1524 2070 servitute
1541 2039 1639 2070 libere
1655 2039 1710 2070 uti.
1743 2038 1880 2069 credidit
1897 2037 1950 2069 ali·
1984 2055 1986 2059 ν

1083 2080 1211 2120 quando
1228 2079 1415 2120 Eguinarius
1435 2080 1535 2116 Baro,
1561 2079 1625 2110 hoc
1640 2080 1688 2120 agi
1708 2080 1747 2110 ab
1764 2079 1843 2119 Imp.
1859 2077 1949 2117 Justi-

1083 2121 1177 2152 niano
1193 2121 1222 2152 in
1240 2120 1270 2162 §.
1288 2131 1314 2152 2.
1334 2119 1403 2161 lnst.
1421 2122 1453 2151 de
1468 2120 1644 2156 affloniLvuu
1661 2130 1762 2160 eaque
1779 2118 1869 2150 causa
1886 2128 1951 2150 non

1084 2162 1209 2200 timuit,
1225 2172 1283 2202 pro
1303 2162 1378 2193 Sane
1393 2172 1449 2193 urio
1464 2163 1534 2201 casu
1553 2161 1730 2203 qzcipoffidec
1741 2185 1750 2200 ,
1767 2161 1953 2192 nibilominus

1082 2203 1185 2234 {coloris
1198 2209 1295 2243 partes
1310 2204 1436 2242 obtinet,
1453 2204 1620 2244 quomodo
1636 2204 1742 2242 paffim
1760 2203 1882 2240 editur,
1906 2211 1953 2233 re-

1082 2254 1224 2286 ponere,
1244 2244 1320 2276 Sane
1338 2245 1388 2275 hoc
1402 2254 1458 2275 uno
1480 2245 1556 2284 casu.
1579 2245 1735 2285 probabili
1754 2244 1967 2282 emendatio--

1082 2296 1141 2325 ne,
1164 2295 1227 2318 non
1254 2284 1439 2317 neceffaria:
1463 2285 1622 2325 justiniani
1647 2285 1751 2317 verbis
1774 2294 1814 2315 ex
1830 2283 1971 2315 senten-1

1084 2329 1126 2359 tia
1144 2327 1254 2367 Jacobi
1274 2327 1394 2368 Cujacii
1410 2327 1501 2358 Notis
1517 2329 1555 2358 acl
1570 2329 1598 2358 d.
1616 2326 1643 2368 §.
1664 2337 1699 2363 2,
1718 2326 1747 2358 &
1767 2325 1951 2358 Hannibalis
1967 2327 1969 2332 ’

1082 2368 1107 2400 F
1111 2369 1213 2408 abrorti
1229 2369 1320 2400 Notis
1334 2369 1372 2399 ad
1388 2368 1591 2408 Theophilum,
1607 2368 1779 2408 prudenter
1794 2367 1949 2406 accipien-

1085 2412 1149 2449 dis3
1173 2409 1256 2450 quasi
1280 2409 1422 2448 dixisset,
1449 2418 1544 2440 unum
1563 2410 1648 2441 hunc
1672 2409 1779 2440 venire
1801 2407 1901 2439 casum
1919 2407 1949 2439 δε

1083 2452 1258 2484 notabilem
1276 2460 1341 2491 quo
1359 2452 1412 2490 qui
1428 2451 1601 2491 poffideat,
1621 2450 1823 2482 nihilominus
1838 2448 1951 2480 achoris
1971 2477 1973 2479 .

1083 2502 1187 2534 partes
1204 2493 1340 2523 obtinet.
1365 2493 1447 2524 bene
1465 2501 1596 2532 quoque
1613 2492 1759 2523 observat
1774 2490 1816 2522 D.
1830 2489 1952 2530 CuJaci-

1083 2545 1136 2573 us,
1160 2534 1321 2574 sequentia
1341 2533 1545 2573 Imperatoris
1565 2534 1660 2564 verba
1672 2557 1682 2571 ,
1698 2533 1779 2564 Sicut
1793 2532 1824 2563 in
1841 2532 1950 2562 latiori-

1083 2578 1135 2607 bus
1147 2574 1333 2617 Digestorum
1348 2575 1426 2606 libris
1442 2577 1630 2614 opportunius
1640 2574 1802 2614 apparebit,
1818 2582 1882 2604 non
1899 2582 1951 2614 ge·
1971 2578 1989 2591 ι’

1084 2618 1231 2649 nei-aliter
1248 2617 1414 2657 indigitare
1433 2615 1637 2656 Digestorum
1656 2616 1772 2647 libros:
1789 2613 1842 2645 sed
1857 2612 1951 2646 Titu-

1084 2660 1130 2690 los
1149 2658 1201 2698 qui
1221 2659 1250 2689 in
1266 2657 1403 2698 Digestis
1420 2656 1508 2696 sunt,
1533 2657 1566 2688 Si
1582 2656 1766 2697 ususfruftus
1775 2661 1907 2697 petetur,
1923 2654 1965 2699 &-

1084 2700 1117 2731 Si
1135 2700 1259 2734 servitus
1277 2700 1452 2730 vindicetur.
1949 2698 1951 2701 '
1967 2698 1972 2713 ¹'

1127 2740 1224 2772 Nunc
1247 2742 1287 2771 de
1313 2739 1422 2771 officio
1449 2738 1566 2778 Judicis
1584 2740 1614 2771 in
1632 2739 1691 2771 hac
1708 2739 1835 2771 actione
1850 2737 1951 2769 videa·
1970 2737 1974 2739 ’

1086 2791 1173 2814 mus:
1197 2791 1270 2813 cum
1286 2790 1391 2812 autem
1408 2781 1569 2812 arbitraria
1585 2780 1620 2812 fit
1636 2781 1704 2812 haec
1720 2780 1802 2812 actio
1817 2779 1856 2811 ad
1872 2777 1952 2810 resti·
1969 2781 1973 2797 ·’

1087 2823 1241 2855 tuendum
1259 2829 1461 2862 comparata3
1477 2831 1609 2863 oportet
1623 2822 1767 2862 Judicem
1783 2819 1954 2860 cognosce-

1087 2875 1140 2904 re3
1163 2874 1201 2896 an
1220 2864 1274 2895 fibi
1294 2863 1464 2904 probatum
1480 2863 1534 2903 fit,
1558 2862 1785 2895 usumfructum
1800 2862 1861 2894 esse
1875 2861 1953 2901 peti-

1088 2907 1175 2938 toris.
1207 2906 1294 2946 quod
1312 2904 1332 2936 fi
1350 2914 1413 2936 non
1431 2913 1543 2946 putet:
1566 2905 1663 2937 debet
1679 2914 1766 2936 reum
1784 2903 1954 2935 absolvere.

1086 2948 1129 2980 fin
1151 2955 1262 2987 putet:
1286 2947 1443 2985 declarat,
1466 2956 1540 2978 eum
1561 2946 1708 2987 petitoris
1726 2945 1825 2976 videri
1842 2944 1861 2975 l.
1877 2947 1905 2975 8.
1922 2941 1951 2983 §.

1083 3000 1112 3028 4.
1132 2989 1173 3020 D.
1191 2988 1223 3019 Si
1235 2989 1366 3028 servitus
1382 2988 1559 3019 vindicetur.
1591 2995 1742 3027 praeterea
1756 2985 1863 3025 jubet,
1885 2990 1952 3028 rem
1969 3021 1971 3023 ι

1084 3030 1286 3062 fructuariam
1312 3039 1327 3060 a
1350 3038 1425 3068 reo,
1448 3029 1468 3060 ss
1488 3029 1661 3070 possideat,
1684 3026 1813 3067 petitori
1830 3023 1950 3055 restitui

1084 3073 1103 3104 l.
1119 3083 1147 3112 5.
1169 3072 1198 3114 §.
1218 3081 1247 3113 3.
1264 3071 1301 3105 ὅ)
1317 3071 1370 3102 ult.
1392 3070 1431 3101 D.
1449 3070 1483 3101 Si
1498 3069 1681 3110 ususfrufius
1695 3072 1825 3113 petegur:
1847 3063 1867 3095 fi
1887 3072 1952 3094 non
1970 3107 1973 3109 μ

1087 3114 1260 3154 possideat,
1286 3111 1337 3144 sed
1354 3112 1419 3144 vim
1435 3111 1532 3143 faciat
1549 3109 1735 3152 poffidenti;
1756 3107 1862 3152 jubet,
1880 3113 1953 3151 eum
1969 3115 1971 3118 ¹

1086 3165 1103 3186 a
1133 3156 1162 3186 vi
1184 3154 1359 3190 abstinere,
1383 3153 1414 3185 &
1438 3153 1569 3194 petitori
1596 3150 1771 3186 relinquere
1794 3147 1973 3178 licentiam⁴

1086 3197 1195 3230 secure
1214 3195 1322 3229 utendi
1339 3194 1464 3227 fruendi
1477 3203 1510 3226 re
1526 3188 1717 3225 fruouariaz.
1726 3194 1792 3229 pen.
1803 3187 1833 3229 §.
1845 3187 1904 3256 ult}
1905 3185 1977 3256 013
