2036 3495
284 64 343 102 A„
371 64 463 99 Lis.
492 61 640 100 XXVII.
667 61 768 98 Tir.
800 61 843 97 X.
872 60 922 98 De
949 62 1142 98 curatoribus
1151 61 1275 109 fui-lost)
1292 60 1334 103 {5⁵
1351 61 1425 99 aliis
1440 66 1533 101 extra
1557 63 1626 106 ὅσ.

61 152 122 196 qui]
134 154 229 187 cibum
256 151 296 189 δ’
316 154 384 187 bene
405 154 537 191 meritis,
573 150 611 185 ὅ)
634 158 698 182 cum
728 154 836 190 oportet
852 151 933 199 ‚⁸5³

61 201 207 238 quantum
219 194 298 234 satis
315 193 355 234 esi
381 195 520 236 largitur.
562 192 709 233 Prodigus
739 201 806 222 vero
829 202 879 234 qui
896 191 933 228 &⁹

61 246 121 270 non
141 236 267 274 meritis,
289 233 328 270 δ’
349 245 415 267 cum
437 242 505 276 opus
527 242 584 266 non
608 230 666 271 esi,
695 231 732 266 δ’
751 231 816 270 fine
847 234 932 274 respe-

61 277 112 310 &u
134 278 177 309 rei
200 276 365 317 familiaris
387 276 522 317 effimdit.
572 273 606 305 In
635 273 722 305 hunc
747 272 866 320 sensum
893 274 933 305 sa-

60 319 103 351 tis
119 318 221 356 bene,
242 317 272 350 &
288 317 443 359 sapienter
467 317 607 349 Cicero:
628 323 646 345 a
671 313 837 362 Lactantio
863 315 933 362 stul·

60 366 96 393 te
117 358 337 401 reprehensus.
380 358 441 390 Sed
456 381 466 396 ‚
489 364 524 388 ut
547 357 612 387 hoc
633 364 722 396 agai-n
737 379 748 400 ,³
779 365 804 386 is
823 358 933 403 ‘prodi-

59 409 118 443 gus
140 411 157 434 a
180 399 264 441 Gajo
286 400 335 432 lib.
362 409 388 432 1.
412 398 484 439 lnst.
509 398 554 428 tit.
578 401 607 431 8.
648 397 774 428 eversor
798 398 932 429 dicitur:

59 442 136 475 aiibi
165 442 261 474 etiam
292 439 477 473 luxuriosus.
532 436 607 469 Hoc
646 437 733 469 sensu
764 438 877 471 Paulus
911 439 932 470 l.

64 491 114 524 15.
137 482 180 515 D.
203 483 230 514 b.
252 488 274 514 t.
299 482 340 514 Et
362 481 474 513 mulieri
495 489 557 521 quae
579 479 726 519 luxuriose
753 480 857 526 vivit-,-
887 481 931 511 bo-

60 527 108 556 nis
138 525 274 556 interdici
296 520 394 564 potest.
438 521 551 559 Cave,
582 528 700 567 putes,
731 529 932 553 meretricem

59 564 244 606 fignificare.
272 563 328 596 etii
357 563 399 595 sic
428 562 526 595 visum
557 561 688 602 Cujacio
726 563 764 593 ad
802 561 932 594 Paulum

61 607 112 639 lib.
136 616 166 649 3.
198 606 327 637 Semoni.
357 606 404 636 tit.
428 614 456 644 4.
480 603 509 646 §.
533 607 564 635 6.
593 603 714 635 luxuria
745 603 862 641 Paulo,
887 603 932 651 est

58 648 175 681 vitium
195 646 376 679 immodicae
405 646 614 678 liberalitatis.
644 644 674 676 ot
697 643 798 691 sensus
822 644 929 684 Pauli,

60 697 196 731 propter
224 688 321 720 vitam
359 688 554 730 prodigam,
593 695 657 717 non
690 685 827 733 maribus
865 694 931 734 tan-

59 738 150 771 tum,
179 729 233 761 sed
254 730 439 762 mulieribus
470 736 618 769 quoque,
654 727 749 759 bonis
772 728 933 776 interdici.

59 771 126 806 hoc
149 770 292 812 pluribus
313 770 463 812 probavit
485 768 662 801 Gulielmus
686 768 854 802 Fornerius
881 770 930 802 lib.

62 824 94 848 2.
116 813 266 847 Selettion.
296 822 322 844 c.
344 823 374 852 5.
405 820 499 851 quein
535 819 600 842 non
629 810 787 842 exscribo.
843 819 930 857 arere

60 864 171 889 tamen
194 854 259 893 ejus
280 853 453 895 diligentiae
468 876 477 892 ,
507 861 524 884 a
551 861 602 884 me
625 852 696 884 addi
719 852 785 883 hoc
842 852 930 884 ibulli

65 899 115 931 lib.
132 906 164 931 2.
187 895 271 937 Eleg.
287 898 318 928 6.
340 895 416 935 vers.
432 904 483 935 33.

105 977 153 1013 Ut
165 986 229 1010 mea
248 976 370 1009 luxuria
388 974 517 1013 Nemesis
524 974 621 1016 fluat,
644 981 732 1017 utque
745 981 797 1016 per
813 973 911 1006 urbem

144 1020 266 1054 Incedot
286 1019 367 1050 donis
384 1018 575 1059 conspicienda
589 1018 667 1049 meis.

65 1103 228 1137 Caeterum
250 1100 305 1134 etsi
327 1099 439 1132 scribat
461 1098 634 1145 Ulpianus,
666 1098 807 1140 prodigis
830 1098 859 1130 &
881 1097 930 1145 fu3

64 1144 156 1178 riofis
185 1142 284 1176 hodie
312 1149 490 1174 curatorem
519 1148 615 1172 etiam
644 1149 661 1172 a
690 1140 833 1173 Praetore
861 1140 930 1186 dari

66 1188 96 1219 d.
117 1186 138 1217 l.
163 1194 191 1217 1.
222 1184 250 1216 b.
273 1189 296 1216 ε.
328 1192 393 1215 non
421 1182 541 1214 idcirco
570 1181 638 1214 sinit
655 1204 665 1220 ‚
701 1190 774 1213 eum
805 1179 931 1213 furiofis

66 1226 177 1269 paffim
209 1224 284 1257 dari.
318 1229 430 1256 contra
459 1222 616 1256 existimat
641 1223 661 1255 l.
692 1226 721 1269 ⁶:
753 1223 782 1254 d.
815 1228 837 1254 t.
873 1221 931 1268 ob-

66 1270 193 1301 servare
215 1265 385 1298 Praetorem
408 1272 578 1305 oportere,
609 1273 650 1295 ne
671 1273 722 1295 cui
745 1270 868 1295 temere
889 1271 930 1294 ci·

67 1317 117 1343 tra
145 1306 244 1340 causae
273 1307 491 1348 cognitionem
523 1305 728 1345 pleniffimam
755 1305 820 1351 ,det
843 1313 931 1351 cura-

67 1358 184 1384 torem.
214 1349 244 1379 ὅτ
274 1357 332 1388 pro
363 1347 485 1378 ratione
507 1346 617 1384 addit,
650 1345 813 1389 Quoniam
837 1346 931 1386 pleri-

66 1399 130 1433 que
150 1389 200 1421 vel
229 1387 371 1420 furorem
402 1388 452 1419 vel
475 1387 666 1419 dementiam
696 1386 843 1427 fingunt:
866 1395 933 1426 quo

65 1432 166 1473 magis
195 1437 341 1462 curatore
362 1436 498 1470 accepto
516 1450 526 1467 ,
562 1437 660 1460 onera
690 1428 797 1459 civilia
827 1429 931 1460 detre-

102 1480 167 1505 ent.
745 1508 750 1514 ι
778 1509 784 1515 .

68 1474 218 1545 &Simile
250 1510 295 1543 est
321 1510 572 1542 animadvertere
598 1507 630 1542 in
660 1509 827 1550 prodigis:
861 1513 934 1556 nam

67 1561 106 1588 ut
125 1554 196 1594 quis
217 1552 337 1584 dicatur
359 1551 408 1582 sua
440 1549 627 1582 consumere
646 1550 751 1595 bona,
781 1550 935 1591 idqueli-

68 1601 184 1638 queat:
219 1601 287 1625 non
309 1593 384 1624 ideo
414 1600 472 1633 pro
493 1593 630 1633 prodigo
659 1590 817 1624 habetur:
846 1597 936 1640 ante-

68 1645 165 1678 quam
187 1634 230 1667 illi
255 1634 336 1666 hanc
357 1633 401 1665 ob
428 1633 549 1665 caulam
572 1642 589 1665 a
618 1633 761 1666 Praetore
783 1632 876 1665 bonis
898 1632 935 1666 fit

68 1677 287 1712 interdictum.
319 1674 430 1715 utique
459 1673 598 1713 Julianus
627 1675 648 1707 l.
670 1678 700 1709 8.
723 1673 768 1707 D.
798 1674 857 1722 Pro
878 1683 950 1712 ems

65 1726 169 1762 piore,
200 1717 235 1749 Si
276 1717 340 1756 uis,
372 1715 501 1756 inquit,
531 1725 597 1748 cum
615 1715 938 1758 [εἰνεῃωεηιζιτονευι

64 1760 221 1804 pecuniam
275 1759 347 1789 atim
374 1757 608 1797 consumpturum
623 1776 636 1796 ,
663 1757 760 1797 servor
788 1758 837 1790 obs
851 1766 881 1789 eo
909 1762 938 1789 ‘e-

71 1801 165 1843 miffet
178 1823 188 1840 ‚
214 1801 361 1841 plerosque
382 1797 547 1839 respondiffe
561 1821 572 1837 ‚
601 1801 666 1830 eum
685 1797 872 1846 nihilominus
893 1799 957 1846 big-¹

67 1852 114 1876 πω
129 1841 202 1883 fidei
222 1845 371 1882 emptorem
390 1839 460 1880 effe:
493 1839 578 1881 idque
605 1839 795 1886 veriureffe.
824 1840 938 1886 Yffieh·

68 1892 146 1922 cet,
170 1891 243 1915 cum
267 1882 416 1914 venditor
436 1880 588 1921 idemque
610 1881 779 1928 dominus,
800 1889 868 1915 non
885 1883 934 1926 in-

67 1925 204 1958 terdicta
224 1924 271 1956 rei
292 1922 352 1955 suae
375 1922 617 1961 deminutione,
646 1931 712 1962 ejus
735 1922 769 1954 sit
791 1920 935 1958 moderare
954 1966 958 1969 ἓ

68 1973 125 2000 tor
146 1966 177 1997 &
199 1964 337 2003 arbiter,
359 1966 526 2004 quomodo
548 1963 627 1995 mala
656 1963 721 1996 fide
742 1966 821 1996 emit
841 1964 898 2006 qui
917 1970 954 1996 ι’

68 2006 206 2041 domino
228 2006 306 2038 emit
320 2029 331 2042 ,
354 2005 404 2036 cui
426 2005 584 2046 integrum
605 2003 651 2036 est
677 2004 726 2045 jus
756 2006 946 2038 deminum--

68 2048 115 2082 di.
155 2047 289 2087 Excipit
310 2046 469 2086 Julianus,
493 2045 565 2085 Nisi
578 2045 660 2086 forte
681 2045 718 2081 &³
739 2047 765 2078 is
785 2049 836 2089 qut·
856 2057 875 2079 ιι
895 2047 940 2079 lu-

70 2089 189 2129 xuriqfi)
212 2088 249 2124 {5⁹
266 2089 402 2129 protinus
417 2087 512 2126 scorto
542 2088 644 2118 daturo
671 2089 825 2128 pecuniam
845 2088 941 2127 servos

71 2132 166 2170 emit,
194 2139 253 2161 non
281 2129 436 2169 usucapiet.
478 2126 531 2160 Sic
552 2127 715 2169 Julianus:
747 2131 942 2162 convenien-

70 2179 122 2205 ter
152 2170 206 2204 fini
238 2171 328 2202 artis:
361 2170 484 2210 semper
514 2171 577 2209 (ut
605 2169 818 2203 demonstravi
840 2170 887 2203 lib.
911 2180 940 2212 3.

70 2213 219 2247 Probabil.
249 2221 274 2243 c.
305 2212 362 2252 2.)
392 2210 557 2242 servientis
597 2212 800 2243 verecundiae
828 2212 868 2244 ad
897 2212 943 2251 ju-

70 2255 208 2287 vandam
231 2260 434 2284 communem
465 2252 635 2284 utilitatem
666 2253 819 2284 exeunti:
853 2262 942 2284 num·

71 2304 168 2338 quam
191 2294 300 2326 sceleri
319 2317 327 2330 ,
358 2301 412 2325 aut
433 2291 574 2325 stultitiae
597 2294 625 2325 ei
648 2295 815 2332 nociturae,
864 2292 941 2326 Hoc

72 2346 115 2370 eo
139 2336 276 2368 securius
298 2335 389 2367 dico:
413 2335 486 2374 quia
507 2335 619 2365 eadem
642 2335 810 2375 prudentia
830 2333 940 2376 Ulpia-

72 2387 133 2411 nus
153 2375 174 2409 l.
200 2386 245 2408 12.
269 2376 297 2418 §.
325 2384 374 2408 11.
398 2375 440 2407 D.
463 2374 624 2414 Mondou,
654 2375 705 2414 Si,
726 2376 852 2416 inquit,
875 2377 939 2407 ado·

74 2419 176 2458 lest-em
197 2418 363 2451 luxuriosus
385 2417 500 2448 mandet
522 2418 590 2455 tibi,
619 2420 654 2448 ut
671 2423 723 2458 pro
744 2418 888 2448 meretrice
903 2416 941 2456 fi-

76 2459 226 2499 dejubeas:
253 2460 337 2498 idque
360 2465 393 2489 tu
420 2459 510 2497 sciens
538 2458 709 2489 mandatum
730 2481 740 2497 ,
767 2457 942 2499 susteperzs:

77 2508 137 2531 non
163 2499 272 2536 babebis
300 2500 433 2531 mandati
468 2498 630 2541 atilionem,
659 2500 730 2541 quia
754 2498 847 2538 fimile
876 2497 915 2540 est
932 2522 942 2537 ‚

98 2537 163 2578 uafi
179 2541 324 2580 perditura
341 2542 493 2580 pecuniam
506 2542 602 2580 sciens
622 2541 783 2572 credideris.
829 2540 884 2587 Sed
906 2539 943 2576 δ’

72 2550 105 2622 Ξ
139 2580 261 2612 ulterius
288 2581 387 2612 diretta
423 2582 607 2613 mandaverit
642 2582 713 2619 tibi,
748 2587 781 2614 ut
817 2583 943 2630 meretri·

80 2624 110 2655 ci
140 2621 295 2663 pecuniam
331 2623 426 2653 credas
440 2633 451 2652 .·
489 2631 546 2654 non
584 2622 757 2663 obligabitur
790 2624 944 2654 mandati:

78 2662 164 2706 quasi
192 2661 327 2701 adversus
358 2663 458 2694 bonam
481 2663 570 2703 fidem
591 2666 762 2695 mandatum
783 2663 836 2702 fit.
883 2663 945 2705 Igi-

81 2712 134 2737 tur
155 2703 192 2736 fit
213 2703 333 2743 absque
361 2702 411 2734 illa
438 2702 591 2736 societate
620 2706 771 2745 nequitiae
795 2704 946 2737 stultitiae·

81 2755 164 2787 que:
184 2753 355 2783 numquam
378 2743 466 2784 quis,
492 2752 668 2785 utcumque
701 2744 751 2776 sua
772 2746 947 2786 profundat

83 2785 169 2820 bona
183 2808 196 2825 ,
224 2785 256 2816 in
275 2785 342 2825 jure
365 2784 498 2817 habetur
518 2786 669 2827 prodigus
685 2809 695 2825 ,
724 2793 894 2827 antequam
917 2787 947 2832 ei

82 2836 104 2860 a
132 2825 298 2865 Praetore,
328 2825 418 2857 causa
445 2827 601 2869 cognita,
632 2827 725 2859 bonis
753 2826 790 2859 fit
818 2828 947 2860 interdi-

117 2877 181 2901 um.

83 2869 200 2950 &Ejus
223 2917 301 2940 vero
326 2908 555 2941 interdictionis
583 2909 605 2942 si
628 2910 696 2951 quis
727 2916 817 2951 petat
840 2918 948 2942 exem-

84 2951 194 2994 plum3
216 2956 324 2989 extat,
345 2949 428 2981 inter
452 2950 530 2981 alios
545 2972 556 2989 ,
585 2951 669 2990 apud
694 2951 856 2983 Valerium
879 2951 949 2983 Ma-

82 2993 207 3026 ximum
235 2991 282 3023 lib.
304 3000 334 3032 3.
364 3000 387 3021 c.
411 3000 442 3032 5.
473 2991 503 3033 §.
527 3000 555 3023 2.
586 2992 616 3024 ot
647 2991 816 3037 Horatium
847 2992 895 3023 lib.
920 3002 949 3024 2.

85 3028 177 3067 Serm.
195 3033 253 3074 sot.
275 3042 304 3074 3.
328 3032 402 3070 vers.
427 3041 495 3071 217.
518 3031 697 3065 Formuiam
720 3033 856 3064 servavit
874 3033 951 3065 Pau-

85 3073 135 3108 lus
163 3075 192 3107 d.
223 3075 274 3106 lib.
297 3083 327 3116 3.
359 3074 405 3105 tit.
429 3082 459 3112 4.
488 3072 518 3114 §.
544 3082 560 3114 7
615 3073 694 3106 Inde
720 3073 746 3106 is
773 3074 823 3105 cui
856 3074 950 3122 bonis

85 3114 287 3149 interdictum
310 3123 369 3156 pro
392 3113 528 3155 prodigo
550 3114 570 3145 1.
592 3120 622 3147 6.
646 3114 688 3147 D.
710 3116 742 3146 de
762 3115 840 3146 verb.
861 3116 946 3157 oblig.

81 3153 127 3191 Et
146 3155 182 3189 irs
197 3157 228 3201 ᾗ.
252 3159 283 3190 2.
312 3154 385 3198 lust.
410 3155 500 3201 guib.
529 3164 588 3189 non
609 3153 647 3199 esl
670 3155 795 3198 permzff
818 3156 885 3197 fac.
907 3163 947 3190 tt-

966 1672 1057 1746 ¹poni
1079 1672 1272 1706 auctoritate

989 1724 997 1746 l

1776 73 1848 115 463

968 148 1058 191 fiam.
1107 150 1253 193 Prodigus
1278 152 1326 183 cui
1358 152 1494 184 bonorum
1507 150 1634 193 suoram
1662 155 1848 197 administra-

975 192 1014 222 tio
1046 191 1200 223 interditla
1227 191 1287 232 est,
1317 192 1518 232 testamentum
1532 194 1636 234 facere
1660 205 1717 227 nori
1739 198 1846 239 potest:

967 233 1022 271 secl
1044 232 1073 263 id
1096 234 1171 274 quod
1192 240 1259 264 ante
1278 234 1356 273 fecit
1370 257 1380 272 ‚
1415 238 1504 276 quam
1527 235 1691 268 inierdiflio
1713 238 1848 271 bonorum

975 274 1002 303 ei
1018 272 1076 312 fiat
1097 297 1107 313 ,
1144 280 1242 305 ratum
1265 273 1314 314 esi.
1360 275 1410 307 Ab
1439 277 1552 309 eadem
1577 279 1705 310 ratione
1736 277 1848 320 Ulpia-

977 322 1036 345 nus
1071 314 1091 345 l.
1120 323 1165 347 10.
1198 315 1240 346 D.
1265 317 1293 346 b.
1316 320 1338 347 t.
1373 315 1546 356 Julianus,
1575 319 1697 360 inquit,
1717 320 1848 360 scribit,

975 363 1019 385 eos
1043 356 1147 396 quibus
1165 362 1217 395 per
1242 356 1394 388 Praetorem
1415 358 1495 388 bonis
1517 360 1705 393 interdit'tum
1725 359 1783 401 eli,
1804 364 1849 394 ni·

974 395 1016 426 hil
1039 396 1199 436 transferre
1216 397 1290 438 poffe
1312 399 1350 428 ad
1371 398 1516 438 aliquem,
1545 401 1616 441 quia
1637 403 1669 434 in
1689 404 1769 435 bonis
1790 413 1848 435 non

974 436 1098 468 habeant
1115 460 1124 476 ‚
1157 447 1223 469 cum
1252 441 1292 469 eis
1322 440 1480 470 deminutio
1504 439 1548 478 fit
1576 443 1744 477 interdista.
1795 445 1848 478 Sic

976 479 1084 510 omnia
1114 479 1307 520 exemplaria
1328 489 1400 520 quae
1429 480 1540 512 videre
1568 484 1646 516 rnihi
1670 486 1786 527 licuit;
1816 494 1848 519 at

975 528 1040 550 non
1064 520 1158 560 plena
1181 521 1359 553 locutione.
1383 521 1493 562 supple
1516 522 1547 555 ὅ(
1568 523 1686 559 scribe:
1708 529 1779 569 quia
1799 529 1848 570 ius

975 559 1136 592 bonorum
1159 571 1216 593 non
1239 562 1378 602 habeant,
1402 572 1468 594 cum
1493 564 1534 594 eis
1557 565 1715 600 deminutio
1736 568 1779 608 fit
1801 572 1848 602 in·

974 601 1115 642 terdit'la,
1138 603 1188 634 vel
1211 604 1274 642 ita,
1296 605 1367 646 quia
1381 605 1434 645 jus
1455 604 1486 636 in
1510 605 1604 640 bonis
1624 618 1683 641 non
1704 610 1847 652 habeant,

974 652 1040 674 cum
1061 644 1102 674 eis
1123 644 1280 676 deminutio
1300 644 1338 682 fit
1354 645 1520 679 interdieta.
1562 647 1721 682 Mendum
1737 660 1847 685 natum

974 693 1015 716 ex
1041 684 1151 726 Siglis,
1174 686 1243 727 quia
1274 688 1293 717 i.
1317 685 1344 718 b.
1368 686 1436 726 vel,
1466 688 1536 729 quia
1557 689 1578 721 i.
1602 691 1634 722 in
1662 692 1753 725 bonis.
1782 693 1846 729 ἃς.

974 726 1075 757 altero
1105 729 1206 759 modo
1236 727 1462 769 indigitabatur
1477 729 1531 771 jus
1559 731 1716 769 bonorum:
1744 734 1846 767 altero

967 767 1021 809 jur
1042 769 1073 798 in
1089 768 1182 799 bonis:
1205 769 1293 809 quod
1315 769 1399 811 fugit
1421 769 1611 805 Librarium.
1653 772 1700 805 Ut
1715 782 1749 806 ut
1771 777 1847 808 erit:

974 808 1209 841 firmamentum
1237 811 1265 842 ei
1290 812 1378 852 quod
1394 811 1553 853 intendo,
1574 815 1640 848 hoc
1663 815 1794 850 Horatii
1814 819 1844 850 d.

972 849 1020 881 lib.
1039 858 1069 882 2.
1091 849 1183 882 Serm.
1197 851 1254 891 sat.
1271 861 1300 893 3.
1324 853 1398 893 vers.
1417 860 1488 895 217.

1015 949 1100 955 ——-
1123 929 1279 965 interdieta
1294 933 1363 966 huic
1377 943 1457 966 omne
1472 936 1582 968 adimat
1593 940 1647 980 jus

1012 972 1143 1010 Precor,
1166 973 1202 1008 ἐξ
1219 976 1353 1016 adsanos
1374 977 1458 1009 abeat
1470 979 1562 1011 tutela
1576 981 1763 1023 propinquos.

971 1053 1071 1086 Simili
1092 1054 1177 1087 sensu
1195 1056 1234 1088 de
1251 1056 1372 1090 furioso
1391 1058 1509 1092 Cicero
1526 1060 1575 1093 lib.
1592 1071 1623 1104 3.
1644 1061 1728 1104 Tufi.
1746 1063 1844 1106 quest.

972 1104 997 1125 c.
1021 1105 1050 1135 5.
1076 1095 1160 1140 Qui,
1185 1097 1308 1137 inquit,
1330 1102 1374 1131 ito
1392 1099 1434 1139 fit
1448 1101 1589 1143 affeflus,
1610 1113 1676 1136 eum
1701 1107 1846 1146 domiuum

972 1135 1024 1176 effe
1042 1145 1141 1168 rerum
1152 1140 1279 1176 suorum
1297 1147 1400 1172 vetunt
1423 1142 1583 1176 Duodecim
1602 1144 1726 1179 Tabuloe.
1767 1147 1847 1180 Noa

975 1178 1045 1208 haec
1075 1178 1120 1209 est
1148 1177 1316 1212 Ciceronis
1349 1182 1533 1224 sententia,
1563 1185 1749 1221 Duodecim
1780 1188 1846 1220 Ta-

974 1218 1056 1250 bulis
1082 1218 1179 1258 fieri,
1214 1229 1255 1253 ne
1279 1220 1416 1255 furiosus
1439 1223 1477 1257 fit
1504 1235 1610 1260 rerum
1639 1227 1760 1262 suarum
1790 1231 1848 1262 do-

973 1260 1093 1292 minus:
1125 1259 1178 1293 sed
1202 1270 1243 1294 ne
1267 1263 1362 1303 poffit
1388 1265 1564 1300 dominium
1588 1277 1761 1311 exercere,
1782 1271 1847 1304 five

972 1310 1013 1374 pe
1039 1301 1154 1373 strabeat
1173 1303 1223 1343 jus
1238 1312 1345 1338 rerum
1361 1304 1483 1339 suarum
1498 1331 1508 1348 ,
1531 1317 1605 1343 cum
1619 1310 1650 1343 ei
1668 1311 1846 1345 deminutio

985 1350 1009 1374 it
1026 1351 1042 1372 a
1079 1351 1140 1375 ata.

1015 1382 1215 1417 Recederem
1244 1384 1299 1417 hic
1326 1394 1344 1417 a
1374 1385 1500 1421 furiosis
1532 1389 1564 1423 &
1594 1392 1763 1435 prodigis;
1791 1395 1847 1426 nifi

976 1423 1130 1465 Ulpianus
1152 1425 1172 1457 l.
1199 1432 1227 1458 1.
1250 1426 1294 1458 D.
1316 1427 1345 1459 h.
1369 1433 1391 1459 t.
1412 1428 1511 1462 vellet
1531 1432 1603 1464 addi
1621 1455 1632 1472 ,
1661 1435 1774 1466 ambos
1796 1435 1848 1467 fo-

976 1476 1011 1497 re
1036 1466 1068 1497 in
1099 1467 1285 1506 curatione,
1313 1469 1465 1508 quamdiu
1489 1472 1540 1504 vel
1571 1472 1708 1507 furiosus
1739 1476 1848 1508 sanita-

977 1513 1064 1545 tem,
1094 1507 1146 1539 vel
1176 1507 1231 1540 ille
1258 1507 1350 1541 sanos
1379 1519 1485 1544 mores
1508 1515 1686 1555 receperit:
1717 1519 1804 1557 quod
1827 1518 1848 1550 ii

977 1549 1140 1587 evenerit,
1161 1548 1230 1589 ipso
1249 1549 1318 1590 jure
1340 1551 1482 1585 definere
1514 1554 1577 1587 effe
1606 1556 1637 1587 in
1666 1559 1845 1592 curatione.

978 1589 1060 1622 Cum
1083 1590 1146 1629 ait,
1168 1589 1235 1630 ipso
1256 1591 1348 1632 iure:
1369 1602 1435 1626 non
1458 1596 1601 1629 excludit
1623 1596 1771 1632 Praetoris
1793 1602 1849 1632 de-

977 1637 1112 1663 cretum.
1135 1631 1300 1665 tantumfi
1325 1632 1453 1675 nificat,
1481 1645 1499 1668 a
1526 1636 1669 1670 Praetore
1698 1640 1730 1671 id
1753 1641 1849 1674 inter-

1331 1685 1349 1707 e
1373 1675 1398 1708 is
1424 1675 1610 1711 Duodecim
1638 1676 1849 1716 Tabularum.

1002 1713 1067 1746 mili
1091 1684 1526 1761 modoquosteifiimentum
1555 1720 1673 1754 dicitur
1694 1730 1752 1763 pei·
1773 1733 1849 1765 que-

977 1755 1075 1789 telam
1107 1754 1278 1789 inofficiosi
1304 1758 1440 1791 rescindi
1468 1759 1537 1802 ipso
1563 1763 1649 1802 jure:
1682 1764 1850 1806 postquam

978 1797 1020 1829 de
1041 1806 1079 1829 ea
1099 1795 1278 1840 coguovit,
1301 1799 1333 1832 Gt
1352 1803 1579 1841 pronunciavit
1598 1802 1702 1843 Judex
1724 1805 1744 1837 l.
1766 1810 1796 1841 8.
1817 1807 1850 1849 §.

980 1841 1030 1871 16.
1052 1838 1097 1871 D.
1118 1840 1153 1871 de
1172 1837 1279 1882 inoffic.
1302 1839 1413 1882 testam.
1456 1841 1583 1877 Eodem
1599 1853 1731 1887 quoque
1748 1849 1849 1881 modo

962 1878 1046 1921 ipso
1065 1878 1135 1922 ju're
1155 1880 1290 1915 rescindi
1312 1883 1430 1916 dicitur
1443 1885 1626 1919 contractus
1642 1886 1736 1920 bonae
1752 1887 1851 1931 fidei;

976 1921 1098 1963 inquo
1120 1921 1157 1954 fit
1177 1923 1271 1955 dolus
1293 1924 1414 1964 malus;
1440 1934 1641 1969 quamquain¹
1661 1937 1728 1961 non
1755 1938 1852 1971 ante,

979 1966 1075 2004 quatu
1089 1962 1111 1995 fi
1126 1963 1167 1996 de
1185 1973 1227 1996 eo
1244 1964 1279 1997 iit
1292 1975 1311 1998 a
1326 1965 1439 2006 Judice
1454 1969 1704 2009 pronunciatum
1724 1970 1745 2003 l.
1760 1981 1792 2014 5.
1815 1972 1851 2006 C.

979 2006 1014 2036 de
1030 2004 1151 2043 rescind.
1166 2006 1280 2039 vendit.

1022 2045 1066 2077 At
1085 2054 1248 2080 curatores
1270 2057 1337 2081 non
1359 2054 1482 2083 tantum
1509 2049 1634 2085 furiosis
1656 2052 1687 2085 ἀ
1709 2053 1851 2096 prodigis

983 2087 1097 2119 dantur
1125 2095 1215 2119 extra
1245 2091 1417 2131 ordinem3
1453 2091 1506 2125 sed
1542 2100 1697 2135 praeterea
1730 2096 1855 2130 ceteris

984 2127 1133 2161 omnibus
1156 2130 1209 2170 qui
1231 2130 1263 2162 in
1286 2140 1323 2163 ea
1344 2132 1434 2165 causa
1455 2133 1535 2174 fint,
1557 2142 1593 2166 ut
1615 2136 1710 2168 rebus
1728 2135 1788 2170 suis
1805 2137 1854 2172 su-

984 2168 1104 2210 peresse
1129 2179 1193 2201 non
1216 2171 1344 2212 poffint.
1371 2173 1392 2205 l.
1415 2184 1446 2206 2.
1469 2175 1499 2207 b.
1524 2181 1547 2207 t.
1568 2175 1588 2208 l.
1613 2185 1660 2209 12.
1682 2176 1725 2209 D.
1750 2179 1785 2210 de
1805 2186 1854 2212 tu-

983 2217 1037 2241 tor.
1061 2210 1099 2246 &²
1125 2218 1222 2243 curat.
1253 2215 1313 2246 dot.
1335 2214 1371 2246 ab
1392 2215 1448 2247 his.
1484 2216 1593 2257 quales
1621 2217 1692 2250 sunt
1721 2221 1800 2252 muti
1822 2221 1854 2254 dc

983 2250 1064 2283 surdi
1093 2251 1123 2293 §.
1144 2262 1174 2293 3.
1205 2252 1242 2288 &³
1263 2265 1293 2294 4.
1324 2253 1398 2295 Inst.
1426 2258 1460 2288 de
1481 2263 1576 2290 curat.
1607 2258 1702 2292 etiam
1726 2261 1854 2302 pupilli:

983 2292 1016 2323 hi
1039 2300 1144 2324 tamen
1167 2302 1232 2326 non
1255 2295 1380 2336 passim,
1404 2307 1466 2329 nec
1488 2298 1630 2341 semper;
1659 2300 1713 2333 sed
1734 2301 1755 2334 fi
1778 2303 1856 2344 legi·

984 2335 1079 2365 timus
1109 2342 1197 2366 tutor
1227 2345 1293 2368 non
1322 2336 1359 2369 fit
1394 2339 1558 2380 idoneus,
1587 2348 1663 2382 puta
1692 2342 1854 2386 moribus;

983 2382 1037 2406 aut
1060 2374 1314 2409 testamentarius
1343 2387 1412 2413 non
1439 2381 1475 2412 fit
1497 2382 1633 2414 idoneus
1661 2383 1701 2415 ad
1723 2385 1855 2418 admini-

983 2415 1167 2449 strationem
1189 2417 1218 2458 §.
1242 2428 1273 2458 5.
1296 2419 1324 2450 d.
1349 2426 1373 2452 t.
1403 2421 1460 2454 etsi
1487 2423 1629 2464 alioquin
1652 2425 1794 2459 moribus
1817 2427 1854 2460 fit

984 2455 1137 2489 idoneus:
1161 2465 1195 2489 ut
1217 2459 1249 2491 in
1272 2461 1467 2495 anteceffum
1495 2463 1567 2496 alibi
1590 2464 1635 2497 est
1659 2465 1722 2507 jam
1751 2467 1857 2500 obser-

985 2506 1104 2530 vatum.
1146 2498 1227 2531 Sunt
1261 2500 1292 2532 ἀ
1323 2502 1392 2534 aliae
1421 2503 1520 2535 causae
1555 2505 1587 2537 in
1617 2507 1732 2548 quibus
1761 2509 1854 2541 bonis

985 2539 1135 2612 ‘conflictui
1155 2548 1284 2617 egi-altor
1307 2542 1414 2616 120oest
1443 2554 1515 2587 quae
1536 2555 1762 2582 enumerantur
1779 2550 1799 2581 l.
1821 2559 1852 2591 3.

1026 2621 1278 2696 Qbuaerentibus‚
1308 2625 1452 2666 quisnam
1481 2635 1609 2662 curator
1639 2629 1704 2663 dari
1734 2629 1851 2670 poffit:

987 2672 1046 2705 pro
1072 2663 1154 2695 abile
1172 2664 1236 2704 est,
1258 2675 1373 2699 omnes
1389 2667 1496 2709 poss‘e,
1512 2669 1566 2711 qui
1583 2680 1648 2703 non
1663 2670 1854 2710 prohibeam

988 2712 1049 2736 tur.
1093 2704 1146 2737 De
1170 2705 1238 2738 filio
1268 2706 1333 2740 fuit
1354 2709 1542 2751 quaefitum,
1578 2711 1599 2744 fi
1627 2711 1705 2751 patri
1734 2710 1853 2744 dandus

988 2745 1025 2777 fit
1046 2754 1184 2778 curator.
1213 2756 1303 2780 erant
1331 2751 1416 2783 enim
1447 2753 1501 2792 qui
1525 2759 1701 2793 negarent3
1730 2751 1761 2783 in
1785 2753 1853 2792 qui-

988 2786 1047 2818 bus
1073 2786 1181 2820 Celsus
1204 2789 1234 2821 ἂ
1256 2790 1317 2821 alii.
1340 2792 1494 2824 movebat
1516 2803 1590 2830 eos,
1619 2792 1700 2831 quali
1723 2792 1855 2825 indeco-

989 2837 1057 2859 rum
1080 2828 1136 2867 sit,
1168 2838 1291 2869 patrem
1320 2841 1338 2864 a
1359 2832 1426 2865 filio
1448 2835 1524 2875 regi.
1558 2839 1695 2864 attamen
1719 2831 1762 2865 D.
1783 2833 1856 2866 Pius

989 2868 1110 2909 Justino
1144 2870 1279 2912 Celeri,
1311 2873 1387 2913 item
1417 2873 1496 2906 DD.
1519 2872 1668 2919 Fratres,
1697 2872 1856 2915 rescripse-

990 2918 1081 2951 runt,
1103 2910 1204 2944 filium
1221 2936 1231 2952 ,
1262 2914 1283 2947 fi
1305 2914 1408 2948 sobrie
1431 2915 1534 2951 vivat,
1565 2919 1645 2953 patri
1675 2922 1857 2949 curatorem

991 2953 1129 2984 dandum
1161 2954 1288 2996 magis,
1324 2965 1417 2997 quarn
1440 2962 1640 2986 extraneum.
1670 2953 1714 2987 fic
1744 2954 1857 2998 Ulpia-

993 3001 1050 3024 nus
1072 2993 1092 3025 l.
1119 3003 1167 3026 12.
1187 2994 1217 3037 §.
1242 3005 1270 3030 1.
1301 2996 1344 3029 D.
1368 2998 1402 3027 de
1422 2999 1478 3028 tut.
1509 2993 1546 3029 ὅ*
1568 3003 1631 3027 cur.
1660 2996 1720 3028 dot.
1738 2999 1780 3044 ‘ab
1801 2999 1856 3031 bis.

993 3033 1023 3065 ἀ
1045 3036 1276 3071 convenienter
1302 3039 1332 3069 ei
1361 3035 1474 3068 Paulus
1503 3035 1523 3066 1.
1555 3045 1584 3067 2.
1614 3036 1642 3067 b.
1665 3041 1687 3068 t.
1716 3046 1761 3070 ait
1791 3048 1858 3073 non

992 3075 1208 3111 dubitaturum
1231 3079 1291 3111 hac
1312 3078 1343 3110 in
1389 3083 1455 3108 arte
1474 3075 1661 3123 Praetorem.
1704 3077 1745 3112 Ul
1772 3080 1859 3114 ianus

992 3116 1024 3148 in
1046 3117 1065 3149 l.
1092 3124 1118 3149 1.
1142 3119 1172 3160 ς).
1205 3129 1231 3152 x.
1254 3120 1283 3151 d.
1306 3124 1328 3150 t.
1357 3085 1400 3149 gc
1422 3124 1592 3158 exprimit:
1622 3117 1721 3152 Extat
1777 3146 1785 3153 .
1810 3122 1862 3155 Pii

989 3157 1173 3200 Rescriptum
1193 3182 1204 3200 ,
1227 3159 1293 3201 filio
1316 3159 1413 3199 potiris
1441 3158 1622 3196 curationem
1639 3162 1862 3211 permittendam

1827 3212 1859 3235 in
