2036 3495
214 114 522 149 DlssERTATlo
552 111 757 147 SacuNDii
783 117 836 143 De
862 107 1022 142 Ciusxs
1049 106 1297 141 Connurrffi
1323 104 1737 152 Jumsritunizumriz.

73 213 125 243 ης
148 202 265 242 ubique
291 201 434 234 mortalis
457 208 582 233 memor
603 196 819 234 conditionis,
843 196 949 236 legum

72 246 273 277 severitatem
303 245 387 275 comi
416 241 614 283 benignitate
635 239 809 279 prudenter
827 245 948 277 tempe-

72 297 155 318 rans.
193 285 254 316 Sed
274 284 324 316 lex
344 285 441 315 totius
459 281 596 314 civ1tatis
615 279 697 320 quasi
718 288 806 310 mens
825 279 887 310 est:
907 279 948 310 le-

72 330 121 368 gis
138 335 242 358 autem
267 327 461 365 praecipuum
485 324 582 355 decus
604 321 704 356 ratio,
728 320 831 351 omnis
849 321 947 366 divini

75 378 173 409 atque
199 368 325 399 humani
343 367 418 405 juris
439 365 567 395 auctor:
590 362 720 393 rationis
736 370 833 407 porro
854 361 946 402 ipsius

74 411 181 442 lumen
199 408 243 440 est
261 408 373 440 Civilis
389 406 557 446 Sapientia.
584 403 670 443 cujus
686 404 868 448 glorialquo
885 412 947 434 ma-

75 452 123 491 gis
140 451 327 481 declinavit:
351 457 391 479 eo
406 447 515 487 justior
532 445 628 476 fuerit
647 444 818 481 disputatio
838 453 899 483 qua
918 454 948 475 e-

73 492 121 532 jus
139 492 208 523 mali
227 489 329 521 causas
346 489 523 528 inquii-ere3
541 487 569 517 &
586 485 717 526 repertis
730 509 739 524 ,
757 485 884 517 tandem
902 494 947 517 re-

74 534 179 565 media
197 531 439 569 circumspicere
456 529 616 569 poflimus.

117 573 182 604 Nisi
208 572 375 604 verisimile
402 570 459 609 fit,
483 579 586 600 rerum
611 567 766 599 Naturam
793 566 945 600 consene-

75 614 181 652 scere,
206 622 258 645 aut
282 613 448 644 hominum
471 611 595 650 ingenia
618 610 803 651 decoquere
820 633 828 645 ‚
857 610 886 640 ὅ(
904 609 947 654 ἀεὶ

75 656 302 696 adquirendam
331 653 572 684 retinendamve
597 651 706 683 Artem
733 660 793 688 qua
818 650 946 681 adili-in-

73 706 190 737 guntur
205 696 329 726 vincula
348 695 493 726 humanae
510 692 669 724 societatis
681 715 690 730 ,
702 693 851 723 inidonca
870 690 947 722 fieri.

74 738 137 769 Sed
161 737 229 777 quis
247 737 276 767 id
303 737 381 767 serio
399 735 542 766 censeat:
567 734 781 765 incidentibus
803 733 948 773 quotidie

73 780 168 810 novis
192 787 287 817 atque
304 777 492 808 immanibus
510 783 694 806 caeterarum
713 777 825 806 artium
844 775 943 804 incre-

74 819 216 851 mentis?
241 818 317 850 Non
344 828 424 857 opus
450 818 610 849 omnibus.
636 816 744 847 saltem
773 817 845 847 date
868 814 944 845 mihi

72 861 242 899 Sapientiae
269 868 390 900 partem
415 868 475 900 qua
498 868 600 890 rerum
621 857 744 895 abdita,
770 857 798 888 ἂ
814 855 945 887 Naturae

73 902 192 934 secreta
204 901 437 942 investigantur.
457 900 626 939 ecquando
637 899 733 930 ullum
745 898 805 929 fuit
822 906 946 937 tempus

75 953 140 984 quo
163 943 325 977 adscendit
349 943 386 974 ad
411 941 618 982 perfeetionis
642 941 765 971 laudem
791 938 828 970 ad
852 947 945 984 quam

73 994 140 1016 non
161 985 335 1021 credimus,
361 983 412 1015 sed
441 983 605 1020 videmus,
629 982 828 1022 egregiorum
847 980 947 1010 homi·

72 1035 148 1058 num
169 1026 298 1067 ingenio
314 1033 408 1064 atque
426 1024 573 1055 industria
588 1022 741 1054 evaiiffe?
756 1021 822 1062 jam
839 1020 859 1052 si
877 1019 948 1067 Me-

73 1068 179 1098 dicina
193 1090 201 1103 ‚
225 1067 244 1098 si
267 1066 485 1104 Astronomia,
501 1064 521 1096 fi
542 1064 733 1096 Mecbanica
746 1087 754 1102 ‚
774 1062 793 1094 fi
812 1063 949 1102 denique

76 1107 232 1140 Mathesis
249 1108 372 1148 longius
389 1105 545 1147 progress'a
561 1105 606 1137 est
618 1128 626 1142 ‚
649 1114 742 1144 quam
762 1113 826 1144 quo
841 1105 948 1142 potuit

74 1149 180 1180 sedula
200 1151 227 1180 dt
252 1150 374 1180 erudita
390 1147 544 1187 adspirare
564 1146 719 1177 vetustas.-
742 1154 781 1176 an
806 1154 868 1176 una·
882 1151 946 1174 tam

74 1189 188 1222 infelix
211 1191 355 1221 habenda
380 1189 424 1220 est
446 1188 557 1220 Civilis
584 1188 749 1219 Scientia:
781 1193 815 1216 ut
832 1208 841 1223 ‚
872 1194 945 1215 cum

75 1231 197 1263 Natura
222 1233 344 1262 caeteris
367 1229 515 1265 sufficiat,
540 1228 593 1269 ipfi
617 1228 754 1268 maligna
770 1234 823 1257 aut
848 1235 945 1257 excu-

74 1273 168 1304 sanda
185 1272 352 1303 videatur?
368 1271 430 1302 Sed
448 1270 556 1301 defino
568 1293 577 1307 ‚
596 1270 748 1300 invidiam
764 1267 871 1299 facere
883 1262 945 1298 Na·

75 1322 171 1345 turae:
193 1322 361 1353 putemus,
387 1312 437 1342 ubi
464 1311 621 1352 prioribus
643 1310 691 1350 jus
717 1309 803 1346 fuit,
834 1308 885 1339 vel
908 1308 947 1339 ad

72 1355 155 1386 hanc
179 1355 309 1392 venire;
333 1352 495 1393 ipsamque
522 1361 587 1383 noti
605 1358 726 1382 tantum
744 1360 759 1381 a
779 1350 898 1389 vulgari
917 1349 947 1380 &

73 1396 202 1438 publica
218 1395 332 1426 intueri
355 1403 462 1435 parte,
479 1392 531 1424 sed
549 1393 587 1425 ad
603 1393 788 1424 interiorem
816 1399 947 1431 quoque

72 1440 102 1469 ot
120 1437 303 1468 sanctiorem
321 1445 394 1467 cura
407 1443 503 1476 atque
521 1433 668 1466 industria
688 1440 872 1473 penetrare:
889 1441 947 1478 nos

73 1487 144 1510 cuni
170 1479 243 1509 inde
270 1487 432 1515 arcemur,
456 1486 518 1507 non
543 1476 644 1507 inodo
661 1474 788 1506 humaui
807 1474 944 1515 ingenii,

71 1518 126 1551 sed
145 1519 235 1550 studii
254 1527 349 1558 atque
365 1527 472 1558 operae
490 1516 665 1558 prohiberi.
709 1515 761 1548 Est
781 1525 837 1555 ea,
861 1515 886 1544 Α
900 1514 945 1553 A,

72 1570 177 1593 rerum
202 1560 405 1591 humanarum
429 1559 592 1590 conditio:
618 1566 653 1589 ut
676 1557 724 1589 his
750 1557 807 1588 viis
831 1556 946 1597 quibus

74 1602 213 1633 inventae
241 1601 330 1639 sunt,
353 1600 448 1631 facile
474 1601 688 1641 retineantur:
712 1597 754 1630 fin
777 1607 883 1629 earum
902 1598 946 1638 pi-

74 1649 164 1683 geat,
182 1641 374 1673 marcescant
389 1640 494 1672 sensim
510 1642 538 1672 ἃ
554 1647 806 1680 corrumpantur.
819 1639 946 1677 videte,

75 1693 147 1724 quae
174 1682 345 1724 praesertim
368 1681 568 1713 celebrantur
595 1680 782 1713 familiarum
801 1688 853 1711 aut
870 1680 945 1711 civi-

75 1732 178 1756 tatum
198 1724 297 1761 vires,
322 1732 420 1763 opes,
444 1724 571 1763 copias:
595 1732 641 1752 eae
662 1731 726 1762 quo
743 1722 845 1753 minus
865 1720 947 1752 stent

74 1775 129 1797 aut
158 1767 289 1803 cadant3
315 1765 416 1802 aliud,
440 1773 554 1803 practer
578 1763 793 1804 disciplinam,
824 1762 946 1794 efficit?

75 1806 198 1839 Harum
216 1807 367 1846 exemplo
384 1806 495 1836 artium
518 1805 655 1836 fortunae
673 1805 829 1835 utentium
851 1804 945 1835 niori-

77 1847 137 1879 bus
162 1848 337 1885 variantur,
365 1847 394 1877 ὅ(
413 1855 507 1886 quem
527 1845 587 1877 esse
605 1847 634 1877 in
653 1845 756 1877 nosti-a
783 1853 948 1885 torporem

77 1896 174 1929 atque
190 1887 387 1919 oscitantiam
407 1889 585 1926 querimur,
609 1886 662 1918 hic
681 1897 697 1918 a
713 1886 848 1927 pristinae
863 1886 946 1918 seve-

75 1930 177 1961 ritatis
195 1929 257 1961 five
273 1929 449 1969 ignorantia
463 1952 471 1967 ‚
489 1928 551 1960 sive
569 1928 759 1969 negligentia
780 1926 948 1968 proficisci-

78 1978 128 2001 tur
162 1972 247 2009 quod
265 1969 285 2001 fi
304 1971 372 2010 quis
391 1971 507 2002 eodem
524 1972 649 2001 tramite
668 1993 678 2009 ,
708 1969 738 2001 δι
763 1971 828 2010 pari
853 1970 948 2001 animi

77 2012 288 2042 contentione
307 2020 367 2051 qua
385 2010 554 2051 praesertim
567 2010 673 2051 priscis
690 2010 889 2049 temporibus
906 2010 949 2042 usi

70 2053 140 2083 sunt
156 2052 270 2093 egregii
289 2052 330 2083 ho
343 2052 458 2090 mines,
475 2053 514 2083 ad
530 2053 612 2084 illius
633 2051 865 2093 perfectionem
883 2053 948 2083 eni-

74 2102 173 2124 tatur:
198 2094 329 2132 dubito,
360 2102 396 2125 an
416 2094 490 2125 huic
507 2094 594 2134 quod
621 2094 660 2125 ad
678 2092 827 2125 summam
852 2094 948 2133 perti·

73 2143 149 2166 neat
171 2133 347 2171 scientiam,
374 2136 402 2166 ἃ
426 2135 556 2167 homine
575 2135 605 2167 in
632 2134 718 2166 Foro
745 2135 947 2174 excellente,

74 2184 129 2207 aut
152 2176 181 2206 in
206 2175 382 2215 Republica
407 2177 550 2216 principe
567 2177 696 2218 dignum
715 2176 771 2215 fit,
793 2175 869 2209 nihil
885 2177 947 2208 mass

74 2226 218 2259 gnopere
237 2218 419 2249 defuturum
436 2219 591 2250 videatur.

117 2257 209 2299 Fugit
226 2260 311 2290 enim
327 2268 385 2290 vos
402 2260 505 2298 ratio,
525 2260 607 2292 AA:
624 2259 644 2291 fi
663 2259 865 2298 existimatis,
884 2258 946 2291 esse

73 2308 154 2330 vana
172 2308 266 2340 atque
283 2299 383 2331 inania
411 2299 550 2332 secutos:
578 2300 599 2332 si
623 2300 775 2341 cogitasse
800 2301 839 2332 ab
856 2302 944 2339 omni

74 2341 231 2381 elegantia
248 2342 401 2381 cultuque
417 2342 603 2373 eruditionis
620 2342 649 2373 &
667 2342 824 2381 sapientiae
843 2352 944 2373 remo-

76 2380 127 2414 ta:
151 2382 169 2414 si
197 2382 356 2415 substitisse
383 2383 465 2414 circa
490 2384 596 2414 tenuia
612 2384 641 2414 ἂ
657 2383 758 2422 levia,
782 2382 801 2414 li
818 2384 849 2414 in
867 2384 944 2424 legi-

74 2423 132 2455 bus
149 2424 342 2464 adquievifl‘e
368 2424 538 2456 verborum
556 2432 609 2455 aut
625 2424 813 2466 syllabarum
829 2425 943 2456 calum-

73 2465 150 2496 niis:
174 2464 193 2496 (ἱ
211 2465 327 2505 egisse,
351 2473 385 2496 ut
409 2466 625 2506 exprimerent
650 2466 787 2506 aliquem
808 2475 872 2497 non
892 2476 945 2504 re,

73 2505 126 2537 sed
144 2506 273 2538 nomine
291 2507 492 2545 prudentem.
516 2506 603 2539 absit.
627 2507 687 2539 illis
708 2506 851 2546 sedebat,
866 2515 899 2538 ut
914 2508 943 2538 in

72 2548 157 2585 vita,
174 2547 214 2578 fic
232 2551 261 2578 in
280 2547 373 2579 Civili
390 2547 526 2580 Scientia
543 2557 653 2588 parum
670 2548 810 2580 sublimia
829 2547 945 2589 affequi

74 2587 205 2619 humilia
232 2590 430 2628 cogitantes,
454 2598 508 2621 aut
525 2591 650 2622 illorum
670 2590 859 2630 praesumpta
877 2591 946 2621 des-

76 2630 240 2668 peratione
254 2631 284 2660 in
297 2630 390 2668 plano
408 2639 578 2663 morantes.
596 2631 684 2663 simul
703 2631 885 2663 merebatur
895 2633 946 2661 de-

75 2678 153 2701 core
176 2678 212 2699 ac
235 2670 379 2710 religiose
401 2672 463 2702 coli
483 2672 540 2703 Ars
560 2673 681 2703 reQura
704 2673 807 2712 leges,
831 2672 862 2702 id
878 2671 921 2702 est
935 2695 946 2710 ,

75 2710 197 2742 formas
214 2711 327 2749 quibus
345 2720 361 2741 a
384 2711 502 2742 Natura
521 2713 664 2751 profecta
683 2715 784 2751 ratio,
809 2713 839 2744 iii
857 2714 946 2744 omni

75 2752 150 2782 vitae
167 2751 278 2781 colore
303 2755 441 2791 agenda,
465 2762 501 2783 ac
519 2753 671 2795 fugienda
692 2763 793 2794 poenae
812 2755 947 2785 commi-

74 2793 207 2824 natione
227 2791 305 2822 esset
329 2791 554 2833 pi-aescriptura.
600 2794 676 2826 Eam
695 2794 790 2836 igitur
806 2795 947 2826 ornaturi

72 2834 207 2869 Artem,
233 2842 272 2863 ex
297 2835 420 2864 summis
443 2835 556 2871 opibus
581 2835 610 2866 ἀ
635 2838 812 2873 praeclaram
829 2845 947 2876 quaere-

73 2875 151 2906 bant
167 2873 325 2904 scientiam
337 2897 346 2911 ,
357 2875 384 2903 ἃ
398 2875 571 2912 perfectum
586 2875 708 2915 justitiae
720 2877 946 2908 Sacerdotem:

74 2917 129 2957 qui
157 2924 220 2946 non
248 2915 352 2955 legum
379 2917 584 2953 memoriam,
610 2915 662 2947 sed
685 2919 947 2957 intelligentiam,

74 2966 182 2995 neque
203 2956 285 2986 Artis
301 2957 460 2986 elementa
479 2959 596 2996 prima,
613 2959 719 2993 rudia,
736 2958 880 2998 angusta,
897 2958 949 2989 sed

74 3007 204 3031 omnem
217 2997 368 3027 dossrinze
380 2997 546 3034 ambitum,
558 2997 803 3036 sapientiamque
814 3001 948 3030 circum-

73 3039 185 3071 ferret.
216 3039 276 3075 ita,
297 3048 346 3068 nie
366 3039 491 3074 hercle,
512 3038 694 3076 studebant,
712 3041 853 3071 omnium
871 3040 946 3070 divi-

73 3089 183 3112 narum
203 3089 296 3118 atquc
316 3080 519 3110 humanarum
545 3088 648 3110 rerum
667 3079 769 3111 causas
788 3089 823 3110 ac
840 3089 946 3112 motus

74 3121 172 3152 scire:
196 3121 225 3151 in
252 3122 422 3161 primisque
442 3121 584 3150 humanae
601 3120 648 3159 jus
666 3121 898 3161 conjuiiCtionis
914 3131 944 3152 e-

74 3162 186 3202 jusque
201 3162 374 3202 originem,
393 3163 474 3199 tim,
493 3171 587 3198 atque
599 3162 785 3193 utilitatem:
801 3163 873 3193 inde
891 3163 945 3193 bo-

75 3203 154 3274 nize}
172 3203 262 3274 iiiaP,
285 3203 354 3243 justi
381 3212 477 3245 atquc
493 3202 612 3243 injusti,
637 3202 762 3236 honesti
784 3213 820 3236 ac
848 3205 946 3246 turpis

146 3253 197 3274 oin.
241 3266 249 3274 .

1799 116 1870 150 505

993 195 1171 234 rationem,
1195 195 1308 236 gradus
1327 217 1337 234 ,
1361 193 1556 227 discrimina:
1581 193 1764 236 postremo,
1789 194 1867 232 quid

991 236 1119 276 jubeat,
1137 238 1212 276 quid
1232 244 1338 275 vetet,
1363 237 1438 277 quid
1455 237 1608 267 itimedio
1627 237 1784 277 relinquat
1803 234 1865 266 Na-

993 286 1061 309 tura
1073 301 1081 314 ,
1098 280 1284 316 explorare,
1297 279 1509 318 cognoscere,
1527 277 1722 318 intelligere:
1740 286 1800 309 nec
1809 277 1869 308 mi-

992 328 1048 350 nus
1060 317 1294 357 Geometriam,
1307 318 1557 358 Dialetlicam,&
1568 319 1672 350 literas
1683 318 1864 359 politiores,

990 368 1087 400 atque
1103 360 1301 400 antiquiores
1324 360 1499 400 attingere:
1520 359 1691 401 Latinique
1710 359 1863 392 sermonis

991 400 1076 432 usum
1095 410 1130 432 ac
1148 402 1395 440 proprietatem:
1417 410 1482 433 tum
1502 401 1651 441 principis
1665 401 1779 442 Populi
1797 410 1866 433 mo·

991 452 1039 475 res
1056 451 1129 473 cum
1148 444 1308 481 privatos,
1333 451 1400 473 tum
1417 442 1584 482 publicos,
1607 443 1720 483 quibus
1737 443 1861 482 crevit,

991 484 1104 524 quibus
1119 484 1281 522 adolevit,
1306 484 1334 514 &
1357 484 1485 514 tandem
1503 492 1543 514 eo
1563 484 1788 525 magnitudinis
1805 484 1868 516 sur·

990 526 1090 563 rexit,
1113 533 1146 555 ut
1164 525 1249 556 mole
1265 524 1315 555 sua
1330 525 1507 562 laboraret,
1525 525 1726 565 propriisque
1745 525 1865 558 viribus

988 566 1246 605 consumeretur,
1273 567 1425 598 memoria
1447 574 1542 606 atque
1559 566 1665 597 animo
1680 566 1866 606 complecti.

990 607 1049 639 His
1066 617 1147 647 opus
1171 616 1238 639 erat
1260 607 1302 639 illi
1321 607 1373 646 qui
1391 616 1465 638 vere
1482 613 1578 646 atque
1593 609 1632 638 ad
1650 607 1810 647 publicam
1829 618 1864 639 u-

992 650 1138 680 tilitatem
1150 671 1159 686 ‚
1177 658 1234 689 pro
1251 649 1405 689 dignitate
1421 648 1560 680 muneris
1577 655 1673 688 atque
1692 648 1788 679 officii
1801 672 1810 687 ,
1833 658 1866 680 a·

991 691 1056 730 pud
1081 690 1189 728 cives,
1215 689 1336 727 socios,
1361 689 1486 728 hostes,
1510 689 1540 720 in
1566 689 1657 726 otio,
1679 689 1709 720 in
1728 691 1865 730 negotio

991 730 1068 762 esset
1084 729 1285 770 responsurus
1301 731 1422 771 dejure
1442 731 1518 762 belli
1535 730 1565 762 ὃς
1582 731 1685 771 pacis,
1710 731 1750 761 de
1768 731 1867 763 rebus

991 773 1104 804 divinis
1128 781 1224 812 atque
1249 773 1393 804 humanis
1412 795 1421 811 ,
1444 772 1608 810 maximis,
1630 772 1785 810 minimis,
1809 782 1865 813 pu-

988 813 1098 850 blicis,
1123 813 1274 853 privatis,
1296 814 1466 852 aliquando
1492 823 1531 844 ex
1548 811 1701 851 Naturae,
1725 814 1863 853 plerum-

988 863 1049 894 que
1073 863 1113 884 cx
1136 854 1284 885 civilibus
1309 854 1430 895 legibus
1454 864 1549 895 quam
1573 855 1775 893 recentibus,
1799 862 1865 887 tarn

989 893 1145 926 vetustis:
1174 895 1204 926 in
1232 895 1347 934 quibus
1374 901 1554 935 temporum
1581 896 1691 936 injuria
1715 897 1864 937 antiquos

988 945 1112 974 mores,
1136 945 1299 975 vocesque
1317 935 1397 976 saepe
1416 938 1579 968 deleverat
1595 944 1648 969 aut
1665 937 1866 969 inumbrave-

991 985 1056 1009 rat:
1080 986 1153 1008 curn
1177 976 1224 1007 his
1247 978 1389 1008 moribus
1412 978 1613 1018 vocibusque
1634 979 1682 1019 J’us
1708 987 1803 1020 atque
1826 988 1866 1010 ae-

991 1027 1087 1058 quum
1099 1042 1107 1056 ,
1125 1018 1155 1050 id
1173 1017 1237 1055 est,
1254 1019 1479 1059 negotiorum,
1496 1018 1676 1058 foederum,
1693 1021 1799 1062 legum
1817 1021 1863 1053 vis

991 1069 1027 1091 ac
1045 1059 1184 1098 potestas
1202 1060 1360 1090 contineri
1379 1069 1415 1090 ac
1432 1061 1524 1100 prodi
1545 1061 1718 1093 videretur.

1034 1100 1106 1133 Nec
1122 1108 1226 1133 tamen
1246 1101 1283 1131 ad
1302 1099 1464 1132 scientiam
1483 1101 1565 1133 illam
1584 1103 1720 1141 nudam,
1736 1103 1793 1136 etfi
1811 1112 1864 1135 va-

991 1143 1067 1174 riam
1085 1151 1182 1182 atque
1204 1141 1361 1182 amplam,
1384 1142 1607 1174 consistebant.
1632 1147 1769 1183 paraturi
1788 1145 1817 1177 se
1836 1155 1867 1176 a·

990 1184 1051 1215 Ctui
1077 1193 1198 1219 reruni,
1223 1182 1293 1214 satis
1317 1183 1557 1224 intelligebant,
1581 1185 1693 1216 Artem
1717 1187 1864 1219 civilibus

990 1224 1104 1256 officiis
1132 1223 1292 1265 pra-sidem
1310 1248 1319 1262 ‚
1353 1224 1549 1265 inspectione
1573 1225 1698 1263 instrui,
1722 1226 1864 1267 disponi,

990 1265 1118 1307 perfici;
1134 1266 1368 1297 exercitatione
1385 1265 1594 1297 consummari
1612 1274 1708 1307 atque
1725 1268 1866 1300 absolvi:

991 1308 1120 1339 alteram
1137 1306 1261 1347 causas,
1286 1307 1416 1338 alteram
1442 1316 1507 1338 rem
1526 1306 1709 1339 ostendere:
1734 1309 1866 1342 alteram

991 1350 1172 1389 ingenium,
1190 1349 1319 1381 alteram
1336 1349 1494 1388 Judicium
1516 1347 1674 1381 formare:
1697 1356 1865 1392 utramque

990 1391 1119 1421 alterius
1139 1389 1290 1422 societate
1308 1390 1451 1422 crescere
1469 1400 1479 1429 ;
1509 1397 1654 1423 neutram
1681 1390 1744 1422 fine
1768 1393 1867 1424 altera

991 1431 1116 1470 valere,
1140 1432 1310 1463 excellere.
1341 1439 1415 1463 ante
1433 1432 1540 1463 omnia
1565 1432 1662 1473 igitur
1680 1433 1867 1473 quaerebant

991 1473 1095 1504 uberis
1112 1482 1148 1503 ac
1165 1472 1305 1513 copiosae
1321 1482 1400 1514 opes
1417 1472 1565 1504 scientiae.
1596 1474 1710 1505 deinde
1728 1475 1758 1506 ci
1778 1474 1878 1507 usumv

990 1521 1087 1554 atque
1104 1515 1370 1546 exercitationem
1386 1513 1579 1554 adjiciebant
1593 1514 1758 1547 illustrium
1780 1517 1866 1548 viro-

990 1565 1059 1586 rum
1082 1555 1284 1587 affectatione
1302 1556 1330 1586 <St
1348 1557 1504 1587 comitatu
1523 1557 1552 1586 in
1568 1556 1714 1595 iudiciis,
1738 1557 1770 1587 in
1787 1566 1866 1589 con-

990 1596 1156 1634 cionibus,
1179 1598 1209 1628 in
1226 1595 1381 1636 confiliis,
1405 1597 1543 1636 denique
1558 1597 1802 1637 graviffimarum
1819 1608 1868 1630 re-

989 1647 1058 1670 rum
1075 1638 1180 1676 domi,
1204 1637 1346 1678 forisque
1366 1638 1565 1670 tractatione.
1603 1637 1675 1676 Sic,
1691 1647 1763 1670 cum
1780 1639 1867 1681 inge-

989 1680 1075 1711 nium
1092 1687 1187 1719 atque
1203 1687 1303 1711 artem
1322 1689 1387 1711 non
1404 1680 1505 1711 minus
1524 1680 1751 1720 experimentis
1769 1688 1866 1721 atque

989 1721 1166 1761 exemplis,
1190 1730 1283 1761 quam
1310 1722 1478 1761 praeceptis
1502 1721 1623 1752 alerent
1646 1730 1683 1752 ac
1700 1721 1869 1754 confirma-

988 1770 1077 1794 rent:
1102 1763 1205 1801 cedo,
1221 1772 1260 1793 an
1277 1761 1346 1793 fieri
1363 1763 1488 1804 potuit3
1512 1772 1552 1793 ne
1570 1762 1628 1794 illis
1644 1763 1754 1803 ingens
1770 1772 1867 1804 atque

989 1804 1169 1835 admiranda
1195 1804 1366 1835 obveniret
1390 1803 1540 1844 sapientia
1561 1826 1570 1841 ‚
1601 1803 1735 1836 facultas
1753 1827 1762 1843 ‚
1791 1814 1868 1838 con·

990 1844 1119 1877 stantia:
1135 1845 1370 1885 quainjudiciis
1381 1845 1539 1883 avaritiae,
1556 1843 1709 1884 superbiae
1722 1869 1731 1885 ,
1749 1846 1869 1879 calum-

992 1887 1051 1918 niae
1069 1887 1212 1917 occurri;
1239 1896 1298 1927 qua
1317 1886 1348 1917 in
1371 1886 1534 1927 republica
1550 1886 1638 1917 utilia
1656 1885 1788 1926 servari,
1810 1895 1866 1920 aut

991 1928 1109 1968 recipi,
1133 1928 1291 1960 contraria
1306 1927 1450 1969 abrogari
1467 1935 1521 1958 aut
1537 1928 1707 1968 occupari,
1731 1937 1792 1969 qua
1810 1930 1865 1961 de-

991 1970 1087 2009 nique
1099 1968 1203 2000 felicis
1221 1968 1314 2001 seculi
1333 1970 1453 2001 luxuria
1470 1970 1634 2007 coerceri,
1651 1978 1711 2009 qua
1727 1971 1865 2002 adversae

990 2009 1128 2042 fortunae
1147 2010 1284 2052 impetus
1299 2010 1455 2050 inhiberi,
1473 2011 1619 2050 retundi,
1640 2018 1736 2052 atque
1754 2011 1865 2044 infrin-

991 2053 1022 2093 gi
1039 2051 1167 2091 posset?

1030 2092 1145 2126 Talem
1163 2094 1299 2126 vetustas
1310 2093 1408 2126 refert
1424 2093 1603 2134 Catonem,
1619 2093 1743 2126 Porciae
1756 2096 1862 2137 gentis

990 2135 1167 2176 principem
1180 2159 1189 2174 ,
1220 2135 1392 2177 agricolam
1412 2134 1580 2175 solertem,
1603 2136 1790 2176 reipublicae
1807 2146 1864 2177 pe-

990 2177 1105 2216 ritum,
1129 2177 1389 2216 Jurisconsultum
1405 2200 1415 2215 ,
1439 2186 1588 2219 magnum
1614 2177 1866 2218 Imperatorem,

992 2218 1022 2249 ἂ
1040 2218 1237 2260 probabilem
1256 2217 1424 2249 Oratorem
1436 2241 1445 2257 ,
1463 2219 1493 2250 δι
1510 2219 1742 2259 cupidissimum
1760 2220 1865 2251 litera-

990 2269 1057 2291 rum
1077 2258 1177 2290 fuisse.
1207 2257 1322 2291 Talem
1341 2259 1473 2291 Sextum
1492 2259 1701 2301 Pompeium,
1717 2260 1865 2301 praestan-

989 2301 1134 2332 tisfimum
1160 2301 1322 2341 ingenium
1350 2300 1517 2333 contulisse
1541 2303 1579 2333 ad
1605 2302 1756 2334 summam
1781 2302 1864 2341 ‚luris

989 2342 1099 2373 Civilis
1117 2365 1127 2381 ‚
1159 2341 1189 2373 ὅ(
1205 2343 1241 2373 ad
1260 2341 1433 2382 perfectam
1454 2341 1651 2374 Geometriae
1669 2366 1679 2381 ‚
1704 2343 1734 2374 ὅ(
1756 2352 1863 2375 rei-um

987 2382 1166 2414 Stoicarum
1183 2382 1356 2416 scientiam.
1381 2383 1484 2415 Mitto
1502 2385 1599 2415 alios:
1616 2384 1692 2423 quid
1711 2384 1864 2416 Antistius

987 2423 1118 2462 Labeo,
1135 2424 1182 2455 vir
1197 2425 1315 2466 ingenii
1333 2434 1399 2456 non
1420 2425 1523 2465 minus
1541 2425 1630 2456 liberi
1647 2433 1742 2465 atque
1759 2425 1866 2457 incor-

988 2465 1091 2506 rupti,
1104 2475 1195 2505 quam
1214 2466 1283 2498 tersi
1303 2467 1333 2497 &
1351 2466 1546 2498 exercitati?
1564 2465 1610 2498 his
1628 2467 1747 2498 artibus
1763 2466 1866 2499 &stu-

989 2508 1068 2544 diis,
1092 2516 1250 2546 quaenon
1277 2507 1432 2545 tentavit,
1457 2516 1528 2547 quae
1549 2516 1614 2538 non
1641 2506 1768 2547 effecit,
1792 2518 1864 2549 quae

988 2546 1076 2578 secus
1102 2557 1233 2589 accepta
1259 2558 1323 2579 non
1348 2547 1479 2580 solerter
1513 2549 1750 2590 prudenterque
1774 2549 1866 2582 inno·

989 2590 1093 2627 vavit,
1118 2598 1188 2629 quae
1214 2590 1296 2621 invia
1319 2597 1373 2620 aut
1389 2590 1540 2630 impedita
1557 2599 1623 2622 non
1640 2589 1778 2623 feliciter
1795 2601 1865 2632 per-

988 2630 1072 2670 rupit
1090 2638 1144 2661 aut
1161 2630 1332 2671 exposuit?
1356 2629 1478 2663 Salvius
1489 2641 1566 2663 vero
1584 2631 1742 2671 Julianus,
1754 2633 1807 2665 ille
1822 2642 1864 2664 ae-

989 2679 1055 2702 tate
1068 2671 1116 2702 sua
1136 2671 1393 2712 sapientissimus,
1417 2673 1446 2703 &
1462 2673 1544 2704 inter
1562 2673 1748 2705 totnobiles
1766 2682 1865 2715 atque

989 2716 1138 2754 egregios
1165 2714 1310 2745 homines
1335 2714 1415 2744 visus
1440 2712 1604 2746 Hadriano
1627 2724 1691 2746 non
1717 2716 1863 2757 indignus

989 2756 1039 2785 cui
1074 2754 1179 2785 Edisti
1216 2756 1361 2795 perpetui
1396 2755 1587 2795 compositio
1611 2757 1862 2796 emendatioque

989 2797 1288 2832 commendaretur,
1312 2795 1441 2829 aususne
1456 2796 1562 2828 fuisset
1582 2805 1677 2829 tantae
1695 2797 1862 2835 vetustati,

991 2836 1021 2867 ὅ(
1039 2835 1208 2876 praesertim
1229 2837 1401 2878 diligentiae
1420 2837 1540 2877 Servii,
1552 2837 1660 2878 Ofilii,
1678 2837 1837 2869 Labeonis
1849 2859 1859 2875 ,

991 2879 1043 2916 qui
1067 2879 1151 2915 idem
1170 2878 1219 2909 vel
1247 2877 1343 2910 simile
1359 2881 1595 2921 cogitaverant,
1619 2880 1786 2911 detrahere
1808 2886 1862 2909 aut

991 2919 1124 2950 addere:
1148 2919 1202 2950 nisi
1219 2919 1332 2961 longus
1352 2919 1420 2953 usus
1443 2922 1471 2953 ἂ
1496 2920 1644 2953 immensa
1662 2920 1862 2959 antiquarum

991 2968 1209 3000 novarumque
1231 2971 1334 2992 rerum
1352 2971 1389 2993 ac
1412 2963 1584 2994 verborum
1609 2961 1751 2991 doctrina
1771 2959 1799 2989 ei
1815 2958 1863 2990 fe·

993 3000 1102 3032 cissent
1129 3001 1275 3034 fiduciam
1300 3003 1536 3036 consummandi
1558 3003 1687 3033 canonis
1705 3000 1742 3031 ad
1763 3008 1861 3040 quem

989 3043 1097 3073 Artem
1113 3043 1264 3084 deinceps
1281 3046 1448 3086 exigerent
1473 3044 1645 3084 sapientes3
1667 3041 1697 3071 ὅ(
1716 3042 1745 3071 in
1773 3050 1862 3072 com-

988 3084 1073 3114 muni
1087 3085 1148 3115 vita
1159 3085 1242 3116 suum
1257 3086 1390 3126 quisque
1402 3087 1449 3126 jus
1462 3083 1652 3116 metiretur?
1667 3082 1732 3120 Jam
1744 3083 1860 3122 quibus

989 3125 1105 3156 artibus
1130 3126 1184 3156 tibi
1209 3127 1388 3166 impetrasse
1412 3127 1536 3157 videtur
1552 3123 1698 3154 AEmilius
1722 3121 1862 3163 Papinia-

989 3175 1065 3204 nus,
1083 3166 1254 3200 Praefeitus
1274 3168 1446 3200 Praetorio:
1470 3175 1504 3195 ut
1520 3166 1550 3195 in
1567 3167 1639 3203 jure
1657 3163 1749 3196 Civili
1768 3163 1859 3199 Deus

988 3206 1176 3278 haberegur,
1200 3209 1230 3240 ὅ(
1256 3209 1424 3243 aeternitati
1441 3205 1529 3238 feriis
1548 3204 1764 3248 anniversariis
1782 3214 1860 3277 coiti-

1099 3268 1112 3280 ι
1135 3260 1148 3281 S
1163 3259 1177 3280 S
1830 3255 1860 3277 c·
