2036 3495
167 125 240 159 240
562 128 565 129 ν
587 111 618 145 G
652 121 672 144 a
705 118 728 142 n
761 117 781 142 A
815 117 837 142 xz
870 116 895 141 n
928 115 942 142 1

171 203 234 244 fuit
253 203 413 244 obligatur,
438 204 471 229 ut
488 199 519 228 in
538 198 624 228 Italia
642 196 784 235 solveret,
801 194 829 233 fi
844 195 875 225 in
888 194 1040 235 provincia

174 247 256 276 mim
273 242 460 277 domicilium,
476 240 625 279 utrobique
640 237 711 275 polle
726 237 875 266 conveniri
889 235 925 270 <⁶5⁹
942 236 987 266 bic
1004 234 1040 269 &⁴

174 287 224 317 iai.
269 284 386 315 Durior
413 289 519 311 tamen
552 281 596 310 est
623 276 747 318 Ulpiani
779 277 913 309 locutio.
963 275 1041 308 Non

175 336 280 366 nego:
299 324 348 354 sed
365 323 524 352 duriorem
543 321 645 355 malo,
664 328 757 357 quam
775 317 884 349 falsam
904 325 956 348 aut
973 318 1043 348 stul-

176 375 255 398 tam:
278 373 349 395 cum
375 361 543 402 praesertim
563 371 599 392 ea
616 360 745 391 durities
763 359 921 397 molliatur
937 361 964 390 (St
980 359 1045 390 for-

176 416 228 439 ma
244 408 340 446 juris,
365 404 520 434 &mente
546 400 827 437 contrahentium,
852 401 881 431 ἂ
906 400 1045 431 testimo-

179 449 235 479 nio
263 444 410 485 Ulpiani,
433 444 462 474 ἃ
482 444 574 484 plane
605 442 694 474 simili
718 442 883 473 locutione
901 442 985 473 Pauli
1011 443 1050 472 de

179 487 275 521 stricti
291 486 365 526 juris
381 485 505 516 afflone
521 484 551 515 in
568 485 592 515 d.
616 485 632 514 l.
645 494 692 524 27.
712 484 750 514 D.
768 485 800 513 ae
817 482 936 513 conara.
957 484 1049 514 z‘naeb.

226 529 416 564 Addamne,
431 526 592 562 Papiniani
602 525 682 566 l.43.
702 526 746 556 D.
765 525 900 564 dejzaiic.
920 525 1048 554 addam:

183 579 256 601 cum
278 570 308 600 in
327 569 386 598 hac
402 567 484 599 aliud
501 575 654 606 praeterea
672 565 804 597 habeam
822 573 943 596 notare.
970 564 1047 595 Ver·

179 612 221 642 ba
238 607 417 650 Papiniani:
441 608 519 639 Eum
533 609 585 649 qni
606 607 728 648 insulam
745 606 847 646 Capzrae
871 605 970 647 [fieri]
991 615 1046 636 cer-

182 659 209 683 ta
233 658 351 691 ternpore
374 647 535 690 stipulatur
557 647 618 689 esb,
651 658 679 679 eo
699 647 810 687 finito,
844 656 1049 687 quocumque

183 695 261 728 loco
286 701 369 733 agere
388 691 461 731 poffe
483 692 515 721 in
540 692 570 721 ici
586 690 659 731 qnod
680 687 815 728 interest,
840 686 958 729 constat.
1007 686 1050 718 Ut

183 734 379 775 intelligatur
404 730 565 770 Papiniani
597 732 732 774 scopus,
756 730 862 761 obiter
887 738 1049 769 repetam,

185 774 381 807 arbitrariam
409 774 567 804 actionem
591 772 621 802 in
646 771 761 802 Edicto
789 772 925 810 proponi
945 780 983 802 ex
1002 771 1050 801 sti-

184 817 350 858 pulatione
370 813 482 855 Ephesi
501 814 584 850 dari,
609 813 698 844 verbi
718 820 834 853 gratia,
859 813 981 843 decern.
1010 812 1054 843 ln·

186 859 227 890 de
246 856 417 888 haesitatum
436 864 505 886 mea
522 855 677 895 opinione
701 852 763 883 fuit
780 855 810 884 in
828 852 899 884 Fori
923 854 1057 893 disputa-

186 900 297 933 tione,
321 897 374 928 ubi
398 906 492 937 agere
518 896 632 927 debeat
658 895 820 933 stipulatus
843 894 971 925 insulam
999 894 1053 926 Ca-

184 949 257 981 puae
283 938 379 974 fieri,
405 936 496 970 finito
521 945 683 976 tempore:
704 937 734 966 id
761 935 823 973 est,
847 935 917 975 post
935 945 1057 968 moram

184 979 390 1022 promissoris.
435 978 521 1011 Nihil
539 979 578 1009 de
599 978 656 1008 hac
673 977 776 1018 specie
794 977 921 1008 Praetor.
947 978 988 1007 ait
1005 987 1057 1007 ve·

187 1033 226 1053 ro
254 1020 458 1061 Papinianus,
482 1020 641 1055 conflare,
667 1019 780 1058 (puta,
805 1019 834 1049 in
854 1017 926 1048 Fori
954 1019 1058 1058 dispu—

189 1064 311 1094 tatione
336 1063 418 1093 intei·
445 1060 719 1101 jurisconsultos)
753 1069 824 1090 eum
851 1060 903 1099 qui
928 1059 1057 1090 insulam

189 1104 308 1146 Capuae
327 1102 394 1134 fieri
410 1102 573 1142 stipulatus
589 1101 642 1138 sit,
657 1110 719 1131 non
737 1101 852 1131 habere
870 1109 950 1140 opus
961 1100 1055 1130 acrio-

188 1155 229 1177 ne
255 1146 321 1176 utili
348 1155 388 1175 ex
415 1144 582 1184 stipulatu,
608 1142 658 1172 seu
684 1142 859 1173 arbitraria:
894 1141 944 1172 sed
969 1140 1056 1179 posl'e

188 1187 316 1218 afflone
332 1185 449 1218 directa
466 1195 507 1216 ex
531 1184 676 1223 stipulatu
704 1192 773 1223 quae
789 1183 831 1213 est
849 1182 941 1213 striCti
961 1183 1054 1222 juris,

188 1238 285 1266 arzere
308 1228 362 1267 (ut
392 1227 421 1257 in
450 1226 597 1257 omnibus
623 1224 760 1255 faciendi
788 1224 1056 1264 obligationibus)

191 1271 231 1301 ad
253 1269 284 1300 id
310 1268 397 1308 quod
419 1267 566 1304 interest,
590 1274 794 1305 quocumque
818 1267 908 1296 loco:
933 1265 963 1295 in
990 1274 1054 1304 quo

188 1311 311 1342 scilicet
328 1309 569 1340 conveniendus
585 1306 748 1348 promissor
765 1306 848 1336 foret
860 1329 869 1344 ,
891 1315 955 1336 non
975 1306 1056 1345 adje-

189 1351 238 1383 cta
261 1350 379 1385 Canuae
404 1351 577 1381 mentione.
623 1348 674 1378 Sic
700 1349 817 1387 placuit
834 1347 1001 1385 omnibus,
1026 1347 1055 1377 ὃς

187 1390 337 1433 probavit
368 1391 574 1431 Papinianus:
596 1389 615 1420 si
638 1389 807 1428 praesertim
833 1389 902 1427 quis
927 1388 1056 1419 insulam

190 1432 259 1465 fieri
278 1433 441 1472 stipuletur
461 1432 597 1470 Capuae,
619 1430 649 1460 id
667 1429 729 1465 est,
754 1430 876 1469 adjecto
900 1430 974 1461 loco
990 1438 1056 1460 cer-

191 1482 246 1506 to:
269 1473 377 1513 estque
394 1471 590 1503 observanda
604 1470 673 1501 haec
691 1471 833 1510 adjefitio.
859 1480 928 1501 nam
946 1470 966 1502 si
987 1471 1057 1511 quis

190 1515 321 1547 insulam
345 1512 410 1544 fieri
436 1513 617 1548 stipuletur,
640 1521 704 1542 non
723 1511 868 1551 apposito
887 1512 980 1543 loco:
1004 1521 1057 1542 ne·

190 1564 245 1598 gat
268 1554 440 1595 Ulpianus,
463 1552 697 1594 stipulationem
717 1553 820 1584 valere
836 1553 856 1583 l.
875 1563 901 1583 2.
917 1552 945 1594 §.
961 1562 989 1593 3.
1017 1553 1056 1583 D.

189 1599 218 1629 h.
244 1602 265 1627 t.
290 1597 438 1636 idemque
458 1594 616 1626 Marcello
637 1593 733 1626 visum
757 1594 776 1625 l.
794 1604 844 1634 95.
863 1593 904 1626 D.
924 1596 957 1625 de
978 1595 1056 1625 verb.

190 1639 275 1676 oblig.

233 1679 332 1712 Venit
349 1679 444 1720 igitur
468 1677 626 1710 arbitraria
648 1676 728 1708 aftio
745 1677 775 1708 in
800 1675 918 1708 EdiCto
942 1686 983 1708 ex
1007 1677 1058 1708 illa

191 1720 415 1762 stipulatione,
440 1718 553 1761 Ephesi
572 1721 683 1750 decern
703 1720 784 1750 dari:
810 1726 843 1749 ut
860 1718 923 1749 dixi
949 1727 987 1748 ex
1005 1717 1057 1749 Ul-

186 1763 286 1803 piano
310 1762 336 1792 d.
356 1762 372 1793 l.
390 1771 418 1793 2.
433 1761 461 1803 §.
485 1771 508 1793 r.
543 1759 650 1802 Quid,
674 1759 693 1790 si
719 1761 788 1800 quis
811 1759 846 1790 sit
870 1760 1058 1791 alternative

186 1802 374 1844 stipulatus,
406 1801 520 1843 Ephesi
549 1808 602 1832 aut
626 1800 744 1840 Capuae
769 1801 853 1839 dari;
877 1801 927 1832 vel
943 1799 1058 1840 Ephesi

190 1844 304 1876 decem
323 1843 407 1881 dari,
427 1843 477 1875 vel
495 1842 612 1883 Capuae
629 1841 802 1873 hominem.
819 1851 856 1873 an
876 1842 925 1872 vel
943 1842 996 1872 hic
1014 1843 1059 1873 lo-

190 1895 247 1918 cus
271 1885 315 1917 est
333 1885 502 1916 arbitrariae
526 1882 644 1915 actioni
668 1892 706 1914 ex
726 1883 789 1914 hoc
808 1882 941 1922 Edist03
964 1884 1057 1914 adeo-

191 1936 255 1969 que
281 1936 320 1958 ex
340 1925 486 1968 stipulatu
514 1926 590 1957 licet
622 1923 759 1965 experiri
786 1924 931 1955 detracto
956 1925 1057 1956 altero

189 1969 279 2001 loco.
326 1967 406 1999 Haec
424 1966 553 2007 quaestio
576 1966 716 1997 occurrit
738 1966 821 2005 apud
841 1964 1011 2006 Ulpianum
1030 1967 1060 1997 in

189 2011 221 2042 d.
238 2010 258 2041 l.
278 2019 306 2041 2.
331 2009 383 2040 sed
404 2008 476 2049 quia
503 2017 541 2039 ex
565 2007 700 2047 partein
721 2006 747 2048 §.
765 2017 793 2038 2.
819 2016 858 2038 ei(
881 2014 966 2047 parte
985 2008 1013 2038 in
1030 2006 1059 2048 §.

189 2061 222 2093 3.
245 2051 388 2092 quisquis
409 2051 593 2082 adunaverit
619 2047 759 2088 spiritum
787 2048 950 2088 utriusque
978 2049 1061 2086 locr,

191 2102 259 2133 quo
281 2100 415 2131 uterque
432 2092 508 2123 olirn
531 2088 682 2121 cohaesrc:
708 2098 754 2120 nae
778 2089 830 2120 ille
849 2088 961 2120 serviet
977 2090 1059 2120 inda-

192 2142 308 2176 gaturo
328 2131 455 2173 Ulpiani
475 2132 603 2164 sensum.
630 2140 681 2162 me
705 2140 768 2162 non
794 2131 914 2171 pigebit
935 2129 1060 2169 Ulpiani

191 2175 291 2208 verba
315 2174 380 2205 hoc
401 2174 499 2205 modo
529 2172 724 2209 adscribere,
748 2172 856 2203 deleto
882 2171 967 2212 signo
989 2172 1017 2213 ᾗ.
1036 2182 1061 2210 3.

193 2218 228 2249 Si
244 2216 309 2258 quir
334 2213 437 2256 Ephesi
453 2217 564 2252 decem,
589 2219 639 2244 aut
660 2213 763 2254 Capuae
781 2214 918 2243 bominem
933 2212 1061 2254 timisti-

189 2259 311 2300 pulatus
330 2260 515 2298 experiatur,
536 2265 592 2286 non
608 2256 685 2285 debet
702 2253 827 2285 deiratio
844 2254 930 2284 altero
945 2255 1000 2285 loca
1017 2265 1062 2286 ex·

190 2300 301 2341 periri:
325 2308 359 2328 ne
377 2299 492 2336 auferat
507 2298 559 2328 loci
577 2296 732 2327 utilitatem
760 2306 815 2327 reo.
862 2296 987 2326 Scaevola
1011 2296 1060 2327 lib.

195 2351 241 2382 15.
268 2338 465 2382 Quoestionum
490 2340 549 2376 ait,
574 2347 632 2368 non
654 2339 754 2378 utique
779 2347 811 2367 ea
835 2347 894 2378 quae
915 2339 1001 2367 tacite
1016 2339 1057 2368 in-

185 2382 258 2422 sunt
270 2381 526 2424 stipulationibus,
543 2380 656 2420 semper
672 2379 702 2409 in
718 2381 759 2410 rei
776 2377 828 2418 effe
841 2375 991 2417 potestate.-
1008 2380 1060 2419 sed

192 2425 264 2464 quid
289 2424 405 2459 debeat,
429 2421 481 2461 effe
504 2422 536 2451 in
560 2421 621 2461 ejus
648 2420 785 2455 arbitrio;
809 2429 847 2450 an
864 2421 978 2458 debeat,
1002 2429 1059 2450 non

193 2464 254 2503 effe.
280 2464 317 2495 Et
336 2465 393 2494 ideo
408 2473 472 2493 cum
487 2464 551 2502 quis
569 2461 700 2492 Stichum
721 2468 773 2492 aiat
796 2461 983 2501 Pamphilum
996 2468 1058 2500 prov

193 2506 304 2542 mittet,
327 2505 427 2545 eligere
448 2503 520 2544 poffle
536 2526 545 2540 ‚
576 2504 651 2544 qnod
671 2503 764 2539 solvat
779 2525 788 2541 ,
818 2503 956 2543 quamdiu
980 2504 1058 2533 (inibo

192 2546 321 2577 vivunt.-
343 2552 472 2576 craterum
490 2545 539 2575 ubi
555 2545 629 2575 alter
647 2543 775 2583 deceffit,
800 2544 935 2582 extingui
955 2543 1014 2585 ejus
1032 2553 1056 2573 e-

196 2586 358 2621 lestionenm
381 2595 415 2616 ne
432 2585 472 2623 fit
497 2588 528 2616 in
545 2586 663 2616 arbitrio
686 2586 765 2625 ejas,
788 2594 828 2615 an
853 2585 967 2623 debeat,
991 2585 1059 2615 dum

192 2637 251 2660 non
267 2627 332 2658 vult
348 2628 422 2657 vivu
436 2637 452 2656 n
466 2625 616 2666 prcoslare,
639 2635 722 2667 quem
737 2626 826 2661 solum
840 2625 930 2656 habet.
975 2624 1057 2668 Qua·

193 2679 224 2701 re
241 2668 278 2703 ὅ)
294 2668 326 2698 in
337 2666 475 2707 proponti>
491 2678 554 2698 enm
565 2691 574 2706 ,
597 2670 649 2709 qui
664 2666 793 2707 promifit
810 2665 912 2708 Ephesi
934 2673 985 2697 ant
1002 2667 1056 2698 Ca-

189 2718 273 2753 puae,
293 2707 426 2747 fifuerzt
441 2709 472 2738 in
489 2708 577 2748 ipfinr
603 2710 739 2746 arbitrio,
763 2709 812 2739 ubi
828 2710 862 2739 ab
878 2717 906 2738 eo
922 2714 1058 2748 petatur,

194 2750 342 2784 conveniri
362 2758 419 2778 non
438 2750 573 2789 potziiffe:
586 2751 697 2789 semper
720 2751 795 2781 enim
818 2750 909 2780 alium
927 2750 1017 2779 locum
1032 2758 1058 2779 e-

194 2793 354 2826 lefturum;
370 2788 415 2827 fic
437 2793 567 2827 evenire,
591 2798 624 2821 ut
639 2789 680 2828 fit
702 2792 733 2822 in
756 2789 842 2831 ipsius
857 2791 997 2825 arbitrio,
1020 2800 1060 2821 an

192 2836 300 2866 aebeat.
325 2839 413 2872 quare
426 2836 510 2869 putat
522 2831 595 2870 poffe
616 2834 650 2862 ab
665 2842 693 2863 eo
705 2833 766 2872 peti
782 2832 870 2862 altero
893 2831 948 2861 loco
969 2830 1004 2865 &³
1016 2830 1057 2869 fi·

191 2886 228 2908 rte
250 2875 303 2905 loci
327 2870 491 2914 adjeftione.
540 2872 657 2902 Damus
682 2875 774 2914 igitur
796 2872 886 2904 aerari
900 2872 1059 2903 electionem

186 2916 346 2959 petitionis.
389 2912 429 2943 Et
441 2911 614 2952 generaliter
629 2913 726 2951 definit
745 2915 890 2951 Scaevola,
911 2915 1058 2954 petitorem

192 2957 352 2990 eiectionem
368 2954 485 2991 habere,
508 2953 555 2983 ubi
566 2958 661 2993 petat.-
685 2963 784 2991 reum,
807 2956 858 2985 ubi
872 2955 981 2988 solvat:
999 2955 1057 2995 sci-

193 3001 258 3032 licet
282 3004 349 3029 ante
369 2995 544 3035 petitionem.
591 2992 717 3024 Proinde
741 2997 834 3026 mixta
856 2996 993 3037 (inquit)
1016 3005 1057 3026 re-

193 3050 259 3073 rum
280 3039 431 3070 alternatio
455 3035 579 3066 locorum
599 3033 802 3073 alternatim,
833 3045 869 3067 ex
898 3036 1057 3078 neceffitate

187 3083 269 3123 facit
293 3078 397 3110 attaris
420 3076 599 3111 elefflonem,
623 3074 660 3109 δ’)
683 3076 714 3105 in
737 3085 795 3105 rem
817 3084 928 3116 propter
944 3079 1055 3110 locam:

194 3123 323 3161 alioquin
341 3120 415 3149 tollis
432 3119 456 3148 ei
473 3117 629 3154 astionem,
652 3116 718 3146 dum
732 3118 777 3145 vis
792 3120 935 3161 reservare
950 3129 993 3150 reo
1010 3127 1056 3160 op.

192 3165 305 3195 tionem.
335 3160 461 3191 Summa
487 3158 706 3198 disputationis
731 3155 856 3195 Ulpiani
881 3157 943 3195 est,
974 3159 1059 3191 hunc

190 3203 358 3237 tractatum
367 3210 431 3233 uon
441 3201 601 3241 pertinere
611 3199 649 3230 ad
665 3197 728 3229 hoc
737 3196 901 3236 Edistuin3
916 3198 1056 3240 ideoque

1001 104 1264 141 Noonw
1322 105 1536 142 Cernit.

1084 202 1149 225 non
1167 203 1208 225 ex
1232 204 1293 234 eo,
1311 194 1361 226 sed
1375 206 1416 227 ex
1433 197 1555 227 ratione
1575 195 1602 227 ἀ
1622 202 1730 228 natura
1748 193 1960 237 perfectarum

1085 235 1338 279 obligationum,
1355 237 1575 268 definitionem
1604 237 1704 269 sortiri
1724 247 1886 279 oportere.
1903 240 1964 283 age'

1087 276 1330 316 disputationem
1367 289 1594 310 examinemus.
1631 279 1726 319 prima
1754 283 1847 311 verba
1876 281 1959 313 sunt:

1087 317 1119 347 Si
1137 320 1201 357 quis
1220 318 1321 358 Ephefi
1339 320 1428 350 decern
1446 327 1496 350 aut
1516 321 1620 360 Cuprae
1637 321 1774 351 hominem
1791 320 1964 363 daristipiia'

1087 359 1166 388 latici·
1191 362 1375 398 experiatur,
1398 371 1455 391 non
1480 363 1554 391 dener
1582 362 1707 392 <terracia
1727 363 1815 393 altero
1833 364 1887 393 Ioco
1912 368 1964 396 ex·'

1086 401 1195 439 periri:
1212 409 1247 430 ne
1268 401 1383 439 auferat
1401 403 1454 432 laci
1471 403 1623 433 utilitatem
1640 413 1694 433 reo.
1719 404 1869 442 Ulpianus
1888 405 1958 444 hic,

1093 448 1242 479 quantum
1274 442 1411 482 conjicio
1428 466 1437 479 ,
1475 444 1563 483 ponit
1597 445 1782 476 sententiam
1808 444 1963 478 Veterum'

1092 483 1329 520 quorumdam,
1363 483 1604 516 existimantium
1625 509 1633 524 ,
1661 485 1819 525 stipulanti
1848 486 1962 526 Ephesi

1095 526 1227 559 decem,
1246 531 1299 552 aut
1316 524 1430 563 Capuae
1448 526 1610 557 hominem
1629 528 1711 564 dari,
1732 537 1793 557 non
1813 527 1873 558 εΙΤι»
1890 528 1959 567 jus,

1091 563 1215 608 afflone
1232 564 1390 596 arbitraria
1407 567 1563 605 experiri,
1588 568 1729 599 deti-asto
1747 571 1847 599 altero
1865 569 1962 609 loco,

1092 605 1143 634 sed
1160 605 1277 649 debere
1294 615 1386 644 agere
1404 608 1612 648 alternative,
1637 612 1805 640 secundum
1827 609 1962 642 sormam

1092 645 1317 689 stipulationis:
1332 646 1390 677 hac
1407 648 1494 678 alisia
1511 649 1616 688 causa,
1635 653 1720 690 quod
1735 652 1762 681 in
1783 652 1835 681 alte
1850 662 1880 681 in
1893 651 1965 681 inti-

1095 688 1151 716 bus
1172 686 1428 724 promissionibus
1449 689 1630 721 solt-[taetre
1642 693 1709 731 agi3
1728 701 1758 722 ut
1772 692 1963 730 proriiill‘oris

1094 727 1128 759 fit
1148 727 1263 758 eiectio
1280 727 1298 757 l.
1319 736 1364 760 10.
1383 729 1412 770 ἓ.
1433 730 1485 760 irlt.
1510 730 1547 760 D.
1568 735 1599 761 ale
1610 733 1674 771 jzrr.
1693 740 1748 763 aot.
1769 734 1786 764 I.
1802 743 1849 772 95.
1876 733 1917 764 i).
1934 734 1966 764 de

1090 768 1181 807 solut.
1199 778 1332 808 eamque
1351 771 1518 801 utilitatem
1539 772 1566 802 ei
1584 774 1708 803 acirone
1727 774 1784 804 hac
1802 775 1963 806 arbitraria

1101 809 1215 840 auferri
1244 819 1307 840 non
1331 820 1493 850 oportere.
1519 811 1567 842 sed
1593 813 1673 844 hanc
1698 813 1882 846 sententiam
1900 825 1968 848 non

1100 852 1214 890 probat
1229 850 1562 890 Ulpianus.coritrais‚
1580 854 1789 886 intelietioex
1801 856 1966 894 Scccvoia,

1102 893 1195 922 talem
1215 895 1334 924 ciiu'ain
1357 895 1526 933 aliquando
1552 894 1679 933 fallere,
1705 905 1798 935 negat
1817 898 1896 927 hane
1916 906 1967 928 va-

1100 933 1166 977 lere
1183 934 1219 963 ad
1232 936 1505 972 praemunitionem
1518 935 1581 975 tjus
1599 937 1778 968 sentcntiae:
1797 936 1967 977 piaelertiiii

1099 975 1173 1018 juris
1198 975 1378 1005 necessitate
1402 977 1555 1015 ejusmodi
1582 977 1784 1008 lubtilitarem
1806 980 1904 1018 palam
1924 979 1967 1011 in-

1100 1015 1346 1056 fringerite.quo
1358 1018 1573 1057 argumento?
1590 1027 1649 1055 ait,
1667 1019 1965 1051 hancretin-:ntibus

1101 1059 1240 1097 pendere
1256 1066 1271 1087 a
1283 1058 1448 1088 voluntate
1467 1059 1676 1098 promissoris,
1694 1070 1730 1090 an
1745 1061 1874 1091 debeat:
1891 1071 1966 1092 con-

1100 1105 1145 1127 tra
1166 1106 1310 1142 ¹naturam
1336 1100 1540 1139 obligationis
1565 1110 1633 1139 quae
1657 1103 1813 1140 permittit
1838 1104 1966 1141 quidem

1099 1139 1252 1170 debitoris
1263 1140 1393 1171 arbitrio
1406 1164 1413 1178 ‚
1426 1144 1499 1180 quid
1519 1142 1652 1179 debeam
1672 1142 1795 1173 sednon
1807 1152 1895 1181 aetrue
1909 1167 1916 1181 ,
1928 1153 1965 1175 an
2014 1143 2016 1153 '

1098 1180 1299 1220 debeat:ipsa
1317 1183 1398 1211 nulla
1418 1181 1542 1220 futura,
1555 1183 1605 1214 nisi
1625 1183 1736 1214 habeat
1754 1185 1966 1216 necessitarem

1098 1219 1308 1261 adstringendi
1325 1223 1479 1254 debitoris
1503 1224 1522 1254 l.
1547 1228 1576 1258 8.
1605 1225 1644 1255 D.
1668 1228 1701 1255 cle
1726 1226 1805 1266 oblig.
1825 1225 1860 1260 &³
1876 1225 1930 1257 nez.
1947 1227 1966 1258 l.

1101 1270 1147 1302 17.
1171 1261 1208 1291 I).
1226 1265 1259 1292 ae
1274 1265 1350 1294 viro.
1374 1266 1455 1305 oblig.
1486 1265 1538 1295 Sic
1563 1266 1731 1305 Ulpianus,
1758 1268 1785 1297 ot
1804 1277 1835 1297 ut
1852 1269 1914 1298 dixi
1933 1277 1965 1298 e-

1100 1302 1211 1334 doetus
1243 1313 1257 1333 a
1287 1303 1441 1337 Scaevola.
1468 1305 1574 1336 Verba
1602 1307 1741 1345 Ulpiani:
1766 1308 1889 1338 Scantia
1915 1309 1965 1340 lil).

1105 1352 1149 1383 15.
1167 1343 1362 1387 chrestionum
1379 1348 1440 1383 ait,
1458 1356 1513 1376 non
1532 1349 1630 1388 utique
1639 1358 1670 1378 ea
1687 1359 1747 1389 qua:
1765 1351 1850 1380 tacite
1865 1351 1967 1389 insunt

1092 1384 1348 1426 stipulationibus,
1366 1390 1477 1427 semper
1494 1389 1525 1418 in
1542 1392 1582 1419 rei
1599 1388 1649 1428 effe
1662 1388 1818 1428 potestate3
1833 1391 1880 1426 ser!
1895 1391 1966 1431 qnid

1100 1428 1214 1464 debeat,
1244 1427 1296 1465 effe
1319 1430 1350 1458 in
1376 1428 1437 1469 ejus
1459 1430 1593 1464 arbitrio‚·
1617 1440 1656 1460 cin
1678 1432 1792 1469 debeat,
1815 1441 1871 1461 non
1901 1431 1963 1471 effe.

1100 1470 1206 1507 Atque
1217 1468 1280 1498 hoc
1292 1478 1355 1508 quo
1367 1470 1481 1501 certius
1492 1469 1655 1508 sit,deinde
1665 1471 1840 1511 hujusmodi
1853 1472 1969 1503 contir-

1100 1518 1163 1540 mat
1182 1510 1350 1549 exemplo:
1369 1509 1477 1540 Etideo
1493 1513 1616 1551 enquii
1630 1511 1690 1550 (sic
1710 1513 1793 1544 reeh*
1813 1512 1888 1552 legit
1906 1515 1968 1544 An-

1102 1551 1204 1581 tonius
1230 1550 1416 1590 Augustinus
1440 1552 1485 1582 lib.
1516 1561 1542 1583 1.
1571 1551 1681 1583 Erizena
1720 1564 1743 1584 c.
1766 1564 1817 1592 9)
1835 1555 1966 1585 Stichum

1102 1597 1154 1621 aut
1173 1592 1356 1631 Pamphilam
1368 1593 1528 1632 promittit,
1552 1593 1650 1633 eligere
1664 1593 1753 1633 posse,
1771 1596 1840 1635 qnid
1858 1595 1966 1633 solvat,

1100 1634 1238 1673 quamam
1252 1635 1330 1663 ambo
1346 1636 1473 1664 vivunt:
1490 1640 1617 1664 eceteram
1628 1636 1676 1665 ubi
1693 1635 1765 1666 alter
1779 1635 1903 1675 deceffit,
1920 1645 1969 1666 ex·

1101 1675 1201 1712 tingui
1218 1674 1279 1715 ejas
1294 1674 1461 1705 electionem.
1487 1674 1732 1717 Quamobrem?
1756 1677 1826 1717 qula
1851 1677 1968 1708 summa

1104 1715 1184 1759 ratio
1203 1717 1375 1747 retinendae
1394 1717 1614 1757 obligationis,
1639 1718 1700 1748 hoc
1714 1719 1789 1758 juris
1806 1718 1968 1749 subtilitati

1102 1755 1265 1800 manifeste
1297 1765 1477 1797 extorquet.
1510 1758 1586 1789 Eam
1610 1759 1766 1790 rariorum
1794 1759 1903 1800 accipe
1928 1768 1969 1791 ex

1100 1797 1147 1828 his
1166 1797 1285 1828 verbis:
1307 1797 1405 1837 Nefic
1421 1801 1452 1830 in
1470 1800 1528 1841 ejus
1545 1801 1682 1839 arbitrio,
1706 1811 1743 1831 an
1761 1803 1876 1831 debeat:
1898 1803 1966 1831 dnm

1100 1848 1157 1869 non
1174 1839 1238 1869 vult
1254 1841 1356 1871 vivum
1369 1838 1503 1880 prestare
1519 1842 1696 1883 queinstlain
1710 1843 1793 1872 aeret.
1813 1842 1861 1872 Sic
1880 1842 1967 1873 vides

1101 1881 1285 1919 exemplum
1299 1905 1307 1919 ‚
1323 1883 1351 1912 o't
1369 1882 1488 1913 ratione
1500 1882 1656 1914 firmatum
1668 1908 1675 1921 ‚
1693 1892 1788 1923 atque
1806 1884 1878 1914 inde
1895 1891 1970 1914 mox

1103 1920 1144 1952 sie
1163 1922 1201 1952 ab
1219 1923 1354 1961 Ulpiano
1370 1923 1476 1954 inferri
1493 1924 1530 1955 ad
1549 1925 1730 1962 praesentem
1749 1924 1870 1956 casum:
1888 1925 1970 1966 Qni-

1105 1972 1133 1993 re
1153 1962 1188 1996 &²
1205 1964 1235 1993 in
1250 1971 1336 2005 propo
1350 1973 1388 1995 zio
1398 1964 1647 2006 eumquipromifit
1664 1965 1768 2006 Epliefi
1784 1972 1834 1996 aut
1847 1966 1968 2006 Cllpr'ltv,

1098 2003 1233 2043 fifuerit
1261 2006 1292 2035 in
1316 2005 1401 2046 ipfinr
1420 2008 1555 2044 arbritio,
1578 2007 1626 2036 ain·
1649 2008 1683 2037 ab
1699 2017 1727 2037 eo
1747 2013 1882 2047 petatur,
1907 2016 1972 2036 corz-

1104 2047 1199 2076 veniri
1216 2055 1271 2075 non
1285 2047 1424 2087 potuiffe:
1438 2050 1548 2087 semper
1565 2050 1638 2077 enim
1654 2048 1742 2078 alium
1757 2048 1846 2078 locam
1867 2047 1971 2078 elesta-

1103 2096 1178 2117 rum.
1205 2086 1294 2120 Esto:
1320 2089 1393 2127 quid
1410 2088 1540 2128 postea?
1556 2089 1617 2126 ai't,
1635 2089 1681 2119 Sic
1698 2090 1811 2119 evenire
1828 2088 1883 2128 (id
1903 2087 1970 2125 est,

1105 2127 1147 2158 sic
1163 2129 1371 2169 eventurum)
1386 2136 1418 2160 tit
1434 2129 1474 2165 fit
1499 2131 1529 2160 irz
1553 2128 1639 2170 ipfiiis
1656 2131 1790 2161 arbitrio.
1814 2140 1851 2160 an
1866 2131 1973 2160 debeat.

1106 2168 1205 2210 Quod
1232 2179 1303 2201 cum
1327 2170 1447 2201 refutet
1473 2172 1518 2201 vis
1543 2172 1570 2201 ὅ(
1590 2173 1667 2201 ratio
1687 2171 1907 2211 obl‘gationis,
1932 2171 1971 2201 ad

1106 2210 1251 2242 tffecluin
1264 2234 1272 2249 ,
1291 2220 1323 2242 ut
1342 2211 1421 2248 dixi,
1439 2211 1647 2251 respicientis:
1665 2222 1762 2252 porro
1778 2211 1818 2243 sic
1834 2213 1872 2243 de
1890 2212 1972 2242 Scae-

1106 2253 1178 2283 vola
1202 2250 1373 2290 Ulpianus:
1399 2253 1500 2295 Quare
1520 2260 1606 2292 putat
1624 2253 1698 2294 poffe
1715 2255 1749 2284 ab
1764 2263 1791 2283 eo
1806 2256 1865 2294 peti
1884 2253 1969 2283 altero

1104 2294 1160 2324 loco
1177 2292 1287 2331 &fine
1305 2293 1357 2325 loci
1373 2295 1545 2336 adjectione:
1569 2296 1598 2325 id
1616 2294 1658 2325 est
1670 2318 1678 2333 ,
1695 2294 1818 2326 aCtione
1835 2295 1970 2332 direCla,

1104 2344 1165 2366 non
1185 2335 1353 2366 arbitraria.
1382 2336 1446 2375 lpse
1464 2345 1568 2367 autem
1588 2334 1761 2375 Ulpianus,
1787 2335 1897 2366 Damus
1916 2338 1972 2376 igi-

1102 2383 1171 2414 tur,
1197 2377 1317 2416 inquit,
1338 2375 1428 2408 (ιὲἶονί
1444 2377 1601 2407 εἶεὲἶὶοηεηι
1615 2377 1772 2416 petitionis,
1787 2377 1815 2406 id
1834 2376 1896 2413 est,
1924 2378 1970 2415 jus

1101 2417 1173 2449 alibi
1200 2419 1329 2457 petendi
1356 2427 1451 2459 pure,
1475 2417 1673 2456 simpliciter,
1697 2427 1759 2448 non
1790 2417 1906 2456 adjecta
1926 2418 1971 2448 lo·

1102 2458 1131 2489 ci
1152 2460 1331 2490 mentione:
1349 2459 1430 2499 quali
1449 2459 1610 2490 necessitas
1634 2458 1663 2489 in
1693 2458 1854 2497 proposito
1872 2458 1969 2489 aelori

1102 2500 1197 2531 faciat
1218 2501 1264 2539 jus
1291 2500 1403 2541 agendi
1429 2500 1490 2531 alio
1518 2501 1588 2530 loco
1608 2522 1617 2538 ,
1642 2500 1693 2529 ubi
1718 2509 1778 2530 non
1804 2499 1898 2530 liceat
1923 2499 1969 2529 sa-

1102 2551 1175 2572 cere
1199 2542 1289 2572 aliter
1323 2542 1413 2580 Saepe
1429 2541 1467 2572 sic
1493 2540 1644 2577 Veteres,
1671 2539 1701 2571 ὅ(
1721 2541 1822 2577 reete,
1840 2540 1969 2571 necesii-

1103 2590 1199 2613 tatem
1215 2581 1375 2613 subtilitati
1392 2581 1606 2622 praeferentes.
1632 2581 1760 2621 estque,
1787 2582 1969 2621 exemplum
2033 2599 2034 2603 =

1100 2623 1263 2655 consimile
1275 2631 1384 2663 petere
1402 2633 1417 2654 a
1436 2623 1591 2654 Marcello
1606 2623 1624 2653 l.
1642 2632 1682 2663 59
1707 2622 1735 2664 §.
1759 2631 1782 2654 1.
1804 2622 1843 2653 D.
1860 2623 1891 2653 de
1902 2623 1967 2663 jar.
1994 2650 1995 2653 ,
2033 2659 2034 2663 4

1101 2666 1159 2696 dot.
1183 2674 1244 2695 nec
1269 2665 1401 2702 dubito,
1426 2663 1499 2703 quin
1526 2666 1555 2694 in
1575 2665 1736 2703 praesentia
1766 2664 1827 2694 tale
1858 2664 1970 2703 indigi-

1102 2713 1148 2736 tet
1173 2705 1323 2745 Ulpianus
1341 2728 1350 2742 ‚
1375 2704 1416 2736 sic
1440 2705 1566 2736 tandem
1583 2706 1780 2736 concludens
1798 2705 1969 2736 secundum
2013 2704 2034 2747 4

1102 2747 1297 2778 Scaevolam:
1328 2746 1370 2777 Et
1388 2747 1558 2787 generaliter
1580 2746 1681 2785 definit
1706 2746 1848 2784 Scaevola,
1870 2749 1970 2786 petito-

1102 2798 1160 2819 rem
1198 2787 1356 2818 elestionem
1386 2790 1507 2826 habere,
1538 2789 1587 2818 ubi
1602 2793 1700 2827 petat:
1721 2797 1798 2818 reunz
1821 2811 1829 2825 ,
1852 2790 1901 2818 uni
1912 2787 1969 2826 sol-

1101 2835 1170 2860 vat:
1186 2829 1290 2866 scilicet
1305 2834 1372 2859 ante
1384 2830 1558 2870 petitionem.
1570 2830 1688 2869 proinde
1704 2831 1797 2859 mixta
1815 2830 1828 2867 (
1841 2827 1941 2868 inquit
1955 2828 1968 2861 i

1101 2880 1197 2901 rerum
1227 2870 1377 2901 alternatio
1405 2871 1527 2901 locorum
1558 2870 1743 2901 alternationi
1759 2892 1768 2908 ‚
1804 2879 1840 2900 ex
1863 2867 1971 2909 neceffi-

1100 2917 1159 2942 tate
1180 2911 1254 2950 facit
1285 2911 1388 2942 aflorz's
1415 2911 1572 2942 clemonem
1587 2934 1596 2949 ,
1621 2910 1656 2945 ὅ)
1679 2912 1710 2941 in
1733 2921 1791 2941 rem
1809 2917 1920 2951 propter
1933 2911 1972 2940 lo·

1100 2962 1165 2983 cum
1181 2961 1187 2983 :
1210 2953 1337 2994 alioquin
1362 2953 1436 2984 tollis
1453 2954 1478 2983 ei
1494 2951 1650 2991 actionem,
1673 2954 1742 2983 dum
1764 2953 1812 2983 vis
1827 2952 1970 2992 reservare

1099 3004 1143 3025 reo
1159 2995 1304 3034 optionem.

1142 3037 1167 3066 Α
1184 3034 1215 3076 §·
1234 3044 1261 3066 2-
1281 3033 1317 3069 ὅ)
1337 3045 1364 3076 3.
1389 3037 1415 3066 d.
1441 3036 1461 3066 l.
1479 3045 1507 3067 2.
1528 3035 1693 3072 proximus
1710 3035 1754 3066 est
1770 3032 1911 3064 transitus
1926 3032 1965 3063 ad

1099 3076 1125 3118 §,
1146 3087 1173 3114 a.
1194 3077 1288 3107 verba
1306 3075 1372 3107 haec
1384 3077 1468 3108 sunt:
1486 3077 1520 3106 Si
1535 3077 1600 3117 qais
1616 3078 1657 3107 ita
1667 3073 1846 3115 stipulatur,
1864 3071 1966 3112 Ephesi

1101 3118 1136 3152 &³
1152 3118 1274 3158 Capnae,
1290 3118 1340 3148 hoc
1359 3119 1419 3155 ait,
1437 3124 1469 3149 ut
1485 3116 1588 3156 Ephefi
1604 3124 1712 3157 partem
1730 3114 1765 3148 δέ)
1783 3114 1887 3152 Capuae
1898 3120 1966 3153 par·-

1099 3165 1265 3199 temperat.
1290 3157 1461 3190 Florentiae
1486 3158 1528 3189 sic
1550 3158 1680 3198 legitur,
1712 3155 1761 3185 boc
1785 3157 1835 3184 ait,
1861 3155 1964 3193 malo,

1097 3200 1149 3232 hoc
1164 3201 1243 3241 agit:
1266 3207 1302 3233 ut
1322 3198 1367 3233 est
1382 3199 1414 3232 in
1430 3199 1494 3233 aliis
1512 3198 1610 3231 libris.
1634 3196 1749 3228 sensus:
1774 3194 1839 3238 Qui
1856 3196 1897 3228 ita
1913 3195 1964 3226 sti-

1907 3245 1964 3276 Pu·
