2036 3495
133 99 201 146 383
530 92 566 127 'G
600 100 620 126 r.
653 98 677 122 R
709 96 728 122 A
769 98 790 122 iz
827 96 850 120 n
883 95 896 119 1

139 189 208 221 ‘neri
228 187 401 222 Oratione,
426 191 465 213 cx
492 177 707 220 Tryphonino
724 175 909 215 intelligitur
925 173 945 204 l.
958 175 1011 212 67.

141 230 171 271 §.
187 240 215 270 3.
236 229 272 264 &f
291 239 318 267 4.
337 228 364 257 h.
383 231 403 254 t.
426 222 547 253 Locuta
566 220 659 260 igitur
676 216 736 248 fuit
750 215 867 247 Oratio
883 216 922 245 de
938 223 1011 254 pro·

144 269 290 301 bibendis
306 265 420 306 nuptiis
439 262 550 293 tutoris
562 260 611 291 »el
627 258 782 290 curatoris
800 266 871 288 cuin
890 255 1007 296 pupilla

143 313 196 342 vel
214 311 318 342 adulta
351 306 401 336 sed
419 305 457 334 de
474 300 681 342 prohibendis
701 299 818 338 nuptiis
838 298 945 328 matris
962 296 1007 327 lo-

145 360 219 382 cuta
236 359 297 382 non
319 346 377 378 fuit
395 345 414 374 l.
434 352 462 374 2.
483 342 516 373 C.
538 343 570 373 de
586 340 730 372 interdici.
756 342 810 370 int.
825 346 894 379 pup.
910 337 946 371 ὅ)
962 343 1007 367 zu-

146 399 197 423 τονΔ
224 389 373 429 Pupillam
391 384 485 415 etiarn
508 387 581 415 'cum
606 381 768 420 nominat,
792 382 831 410 de
847 380 911 418 cjus
928 377 1008 409 statu

144 441 199 463 uut
221 429 403 462 conditione
422 425 502 468 ⁴nihil
520 425 615 465 addit.
641 432 737 463 quare
761 419 1008 465 affeutiortptrpi-

145 474 236 503 niano
252 473 270 501 l.
287 474 337 500 62.
355 468 384 509 §.
401 466 455 497 uit.
473 466 513 497 D.
533 466 561 496 h.
580 472 602 495 z.
625 462 835 499 existimanti,
861 462 937 492 nihil
962 470 1008 491 re-

144 512 246 549 ferre,
272 510 371 550 qualis
389 507 444 546 firg
468 514 571 538 utrum
589 506 696 536 adhuc
711 505 799 544 virgo
816 503 869 540 sit,
894 503 1008 541 anjam

143 561 244 584 mater
266 560 306 581 ex
330 549 391 581 alio
401 548 610 584 ,matrimonio
626 545 716 578 faCta.
742 545 816 577 Non
833 545 930 583 magis
950 542 1007 573 sol-

145 593 246 626 licitus
268 591 312 623 est
338 590 542 631 Papinianus,
575 589 702 628 quando
733 586 851 627 pupilla
875 588 1008 615 ducatur

145 644 246 673 uxor,
267 633 418 674 quamdiu
443 636 504 662 non
529 629 573 661 est
598 638 613 659 a
640 637 744 659 tutore
762 627 882 670 reddita
899 625 1008 656 tutelae

145 677 233 712 ratio.
257 675 324 706 imo
340 683 380 705 ne
394 680 484 703 curat
502 671 654 711 quidem3
677 679 714 700 an
730 669 765 701 fit
783 668 923 698 reddita:
949 667 1006 696 uti-

144 724 208 756 que
224 721 298 748 ante
312 714 521 746 ‘constitutum
544 719 665 750 tempus
691 712 791 741 aetatis
805 709 878 748 ejus.
902 707 944 738 fic
963 708 1008 738 lo-

146 757 252 795 quitur
267 758 295 786 ti.
313 756 341 796 §.
360 755 414 787 ult.
432 753 494 785 sine
511 753 610 783 dubio
635 751 844 791 interpolatus
863 758 902 779 cx
917 749 935 778 l.
953 748 1008 778 ult.
1028 762 1031 766 ·

146 799 180 829 C.
199 800 231 828 de
247 803 358 837 tempor.
375 797 405 826 in
421 795 526 834 integr.
544 791 633 833 restit.
656 792 708 823 ubi
728 790 902 823 minoribus
914 813 923 828 ‚
940 789 1009 829 polt

144 848 258 871 annum
278 836 458 877 vigesimum
475 835 619 875 quintum
632 857 641 871 ‚
657 832 903 864 desiderantibus
919 830 949 861 in
967 831 1008 860 in·

146 889 268 920 regrum
284 876 418 915 restitui,
435 875 640 906 constitutum
657 884 673 905 a
690 874 862 914 justiniano
876 871 920 902 est
937 880 997 915 qua

149 919 325 951 dricnnium
351 917 559 949 continuum:
589 926 661 947 cum
687 923 760 946 ante
780 924 795 945 a
813 914 952 944 l'raerore
968 922 1011 943 in-

146 962 327 1002 dulgeretur
351 968 449 990 annus
475 958 568 990 utili‘s.
609 957 722 994 Paulus
745 956 764 986 l.
790 958 840 986 66.
876 955 914 985 D.
941 954 969 982 D.
993 959 1015 983 t.

149 1012 223 1033 cum
251 1007 367 1033 annum
390 999 432 1032 fic
449 998 618 1039 exprimit:
642 998 714 1030 Non
727 996 767 1037 cst
784 995 996 1027 matrimonium
1008 1017 1017 1032 ‚

140 1041 170 1081 fi
186 1049 265 1074 tutor
288 1043 333 1073 vel
354 1047 471 1072 curator
484 1041 623 1081 pupillam
631 1041 719 1081 simin
741 1039 819 1068 intra
833 1035 1019 1073 vicenfimum

148 1083 309 1124 &sextum
325 1084 437 1114 anniam
451 1083 538 1112 ducat
555 1090 683 1112 uxorem.
709 1078 812 1121 Quam
834 1077 946 1108 Paulus
965 1085 1018 1106 vo-

147 1133 199 1156 cat
217 1134 330 1156 annum
350 1123 554 1155 vicensimum
574 1123 603 1153 ἃ
622 1122 764 1159 sextum,
780 1119 824 1150 est
843 1127 940 1149 annus
959 1118 1016 1147 uti-

146 1166 203 1198 lis:
227 1167 308 1198 intra
331 1175 444 1206 quem,
468 1173 510 1195 eo
532 1162 686 1200 florente,
712 1168 838 1202 poterat
864 1159 980 1198 pupilla
1000 1167 1016 1188 a

148 1214 256 1239 tutore
278 1206 363 1246 laesa,
386 1205 458 1247 post
479 1212 595 1237 annum
619 1205 767 1244 quintum
784 1202 812 1232 ἃ
832 1199 1012 1231 vict-limum

146 1249 252 1280 adhuc
260 1247 373 1289 petere
389 1250 422 1279 in
438 1248 594 1288 integrum
609 1244 851 1277 restitutionem.
868 1241 913 1273 Ita
930 1241 1013 1271 clare

148 1290 361 1331 Imperatores
378 1289 444 1325 Lo.
464 1287 496 1318 C.
515 1289 547 1318 (te
570 1285 715 1318 interdist.
739 1285 854 1315 matrim
887 1284 940 1313 int.
955 1290 1013 1323 pu-

146 1332 199 1372 pil.
220 1330 256 1365 ὅ)
272 1336 328 1370 tut.
344 1330 375 1361 &
392 1328 626 1370 Tryphoninus
649 1327 669 1358 l.
695 1328 742 1360 2'8.
765 1325 791 1366 §¹
812 1335 840 1365 3.
858 1323 900 1354 D.
917 1324 949 1354 eie
965 1323 1014 1353 lib.

150 1370 288 1413 &postia
307 1369 405 1402 Veta‘t
429 1371 523 1411 igitur
541 1369 672 1406 Oratio,
695 1374 834 1398 tutorem
848 1366 933 1405 jungi
953 1372 1014 1395 ma-

151 1413 302 1445 trimonio
317 1410 463 1452 pupillae,
487 1410 635 1450 quamdiu
652 1407 695 1440 est
712 1409 873 1439 obnoxius
889 1405 1013 1437 rationi·

149 1456 210 1487 bus
226 1454 343 1485 tutelae.
366 1448 442 1484 Hoc
454 1450 521 1489 plus
532 1458 621 1491 putat
637 1448 828 1480 Callistratus
845 1449 864 1478 l.
878 1451 928 1484 oi.
945 1446 973 1487 §.
990 1454 1015 1476 1.

150 1496 194 1527 D.
211 1497 238 1526 h.
250 1501 271 1524 t.
286 1493 439 1524 sententia
448 1489 717 1523 senatusconsulti
728 1489 923 1529 apprehendi
937 1497 1016 1527 quo·

150 1546 213 1575 que
232 1535 379 1566 heredem
397 1531 511 1564 tutoris
529 1541 592 1563 non
611 1532 713 1563 dicam
729 1531 816 1561 suum
828 1553 836 1567 ‚
853 1529 903 1561 sed
924 1529 1016 1559 etiam

152 1583 348 1609 extraneum.
372 1583 464 1614 quam
482 1572 634 1605 obrem?
660 1573 732 1612 quia
757 1571 808 1602 vel
834 1571 886 1602 hic
904 1569 1016 1601 defun-

153 1618 238 1650 {tum
256 1615 474 1657 repraesentat:
498 1615 528 1646 ἀ
544 1615 674 1645 Senatus
691 1611 874 1653 hujusmodi
895 1612 1018 1651 nuptias

151 1660 228 1691 ideo
251 1656 433 1699 prohibuit;
455 1666 495 1688 ne
518 1656 645 1696 pupillae
670 1654 709 1685 ab
736 1653 781 1686 his
797 1654 851 1694 qui
878 1652 1017 1692 compcl-

152 1701 260 1733 luntur
283 1699 328 1730 eis
353 1697 487 1729 reddere
511 1698 648 1728 rationes
673 1694 766 1736 gestae
786 1694 912 1732 tutelae‚
935 1694 967 1724 in
984 1701 1019 1724 re

154 1740 300 1773 familiari
330 1737 635 1771 circumscribantur.
665 1737 815 1768 Similiter
843 1737 885 1767 ait
910 1733 1019 1766 Paulus

153 1782 174 1814 l.
192 1785 242 1814 60.
257 1782 286 1813 d.
305 1786 326 1812 ι.
343 1779 365 1812 fi
383 1781 453 1821 quis
476 1787 562 1812 tutor
581 1778 709 1820 quidem
729 1787 793 1809 non
812 1777 864 1816 sit,
887 1776 938 1817 (id
956 1773 1020 1814 est,·

152 1831 191 1855 ut
201 1828 262 1865 ego
275 1823 489 1863 interpretor,
510 1820 532 1853 fi
553 1819 685 1860 amplius
705 1819 833 1860 quidem
851 1825 938 1849 tutor
955 1818 1021 1848 non

153 1863 211 1904 fit3
233 1864 284 1895 vel
310 1862 331 1895 ss
354 1864 415 1903 jam
438 1861 563 1894 deflerit
587 1861 649 1892 esse
667 1860 773 1900 tutor)
792 1859 966 1900 periculum
981 1864 1023 1888 ta-

154 1915 228 1939 men
244 1905 284 1936 ad
300 1910 372 1936 eum
388 1905 563 1948 pertineat,
588 1902 638 1943 (id
654 1902 716 1939 est,
740 1901 845 1933 adhuc
863 1908 969 1931 tamen
984 1897 1025 1930 ad

154 1956 228 1980 eum
244 1944 400 1988 pertineat
418 1944 614 1985 periculum)
631 1942 728 1975 veluti
746 1942 766 1974 fi
777 1941 894 1982 pupilla
909 1940 948 1972 ab
966 1940 1024 1971 ho-

155 1988 255 2021 stibus
271 1993 363 2027 capta
379 1986 498 2024 fuerit,
509 1992 562 2017 aut
579 1985 632 2017 ille
648 1983 730 2015 falsss
746 1984 806 2015 alle
831 1982 991 2014 ationibus
1007 1989 1025 2011 a

156 2029 256 2061 tutela
272 2028 302 2060 se
312 2026 526 2066 excusaverit,
537 2034 620 2058 utex
631 2024 721 2057 sacris
737 2025 807 2058 Con
838 2022 1025 2055 itutionibus

155 2070 332 2112 periculum
351 2069 390 2108 ad
408 2077 480 2100 eum
498 2068 675 2108 pertineat:
696 2066 756 2098 effe
780 2064 962 2106 quaesitum,
986 2072 1025 2095 an

156 2112 313 2144 sententia
329 2108 492 2141 Orationis
514 2108 744 2140 contineatur?
767 2106 808 2138 Et
834 2113 942 2147 putat,
966 2105 1025 2135 hos

159 2161 290 2193 quoque
314 2152 352 2183 ad
375 2148 689 2183 Senatusconsultum
722 2147 892 2189 pertinere.
929 2147 1028 2185 quue

159 2195 254 2225 etiam
279 2192 430 2232 sequente
453 2191 547 2223 fulcit
562 2198 765 2231 argumento:
788 2190 860 2230 quia
877 2189 907 2219 &
922 2187 1027 2227 hujus-

161 2235 249 2267 modi
275 2230 451 2275 periculum
487 2235 518 2264 in
541 2237 707 2264 numerum
739 2230 832 2262 trium
857 2230 1026 2260 tutelarum

162 2275 359 2315 computari,
382 2274 626 2314 comprobatum
644 2273 698 2304 est.
738 2272 788 2304 Ab
805 2271 915 2303 eadem
939 2269 1029 2300 causa

162 2325 292 2357 quoque
307 2326 324 2347 e
341 2315 502 2347 contrario
527 2315 589 2353 ait,
614 2313 635 2346 fi
659 2318 791 2354 propter
816 2313 943 2343 alterius
960 2320 1026 2351 pcr-

162 2358 267 2388 sonam
293 2357 468 2395 periculum
492 2356 531 2388 ad
556 2357 628 2387 euni
657 2355 825 2395 pervenit:
856 2353 975 2391 veluti,
1006 2350 1028 2383 fi

161 2396 364 2438 Magistratus
395 2399 425 2430 in
457 2398 565 2429 tutelae
599 2396 776 2438 periculum
802 2393 912 2426 incidit
928 2417 938 2432 ‚
978 2393 1029 2423 vel

164 2440 234 2480 quis
249 2437 425 2476 fidejusserit
448 2448 507 2479 pro
530 2445 638 2470 tutore
662 2438 715 2469 vel
736 2443 901 2468 curatore:
932 2433 1030 2475 magis

163 2479 249 2513 effe.
273 2486 306 2509 ut
323 2488 409 2511 extra
425 2479 610 2512 sententiam
631 2476 901 2510 Senatusconsulti
926 2475 978 2507 fit:
1003 2475 1032 2506 ἀ

163 2520 332 2594 praefatur,
350 2522 435 2559 quod
451 2531 511 2552 nec
527 2521 558 2552 in
577 2520 849 2556 numerumtrium
864 2517 1033 2549 tutelarum

177 2562 442 2599 iaecimputantur
458 2564 484 2593 d.
514 2563 531 2593 l.
554 2566 605 2595 60.
636 2562 665 2604 §.
686 2566 711 2593 1.
737 2560 812 2593 Non
831 2569 848 2591 a
865 2567 917 2591 me
934 2560 1033 2597 impe-

166 2611 239 2642 11'03
255 2611 294 2633 fle
310 2602 362 2632 hle
378 2611 522 2634 moneam
538 2603 625 2643 quod
642 2603 681 2634 ab
697 2602 762 2634 aliis
778 2602 901 2638 filetur,
926 2607 1030 2639 quam-

165 2653 261 2689 quam
277 2642 321 2674 est
334 2642 462 2687 dignum
482 2653 622 2683 moneri:
645 2644 733 2684 quod
758 2642 913 2683 posterior
943 2639 1031 2684 Pauli

165 2693 266 2721 ratio,
283 2691 381 2722 petita
395 2693 411 2713 a
428 2692 558 2716 numero
578 2686 671 2716 trium
693 2685 881 2722 tutelarum,
899 2681 943 2713 est
966 2690 1032 2720 qui-

166 2729 241 2760 dem
259 2725 297 2757 ab
315 2733 354 2755 eo
369 2723 466 2771 allata
477 2726 598 2763 majoris
621 2725 745 2758 luminis
763 2725 877 2765 gratia:
899 2723 950 2754 sed
967 2728 1033 2753 non

168 2768 216 2802 est
235 2769 434 2802 decretoria,
449 2767 524 2795 licut
541 2768 627 2804 prior
646 2776 716 2807 quae
732 2767 776 2798 est
794 2765 886 2806 ipfius
904 2763 1033 2795 Oratio-

166 2809 234 2842 nis:
257 2807 333 2847 quin
368 2806 434 2836 vult
464 2813 533 2836 eam
550 2827 559 2842 ‚
597 2817 669 2839 cum
700 2808 760 2839 hac
788 2813 1002 2847 comparatam
1023 2821 1034 2843 ,-

168 2850 245 2882 huic
261 2849 387 2880 cedere.
413 2846 448 2878 ld
464 2855 525 2877 non
541 2846 633 2878 debui
650 2849 702 2879 hic
719 2849 826 2880 silere:
850 2847 923 2888 quia
941 2847 979 2878 sic
997 2846 1032 2878 li-

168 2889 280 2932 quebit
301 2889 414 2927 scopus
433 2887 589 2926 sequentis
617 2888 644 2928 §.
663 2899 687 2919 2.
707 2889 790 2933 Quid
803 2899 887 2930 ergo,
903 2886 932 2926 fi
948 2888 1032 2918 hono-

170 2935 210 2965 ris
233 2932 318 2971 causa
345 2935 424 2961 tutor
445 2931 530 2960 clatus
549 2927 614 2965 fit?
636 2936 776 2969 quatenus
798 2940 848 2961 nec
871 2928 1034 2970 hujusmodi

169 2974 261 3005 tutela
275 2975 306 3004 in
321 2979 474 3003 numerum
500 2976 698 3010 comparatur,
727 2972 861 3011 nunquid
883 2972 955 3001 idern
967 2969 1032 3008 fir?

171 3015 228 3046 Sed
244 3016 317 3045 ratio
335 3015 365 3044 in
381 3012 557 3043 contrarium
574 3011 671 3041 ducit:
693 3013 766 3050 quod
782 3011 890 3043 ditium
907 3009 944 3051 est
963 3010 1031 3053 [δ’]

173 3056 354 3087 honorarium
375 3059 498 3085 tutorem
521 3051 678 3092 periculum
697 3050 787 3090 solere
804 3055 888 3091 pati,
913 3052 941 3089 fi
962 3053 1034 3083 male

166 3095 266 3169 ssaffus
277 3095 316 3134 fit
335 3092 533 3134 administrari
549 3092 678 3124 tutelam.
706 3090 781 3122 Erat
800 3092 974 3131 dubitatiO,
998 3102 1037 3124 an

195 3139 304 3169 onoris
314 3137 402 3168 causa
417 3136 507 3167 datus
524 3133 792 3173 tutor‚pupillam
808 3132 889 3163 salva
904 3131 1034 3164 Oratio-

167 3186 210 3212 ne
227 3176 329 3220 poffet
346 3178 462 3212 ducere
478 3185 623 3214 uxorem.
640 3174 683 3210 Et
699 3181 825 3215 poterat
843 3173 1034 3206 alicuivide-

953 85 1214 119 Nono-'r

1276 84 1302 118 C
1337 95 1358 119 o
1389 93 1415 117 :a
1446 93 1482 117 ις,

1055 173 1099 205 ri:
1124 173 1294 218 propterea
1314 174 1401 214 quod
1427 171 1595 204 honoraria
1620 172 1671 205 ilia
1698 173 1795 205 tutela
1810 172 1840 204 in
1858 182 1913 205 nu-

1054 223 1262 259 mero·trium
1286 216 1453 246 tutelarum
1481 223 1545 245 non
1572 222 1793 254 computatum
1814 223 1915 254 caque

1055 256 1136 286 ratio
1152 265 1181 286 1n
1200 257 1452 295 praecedentibus
1471 254 1590 287 casibus
1605 256 1704 287 valuit
1721 256 1759 287 ad
1776 256 1918 296 excepti-

1049 305 1155 328 onem.
1179 296 1265 339 Quid
1283 298 1420 329 Paulus?
1444 306 1508 328 non
1535 297 1657 336 putavit
1680 297 1763 328 hanc
1779 296 1839 328 esse
1865 297 1917 327 de-

1049 339 1220 370 cretoriam
1233 349 1241 370 :
1253 339 1329 370 licet
1343 340 1407 371 illic
1423 337 1520 370 fuerit
1536 347 1576 368 ex
1591 338 1829 377 adjuvantibus3
1852 338 1919 368 ide-

1051 387 1134 418 oque
1153 380 1180 410 ei
1197 381 1249 418 qui
1266 381 1309 413 sic
1332 380 1476 417 censeat,
1499 388 1562 410 non
1590 379 1731 410 accedit:
1754 379 1914 416 causatus,

1054 421 1139 466 quod
1160 421 1238 452 ratio
1254 423 1284 453 in
1302 422 1496 452 contrarium
1514 419 1616 451 ducit:
1640 421 1670 451 id
1687 419 1751 458 est,
1766 420 1851 460 quod
1871 429 1917 450 ra-

1055 469 1099 491 tio
1117 471 1190 491 vcra
1209 463 1238 492 ἃ
1256 462 1349 493 solida
1366 462 1451 493 ducit
1476 464 1505 493 in
1525 462 1726 492 contrarium.
1749 470 1820 502 quae
1835 459 1915 492 illa?

1054 503 1143 548 ipsnis
1161 501 1342 534 Orationis:
1372 504 1478 535 saltem
1509 503 1697 542 quaerentis,
1720 511 1758 533 an
1794 503 1918 542 pericu-

1053 544 1084 574 lo
1107 543 1214 574 tutelae
1239 551 1383 575 teneatur
1409 545 1434 576 is
1458 545 1507 582 qui
1534 545 1682 584 pupillam
1710 544 1859 575 ducturus
1881 541 1918 573 fit

1051 594 1196 616 uxorem.
1221 585 1260 630 jd
1289 593 1368 616 vero
1388 586 1428 619 ,ln
1463 586 1627 625 propolito
1652 584 1695 616 est
1717 592 1839 616 certum
1863 592 1917 614 au·

1050 626 1138 657 tros-e
1155 627 1291 666 Ulpiano
1308 627 1327 656 l.
1344 636 1372 666 53·
1386 626 1416 666 ᾗ.
1435 627 1463 656 ἑ.
1490 625 1529 656 Ι).
1552 628 1585 656 de
1598 627 1703 657 admin.
1725 631 1780 657 tut.
1804 625 1918 657 Paulus

1053 667 1134 697 hanc
1153 670 1308 698 rationem
1327 666 1368 698 sic
1384 666 1542 706 aefignat,
1565 668 1651 705 quod
1671 666 1786 699 dictum
1806 666 1869 704 cst,
1887 666 1918 696 ὅτ.

1054 708 1260 739 honorarium
1283 716 1423 738 tutorem
1453 706 1627 745 periculum
1653 708 1750 739 soiere
1774 708 1864 748 pati;
1895 707 1919 738 si

1052 748 1152 789 passus
1171 749 1225 785 sit,
1250 750 1379 780 tutelam
1398 749 1480 779 male
1502 747 1713 779 administrari.
1735 748 1810 780 Non
1827 748 1922 789 igitur

1053 790 1154 830 potest
1186 799 1296 825 tritor,
1329 798 1503 829 utcumque
1527 789 1712 820 honorarius
1729 812 1740 828 7
1767 791 1919 829 pupillam

1054 838 1186 863 uxorem
1206 834 1342 869 ducere,
1360 831 1438 860 salva
1457 829 1622 861 Oratione.
1647 828 1784 868 Exposui
1799 832 1826 860 d.
1841 830 1869 871 §.
1887 841 1919 862 2.

1054 874 1072 902 l.
1091 878 1139 904 oo.
1189 874 1236 904 Ab
1254 874 1367 903 eodem
1386 871 1479 903 fonte
1497 871 1538 902 sie
1554 879 1684 911 quoque
1712 871 1793 901 bene
1809 870 1921 902 Paulus

1056 912 1084 955 ζ),
1111 925 1138 954 3>
1160 914 1326 952 sequente:
1350 914 1434 957 Quin
1452 921 1547 944 autern
1570 912 1616 943 ille
1637 910 1768 952 quicum
1783 913 1866 942 clarus
1884 911 1920 951 est

1063 961 1142 985 tutor
1154 979 1163 993 ‚
1185 955 1265 995 ceffet
1281 956 1311 985 in
1325 952 1589 994 acirzimflratz'one,
1609 958 1753 993 pertineat
1768 953 1805 983 ad
1822 952 1925 983 Orati·

1061 1006 1160 1035 onem,
1185 1006 1241 1027 non
1259 994 1297 1032 eli
1316 997 1518 1027 (limitandum.
1542 997 1610 1036 quia
1626 996 1743 1034 perinde
1759 995 1871 1024 tenetur
1886 1002 1922 1024 ex

1058 1038 1150 1081 sarrit·
1172 1036 1451 1077 Corrliitztzz'orzihur3
1482 1042 1568 1078 atque
1594 1034 1622 1074 fi
1650 1033 1776 1077 geffiffet.
1827 1034 1926 1075 Igitur

1062 1078 1248 1119 prohibetur
1263 1087 1348 1109 tutor
1364 1079 1392 1108 ἀ
1411 1078 1539 1109 curator
1556 1077 1704 1117 pupillam
1721 1075 1835 1107 ducere
1849 1084 1927 1106 uxo·

1059 1129 1134 1150 rem.
1159 1121 1205 1150 An
1225 1121 1251 1150 6<
1278 1128 1407 1150 curator
1429 1118 1531 1150 ventri
1558 1120 1717 1158 bonisque
1734 1117 1848 1148 datus?
1871 1115 1925 1147 De

1059 1161 1122 1191 hoc
1140 1160 1214 1191 nihil
1242 1160 1378 1192 Oratio:
1399 1159 1450 1191 sed
1474 1159 1706 1201 Tryphoninus
1729 1158 1749 1189 l.
1772 1162 1820 1199 67.
1843 1157 1871 1199 ἓ,
1895 1167 1926 1196 4.

1058 1202 1098 1246 Β.
1123 1202 1153 1232 h.
1175 1208 1195 1231 t.
1221 1202 1407 1239 confirmat,
1433 1202 1484 1233 vel
1508 1200 1593 1232 hunc
1615 1201 1766 1231 inducere
1790 1199 1931 1240 prohibi-

1057 1250 1177 1274 tionem
1207 1241 1488 1274 senatusconsulti.
1534 1242 1579 1272 Ut
1604 1251 1682 1272 vero
1712 1242 1764 1272 ille
1795 1240 1927 1271 recede-

1056 1292 1134 1315 reta
1152 1283 1419 1315 Senatusconl'ulti
1438 1282 1671 1322 verbis‚voluit
1686 1280 1856 1314 similitudo
1880 1289 1930 1312 ra*-

1057 1326 1172 1357 tionis:
1204 1334 1273 1364 duze
1293 1324 1357 1363 est,
1388 1325 1472 1364 quod
1495 1324 1547 1355 hic
1564 1333 1693 1363 quoquc
1717 1323 1814 1354 debet
1834 1321 1931 1353 ratio-

1058 1373 1130 1397 nem
1164 1367 1307 1398 reddere.
1369 1365 1463 1397 Poffit
1491 1365 1559 1405 quis
1584 1374 1719 1405 putare,
1750 1364 1812 1394 esse
1847 1363 1931 1395 inter

1060 1407 1115 1438 lios
1131 1407 1360 1444 differentiam,
1384 1414 1516 1446 propter
1533 1407 1663 1445 spatium
1681 1404 1927 1436 administratio-

1058 1449 1115 1480 nis.
1163 1449 1225 1480 Sed
1248 1447 1478 1489 Tryphoninus
1513 1455 1623 1487 negat,
1642 1447 1700 1477 hac
1724 1447 1846 1478 moveri
1868 1455 1928 1476 nos

1060 1497 1231 1529 oportere:
1260 1499 1300 1519 eo
1326 1488 1412 1528 quod
1443 1497 1502 1519 nec
1526 1487 1555 1518 in
1579 1494 1705 1525 tutorc3
1736 1496 1798 1518 nec
1819 1486 1850 1518 in
1875 1493 1929 1517 cui·

1061 1540 1166 1561 ratore
1192 1530 1335 1560 habitum
1362 1528 1406 1560 est
1436 1528 1601 1559 discrimen
1632 1527 1758 1567 majoris
1788 1535 1843 1558 aut
1871 1528 1931 1558 mi-

1061 1572 1146 1603 noris
1169 1572 1320 1612 temporis
1343 1579 1408 1610 quo
1439 1570 1468 1601 in
1502 1569 1680 1608 hujusmodi
1706 1577 1837 1600 munere
1860 1569 1932 1608 quis

1061 1610 1167 1655 fuerit.
1221 1612 1337 1650 Plane,
1368 1611 1389 1642 ii
1406 1612 1476 1651 quis
1499 1611 1642 1650 usurpato
1662 1608 1776 1641 tutoris
1799 1609 1850 1640 vel
1874 1618 1929 1640 cu-

1061 1654 1173 1685 ratoris
1197 1654 1346 1691 nominc,
1383 1652 1415 1684 id
1439 1651 1500 1690 est,
1523 1651 1543 1683 fi
1568 1661 1627 1691 pro
1651 1658 1778 1689 tutore,·
1803 1649 1855 1681 seu
1878 1656 1932 1682 cui-

1061 1702 1184 1733 ratore‚
1215 1694 1458 1735 negotiorumve
1480 1692 1624 1733 gestore‚
1648 1702 1697 1724 res
1721 1691 1849 1733 pupillae
1876 1693 1930 1723 ad-

1063 1735 1306 1773 ministraverit,
1329 1743 1462 1774 eamque
1479 1733 1532 1765 libi
1548 1732 1658 1765 filiove
1687 1733 1741 1764 suo
1758 1733 1931 1773 copulave-

1063 1778 1117 1809 rit:
1139 1777 1250 1817 jubent
1265 1776 1476 1817 Imperatores
1494 1798 1504 1815 ,
1527 1774 1594 1807 Leo
1614 1775 1643 1806 ἅ
1663 1774 1850 1807 Anthemius
1864 1774 1883 1805 l.
1903 1779 1934 1809 8.

1067 1818 1101 1850 C.
1118 1820 1152 1849 de
1177 1816 1322 1850 interdist.
1345 1818 1472 1849 matrim.
1502 1818 1557 1848 int.
1579 1816 1672 1858 pupil.
1703 1816 1781 1848 tales
1806 1816 1931 1856 nuptias

1067 1859 1165 1898 stare,
1194 1859 1224 1891 ἃ
1249 1868 1313 1891 non
1336 1858 1374 1890 ad
1405 1859 1588 1898 exemplum
1612 1865 1755 1889 tutorum
1771 1855 1937 1889 infirmari.

1067 1899 1127 1933 Sed
1145 1908 1273 1942 apparet
1282 1924 1302 1944 ,η
1316 1899 1473 1931 Oratione
1489 1899 1614 1939 caveri,
1636 1898 1688 1930 Ne
1706 1907 1794 1930 tutor
1813 1906 1866 1929 aut
1881 1907 1936 1930 cu-

1067 1951 1153 1973 rator
1168 1942 1318 1982 pupillam
1339 1949 1392 1973 aut
1408 1941 1545 1977 adultam
1555 1940 1648 1971 ducat
1664 1949 1808 1971 uxorem.
1825 1938 1934 1981 Quid,

1067 1983 1088 2016 fi
1114 1992 1183 2015 eam
1207 1982 1261 2015 fibi
1285 1982 1502 2023 despondeat?
1534 1981 1642 2013 Verba
1665 1980 1829 2013 Orationis
1854 1981 1933 2013 solas

1067 2025 1194 2071 nuptias
1210 2024 1393 2066 prohibent.
1417 2018 1537 2056 Verum
1550 2023 1691 2055 Paulusl.
1709 2026 1751 2054 60
1769 2021 1797 2063 §.
1816 2028 1845 2062 ς.
1861 2022 1891 2053 h.
1909 2027 1932 2053 τ.

1067 2075 1230 2106 quamws,
1260 2066 1382 2105 inquit,
1412 2065 1517 2096 verbis
1544 2063 1708 2096 Orationis
1731 2071 1856 2095 cautum
1880 2062 1937 2101 fit,

1071 2106 1122 2139 Ne
1147 2116 1280 2138 uxorem
1305 2114 1392 2137 tutor
1415 2105 1564 2147 pupillam
1589 2105 1670 2136 suam
1688 2104 1802 2143 ducat3
1825 2112 1933 2135 tamen

1071 2148 1312 2188 intelligendum
1331 2147 1394 2185 est,
1418 2156 1458 2178 nc
1473 2146 1661 2187 desponderi
1685 2145 1813 2186 quidem
1831 2145 1934 2186 poffe:

1070 2190 1130 2220 hac
1153 2189 1274 2228 adjecta
1298 2189 1439 2226 rationc;
1470 2197 1542 2219 cum
1568 2197 1627 2227 qua
1653 2188 1769 2225 nuptiae
1786 2186 1934 2218 contrahi
1978 2222 1981 2228 1

1071 2240 1134 2262 non
1152 2229 1298 2270 possunt,
1315 2230 1382 2260 haee
1397 2229 1585 2270 plerumque
1600 2238 1640 2259 ne
1657 2229 1784 2268 quidem
1801 2227 1936 2268 despon-

1071 2271 1136 2303 deri
1153 2270 1275 2309 potest:
1299 2271 1328 2302 &
1345 2280 1413 2311 quae
1431 2271 1503 2301 duci
1522 2270 1647 2310 potest,
1673 2271 1740 2309 jure
1763 2267 1934 2308 desponde-

1071 2322 1132 2345 tur.
1153 2312 1228 2344 Huc
1253 2321 1352 2353 usque
1378 2311 1443 2342 dixi
1469 2312 1508 2342 de
1526 2320 1633 2342 tutore
1650 2313 1678 2341 dt
1696 2318 1840 2341 curatore
1853 2308 1932 2348 ipso.

1071 2355 1171 2387 Porro
1195 2354 1234 2385 de
1257 2354 1324 2385 filio
1349 2353 1469 2385 dicam:
1495 2362 1565 2384 nam
1588 2352 1627 2383 de
1645 2352 1846 2390 hor-quoque
1862 2356 1933 2379 cau-

1072 2404 1139 2427 tum
1163 2394 1442 2426 Senatusconsulto
1468 2393 1529 2425 fuit
1552 2394 1572 2425 l.
1595 2403 1646 2433 59.
1671 2392 1711 2423 D.
1736 2393 1763 2421 h.
1778 2396 1799 2421 t.
1815 2391 1843 2421 &
1862 2389 1934 2428 quia

1073 2437 1265 2478 generaliter
1283 2443 1379 2470 atque
1396 2433 1518 2466 infinite
1529 2458 1538 2473 ,
1555 2443 1676 2474 optime
1687 2431 1835 2464 observat
1850 2430 1936 2471 Try-

1077 2477 1235 2518 phoninus
1252 2477 1271 2507 l.
1287 2481 1336 2516 67.
1352 2478 1378 2507 d.
1398 2483 1419 2506 t.
1438 2476 1525 2507 illum
1545 2485 1607 2506 non
1620 2474 1716 2504 solum
1733 2474 1810 2504 vivo
1826 2481 1936 2512 patre,

1076 2519 1127 2551 sed
1146 2519 1175 2550 ὅ(
1192 2525 1337 2555 mortuo,
1361 2516 1519 2558 prohiberi
1544 2525 1611 2546 cam
1637 2515 1753 2545 ducere
1781 2522 1934 2550 uxorem,

1078 2561 1164 2600 cujus
1192 2559 1297 2590 tutelae
1322 2558 1435 2589 rationi
1458 2556 1621 2587 obstrictus
1636 2564 1725 2596 pater
1742 2554 1814 2585 fuit.
1838 2555 1938 2585 Addit

1077 2600 1328 2642 Tryphonint1s3
1350 2599 1415 2630 Nec
1429 2597 1653 2638 putoz'ntereffe,
1676 2597 1805 2627 extiterit
1820 2597 1844 2626 ei
1861 2599 1938 2626 cerer

1066 2643 1171 2683 filius.
1195 2651 1233 2672 em
1250 2639 1418 2679 abstinuerit
1428 2644 1553 2679 paterna
1576 2638 1745 2673 hereditare.
1770 2647 1808 2667 an
1827 2647 1876 2667 riec
1895 2636 1940 2666 he·

1073 2692 1116 2714 res
1130 2683 1209 2721 suit,
1223 2682 1303 2722 forte
1318 2680 1505 2711 exheredatus
1517 2702 1526 2717 ‚
1545 2685 1597 2710 [izit
1610 2680 1938 2719 prcelericurernarz<ipa=

1075 2730 1134 2755 tus.
1173 2722 1225 2753 Sic
1239 2723 1362 2753 editur:
1386 2720 1435 2751 sed
1464 2720 1549 2751 deest
1571 2720 1686 2761 aliquid
1709 2721 1804 2759 pleno
1829 2718 1938 2749 senlui.

1076 2765 1221 2806 suppleo:
1237 2763 1317 2803 sorte
1339 2763 1524 2792 exheredatus
1548 2767 1599 2792 (eut
1619 2762 1783 2802 praeteritus
1798 2759 1866 2790 suus
1886 2759 1940 2790 vel

1077 2807 1286 2845 emancipatus.
1313 2803 1386 2835 Hoc
1403 2803 1478 2833 mihi
1495 2803 1616 2833 incidit.
1660 2801 1724 2832 Cur
1739 2809 1844 2832 autern
1862 2800 1941 2832 velit:

1075 2846 1326 2889 Tryphoninus,
1349 2845 1462 2875 tutoris
1478 2843 1575 2875 filium
1587 2867 1594 2880 ,
1619 2842 1735 2874 etiamsi
1752 2852 1814 2873 non
1833 2841 1871 2874 fit
1887 2842 1942 2872 he-

1076 2899 1126 2921 res
1143 2888 1257 2929 pati-is,
1281 2888 1319 2916 ad
1343 2884 1531 2916 Orationem
1548 2884 1726 2925 pertinere,
1751 2883 1818 2914 haec
1838 2882 1942 2914 adfer-

1076 2938 1126 2961 tur
1150 2930 1247 2960 ratio:
1281 2925 1363 2958 Nam
1387 2928 1416 2957 ἃ
1441 2925 1506 2957 fieri
1534 2925 1656 2966 potest,
1685 2931 1720 2955 ut
1737 2926 1833 2964 patris
1855 2925 1940 2955 bona

1073 2980 1130 3012 per
1147 2969 1291 3001 fraudem
1307 2969 1337 2999 in
1355 2977 1427 2998 eum
1446 2969 1766 3006 collocata,pr0pter
1786 2966 1938 3002 tutelam2=

1075 3010 1217 3044 revocari
1251 3017 1412 3050 oporteat.
1450 3008 1521 3039 Nec
1550 3009 1613 3039 hoc
1644 3010 1790 3038 omittam
1803 3030 1811 3045 ,
1852 3008 1940 3044 quod

1081 3053 1192 3086 Paulus
1207 3051 1226 3082 l.
1241 3055 1290 3083 60.
1306 3050 1335 3092 ᾗ.
1353 3060 1381 3089 7.
1400 3050 1427 3081 b.
1445 3056 1467 3081 t.
1487 3049 1669 3084 Naturales,
1691 3046 1791 3087 inquit
1803 3070 1811 3082 ,
1828 3047 1940 3083 liberi,

1080 3093 1156 3127 licet
1174 3094 1204 3125 in
1213 3094 1419 3132 adoptionem
1431 3093 1492 3122 dati
1505 3091 1622 3122 fuerint
1634 3113 1643 3124 ,
1659 3086 1939 3120 Senatusconsulto

1081 3135 1297 3166 continentur.
1324 3132 1363 3163 Et
1381 3130 1715 3170 tamen,fiadoptivus
1734 3129 1846 3159 tutoris
1861 3126 1943 3158 filius

1075 3176 1226 3218 pupillam
1244 3174 1355 3207 illicite
1371 3173 1514 3212 duxerit,
1530 3172 1703 3213 posteaque
1724 3170 1942 3240 emancipatus

1889 3219 1939 3240 ue-
