2036 3495
331 101 719 138 D1ss13RTAT10
757 98 938 135 ΡΜΜΑ
978 99 1049 137 Da
1094 99 1284 137 C1v121
1324 100 1671 137 PaunnurrA.

89 190 275 228 hominurn,
300 190 425 223 ratione
443 189 599 223 definire?
621 188 682 221 Sed
702 197 735 221 tu
753 190 894 231 quisquis
915 201 969 231 es,

89 232 179 265 aufer
195 233 294 272 mibi,
316 231 369 272 fis,
390 241 516 265 veteres
530 242 626 274 nugas
645 232 760 272 quibus
779 233 898 264 (ludum
915 233 973 265 sibi

89 277 224 316 quisque
250 274 412 306 blanditur
436 275 593 316 populus,
617 272 698 313 saepe
722 281 881 314 praetcxtu
905 275 970 307 cul-

89 324 160 355 tus,
185 316 370 357 elegantias,
395 324 492 356 atque
510 315 732 354 humanitatis,
749 316 898 356 privatim
917 317 970 348 de-

90 358 156 396 ses,
178 366 335 398 nequam,
359 358 477 396 fallax,
502 357 545 388 sui
569 357 742 397 prodigus,
765 357 859 388 alieni
876 367 969 399 appe-

91 407 182 438 tens;
205 399 334 440 publice
351 400 479 440 praedo,
504 399 681 430 &libidine
698 399 885 430 dominandi
904 409 970 432 om-

90 442 184 473 nibus
216 442 329 472 noxius
355 441 384 472 &
410 439 612 480 periculosus.
650 449 740 481 agam
765 440 970 482 simpliciter,

80 483 118 515 ,A
129 483 165 514 A.
197 480 324 523 Fingite
343 482 435 514 vobis
454 491 528 522 quas
548 482 657 520 lubet,
681 480 819 514 Gentes.
844 492 904 513 una
927 483 972 514 est

90 524 234 556 omniurn
253 525 345 555 ratio.
369 524 456 555 domi
474 532 554 554 unus
571 523 717 555 omnium
733 523 972 563 finis‚societas

90 567 164 598 vitae
180 565 295 597 civilis.
322 565 760 605 hucexeuntomniumjura,
779 575 971 606 quamquam

90 606 219 639 diversis
234 607 302 639 viis.
328 616 369 638 ex
388 607 438 638 his
455 607 513 637 alia
531 606 613 638 hanc
630 608 767 646 mavult,
791 608 850 639 alia
868 608 972 647 illam3

91 657 188 690 prout
199 649 294 680 rebus
310 647 369 680 suis
383 648 538 688 expedire
553 648 719 680 existimat.
743 651 838 680 etiam
850 673 858 687 ‚
878 659 971 689 quarn

91 693 226 731 primum
238 689 359 727 tenuit,
376 690 550 730 aliquando
566 699 686 729 mutat,
705 690 908 732 deprehenso
927 701 973 723 er·

91 741 182 769 rore,
201 740 254 762 aut
270 741 355 762 nova
373 731 481 762 oblata
497 733 750 773 opportunitate.
769 741 972 772 quacumque

93 781 200 805 tamen
217 774 346 804 incedat
364 773 490 804 semita:
515 773 694 814 perseverat
718 774 770 814 qui
788 773 869 813 fuit,
896 773 971 805 affe-

92 815 158 847 ctus
173 815 349 846 retinendae
365 815 508 847 utilitatis
525 815 686 855 conjunta
701 815 787 856 juris.
806 815 866 847 hac
882 814 973 847 causa

92 857 178 888 idem
196 858 284 897 quod
304 864 396 895 ante,
421 865 493 888 cum
511 855 589 888 esset
607 857 706 896 utile,
725 857 875 898 probavit
894 865 971 888 tam-

93 907 186 940 quam
203 898 323 930 bonum
343 898 373 930 ὃς
393 898 582 937 honestum,
606 899 707 930 modo
723 906 844 930 mutata
861 898 973 929 condi·

92 948 182 971 tione
192 963 200 979 ,
212 941 375 981 vituperat
386 949 545 980 tamquam
558 948 648 979 turpe
658 940 813 972 &malurn
824 950 834 980 ;
845 940 873 971 δι,
885 939 974 978 quod

93 990 178 1013 nunc
192 980 304 1021 justum
321 983 400 1013 dicit
415 988 512 1022 atque
529 982 750 1023 aequum,alias
767 981 912 1021 injustum
930 987 974 1012 at-

94 1032 156 1064 que
174 1024 319 1060 iniquum
335 1024 520 1064 appellavit.
551 1022 597 1054 Ita
615 1032 687 1055 cum
703 1023 903 1063 temporibus
919 1030 973 1053 aut

94 1065 176 1096 locis
194 1064 342 1097 differant
355 1066 412 1096 Vite
423 1089 432 1104 ,
443 1064 622 1105 formaeque
633 1065 672 1096 ad
688 1064 872 1096 servandam
884 1073 972 1095 com-

93 1115 223 1138 munem
248 1107 418 1138 utilitatem
443 1106 596 1138 direfitae:
619 1106 739 1146 ubique
763 1115 824 1137 una
849 1104 976 1136 constat

95 1147 180 1179 recta
205 1146 337 1179 Naturae
360 1149 461 1186 ratio,
485 1148 604 1188 ubique
619 1156 716 1178 unum
740 1147 769 1178 ἃ
785 1156 895 1178 verum
912 1146 973 1178 stu-

96 1190 183 1221 dium
202 1190 329 1220 tuendae
347 1188 507 1220 societatis
527 1189 654 1220 humani
670 1189 767 1229 juris3
786 1188 841 1220 etfi
859 1189 889 1219 in
908 1197 975 1219 rno-

96 1232 144 1262 dis
163 1233 322 1270 varietur,
340 1232 435 1262 etiam
453 1229 533 1270 saepe
552 1237 676 1261 erretur
693 1230 831 1261 humano
848 1238 950 1260 more.

138 1272 257 1303 Verum
274 1271 358 1303 cesso
369 1295 377 1310 ,
393 1272 548 1312 colligere
563 1281 629 1302 rem
646 1271 808 1302 indubiam
820 1294 829 1309 ,
842 1269 975 1302 manife-

96 1313 183 1345 stam.
208 1311 401 1345 confitemur
422 1314 526 1351 enim,
551 1322 649 1344 omne
670 1312 719 1352 jus
744 1313 900 1353 originem
920 1312 975 1343 du-

95 1364 168 1385 cere
187 1363 203 1384 a
220 1355 344 1386 ratione
360 1363 418 1394 per
432 1363 545 1387 omnes
557 1355 609 1394 qui
626 1353 657 1384 se
672 1354 819 1384 homines
837 1361 974 1391 vocant,

94 1395 204 1428 diffusa
226 1396 337 1427 divino
357 1404 394 1426 ac
418 1395 556 1436 provido
576 1394 707 1426 Naturae
725 1394 897 1426 beneficio.
922 1396 974 1426 ad·

93 1438 157 1469 huc
186 1437 375 1478 quaerirnus‚
399 1437 520 1478 qualis,
545 1444 728 1476 quantaque
761 1436 908 1468 habenda
939 1435 976 1468 fit

95 1478 226 1510 scientia
249 1488 318 1519 quae
343 1477 535 1519 Naturaejus
554 1478 616 1510 Dei
634 1479 706 1509 vice
724 1485 918 1516 executura,
943 1487 976 1509 u-

95 1521 194 1561 bique
212 1520 545 1561 ordinat,gubernat,
559 1520 663 1551 servat
678 1519 902 1551 auctoritatem
920 1519 974 1550 hu-

94 1562 181 1594 mani
196 1560 329 1592 foederis
345 1561 616 1593 demonstratione
634 1562 700 1601 ejus
716 1562 805 1602 quod
821 1570 880 1601 pro
898 1569 977 1593 tem-

97 1612 179 1645 pore
205 1602 339 1633 liberum
364 1609 460 1642 atque
478 1603 697 1640 arbitrarium,
721 1603 810 1643 quod
827 1602 952 1634 foedum
965 1625 976 1641 ,

99 1644 188 1685 quod
205 1643 370 1684 egregium
387 1642 441 1680 fit,
459 1643 490 1674 id
509 1643 571 1682 est,
596 1644 684 1684 quod
701 1644 746 1675 illi
764 1653 904 1683 nocere,
922 1652 977 1675 aut

97 1684 259 1728 proficere
271 1707 281 1723 ,
304 1691 358 1716 aut
371 1684 448 1716 illuc
465 1694 529 1717 non
548 1686 708 1725 pertinere
725 1685 921 1718 arbitretur?

140 1726 258 1766 Neque
279 1735 358 1757 vero
370 1726 432 1766 iam
448 1725 638 1767 adspernor,
660 1727 687 1757 A
699 1722 724 1758 A
736 1750 746 1764 ,
771 1726 897 1768 Populo
913 1725 977 1759 Ro-

99 1777 197 1801 mano
214 1767 321 1808 (cuius
339 1776 529 1808 quamquam
547 1767 645 1800 scelus
658 1777 714 1808 per
730 1768 814 1800 bella
829 1769 978 1810 amplian-

102 1811 132 1842 di
158 1809 302 1849 imperii,
324 1809 468 1850 neglecta
496 1809 624 1840 humani
648 1811 773 1850 generis
804 1809 978 1848 societate,

103 1851 262 1889 detestor,
285 1856 391 1881 tamen
409 1849 463 1890 Jus
479 1849 585 1882 Civile
601 1852 723 1891 optima
740 1852 865 1884 ratione
882 1852 978 1892 colo)

102 1893 186 1924 hauc
200 1890 290 1924 fuiss'e
306 1891 358 1922 diu
377 1892 588 1924 reverentiam
606 1892 716 1925 Civilis
731 1893 918 1934 Sapientiae:
943 1901 979 1924 ut

103 1934 266 1972 voluerit,
291 1941 360 1964 eam
385 1932 527 1966 asservari
554 1933 639 1965 inter
661 1933 808 1966 Deorum
835 1934 920 1966 sacra
942 1943 979 1966 ac

104 1975 326 2012 caeremonias,
348 1975 462 2015 J'usque
478 1984 494 2006 a
517 1974 751 2014 Pontificibus,
776 1976 866 2008 velut
880 1977 920 2008 ab
936 1976 981 2017 ip·

104 2016 134 2048 sa
153 2015 267 2056 justitia
286 2014 456 2056 postulari:
481 2016 541 2048 hos
557 2017 643 2057 leges
661 2017 813 2057 maiestate,
838 2018 897 2050 hos
912 2017 980 2050 for-

103 2057 201 2089 mulas
227 2066 445 2098 componere:
469 2056 539 2089 fere
561 2058 645 2099 quasi
668 2059 890 2091 auetoritatem
914 2068 980 2091 non

103 2098 248 2130 constare
274 2097 337 2138 Juri
364 2098 476 2138 Civili,
500 2099 535 2131 fit
561 2101 686 2132 vincula
705 2101 886 2140 communis
907 2102 981 2132 vitae

102 2141 217 2179 laxari,
240 2139 340 2180 solvi,
363 2140 518 2181 abrumpi.
552 2140 634 2173 scio:
658 2143 696 2173 ad
719 2141 877 2183 Populum
896 2143 981 2174 dein·

105 2183 145 2213 de
160 2181 277 2213 transiit
299 2181 562 2222 Jurisprudentia.
595 2183 646 2214 sed
665 2192 731 2215 turn
749 2193 880 2224 quoque
897 2184 981 2215 obti-

105 2223 192 2261 nuit,
215 2231 249 2253 ut
272 2223 304 2254 in
322 2223 499 2263 principum
524 2224 698 2265 praesertim
716 2235 812 2257 manu
831 2235 868 2256 ac
890 2233 982 2266 pote-

105 2265 185 2296 state
210 2263 298 2295 effet.
330 2273 370 2295 eo
396 2273 485 2296 certe
508 2266 629 2297 itinere·
641 2267 735 2298 rebus
755 2267 785 2299 se
802 2267 983 2299 nobiliffimi

97 2307 238 2359 juvenes
254 2314 448 2346 praeparare,
472 2316 511 2338 eo
534 2308 572 2338 ad
597 2308 737 2340 honores
761 2308 885 2350 grassari
902 2307 984 2340 insti-

108 2354 248 2378 tuerunt.
268 2348 364 2386 quid,
387 2346 408 2378 si
424 2357 489 2379 non
505 2349 606 2390 piguit
623 2348 794 2381 Praetorios
813 2350 920 2389 virm,
944 2359 984 2381 ne

106 2388 297 2421 Consulares
313 2389 443 2429 quidem
460 2390 489 2420 dc
508 2390 736 2430 triumphales,
761 2391 812 2422 vel
838 2393 985 2423 maximis

106 2431 200 2462 rebus
222 2429 337 2472 gestis,
362 2430 467 2472 legum
488 2430 655 2464 scientiam
680 2432 844 2472 profiteri:
869 2433 932 2464 {ive
954 2434 984 2464 in

107 2472 376 2513 jure,judiciisve
395 2481 524 2504 orarent
539 2473 663 2505 causas:
686 2474 748 2506 sive
768 2474 856 2506 domi
878 2473 985 2506 seden-

109 2523 158 2545 tes
175 2514 206 2545 in
226 2512 327 2550 soliis,
351 2522 404 2544 aut
420 2514 600 2546 transverso
624 2514 699 2547 foro
719 2516 986 2554 obambulantes,

109 2555 231 2594 dejure
247 2554 484 2587 consulentibus
499 2556 750 2597 responderent:
764 2557 828 2589 live
838 2556 988 2589 Deorum

110 2596 317 2627 caeremonias
332 2597 536 2636 ordinarent,
562 2599 591 2629 ὅ(
608 2599 734 2639 publica
750 2599 852 2638 sacra,
874 2599 989 2639 jusque

111 2635 318 2668 Pontificium
344 2639 582 2670 commentariis
605 2639 844 2671 describerent:
869 2640 933 2672 sive
957 2641 989 2670 in

113 2676 189 2709 Fori
208 2677 418 2719 disputatione
434 2679 514 2718 juris
533 2682 654 2721 regulas
672 2680 861 2721 definirent3
879 2681 909 2714 &
926 2690 989 2712 am-

114 2720 225 2759 biguas
241 2719 326 2763 leges
343 2720 467 2750 ratione
483 2729 535 2751 aut
545 2723 734 2754 auctoritate
751 2731 919 2764 regerent3
937 2720 991 2753 'du-

113 2769 162 2792 ras
175 2767 326 2798 aequitate
338 2770 409 2791 vera
422 2761 594 2794 &mascula
611 2771 846 2804 temperarent;
863 2764 991 2795 inutiles

114 2803 223 2841 aliquo
238 2801 407 2845 verborum
419 2802 530 2833 colore
545 2802 787 2845 atqueimaginc
804 2806 991 2836 eluderent:

73 2848 75 2850 ’
114 2843 178 2875 five
192 2842 412 2873 adolescentes
430 2844 542 2881 quibus
559 2853 625 2875 erat
640 2847 765 2877 indoles
783 2847 929 2884 virtutis,
947 2847 990 2877 di·

115 2884 247 2921 sciplina‘
259 2883 486 2916 emendarent:
504 2884 659 2925 sapienter
676 2888 815 2927 opinati,
827 2889 936 2928 quales
948 2889 992 2926 ip-

114 2927 135 2959 ss
151 2934 223 2956 cum
240 2924 427 2964 praeceptis,
444 2932 510 2955 tum
523 2928 677 2967 exemplis
687 2930 745 2967 ,ad
762 2929 992 2969 rempublicam

115 2969 349 3003 informarent,
368 2966 462 2996 talem
481 2966 509 2997 le
526 2968 708 3006 reipublicae
724 2969 885 3001 fortunam
905 2969 990 3000 effin-

114 3019 204 3052 gere.
249 3009 290 3039 At
315 3008 373 3038 illis
398 3008 615 3045 adai-,morum
636 3011 907 3051 negotiorumque
923 3011 990 3050 glo·

118 3053 193 3083 tiam
221 3051 356 3089 adjicere
385 3048 586 3089 splendorem
612 3050 692 3090 juris
719 3051 883 3083 scientiae:
915 3053 995 3084 foris

118 3101 234 3131 manu,
259 3092 346 3122 domi
371 3090 521 3128 consilio,
547 3093 690 3133 uginus,
710 3093 852 3132 judiciis,
876 3093 995 3125 multos

119 3133 293 3178 adjuvare,
307 3131 501 3177 deffendere:
527 3134 686 3174 utrimque
708 3133 825 3166 famam
845 3136 878 3166 in
891 3134 993 3175 poste-

121 3170 196 3212 ἑός,
210 3174 241 3205 in
260 3173 401 3215 praescns
412 3175 649 3207 venerationem
667 3177 706 3207 ad
725 3175 881 3217 Populum
898 3184 994 3217 atque

123 3214 288 3250 in‘Senatu
303 3216 468 3256 invenire,
491 3217 521 3249 id
542 3217 670 3258 quidem
688 3219 858 3259 pulchrum
878 3227 916 3252 ac
931 3227 993 3251 ma-

1830 111 1899 145 501

1012 190 1165 233 gnificum
1186 190 1366 224 videbatur.

1055 233 1126 275 Ego
1145 243 1242 271 vero,
1264 234 1343 273 ΛΑ,
1363 232 1492 274 quoties
1507 232 1543 264 ad
1562 230 1824 273 PopuliRomani
1844 241 1894 263 or-

1014 282 1064 306 tus
1088 275 1333 316 progressusque
1355 275 1455 315 adjeci
1478 275 1635 313 animum,
1659 275 1688 306 Gt
1706 283 1766 314 qua
1782 283 1815 305 re
1834 283 1898 305 ma-

1012 317 1098 348 xime
1115 318 1285 357 impcrium
1304 316 1501 358 quaesiverit,
1525 317 1701 354 invenerit,
1727 316 1896 355 habuerit,

1014 368 1142 390 mecum
1159 359 1323 399 reputavi,
1341 357 1463 398 semper
1478 358 1646 390 arbitratus
1659 357 1722 389 sum
1734 381 1743 396 ,
1760 358 1898 390 multum

1015 401 1145 439 virtuti,
1171 400 1306 432 multum
1323 399 1480 434 fortunae,
1498 401 1567 439 plus
1581 400 1641 440 juri
1659 398 1819 431 debuisse:
1842 408 1896 431 ne-

1016 451 1077 482 que
1102 442 1264 474 extinitiis
1290 449 1354 473 tam
1377 441 1513 482 angustis
1539 449 1635 482 atque
1658 441 1831 473 humilibus
1856 440 1897 472 ad

1015 491 1112 515 tantae
1136 484 1363 524 magnitudinis
1393 482 1487 514 instar
1513 483 1576 514 ulla
1600 485 1698 524 magis
1724 493 1777 521 re,
1802 491 1897 523 quam

1015 527 1123 566 legum
1150 525 1305 567 religione
1333 523 1506 555 suri-exiise.
1538 523 1560 556 fi
1584 533 1693 555 vacat:
1718 523 1897 564 spestemus

1015 569 1132 606 robur,
1157 575 1255 607 opes,
1284 566 1465 606 ingenium,
1491 572 1558 597 tuin
1577 573 1658 606 quot
1675 565 1706 597 &
1725 575 1802 606 quas
1820 574 1898 607 gen-

1016 616 1064 641 tes
1089 617 1153 640 non
1179 608 1277 649 magis
1301 609 1439 646 vicinas,
1464 616 1557 647 quam
1575 607 1718 638 inimicas
1736 608 1898 639 invenerit:

1015 659 1069 681 aut
1085 649 1218 682 fecerit:
1243 647 1298 680 nisi
1320 648 1427 686 fallor,
1457 649 1595 685 viribus,
1619 649 1755 689 opibus,
1779 648 1898 680 intelli-

1015 692 1140 733 gentia,
1159 691 1269 732 paucis
1286 691 1393 731 prior,
1410 690 1518 721 multis
1535 688 1669 721 inferior
1686 690 1758 721 fuit.
1783 689 1899 722 conse-

1015 743 1119 765 ramus
1137 732 1251 770 sidern‚
1278 742 1404 769 mores,
1428 731 1591 763 laborem:
1617 732 1753 769 dubito,
1774 741 1811 762 an
1831 732 1897 772 ple-

1016 784 1136 815 rosque
1149 775 1235 805 dorni
1254 774 1440 811 militiaeque
1458 773 1662 814 superaverit.
1679 772 1721 805 fic
1740 772 1834 804 facile
1851 782 1898 804 ar-

1015 826 1065 848 ma
1090 816 1258 846 valebant:
1282 815 1333 845 ubi
1363 813 1463 853 Urbi,
1488 824 1549 846 nec
1570 813 1649 846 Urbi
1675 822 1819 853 tantum,
1845 814 1898 846 sed

1016 856 1141 897 insuper
1165 855 1270 887 castris
1297 855 1461 896 disciplina
1485 856 1661 888 constaret:
1686 856 1716 887 ὅ(
1735 857 1898 896 utrimque

1015 905 1138 930 tantum
1168 898 1294 938 pudor,
1317 906 1468 936 quantum
1495 898 1593 930 virtus
1617 899 1645 930 &
1669 896 1800 930 fortuna
1824 907 1900 930 exe·

1017 947 1178 981 queretur.
1204 946 1355 969 caeterum
1382 939 1433 969 ubi
1456 939 1577 970 luxuria
1602 947 1699 980 atque
1717 941 1848 972 avaritia
1865 940 1898 971 in

1015 981 1247 1021 rempublicam
1266 980 1430 1020 irrupere,
1455 980 1486 1011 dt
1510 980 1717 1013 rusticitatem
1740 988 1900 1013 vocarunt

1017 1022 1220 1054 severitatem
1247 1029 1321 1052 ante
1348 1020 1531 1060 laudatam3
1557 1032 1663 1064 eoque
1689 1022 1900 1061 modestiam,

1015 1064 1162 1105 justitiam
1175 1086 1183 1101 ,
1203 1062 1383 1093 industriam
1403 1062 1607 1102 remiserunt,
1626 1073 1724 1105 atque
1744 1065 1828 1097 inter
1844 1064 1902 1096 bo-

1018 1115 1078 1137 nos
1094 1105 1123 1137 ἃ
1144 1104 1244 1136 malos
1262 1102 1450 1141 discrimen,
1475 1103 1562 1135 simul
1584 1106 1736 1138 vitiorum
1755 1107 1784 1137 δι
1801 1108 1902 1138 virtu-

1019 1156 1086 1179 tum
1107 1156 1215 1186 poenas
1232 1154 1269 1176 ac
1284 1146 1414 1186 praemi‘a
1431 1145 1638 1177 sustulerunt:
1661 1156 1727 1179 tum
1744 1148 1849 1186 illam,
1868 1155 1903 1178 ut

1018 1188 1156 1220 maxime
1182 1188 1271 1225 viris,
1297 1187 1407 1224 equis,
1432 1187 1544 1225 armis,
1569 1188 1671 1227 copiis
1689 1190 1828 1228 valeret,
1856 1197 1901 1220 ta·

1018 1239 1092 1261 men
1109 1230 1276 1261 minimum
1291 1227 1439 1265 efficere,
1459 1229 1534 1268 quin
1554 1228 1661 1261 sensim
1683 1229 1801 1269 fluere,
1825 1230 1903 1262 &in

1019 1272 1111 1303 aliam
1130 1280 1251 1311 partem
1271 1271 1335 1309 ire,
1353 1268 1514 1301 nccess'um
1531 1269 1602 1302 fuit.
1645 1270 1708 1302 Sed
1728 1272 1837 1312 quanti
1857 1273 1902 1303 in-

1020 1314 1115 1344 terest
1131 1312 1271 1344 civrtatis
1287 1334 1297 1349 ‚
1321 1312 1388 1352 ejus
1411 1311 1674 1351 conjunctionem
1701 1313 1833 1354 optimis
1857 1313 1903 1344 le-

1019 1356 1112 1394 gibus
1130 1364 1165 1385 ac
1183 1353 1326 1385 moribus
1344 1353 1433 1385 omni
1452 1354 1578 1384 ratione
1593 1353 1707 1386 servari
1726 1354 1837 1386 sartam
1855 1361 1903 1386 te-

1021 1396 1118 1428 Ctam:
1136 1396 1214 1427 tanti
1231 1393 1361 1426 interest
1373 1417 1382 1434 ,
1399 1396 1509 1426 Artem
1521 1395 1586 1435 ejus
1596 1395 1759 1428 auctorem
1771 1420 1780 1435 ‚
1796 1394 1903 1428 custo-

1020 1440 1114 1475 dem,
1138 1437 1319 1474 vindicem,
1343 1437 1406 1468 coli
1425 1436 1596 1477 diligenter
1611 1437 1833 1479 religioseque.

1061 1478 1137 1510 Non
1158 1479 1223 1509 sum
1242 1477 1384 1516 nescius,
1399 1476 1472 1509 fore
1490 1479 1531 1509 de
1549 1478 1673 1518 populo
1689 1480 1829 1520 aliquem
1848 1479 1904 1520 qui

1019 1530 1132 1561 magna
1156 1521 1275 1551 clamet
1300 1528 1405 1557 voce,
1429 1518 1491 1550 ess'e
1515 1518 1585 1550 haec
1609 1519 1779 1562 subfrigide
1805 1528 1905 1561 atque

1017 1563 1143 1601 inania3
1166 1561 1313 1602 applaudi
1331 1561 1442 1601 nugis3
1466 1561 1497 1591 in
1521 1561 1641 1592 coelum
1665 1562 1759 1593 evehi
1777 1561 1905 1594 scienti-

1018 1614 1067 1636 am
1092 1604 1253 1635 modicam
1270 1626 1280 1641 ‚
1302 1601 1341 1633 ab
1364 1602 1452 1633 omni
1477 1601 1639 1642 sapientiae
1664 1609 1761 1643 atque
1782 1603 1905 1644 ingenii

1019 1645 1109 1677 cultu
1124 1653 1298 1676 remotam:
1315 1652 1425 1684 parum
1438 1644 1634 1684 pendentem
1650 1644 1817 1684 aiudici03
1832 1645 1905 1685 plus

1019 1697 1036 1719 a
1052 1687 1217 1719 memoria.
1235 1693 1302 1717 tum
1321 1683 1384 1717 esse
1399 1685 1523 1717 anxiam
1539 1686 1579 1717 de
1595 1684 1741 1727 syllabis;
1758 1687 1904 1727 torqueri

1019 1730 1051 1761 in
1081 1728 1208 1769 singulis
1232 1727 1350 1765 literis,
1374 1728 1512 1759 maxime
1540 1726 1714 1759 verborum
1737 1728 1905 1760 calumniis

1021 1770 1191 1802 consumi:
1223 1769 1414 1810 plerumque
1438 1769 1478 1800 de
1496 1767 1678 1807 stillicidio,
1703 1769 1744 1801 de
1769 1768 1908 1802 flumini·

1022 1813 1104 1850 bus,
1127 1813 1168 1843 de
1186 1811 1318 1849 cloaca,
1341 1811 1382 1841 de
1404 1810 1692 1852 glandelegenda,
1717 1810 1750 1843 id
1772 1810 1836 1851 est,
1860 1812 1906 1843 in-

1022 1854 1116 1894 eptiis
1141 1851 1282 1884 consuli:
1306 1861 1377 1883 raro
1405 1851 1576 1892 maioribus
1602 1850 1726 1884 misceri
1746 1853 1908 1894 negotiis:

1022 1896 1189 1928 minimum
1209 1894 1248 1926 de
1265 1893 1383 1925 summa
1403 1893 1568 1933 republica
1586 1892 1758 1926 sollicitari.

1064 1936 1167 1967 Vetus
1191 1935 1258 1967 hoc
1283 1936 1313 1966 δι’.
1329 1935 1482 1974 frequens
1503 1934 1682 1967 convitium
1701 1936 1907 1977 depingentis

1023 1978 1196 2019 imaginem
1212 1977 1352 2008 hominis
1362 1976 1646 2017 Jurisprudentiam
1665 1977 1765 2009 veluti
1781 1978 1908 2018 opifici-

1024 2030 1077 2052 um
1094 2019 1293 2051 exercentis:
1312 2028 1377 2049 non
1396 2027 1490 2057 quam
1508 2017 1696 2060 exspectatis
1706 2019 1847 2051 divinam
1863 2027 1910 2050 ac-

1025 2070 1087 2102 que
1103 2062 1318 2092 admirandam
1341 2059 1458 2091 faciem
1483 2059 1646 2100 sapientiae
1668 2060 1795 2102 legibus
1809 2062 1908 2093 mori-

1025 2105 1150 2143 busque
1176 2102 1318 2134 ornantis
1342 2109 1454 2140 pacem
1479 2099 1588 2133 seculi.
1612 2102 1741 2134 interim
1766 2104 1909 2143 percutit

1024 2145 1117 2176 sonus
1136 2144 1192 2175 iste
1207 2142 1336 2183 inscitus
1350 2152 1414 2173 non
1432 2142 1530 2184 magis
1548 2152 1657 2182 aures,
1671 2152 1766 2184 quam
1782 2145 1908 2176 animos

1023 2187 1178 2227 juvenum
1196 2186 1342 2215 nondum
1359 2183 1502 2216 firmatos
1514 2184 1658 2216 &adhuc
1673 2186 1704 2216 in
1721 2187 1832 2226 primis
1848 2186 1908 2218 viis

1027 2228 1219 2259 laborantes.
1243 2227 1296 2266 qui
1314 2232 1348 2257 ut
1367 2227 1532 2257 contemni
1548 2226 1644 2266 poffit
1659 2236 1676 2257 a
1693 2226 1909 2267 sapientibus,

1028 2278 1134 2300 tamen
1151 2277 1191 2299 ne
1207 2267 1463 2308 imprudentibus
1480 2266 1583 2299 fraudi
1603 2267 1659 2308 fit,
1683 2278 1742 2310 age
1760 2268 1910 2300 confera-

1028 2320 1096 2342 mus
1114 2310 1247 2350 pedem:
1264 2308 1327 2340 fine
1339 2308 1437 2340 dubio
1454 2308 1609 2348 evisturi,
1624 2319 1641 2340 a
1657 2309 1910 2349 jurisprudentia

1028 2360 1130 2392 prope
1148 2349 1251 2382 abesse
1269 2350 1425 2391 quidquid
1442 2351 1597 2391 negotiis,
1616 2351 1773 2391 quidquid
1791 2351 1913 2392 sapien-

1029 2394 1097 2430 tiae,
1111 2392 1268 2432 quidquid
1286 2393 1409 2423 caeteris
1420 2392 1623 2424 humanitatis
1640 2392 1746 2423 studiis
1763 2393 1912 2425 debetur.

1071 2434 1185 2473 Aiunt,
1210 2434 1323 2465 Artem
1339 2432 1478 2465 nostram
1497 2432 1537 2472 (fi
1554 2433 1626 2464 Diis
1640 2434 1767 2475 placet)
1786 2434 1849 2467 esse
1865 2436 1912 2466 vi-

1030 2476 1113 2507 lem:
1137 2475 1242 2515 ajunt,
1266 2475 1442 2507 minoribus
1461 2473 1586 2515 fatigari
1604 2476 1712 2509 rebus.
1745 2485 1805 2508 vos
1821 2477 1912 2509 vide-

1031 2525 1083 2555 te,
1108 2516 1174 2547 hoc
1192 2518 1244 2557 qui
1262 2517 1444 2556 accipiatis,
1467 2516 1496 2546 A
1507 2517 1542 2547 A.
1567 2525 1630 2558 ego
1647 2526 1727 2548 vero
1743 2517 1789 2550 illi
1809 2518 1912 2559 impu-

1031 2566 1087 2591 to:
1111 2558 1199 2598 quod
1225 2558 1326 2589 civilis
1346 2557 1483 2589 studiosa
1501 2558 1757 2599 tranquillitatis,
1781 2560 1861 2591 nihil
1880 2570 1915 2592 o-

1031 2600 1149 2637 mittit,
1174 2609 1239 2639 quo
1265 2599 1517 2640 qualescumque
1532 2600 1695 2632 evitentur
1713 2601 1807 2640 lites,
1831 2601 1862 2634 δε
1881 2611 1915 2633 u-

1034 2642 1131 2682 bique
1142 2649 1266 2672 retenta
1283 2649 1361 2681 pace
1372 2664 1381 2678 ,
1393 2641 1423 2671 in
1441 2642 1573 2673 civitate
1586 2641 1713 2674 constet
1729 2641 1809 2675 fides
1825 2653 1915 2675 com-

1034 2684 1137 2719 munis
1149 2684 1236 2713 boni.
1263 2683 1306 2713 ita
1321 2689 1443 2713 tantum
1461 2683 1564 2715 abest:
1580 2691 1613 2714 ut
1628 2684 1751 2716 idcirco
1768 2693 1915 2717 contem-

1035 2724 1139 2755 nenda
1158 2723 1212 2762 iit;
1238 2730 1271 2753 ut
1293 2723 1390 2763 magis
1414 2724 1567 2756 laudanda
1586 2726 1693 2757 veniat
1708 2726 1856 2758 industria
1873 2725 1915 2757 fic

1035 2766 1152 2804 majora
1170 2767 1378 2804 exequentis:
1401 2773 1435 2796 ut
1458 2775 1498 2797 ne
1515 2767 1638 2798 minora
1654 2768 1783 2807 quidem
1801 2775 1915 2808 praete-
1948 2770 1952 2772 ’

1036 2815 1123 2837 reat:
1139 2807 1167 2837 dt
1185 2806 1318 2838 viciffim
1334 2807 1372 2838 ad
1390 2808 1510 2839 minora
1525 2809 1568 2839 ita
1583 2809 1787 2846 accedentis,
1805 2816 1839 2838 ut
1854 2816 1916 2840 nec

1036 2848 1154 2887 majora
1171 2847 1321 2897 negligat.
1368 2847 1517 2881 Siccine‘.2
1541 2850 1677 2891 primum
1702 2850 1840 2884 instruit,
1864 2859 1916 2881 or·

1036 2897 1089 2920 nat
1100 2912 1108 2927 ‚
1120 2887 1254 2920 absolvit
1266 2889 1408 2921 officium
1420 2913 1429 2929 ‚
1439 2900 1567 2931 curam,
1577 2890 1711 2923 studium
1730 2892 1803 2920 vitae
1815 2889 1917 2930 splen·

1037 2930 1119 2962 didae
1136 2939 1172 2961 ac
1187 2931 1370 2972 negotiosae.
1390 2932 1439 2963 illa
1457 2934 1532 2974 quid
1551 2933 1637 2971 vult,
1654 2932 1731 2971 quid
1746 2933 1829 2971 agit,
1847 2931 1915 2971 qui-

1037 2973 1094 3002 bus
1109 2971 1256 3004 constat?
1281 2973 1469 3006 tractatione
1485 2975 1628 3013 omnium
1647 2981 1717 3012 quae
1733 2971 1841 3003 summi
1860 2974 1917 3005 im·

1040 3013 1118 3054 perii
1145 3013 1345 3054 providentia
1370 3025 1466 3057 atque
1490 3015 1678 3047 auctoritate
1703 3015 1733 3043 in
1753 3015 1916 3054 comitiis,

1039 3056 1068 3086 in
1090 3049 1476 3097 confifibrib''Principis‚
1502 3066 1575 3088 inve
1597 3056 1715 3086 Senatu
1741 3063 1838 3091 egent
1856 3065 1916 3096 pro

1039 3097 1165 3137 optimo
1184 3096 1328 3142 publico:
1352 3098 1594 3140 Magistratuum
1611 3105 1708 3135 porro
1726 3096 1849 3134 officia,
1862 3099 1916 3129 cu-‘

1038 3138 1361 3178 rationes;,munera,
1380 3150 1487 3171 nonne
1506 3139 1658 3175 Senatus,
1677 3136 1810 3177 Populi,
1828 3138 1918 3171 Prin-

1037 3180 1115 3220 cipis
1131 3181 1333 3214 'voiuntatem
1350 3180 1524 3213 ministerio
1544 3179 1596 3210 suo
1613 3180 1840 3220 exequuntur?
1863 3190 1917 3212 un-

1034 3222 1075 3256 de
1090 3221 1199 3295 fingit
1217 3222 1297 3255 foris
1315 3223 1423 3255 secura
1438 3222 1473 3254 fit
1489 3221 1690 3261 respublica3
1715 3229 1750 3253 ut
1769 3222 1855 3255 dorni
1875 3222 1916 3253 ia-

1200 3273 1214 3295 r
1230 3274 1244 3295 r
1267 3274 1287 3305 3
1849 3272 1908 3303 na,
