2036 3495
545 78 578 114 D
612 90 632 112 E
695 78 730 113 U
766 90 779 113 s
815 87 837 112 U
873 89 892 114 1·-
929 90 947 113 R

77 171 134 202 coil.
150 171 194 202 tit.
214 178 274 201 nec
286 168 387 200 minus
407 168 472 208 ejus
490 167 712 200 servitutibus:
730 167 802 207 quia
821 167 840 198 si
860 166 955 207 patia-

79 221 147 249 tur,
164 221 235 243 eum
253 221 286 242 re
304 209 474 241 fructuaria
493 210 536 241 uti
556 210 640 248 frui;
665 210 694 240 dt
712 209 813 247 nolit,
830 218 902 240 euin
923 219 955 239 u·

81 253 103 284 ti
130 252 191 284 frui
216 253 282 293 eJus
309 251 528 283 servitutibus:
553 250 687 289 perinde
711 249 775 288 est,
799 259 835 280 ac
853 249 872 280 ss
890 259 953 296 non

79 295 234 336 patiatur,
250 303 284 325 re
300 292 469 324 fructuaria
490 293 533 323 uti
551 292 632 329 frui,
649 300 743 332 quem
761 300 824 322 non
838 298 954 331 patitur

79 346 114 368 re
130 335 300 368 fructuaria
315 344 386 366 cum
410 333 468 366 suis
495 334 701 374 qualitatibus
725 333 754 363 ‹St
770 332 889 372 juribus
908 333 953 363 uti

78 377 140 409 frui
153 379 173 409 l.
194 385 274 418 1.pr.
292 375 333 407 D.
344 378 401 406 eoa.
414 378 459 407 tit.
484 373 572 406 Idem
591 374 635 406 est
652 374 824 406 dicendum
840 374 879 405 de
896 383 953 420 εῖτ-»ἶ

80 419 156 450 teris
172 417 369 450 adminiculis
386 415 448 448 fine
466 417 580 456 quibus
597 425 630 447 re
647 415 814 447 fructuaria
831 416 875 446 uti
892 414 953 446 frui

77 462 212 492 omnino
230 466 367 498 nequeat
384 459 412 489 cl.
429 458 448 488 l.
464 467 488 489 1.
506 457 534 499 §.
551 467 576 502 Ι..
596 456 719 498 &seem
744 456 840 497 Jubet
857 457 953 502 igitur

80 502 198 540 iudex,
215 500 387 532 fructuario
398 498 517 530 restitui
529 498 753 530 ulumfrueturn
766 522 774 536 ‚
787 499 882 529 ctiam
894 499 951 529 ler-

77 535 196 575 'vitutes
212 543 241 574 ὃς
258 540 457 572 adminicula.
496 539 584 571 Huic
601 550 678 571 vero
693 539 781 579 juffui
804 539 823 571 fi
841 548 947 581 pareat

78 594 168 623 reus3
191 583 380 614 absolvitur:
404 581 424 613 fi
447 590 510 612 non
536 590 662 621 pareat,
687 590 753 612 tum
777 580 796 612 fi
817 582 947 621 quidem

76 625 193 657 fecerit
209 625 285 656 dolo
303 624 405 661 malo,
430 632 495 663 quo
512 624 616 655 minus
634 622 746 664 possit,
773 623 849 654 tanti
868 632 946 654 con·

68 668 261 704 ,demnatur,
285 665 393 705 quanti
409 665 440 695 in
458 665 545 696 litem
568 665 719 705 juraverit
747 663 946 696 fructuarius.

75 708 163 748 quod
178 706 199 739 fi
215 716 278 737 non
296 706 373 737 dolo
391 705 507 737 fecerit
519 729 528 744 ,
543 705 593 737 sed
612 706 724 746 culpa;
749 715 812 737 non
831 707 945 745 pluris,

76 758 170 785 quam
195 748 304 789 quanti
328 757 377 779 res
403 748 466 786 est,
491 748 721 779 condemnatio
745 747 791 778 fit.
821 748 910 788 quod
926 746 945 778 fi

77 789 201 823 deflerit
216 789 372 830 poffidere
387 789 453 821 fine
467 789 545 820 dolo
563 790 591 820 δι’,
609 789 720 830 culpa3
737 788 946 821 absolvendus

78 832 124 864 est
138 833 157 863 ί.
174 836 225 865 (58.
246 830 285 861 D.
304 833 336 861 cie
352 832 394 861 rei
409 832 614 862 vindicatione.
639 831 680 861 At
696 831 779 862 enim
798 830 910 862 Paulus
925 829 945 860 l.

77 874 131 905 ult.
149 873 191 904 D.
209 873 242 904 Si
256 871 440 912 zifusfriiffm
454 878 581 912 petetur,
600 872 679 915 Qui,
696 872 817 912 inquit,
832 873 864 902 de
878 872 944 911 usu-

69 914 332 956 frustujuclz'cium
347 915 469 954 accepit,
482 912 510 954 fi
524 912 636 951 desierit
648 912 783 954 poffidere
795 913 856 951 sine
866 913 944 950 dolo,

76 957 246 996 absolvetur.
292 955 353 987 Sed
378 955 409 986 id
433 955 474 986 fic
498 956 739 995 accipiendum
763 953 846 995 quasi
864 955 949 985 dicat

77 998 210 1035 Paulus.
234 1006 322 1029 reum
334 1021 342 1034 ‚
360 996 379 1028 fi
397 997 521 1028 deflerit
537 996 694 1036 poffidere
711 996 773 1027 sine
791 996 868 1027 dolo
886 1004 948 1026 ma-

79 1040 131 1078 lo,
155 1039 291 1070 absolvi:
316 1037 369 1069 nili
386 1048 532 1079 arguatur
548 1038 649 1078 aliqua
667 1038 731 1078 ejus
750 1038 851 1077 culpa.
877 1046 948 1067 nam

78 1081 142 1112 hoc
161 1081 315 1111 convenit
331 1080 471 1120 aequitati
486 1080 604 1120 judicis
621 1103 629 1118 ,
651 1081 791 1120 jubentis
811 1077 947 1125 restitui:

78 1123 109 1154 &
126 1123 156 1153 in
174 1122 349 1162 corporalis
367 1122 410 1152 rei
429 1122 644 1153 vindicatione
663 1130 753 1160 quam
773 1122 870 1151 hacin
884 1129 948 1159 par-

78 1173 112 1195 te
129 1163 269 1194 imitatur
284 1162 496 1200 confefforia,
514 1163 598 1194 idem
616 1161 657 1193 fic
676 1162 781 1193 scribit
798 1162 910 1193 Paulus
927 1160 946 1191 l.

80 1215 127 1244 27.
146 1205 174 1246 §.
195 1215 220 1235 1.
240 1204 281 1235 D.
299 1205 330 1234 de
345 1206 387 1234 rei
403 1205 616 1235 vindicatione:
639 1201 765 1246 Quodsi
779 1203 839 1232 litis
856 1207 946 1232 conte-

74 1245 208 1287 stationis
223 1252 342 1285 tempore
350 1244 487 1286 poffeciit,
510 1255 576 1275 cum
598 1252 694 1275 autem
715 1254 758 1274 res
776 1244 947 1284 Judz'ccztur,

72 1288 137 1326 sine
163 1287 223 1318 dolo
248 1286 320 1317 malo
344 1285 438 1323 amific
459 1285 646 1326 poffellionem
664 1309 673 1323 ,
698 1285 885 1325 absolvendus
910 1284 949 1323 est

71 1328 209 1369 poffiffor.
255 1327 298 1358 Et
323 1336 425 1358 tamen
450 1328 493 1358 ait
519 1326 671 1367 Ulpianus
695 1327 712 1357 l.
739 1336 784 1366 15.
811 1326 839 1366 §.
857 1337 884 1366 3.
904 1325 946 1357 D.

77 1373 133 1401 eod.
147 1372 193 1400 rit.
211 1369 311 1400 teneri
331 1367 531 1408 possessorem
549 1378 612 1399 non
635 1368 733 1398 modo
750 1368 770 1399 fi
787 1367 945 1408 poll'essior

78 1421 149 1442 nem
165 1410 300 1441 amiserit
316 1410 392 1441 dolo
410 1410 512 1447 malo3
536 1409 587 1441 sed
604 1410 699 1440 etiam
715 1408 736 1440 si
753 1410 853 1450 culpa.
889 1408 946 1439 Fe-

78 1462 111 1483 re
128 1453 203 1483 mihi
222 1452 401 1489 exciderat,
419 1452 506 1491 quod
524 1450 679 1490 Ulpianus
696 1452 723 1481 d.
742 1450 761 1482 l.
778 1461 807 1491 5.
824 1450 891 1492 §.3
907 1450 948 1481 D.

79 1494 111 1525 Si
126 1493 432 1533 ususfrutizispezetnr
446 1492 487 1524 sic
503 1492 620 1523 scribit.
646 1492 736 1523 Inhis
753 1497 849 1522 citatem
863 1491 948 1522 aclio-

77 1537 161 1566 nibus
181 1544 243 1575 quae
266 1536 299 1565 de
317 1533 472 1574 ztsztfrzcstu
492 1540 641 1575 agimtur,
665 1535 750 1565 eciam
761 1533 884 1573 fruftus
899 1542 947 1564 ve-

76 1577 176 1607 nz‘zmt.
211 1574 394 1606 Locutione
411 1576 539 1607 minime
557 1576 683 1615 inepta:
709 1583 742 1606 ut
761 1576 882 1614 pridem
897 1575 950 1605 be-

79 1627 120 1649 ne
144 1617 325 1648 observavit
344 1615 401 1647 Vir
419 1616 629 1655 dostiffimus,
656 1616 788 1648 Carolus
807 1617 949 1647 Andreas

74 1657 246 1698 Damus,
263 1659 468 1698 Aniirzczclvers.
486 1660 523 1689 ad
544 1658 650 1698 Opusc.
666 1659 697 1688 cie
715 1657 817 1690 Latin.
835 1657 947 1698 Jnrisc.

76 1701 254 1742 Veienpag.
273 1709 343 1740 331.
380 1698 479 1739 Igitur
498 1709 574 1740 age,
598 1699 766 1730 addamus:
792 1700 879 1739 quod
897 1699 946 1738 Ju-

77 1743 140 1773 dex
155 1742 286 1780 iubens,
311 1739 536 1771 usumfructum
554 1741 690 1778 restitui,
714 1741 808 1772 etiam
827 1741 867 1771 de
883 1739 946 1771 fru-

77 1783 178 1814 {tibus
196 1783 312 1813 addere
329 1781 444 1813 debet:
468 1791 508 1812 eo
528 1782 616 1821 quod
634 1781 754 1813 Praetor
771 1782 883 1813 volens
901 1791 946 1812 re-

76 1823 273 1856 stitutionem
300 1821 365 1853 fieri
382 1822 500 1862 Judicis
517 1822 667 1861 arbitrio,
691 1823 816 1863 plenam
831 1823 946 1854 intelli-

75 1866 122 1906 git
138 1864 388 1896 restitutionem:
412 1864 443 1895 id
462 1863 527 1902 est,
546 1863 778 1895 restitutionem
797 1874 860 1895 non
879 1864 947 1896 soli-

76 1916 112 1938 us
131 1905 341 1943 ususfructus,
364 1905 417 1936 sed
434 1906 537 1937 omnis
553 1913 703 1945 praeterea
717 1904 816 1936 causae
833 1907 859 1936 ci.
876 1906 895 1937 l.
916 1916 946 1946 5.

77 1948 107 1989 §.
125 1960 153 1987 4.
176 1947 205 1978 &
220 1947 362 1978 redditur
378 1947 478 1986 rati03
503 1947 590 1987 quod
606 1947 698 1988 quale
719 1946 762 1978 est
776 1971 784 1982 ,
808 1956 880 1978 cum
898 1957 950 1987 pe-

78 1992 172 2026 titur,
198 1989 261 2019 tale
285 1989 350 2019 dari
377 1988 474 2019 debet
500 1988 518 2019 l.
538 1999 568 2019 2.
586 1988 606 2021 l.
623 1998 650 2029 3.
671 1987 699 2029 §.
722 1997 745 2019 1.
765 1987 806 2019 D.
834 1990 868 2018 de
883 1995 949 2028 zisu-

77 2031 135 2060 rir:
160 2030 190 2061 ὅς
207 2030 361 2060 convenit
386 2030 518 2060 arbitrio
543 2029 599 2060 viri
622 2031 697 2060 boni
723 2030 810 2066 quod
828 2029 950 2061 Praetor

79 2071 180 2109 judici
202 2071 425 2108 commendat:
452 2080 491 2101 ne
515 2080 604 2101 mora
621 2071 683 2102 litis
700 2069 773 2110 fiat,
797 2080 837 2102 ne
853 2080 950 2102 omne

77 2113 191 2143 habeat
210 2113 347 2152 petitor,
365 2113 450 2152 quod
471 2112 634 2144 habiturus
651 2112 756 2151 foret,
780 2111 800 2143 fi
816 2122 856 2143 eo
873 2121 950 2144 tem-

77 2163 156 2194 pore
172 2163 236 2193 quo
252 2153 405 2193 judicium
423 2154 660 2191 accipiebatur,
676 2163 726 2184 res
744 2153 793 2184 sua
810 2154 852 2185 illi
868 2154 952 2185 resti-

79 2203 147 2226 tuta
163 2194 268 2225 fuiss'et
283 2196 301 2225 l.
319 2204 366 2226 20.
383 2195 402 2225 l.
420 2204 468 2235 35.
487 2194 516 2236 §.
539 2204 564 2225 1.
581 2194 623 2226 D.
642 2197 673 2225 de
688 2196 728 2225 rez'
744 2196 951 2227 vindicatione.

80 2235 223 2276 Oportet
239 2236 351 2276 igitur,
369 2245 401 2266 ut
420 2246 467 2267 res
486 2237 616 2276 petitori
632 2235 829 2275 restituatur,
854 2237 950 2268 etiam

79 2277 199 2308 fructus
222 2277 357 2307 restitui:
382 2278 411 2307 in
440 2277 546 2317 primis
569 2277 590 2309 fi
612 2287 678 2309 rem
704 2286 766 2309 non
785 2278 950 2318 poffideat.

79 2318 221 2358 alioquin
242 2318 320 2348 nihil
339 2317 542 2357 consequitur
563 2318 722 2350 fruetuum
739 2321 870 2350 nomine
887 2321 914 2352 d.
930 2320 949 2350 b.

80 2370 109 2400 5.
133 2359 161 2400 §.
192 2362 220 2389 6.
250 2359 320 2398 qnia
349 2366 402 2389 aut
424 2360 568 2399 percepit
592 2359 731 2398 fructus,
757 2360 785 2391 ἃ
805 2361 882 2392 nihil
907 2361 951 2392 est

83 2400 171 2440 quod
196 2407 302 2439 petat:
327 2408 379 2430 aut
403 2410 468 2432 non
485 2403 647 2441 percepit,
672 2410 744 2432 cum
763 2401 864 2442 poffet
882 2412 952 2443 per·

82 2442 206 2482 cipere3
230 2442 258 2472 <St
285 2441 381 2472 habet
406 2443 494 2481 quod
518 2442 591 2481 fibi,
615 2451 679 2473 non
703 2443 790 2482 quod
812 2443 952 2474 adversa-

84 2483 131 2512 rio
150 2483 294 2522 imputet.
327 2483 414 2521 quod
439 2483 458 2514 fi
482 2482 589 2515 finitus
608 2483 644 2514 fit
667 2483 857 2516 ususfructus
882 2484 952 2525 post

86 2522 170 2553 litem
193 2524 232 2554 de
255 2522 414 2554 usufructu
432 2524 658 2556 contestatam:
683 2524 826 2556 desinunt
849 2527 953 2558 ulteri-

86 2570 119 2592 us
134 2564 239 2595 deberi
257 2564 386 2596 fructus.
419 2575 488 2596 narn
508 2566 538 2597 ἃ
564 2565 584 2597 fi
609 2575 753 2597 mortuus
775 2566 873 2598 fuerit
890 2567 953 2598 fru-

89 2601 233 2636 ananus:
257 2606 357 2637 danda
373 2606 481 2639 heredi
505 2608 570 2647 eJ'us
592 2608 756 2640 dumtaxat
774 2609 856 2640 affitio
874 2618 953 2649 prae-

783 2715 999 2748 CAPUT

983 87 1004 112 U
1043 90 1061 113 e
1097 89 1119 112 τ
1152 88 1174 112 u
1232 78 1324 114 L1ss.
1363 77 1410 116 ΙΙ.
1816 89 1883 126 393

1002 168 1170 199 teritorum
1196 168 1356 200 fruetuum
1379 169 1406 200 d.
1432 169 1450 200 l.
1477 177 1506 210 5.
1532 170 1561 212 §.
1586 176 1616 208 4.
1769 207 1772 208 ⁷
1826 182 1827 185 ¹

1042 210 1139 248 Jubet
1154 210 1248 250 igitur
1262 209 1382 249 judex,
1396 209 1623 244 usumfructum
1639 210 1772 252 petitori
1789 210 1873 242 resti*

999 252 1055 282 tui.
1089 251 1183 291 quid,
1209 251 1227 283 si
1249 259 1396 291 tempore
1421 252 1456 284 Iit
1472 253 1614 292 amissus,
1636 253 1699 284 alio
1717 252 1874 294 poffiden‘·

999 299 1051 330 te,
1077 293 1139 323 alio
1164 292 1193 323 se
1217 293 1466 326 liti‘offerente?
1492 295 1695 326 renovandus
1712 293 1774 326 est:
1799 294 1874 335 quia

997 341 1130 373 oportet
1146 343 1218 365 eum
1235 333 1376 374 restitui,
1400 345 1464 367 non
1488 335 1692 377 fimpliciter3
1717 335 1769 367 sed
1785 344 1822 367 ea
1839 335 1874 367 in

997 373 1086 405 causa
1104 375 1134 406 in
1154 384 1215 415 qua
1239 375 1300 407 fuit
1324 385 1471 417 ternpore
1490 378 1551 410 litis
1574 377 1779 409 contestatae:
1803 385 1870 418 quo

998 423 1147 456 tempore
1172 418 1313 449 nondum
1331 428 1399 450 erat
1423 418 1556 452 amiffus.
1589 428 1649 451 nec
1669 427 1774 450 tamen
1793 417 1872 450 suffi-

996 458 1059 496 cit,
1082 467 1098 488 a
1114 467 1170 488 reo
1187 461 1332 490 renovari
1354 458 1591 492 usumfructum.
1626 461 1702 502 quid
1720 460 1822 499 enim,
1847 458 1870 491 fi

994 498 1117 532 servum
1133 508 1184 530 aut
1201 499 1335 532 fundum
1353 501 1377 533 is
1393 502 1446 542 qui
1458 502 1654 542 possfflebar,
1671 502 1797 542 pignori
1815 502 1872 533 de«

991 541 1088 579 derit,
1114 541 1142 571 ἃ
1169 540 1355 573 fructuarius
1376 543 1445 583 jure
1469 544 1514 574 uti
1542 543 1752 584 prohibeatur
1771 542 1868 582 abeo

991 582 1043 622 qui
1063 583 1187 623 pignori
1204 585 1391 624 acceperit?
1407 586 1541 625 amplius
1558 585 1654 625 igitur
1671 591 1804 625 oportet
1820 588 1870 617 re-

991 632 1043 654 um
1059 632 1174 655 cavere
1191 625 1231 655 de
1247 626 1405 657 evictione
1422 627 1451 659 d.
1470 627 1489 658 l.
1508 637 1538 667 5.
1558 626 1586 668 §.
1603 637 1634 666 5.
1813 646 1816 651 -

1031 664 1093 696 Sed
1110 674 1143 696 ut
1155 665 1343 697 fructuarius
1357 667 1626 699 habetactionem
1641 666 1870 700 confefforiam

990 715 1050 745 qua
1068 709 1169 746 petit,
1193 705 1277 739 suum
1299 707 1360 739 esse
1377 708 1623 741 usumfructum:
1647 711 1689 741 ita
1706 710 1868 749 competit

991 750 1124 779 (lomlno
1150 750 1353 787 proprietatis
1380 752 1463 782 actio
1489 752 1654 792 negatoria
1672 760 1734 792 qua
1751 758 1869 791 negat,

991 787 1053 819 esse
1076 788 1255 820 adversario
1270 791 1338 830 jus,
1362 792 1392 822 se
1412 793 1533 831 invito,
1557 802 1591 824 re
1610 791 1661 824 sua
1679 792 1787 824 utendi
1803 792 1870 823 fru-

990 829 1061 860 endi
1079 832 1107 860 ct.
1124 830 1143 860 l.
1164 840 1191 870 3.
1218 831 1242 861 is
1268 841 1345 863 vero
1363 835 1476 874 agendi
1496 835 1608 866 modus
1632 835 1663 865 in
1681 833 1775 865 rebus
1793 842 1867 865 cor·

988 871 1151 910 poralibus
1168 880 1232 902 non
1250 872 1295 903 est
1316 876 1479 913 proditus:
1503 876 1596 916 quia,
1620 883 1655 907 ut
1670 876 1795 916 optime
1810 875 1869 906 ob-

992 911 1092 942 servat
1116 911 1339 952 Theophilus,
1365 924 1498 955 oportet
1516 926 1777 958 unumquemque
1794 925 1869 949 cum

991 953 1054 999 alio
1070 953 1229 998 acturum,
1250 957 1352 999 ¹magis
1370 956 1422 987 suo
1439 957 1528 996 jure,
1554 968 1648 999 quam
1664 959 1769 990 alieno
1786 958 1869 989 vitio

991 1002 1058 1025 niti.
1091 995 1188 1025 debet
1216 1003 1311 1035 igitur
1333 997 1362 1026 in
1388 999 1431 1028 rei
1454 1001 1630 1039 corporalis
1649 999 1869 1031 vindicatione

992 1036 1079 1066 actor
1095 1036 1218 1066 dicere:
1235 1036 1327 1068 illum
1345 1036 1479 1070 fundum
1494 1050 1600 1072 meum
1618 1041 1698 1079 effe,
1716 1042 1776 1081 ajo.
1802 1042 1869 1073 non

993 1076 1128 1122 sufficit,
1153 1076 1172 1108 fi
1197 1077 1309 1110 dicat:
1335 1078 1451 1121 Nego,
1475 1082 1562 1112 illum
1589 1083 1652 1113 effe
1679 1081 1868 1123 poffefforis.

993 1128 1064 1150 nam
1080 1117 1101 1149 fi
1116 1127 1159 1149 ita
1176 1126 1264 1159 agat:
1281 1120 1310 1150 ei
1330 1130 1467 1160 reponet
1485 1122 1650 1162 possessor:
1670 1123 1798 1155 Fundus
1816 1124 1870 1155 hic

992 1169 1081 1190 meus
1098 1158 1161 1198 est3
1185 1163 1213 1190 ot
1229 1159 1250 1190 fi
1268 1170 1332 1192 non
1353 1162 1397 1192 est
1413 1171 1519 1201 meus,
1539 1173 1603 1195 non
1622 1166 1744 1196 idcirco
1760 1165 1805 1196 est
1822 1173 1871 1197 tu-

993 1211 1046 1233 us:
1065 1211 1162 1240 porro
1180 1200 1202 1233 s1
1218 1210 1323 1241 neque
1341 1212 1429 1234 meus
1442 1227 1451 1242 ,
1469 1213 1574 1245 neque
1593 1214 1663 1237 tuus
1683 1206 1746 1244 est,
1763 1214 1872 1238 tamen

992 1250 1023 1273 te
1044 1244 1158 1273 vinco:
1184 1244 1256 1282 quia
1274 1246 1304 1274 in
1330 1245 1395 1284 pari
1418 1245 1507 1276 causa
1532 1246 1641 1286 potior
1658 1246 1703 1278 est
1720 1246 1872 1279 conditio

991 1283 1195 1324 postmontis,
1212 1293 1305 1323 quam
1322 1287 1386 1325 ejus
1398 1287 1450 1325 qui
1467 1296 1532 1318 non
1550 1287 1694 1327 poilidet.
1718 1287 1770 1318 Sic
1785 1289 1816 1318 in
1833 1297 1872 1321 re

990 1326 1161 1366 corporali.
1200 1327 1284 1357 aliud
1301 1327 1331 1358 in
1349 1326 1509 1359 usufructu
1525 1328 1554 1360 δί
1568 1330 1693 1361 caeteris
1712 1328 1873 1360 servituti-

990 1368 1060 1398 bus.
1094 1377 1163 1397 nam
1183 1368 1212 1397 in
1232 1368 1279 1398 his
1298 1370 1431 1400 domino
1449 1369 1541 1402 fundi
1561 1371 1652 1402 datur
1670 1371 1753 1402 attio
1773 1379 1871 1412 nega-

992 1409 1095 1440 toria:
1121 1417 1181 1438 nec
1207 1409 1232 1439 is
1257 1410 1332 1440 ideo
1355 1410 1395 1441 fic
1411 1411 1452 1441 de
1470 1411 1575 1443 alieno
1588 1412 1657 1452 jure
1676 1412 1872 1452 contendit;

992 1449 1047 1481 etsi
1068 1460 1121 1485 res
1146 1450 1244 1490 prima
1263 1449 1372 1482 fronte
1391 1450 1510 1492 spectet
1528 1453 1567 1484 ad
1587 1453 1680 1485 alieni
1699 1454 1775 1493 juris
1792 1462 1872 1485 con-

993 1492 1225 1523 tradietionem.
1260 1491 1304 1523 est
1320 1495 1403 1524 enim
1423 1494 1474 1523 hic
1490 1494 1612 1525 exitus:
1637 1502 1671 1525 ut
1688 1495 1727 1525 ad
1744 1494 1870 1536 proprii

990 1533 1066 1573 Juris
1093 1533 1343 1565 vindicationem
1370 1534 1547 1573 pertineat:
1573 1544 1646 1565 cum
1671 1536 1758 1566 enim
1783 1536 1870 1569 inter

994 1584 1045 1606 me
1063 1575 1092 1606 6<
1116 1583 1147 1605 te
1172 1575 1313 1613 constet,
1339 1584 1445 1607 meum
1460 1576 1521 1607 esse
1538 1573 1673 1608 fundum
1689 1578 1720 1607 in
1737 1585 1803 1616 quo
1820 1583 1870 1609 tu-

993 1626 1042 1647 am
1069 1615 1130 1646 effe
1155 1615 1340 1647 servitutem
1364 1617 1427 1649 ais:
1451 1625 1602 1658 apparet,
1626 1626 1692 1648 non
1709 1613 1797 1657 posse
1816 1624 1871 1657 te,¹

992 1667 1044 1689 me
1069 1657 1192 1695 invito,
1215 1666 1290 1688 meo
1316 1658 1347 1689 in
1372 1657 1476 1690 fundo
1494 1658 1610 1690 habere
1632 1659 1681 1699 jus
1698 1658 1870 1693 servitutis.

991 1699 1127 1739 proinde
1143 1698 1163 1729 fi
1181 1708 1265 1740 nego
1279 1722 1287 1737 ,
1304 1699 1360 1730 tibi
1376 1700 1424 1740 jus
1435 1699 1497 1731 esse
1508 1700 1617 1732 utendi
1633 1699 1778 1732 fruendi:
1795 1699 1875 1733 fun*

991 1741 1022 1771 di
1039 1741 1101 1771 mei
1120 1740 1301 1772 libertatem
1317 1741 1394 1773 mihi
1412 1742 1564 1781 vindic03
1588 1750 1648 1773 nec
1665 1742 1704 1773 de
1722 1750 1799 1780 tu0,
1816 1741 1871 1775 sed

974 1784 1064 1813 'rneo
1081 1782 1148 1821 jure
1167 1784 1328 1828 experior.
1353 1783 1442 1823 quod
1458 1782 1480 1814 fi
1493 1783 1580 1830 forte
1597 1784 1649 1823 qui
1666 1783 1749 1824 agit,
1768 1783 1871 1816 domi·

990 1833 1046 1854 nus
1065 1824 1267 1863 proprietatis
1284 1833 1350 1854 non
1372 1823 1427 1862 fit,
1454 1833 1598 1865 quamvis
1616 1824 1804 1857 fructuarius
1818 1825 1870 1865 jus

990 1865 1100 1895 utendi
1117 1873 1182 1895 non
1199 1865 1331 1896 habeat:
1345 1866 1454 1897 vincet
1470 1874 1574 1897 tamen
1589 1867 1657 1907 J'ure
1673 1875 1738 1907 quo
1754 1865 1873 1907 posses-

992 1905 1079 1937 sores
1097 1904 1165 1936 sunt
1182 1907 1345 1946 potiores,
1369 1907 1445 1938 licet
1467 1908 1587 1940 nullutn
1601 1908 1649 1948 jus
1669 1907 1785 1940 habeat
1801 1908 1870 1941 (1.1.

991 1957 1020 1987 5.
1050 1947 1138 1986 quod
1163 1947 1192 1978 dc
1215 1949 1337 1989 optime
1361 1947 1402 1980 fic
1423 1949 1551 1980 tradidit
1569 1948 1761 1982 Clariffimus
1777 1959 1869 1982 meus

994 1988 1127 2029 Collega
1138 2011 1146 2026 ,
1162 1988 1204 2020 D.
1215 1989 1376 2028 johannes
1388 1990 1494 2028 Voet,
1512 1990 1738 2028 VirEximius‚
1759 1991 1789 2022 &
1800 1991 1871 2023 Do-

993 2030 1059 2061 Ctus
1070 2053 1079 2068 ,
1104 2030 1259 2062 Comment.
1277 2032 1315 2062 acl
1332 2031 1378 2062 tit.
1396 2031 1492 2063 Pana.
1530 2032 1564 2063 Sz·
1588 2031 1773 2073 ususfrustus
1791 2037 1869 2074 pete-

992 2078 1057 2109 tur,
1081 2081 1110 2102 n.
1132 2080 1158 2103 1.

1033 2112 1136 2144 Datur
1147 2114 1243 2153 igitur
1258 2112 1340 2143 aetio
1356 2114 1519 2152 negatoria
1537 2115 1671 2146 domino
1689 2115 1869 2156 proprieta-

995 2154 1034 2185 tis
1051 2154 1197 2185 adversus
1215 2155 1335 2194 quem?
1358 2154 1422 2186 fine
1439 2156 1538 2187 dubio
1557 2155 1703 2189 adversus
1722 2155 1871 2198 poffeffo·

995 2205 1073 2227 rem.
1106 2194 1149 2226 est
1166 2196 1250 2226 enim
1271 2196 1334 2226 hoc
1351 2206 1524 2228 commune
1541 2197 1684 2229 omnium
1702 2199 1734 2230 in
1752 2207 1818 2231 rem
1837 2207 1871 2229 a·

994 2237 1153 2268 Ctionum:
1178 2246 1217 2267 ex
1235 2237 1349 2276 quibus
1372 2237 1442 2268 haec
1461 2248 1592 2279 quoque
1615 2238 1660 2270 est
1675 2240 1693 2270 l.
1715 2249 1743 2272 2.
1763 2239 1806 2271 D.
1838 2239 1873 2270 Si

985 2280 1117 2316 servitus
1140 2279 1314 2309 vindicetur.
1349 2279 1424 2310 illud
1452 2281 1617 2320 proprium
1643 2289 1706 2312 tam
1733 2288 1869 2321 negato-

995 2320 1067 2357 riae,
1092 2328 1185 2359 quam
1199 2318 1399 2351 confefforiae
1416 2321 1571 2353 aetionis:
1595 2322 1683 2361 quod
1700 2321 1795 2353 etiam
1816 2323 1870 2353 da-

995 2369 1044 2391 tur
1060 2361 1192 2391 domino
1208 2360 1376 2401 poffidenti
1392 2361 1538 2393 adversus
1555 2372 1627 2393 eum
1642 2363 1695 2402 qui
1713 2372 1778 2393 non
1795 2371 1870 2403 pos-

995 2401 1092 2440 fidet3
1116 2410 1227 2432 movet
1251 2409 1355 2434 tamen
1385 2404 1519 2434 domino
1548 2405 1587 2434 de
1614 2402 1776 2435 usufructu
1793 2413 1871 2437 con-

997 2442 1178 2474 troversiam
1196 2446 1223 2473 d.
1242 2443 1260 2473 l.
1281 2455 1309 2482 5.
1331 2443 1360 2484 §.
1378 2449 1415 2475 6:
1441 2452 1475 2475 ut
1491 2444 1580 2484 supra
1598 2445 1722 2476 tradidi.

1039 2483 1125 2515 Finis
1148 2484 1237 2524 hujus
1262 2484 1394 2515 actionis
1414 2485 1475 2515 est:
1499 2494 1540 2516 ne
1559 2485 1708 2518 dominus
1727 2485 1872 2528 proprie·

998 2527 1070 2556 tatis
1089 2525 1127 2556 ab
1149 2524 1327 2557 adversario
1348 2526 1543 2566 inquietetur
1560 2526 1751 2560 ususfructus
1768 2528 1874 2560 norni-

996 2576 1046 2598 ne.
1076 2566 1159 2598 unde
1176 2567 1338 2607 quodnam
1356 2566 1390 2598 fit
1405 2567 1525 2607 Judicis
1540 2567 1698 2610 officium,
1722 2570 1807 2601 ultro
1823 2570 1872 2602 in-

997 2609 1151 2649 telligitur
1166 2610 1194 2640 d.
1212 2609 1230 2640 l.
1249 2619 1278 2649 5.
1300 2608 1327 2650 ᾗ.
1345 2611 1374 2640 6.

1058 2713 1148 2748 XV.

87 2781 300 2817 Fructum-ium
315 2784 418 2819 hahere
437 2786 669 2823 vindicationem
676 2790 845 2836 servitutis
862 2790 977 2836 proedio
988 2789 1169 2835 frziciuario
1195 2790 1317 2824 debitae:
1344 2802 1401 2825 non
1408 2788 1484 2836 suo,
1499 2791 1560 2838 sed
1578 2796 1790 2840 procuratorio
1815 2804 1869 2828 no·

119 2833 208 2866 mine.
235 2831 368 2878 idemque
387 2832 540 2878 observari
557 2838 588 2869 in
603 2837 689 2871 Novi
708 2839 820 2884 Operis
837 2840 1042 2873 nuntiatione.
1070 2850 1125 2872 cur
1144 2838 1177 2872 id
1198 2840 1353 2882 obtineat,
1380 2837 1421 2879 ὃ)
1441 2853 1524 2887 quem
1542 2843 1653 2878 habeat
1669 2842 1810 2889 affictum
1822 2841 1840 2874 ?

140 2932 208 2963 olet
226 2933 340 2972 quaeri:
358 2943 395 2965 an
415 2933 601 2967 fruetuarius
619 2938 739 2970 diretto
757 2940 871 2971 habeat
889 2941 954 2971 vin-

153 2975 346 3006 dicationem
364 2974 520 3007 servitutis
543 2979 663 3015 praedio
680 2978 852 3012 fruCtuario
870 2982 956 3011 debi-

88 3023 139 3046 tae.
165 3025 221 3055 per
231 3014 489 3056 consequentiam
506 3018 589 3050 enirn
609 3020 757 3051 vindicati
773 3022 812 3052 ab
822 3032 862 3052 eo
874 3021 955 3053 usus-

85 3056 206 3088 fructus
231 3058 357 3097 praedst,
383 3059 478 3089 etiam
504 3057 659 3091 servitutis
683 3060 767 3092 usum
783 3063 826 3093 illi
847 3062 956 3094 officio

87 3096 203 3136 judicis
217 3097 356 3136 restitui,
369 3099 529 3138 superiore
545 3101 657 3132 tradidi
674 3104 788 3141 capite.
805 3103 900 3142 igitur
917 3105 956 3134 de

86 3147 123 3168 ea
149 3147 279 3179 quoque
304 3140 359 3171 lite
376 3141 548 3172 videamus.
596 3142 690 3173 Attio
709 3142 900 3175 confess'oria
916 3146 956 3176 ad

86 3179 306 3254 virildicanjlam
327 3182 440 3223 praedii
461 3182 648 3216 servitutem
665 3193 773 3225 parata
790 3184 835 3218 est
851 3186 881 3218 ei
901 3185 954 3228 qui

154 3230 208 3253 om.
249 3245 257 3253 .
611 3240 616 3246 ·

999 2939 1106 2980 potest
1130 2940 1253 2980 dicere,
1275 2940 1357 2974 suam
1383 2942 1446 2975 esse
1468 2944 1579 2984 praedii
1602 2943 1796 2987 servitutem.
1833 2942 1868 2975 id

998 2991 1077 3012 vero
1094 2981 1196 3022 potest
1213 2983 1320 3015 dicere
1335 2985 1484 3017 dominus
1502 2985 1611 3026 praedii
1626 2984 1676 3015 cui
1694 2982 1868 3015 constituta

999 3022 1043 3054 est
1069 3023 1208 3056 l‘ervitus.
1232 3025 1252 3056 l.
1275 3034 1299 3056 1.
1318 3026 1337 3057 l.
1356 3037 1385 3058 2.
1401 3034 1449 3067 pr.
1466 3026 1503 3061 ὅ)
1520 3027 1547 3068 §.
1570 3035 1594 3057 1.
1615 3025 1658 3056 D.
1689 3024 1871 3062 Siservitus

999 3065 1170 3096 vindicetur.
1195 3065 1385 3099 fructuarius
1404 3069 1435 3098 id
1452 3069 1559 3098 dicere
1573 3075 1638 3097 non
1654 3064 1779 3106 potest:
1796 3066 1870 3106 quia

1000 3113 1034 3136 ut
1049 3105 1163 3137 habeat
1178 3107 1226 3147 jus
1251 3110 1360 3140 utendi
1377 3108 1504 3140 fruendi
1526 3107 1629 3138 alieno
1649 3106 1790 3146 praedio,
1813 3116 1872 3140 eo·

999 3155 1060 3187 que
1075 3147 1167 3187 poffic
1179 3148 1265 3181 suum
1281 3150 1443 3182 vindicare
1455 3150 1520 3189 eJ'us
1537 3147 1784 3192 usumfructum:
1801 3157 1871 3182 non

995 3187 1118 3222 idcirco
1135 3191 1248 3264 Bogeciit
1271 3193 1426 3233 praedium
1449 3190 1537 3230 cujus
1562 3189 1870 3262 ulumfruQumbha-

1817 3238 1870 3269 et,
