2052 3487
413 142 476 177 DE
527 140 889 186 JunlsnlchoNE
940 148 993 174 ΕΤ
1044 138 1241 174 IMPtiuo.

58 232 224 266 ferendam
247 231 498 272 jurisdiftionem
515 226 628 259 sufficit
644 250 654 267 ‚
678 227 918 268 verborumque

58 275 266 316 amplitudine
284 283 319 305 ac
336 272 501 305 delationis
525 268 629 300 foi-ma
645 268 732 305 fimul
754 270 783 301 &
801 271 918 302 intelli-

56 318 160 357 gitur,
184 316 214 347 δε
232 316 422 347 extenditur.
468 310 605 343 Proinde
627 309 648 341 fi
665 311 716 342 cui
732 311 826 351 plena
841 312 918 353 legis

57 359 139 389 attio
155 364 208 388 aut
223 356 414 397 jurisdictio,
436 352 587 392 exemplo
602 352 732 392 alicujus
751 352 917 393 Magistra-

57 408 127 438 tus,
152 398 239 438 Lege
255 405 308 428 aut
324 395 563 428 Constitutione
580 392 761 425 deferatur:
787 395 917 427 dubium

55 450 119 472 non
141 439 185 470 cst
208 462 217 477 ,
241 441 323 479 [quin
342 439 370 469 ei
394 436 531 468 concedi
551 435 717 467 videantur
733 445 797 467 non
816 437 916 468 niodo

53 482 106 514 illa
121 491 190 521 quae
207 482 310 511 eidem
331 477 528 518 Magistratui
554 485 745 516 competunt
759 478 827 516 jure
846 477 916 510 Ma-

54 522 198 564 gssstmtus
224 521 286 560 sui,
310 520 364 552 sed
383 521 412 551 &
437 520 589 559 adoptiO,
610 519 644 553 ‚oc
669 519 885 559 emancipatio
900 542 912 559 ,

53 568 84 595 oc
102 563 317 600 manumiffiO,
341 563 370 593 &
389 561 497 592 tutelae
509 560 613 598 datio,
640 559 670 590 &
688 559 816 600 similia,
843 569 915 601 quae

54 605 84 636 ei
102 605 225 645 speciali
243 603 336 645 Legis
353 602 514 635 beneficio
540 601 739 641 delegantur:
762 609 797 633 ut
813 602 914 642 liquet

53 656 94 677 ex
109 647 128 677 l.
152 656 179 677 2.
200 646 231 676 C.
252 647 285 676 de
308 643 397 686 officio
411 645 473 686 ejus
490 644 542 684 qui
558 643 650 673 vicem
677 643 804 684 alicujus
820 643 913 683 Judz'-

51 689 92 718 cis
109 687 155 718 vel
166 685 296 725 Praefidis
311 688 424 718 obtinet.
449 684 641 724 Eodemque
650 685 808 725 pertinet,
826 685 915 725 quod

52 728 207 770 Ulpianus
236 727 350 760 scribit.
374 728 394 759 l.
412 736 442 768 7.
467 726 496 768 §.
516 736 544 757 2.
562 726 581 756 l.
602 729 630 759 8.
650 725 687 760 ὅ)
704 725 850 772 9.·D.·cle
869 726 913 765 of-

43 770 111 810 ficio
130 770 326 810 Proconsulis‚
351 767 579 800 Proconsulem
596 768 631 802 ⁴in
657 767 913 813 provmciaple-

51 811 201 843 niffimam
217 811 465 851 jurisdictionem
482 809 620 847 habere3
644 808 673 839 &
698 808 787 839 addit
802 830 812 846 ,
828 808 910 853 'ideo

52 860 155 894 partes
176 853 336 891 ominum,
361 852 414 893 qui
431 851 543 882 Romae
561 851 611 880 vel
635 849 718 890 quasi
744 847 911 894 Magistra-

52 902 123 934 tus,
146 895 196 926 vel
222 903 311 926 extra
335 894 501 931 ordinem,
523 893 570 932 jus
595 891 723 937 dicunt,
746 890 786 922 ad
809 888 909 936 ipsum

52 936 231 976 pertinere3
254 936 283 967 &
304 936 376 967 ideo
395 935 492 975 majus
509 934 677 972 imperium
698 942 729 964 in
749 940 916 978 provincia

53 977 168 1008 habere
186 977 333 1008 omnibus
345 976 415 1017 post
435 975 616 1015 Principem
631 984 641 1010 3
662 982 724 1020 nec
742 973 915 1014 quidquam

52 1017 114 1049 ess'e
139 1019 168 1049 iii
191 1019 375 1059 provincia,
407 1017 495 1058 quod
520 1025 586 1047 non
609 1024 666 1056 per
690 1016 789 1055 ipsum
819 1023 914 1060 ertpe-

53 1059 172 1097 diatur‚
196 1067 311 1100 praeter
325 1059 444 1091 fiscales
460 1057 655 1099 pecuniarias
674 1055 779 1087 causas
798 1056 912 1102 quibus

54 1100 247 1132 Procurator
269 1101 423 1141 Principis
449 1099 639 1131 constitutus
656 1096 710 1129 est.
755 1096 844 1128 Idem
861 1105 909 1135 Jus

54 1141 99 1172 eit
120 1143 150 1172 in
171 1140 366 1182 equestribus
384 1141 437 1180 qui
454 1141 599 1181 AEgypto
618 1137 803 1179 praesident:
824 1137 910 1183 ⁴apud

54 1191 135 1222 quos
151 1181 283 1214 Tacitus
307 1182 376 1214 infit
391 1183 439 1213 lib.
469 1191 515 1212 12.
539 1180 653 1210 Annal.
670 1189 694 1210 c.
709 1182 760 1210 60.
785 1177 909 1224 Diyum

53 1223 223 1263 Augustum
240 1224 308 1264 lege
324 1224 391 1263 agi,
414 1223 608 1260 decretaque
632 1229 745 1251 eorum
776 1221 910 1260 perinde

52 1265 158 1297 haberi
172 1263 301 1305 juffiffe,
324 1273 361 1295 ac
374 1263 395 1295 fi
416 1261 621 1304 Magistratus
639 1260 777 1293 Romani
795 1260 909 1292 consti-

1295 138 1385 175 Liii.
1413 138 1462 176 ΙΙ.

962 227 1100 261 tuiffent.
1145 228 1208 261 Sed
1233 229 1263 261 δε
1294 228 1499 264 Modestinus
1528 229 1571 262 fic
1601 228 1702 262 refert
1729 232 1748 263 ι.
1780 242 1832 265 21.

961 269 1003 302 D.
1029 272 1062 301 de
1080 269 1258 311 manumiffis
1273 270 1414 303 vindicta.
1464 271 1557 312 Apuli
1576 271 1752 312 Praefectum
1775 274 1834 304 AE-

958 313 1043 353 g3¹pri
1064 312 1175 352 poffum
1194 318 1318 353 Jervum
1344 314 1548 345 manumittere
1573 323 1610 344 ex
1632 312 1833 354 constitutione

962 354 1103 395 Augusti.
1149 353 1192 384 Et
1218 353 1370 394 Ulpianus
1388 355 1407 386 l.
1430 364 1455 386 1.
1480 354 1521 386 D.
1545 356 1579 386 de
1600 354 1689 395 officio
1708 355 1830 396 Jurirlz'-

961 397 1009 434 ci,
1032 396 1180 435 Adoptare
1195 397 1260 436 quis
1277 397 1355 436 apud
1373 395 1546 436 Juridicunz
1557 394 1666 437 potest,
1689 400 1759 438 quia
1775 398 1827 429 da-

960 442 991 468 ta
1007 434 1046 477 est
1062 438 1087 467 ei
1102 437 1171 477 legis
1190 436 1273 468 aero.
1298 437 1396 479 igitur
1421 445 1455 468 ut
1471 438 1699 476 jurisdictionis
1716 446 1828 470 natura

959 478 988 510 δι
1005 487 1105 518 genus
1121 478 1335 519 intelligatur,
1358 478 1427 510 fere
1443 479 1482 510 ab
1501 480 1624 519 origine
1643 480 1707 519 ejus
1725 483 1828 521 impe-

959 520 1124 557 trandum,
1148 526 1277 559 putem,
1301 527 1470 560 partesque
1496 521 1560 560 ejus
1584 520 1717 562 singulas
1741 521 1827 562 apud

958 571 1030 593 eum
1049 562 1099 592 cui
1117 561 1197 592 datae
1216 560 1285 591 sunt
1308 560 1362 591 sub
1380 561 1442 592 lata
1459 561 1488 592 ὅ(
1506 563 1644 603 generali
1667 562 1826 601 formula,

957 604 1077 635 eodem
1104 601 1175 634 fore
1197 603 1265 643 jure
1298 611 1364 642 quo
1397 603 1491 634 initio
1523 602 1633 635 fuere:
1664 605 1825 645 denique,

960 644 1208 683 Proconffilem,
1238 644 1384 683 quamvis
1410 645 1439 675 ei
1463 642 1554 684 Lege
1580 645 1652 675 data
1678 644 1715 676 fit
1735 646 1827 684 juris-

958 686 1075 724 dic‘ti03
1099 693 1204 716 tamen
1222 685 1294 725 quia
1313 686 1384 717 data
1407 685 1451 717 illi
1470 684 1515 716 est
1533 686 1684 722 exemplo
1704 686 1824 718 Praeto—

958 727 997 759 ris
1016 728 1065 757 cui
1092 736 1129 758 ea
1152 727 1310 767 competit
1335 735 1468 767 propter
1495 727 1559 758 vim
1580 727 1724 767 imperii;
1747 728 1824 759 ideo

952 768 1203 807 jurisdiftionem
1225 768 1375 800 Praetoris
1398 768 1549 809 exemplo
1572 769 1791 800 mandaturum
1809 779 1820 808 ;

955 809 984 839 ὅ(
1008 809 1066 840 hac
1082 810 1248 847 mandata,
1273 809 1394 849 Judicis
1417 810 1580 842 dationem
1603 809 1642 841 ab
1657 819 1697 842 eo
1716 818 1816 841 trans-

954 849 1069 880 ituram
1088 851 1126 882 ad
1144 851 1371 882 mandatarium
1393 851 1412 883 l.
1433 861 1478 883 12.
1497 851 1525 893 §.
1540 861 1565 883 1.
1583 850 1626 882 D.
1645 852 1677 882 de
1688 852 1821 893 judiciis.

955 890 981 921 E
1000 890 1125 923 diverso
1138 901 1180 922 -ea
1197 901 1267 931 quae
1285 890 1386 923 solent
1403 901 1457 924 aut
1474 894 1570 924 certis
1588 892 1747 932 personis,
1762 901 1817 924 aut

957 931 988 962 in
1009 933 1103 964 certis
1120 932 1234 971 causis,
1258 933 1414 974 delegari,
1439 934 1494 966 etii
1512 935 1542 965 in
1565 934 1711 966 affiduam
1725 935 1816 975 juris-

957 973 1132 1005 dictionem
1162 982 1414 1014 convertantur,
1437 983 1491 1007 aut
1512 975 1710 1016 Magistratui
1744 984 1819 1008 cum

956 1022 1070 1045 caetera
1088 1015 1305 1055 jurisdictione
1330 1015 1532 1056 deferantur,
1570 1025 1676 1049 tamen
1702 1023 1814 1049 vetere

954 1054 1060 1087 forma
1079 1056 1215 1094 deferri,
1237 1065 1342 1096 neque
1357 1066 1397 1088 ex
1410 1066 1446 1088 ea
1462 1059 1545 1090 aliud
1561 1068 1700 1098 exuere,
1723 1067 1820 1098 quam

952 1104 988 1128 ut
1005 1098 1150 1128 videatur
1171 1097 1322 1137 Princeps
1344 1107 1380 1128 ca
1400 1097 1452 1129 sub
1474 1099 1676 1139 Magistratus
1701 1101 1818 1141 plenze-

952 1148 994 1169 ve
1018 1138 1243 1178 jurisdictionis
1273 1139 1478 1171 conceffione
1511 1140 1573 1171 ess'e
1601 1143 1820 1182 coniplexus;

954 1181 1098 1219 quamvis
1116 1180 1210 1210 initio
1226 1186 1342 1211 contra
1355 1179 1472 1220 fuerit,
1495 1181 1623 1222 ipsaque
1640 1184 1672 1215 in
1690 1182 1818 1225 singulis

952 1221 1049 1253 causis
1067 1221 1258 1253 nominatim
1275 1221 1339 1253 dari
1357 1222 1593 1255 consueverint.

1765 155 1830 191 103

751 1380 965 1419 CAPUT
1014 1382 1101 1421 IV.

47 1491 99 1527 An
122 1491 250 1532 potuerit
276 1500 390 1524 merum
425 1488 586 1534 imperium
611 1487 756 1522 mandari
777 1486 918 1533 palam?
953 1486 1008 1520 Ad
1042 1487 1250 1532 Papinianum
1285 1488 1308 1524 l.
1343 1498 1374 1523 1.
1401 1489 1446 1526 D.
1480 1490 1516 1526 de
1545 1490 1645 1538 officio
1669 1492 1736 1537 ejus
1767 1495 1817 1529 cui

95 1539 240 1573 mindam
256 1539 298 1583 est
305 1537 488 1583 jurisdiffli'o.

93 1592 137 1624 cio
154 1586 341 1632 1²·‘oconsuns
363 1584 404 1625 δὲ)
420 1585 563 1632 Legati?

45 1683 186 1757 Venio
206 1692 290 1715 nunc
313 1683 352 1714 ad
375 1682 626 1723 explicationem
654 1690 830 1723 paucorum
855 1690 908 1713 ex·

135 1726 312 1764 onustorum
330 1726 360 1755 in
377 1724 491 1764 quibus
512 1724 609 1763 quaeri
626 1724 740 1762 video,
764 1733 802 1755 an
819 1723 909 1764 juris-

46 1766 170 1798 distina
193 1765 378 1806 Magistratu
395 1764 485 1796 alteri
502 1765 640 1796 mandari
658 1766 769 1805 possit:
795 1764 911 1796 sumam

42 1815 149 1839 autem
166 1807 290 1838 initium
313 1816 330 1837 a
347 1815 436 1837 mero
458 1806 620 1846 imperio:
643 1807 682 1837 de
700 1816 766 1847 quo
790 1807 833 1837 ita
858 1806 912 1836 Pa-

43 1849 186 1888 pinianus
201 1849 220 1880 l.
244 1857 268 1879 1.
292 1846 333 1879 D.
356 1848 388 1878 de
397 1846 486 1887 officio
505 1847 567 1887 ejus
585 1848 634 1878 cui
650 1849 788 1878 mandata
807 1845 909 1888 eftju·

44 1889 180 1921 ηἠἰέέΐὶοΔ
704 1894 707 1899 '

84 1930 271 1975 Quicumque
280 1929 442 1970 specialiter
457 1929 552 1970 Lege,
567 1929 616 1961 vel
631 1928 880 1970 Senaturconsulto
895 1951 906 1967 ,

104 1973 150 2003 vel
179 1970 383 2013 Constitutione
404 1971 575 2011 Principum
603 1972 793 2009 tribuuntur,
824 1979 903 2001 man-

103 2016 175 2045 data
192 2012 390 2055 jurisdictione
413 2021 471 2043 non
488 2013 726 2052 transferuntur:
750 2021 812 2053 quae
835 2020 904 2042 vero

100 2056 169 2097 jure
191 2053 380 2095 magistratus
401 2059 579 2094 competunt,
615 2055 751 2085 mandari
776 2052 902 2094 poffunt.

102 2096 144 2128 Et
173 2091 388 2126 ideu'virlenzur
403 2104 499 2126 errare
523 2093 739 2136 Magistratus,
761 2097 812 2135 qui
838 2104 903 2125 cum

96 2137 208 2179 publici
222 2138 329 2179 judicii
349 2137 472 2168 habeant
501 2137 700 2168 exercitionem
730 2136 809 2177 Lege
824 2159 833 2174 ‚
858 2135 904 2166 vel

104 2178 354 2219 Senatusconsulto
373 2178 549 2220 delegatam,
565 2178 658 2208 veluti
667 2178 754 2219 Legis
769 2177 862 2218 Juliae
870 2177 903 2207 de

103 2221 269 2258 adulteriis,
285 2219 321 2254 ὅ)
329 2218 428 2261 fiquoe
434 2219 510 2260 sunt
518 2220 579 2250 cilice
588 2218 714 2257 fimiies,
726 2217 903 2259 jurisdictio-

103 2271 168 2293 nem
182 2264 263 2297 luam
289 2263 439 2292 mandant.
482 2261 587 2302 Hujus
604 2262 646 2292 rei
652 2259 843 2300 fortiffi'nzum
858 2269 904 2290 ar·

102 2309 292 2343 garrientium,
314 2303 388 2343 quod
412 2302 490 2343 Lege
512 2302 599 2343 Julia
627 2303 660 2332 de
682 2303 716 2332 vi
732 2302 903 2332 nominatim

107 2350 245 2382 cavetur,
260 2349 294 2375 ut
311 2345 336 2374 is
351 2344 397 2374 cui
413 2343 703 2384 obtigeritexercitio‚
722 2341 805 2383 poffit
821 2352 900 2381 eam,

97 2383 128 2423 fi
136 2384 335 2425 proficiscatur
346 2408 355 2423 ,
378 2385 523 2415 mandare.
548 2394 604 2416 non
619 2384 701 2416 aliter
716 2386 811 2426 itaque
825 2393 905 2415 man-

104 2429 172 2457 dare
187 2427 308 2465 poterit,
331 2435 417 2466 quam
427 2424 456 2464 fi
470 2425 555 2466 abeffe
577 2428 707 2466 coeperit,
730 2436 795 2457 cum
811 2426 903 2464 ulicis,

100 2467 267 2509 jurisdifflo
293 2468 378 2498 etiam
402 2478 420 2498 a
438 2471 575 2507 praesente
599 2468 762 2498 mandet-ur.
785 2467 826 2498 Et
842 2465 871 2504 fi
887 2477 905 2497 α

97 2508 218 2548 familia
232 2510 363 2540 dominus
386 2509 490 2546 occisus
506 2508 556 2549 effe
572 2510 700 2547 dicetur,
716 2509 905 2550 cognitionem

105 2550 216 2581 Praetor
225 2574 235 2588 ,
257 2560 343 2591 quarn
358 2559 394 2581 ex
404 2550 653 2590 Senatusconsulto
663 2551 746 2581 habet
758 2573 767 2589 ,
782 2551 900 2581 manda-

106 2600 136 2620 re
157 2602 212 2621 non
225 2593 339 2632 poterit.

49 2630 102 2665 Ait
117 2632 321 2669 Papinianus,
347 2632 549 2675 Quaecumque.
572 2633 659 2673 quod
674 2631 824 2674 generale
835 2641 903 2662 ver-

46 2670 120 2702 bum
136 2675 273 2712 pertine:
291 2674 329 2705 ad
348 2676 455 2705 omnia
474 2684 544 2715 quae
560 2673 736 2714 specialiter
759 2673 904 2713 delegan-

52 2718 101 2743 tur
113 2735 121 2749 ‚
138 2713 200 2745 five
216 2715 273 2746 fint
288 2716 364 2746 meri
381 2716 524 2756 imperii,
540 2715 602 2747 sive
619 2716 726 2747 mixti:
743 2715 830 2745 velut
848 2723 903 2744 co-

51 2753 152 2794 gnitio
170 2756 209 2784 de
226 2755 395 2787 alienandis
413 2757 525 2798 pupilli
543 2758 667 2797 praediis
685 2766 754 2797 quae
771 2756 902 2787 Praetori

53 2797 125 2824 data
150 2794 193 2825 est
211 2796 361 2829 Oratione
383 2796 459 2829 Divi
483 2798 591 2829 Severi
612 2799 630 2829 l.
656 2806 680 2830 1.
699 2798 740 2829 D.
765 2799 797 2828 de
820 2798 903 2827 rebus

49 2843 147 2865 eorum
169 2837 284 2875 quisub
305 2839 412 2874 tutela‚·
435 2839 465 2871 &
489 2840 656 2871 transactio
680 2839 720 2870 de
743 2839 900 2870 alimentis

51 2874 241 2921 testamento
265 2879 376 2910 reliCtis
392 2889 461 2920 quae
484 2880 617 2912 Praetori
633 2881 778 2922 delegata
795 2879 840 2910 est
857 2877 900 2909 O·

50 2924 175 2947 ratione
198 2916 275 2948 Divi
302 2918 405 2951 Marci
429 2921 448 2953 l.
469 2926 498 2956 8.
517 2921 559 2953 D.
585 2924 618 2954 de
642 2921 901 2958 tranlafflionibus:

50 2966 182 2996 quarum
201 2959 335 2998 proinde
349 2969 451 3001 neque
466 2962 553 3002 haec,
577 2973 683 3004 neque
700 2964 768 3001 illa,
794 2964 842 2994 alii
861 2963 900 2994 ab

50 3007 92 3030 eo
114 3000 253 3031 mandari
279 3000 382 3040 potest
401 3003 430 3032 d.
455 3003 474 3034 l.
502 3008 531 3038 8.
550 3004 578 3045 §.
601 3010 646 3038 18.
672 3004 709 3039 ἐξ
724 3005 743 3035 l.
762 3015 789 3036 2.
816 3004 845 3045 §.
873 3013 898 3036 t.

49 3039 94 3071 D.
118 3041 151 3071 de
164 3039 253 3082 officio
270 3043 332 3083 ejus
349 3043 396 3072 cui
410 3043 593 3085 mandataest
604 3045 778 3086 jurisditiz'o.
804 3045 904 3077 Dein-

52 3081 93 3112 de
119 3082 163 3113 ait
187 3082 336 3114 Mandata
361 3083 562 3125 jurisdiftz'one
586 3096 643 3117 non
671 3088 902 3126 transferuntur.

50 3120 86 3153 Id
109 3122 149 3154 fic
165 3124 296 3165 accipe,
319 3134 424 3165 neque
444 3126 545 3165 palam
561 3129 704 3159 mandata
725 3127 903 3168 transeunt,

52 3173 158 3204 neque
183 3174 241 3205 pei·
269 3164 527 3207 consequentiam
546 3169 700 3200 mandatae
714 3170 903 3209 jurisdiffio-

51 3205 99 3236 nis
123 3206 362 3239 transferuntur.
406 3207 512 3249 Pei-git
541 3209 738 3250 Papinianus.
782 3210 823 3241 Et
844 3213 903 3243 ideo

50 3247 189 3278 videntur
206 3258 301 3281 errare
322 3247 540 3291 Magistratus,
563 3253 614 3292 qni
629 3252 690 3287 &a
735 3251 901 3293 Ostendit,

540 1537 839 1572 Extraordinczrimn
869 1537 1048 1570 mandatum
1074 1537 1147 1581 quid
1158 1535 1204 1581 stt
1221 1537 1304 1583 apud
1326 1537 1495 1584 Ulpianum
1521 1541 1542 1577 l.
1559 1544 1592 1578 6.
1617 1542 1662 1577 D.
1690 1541 1726 1575 de
1741 1540 1814 1587 ff·

952 1689 1075 1728 merum
1085 1681 1252 1722 imperium
1262 1682 1324 1716 effe
1335 1683 1475 1725 specialis
1486 1688 1706 1721 concessionis.
1727 1689 1816 1730 quod

952 1722 1142 1755 veriffimnm
1177 1723 1240 1755 est:
1269 1725 1324 1757 etfi
1349 1727 1441 1758 initio
1468 1730 1552 1769 apud
1576 1729 1698 1771 Reges,
1719 1732 1816 1763 etiam

953 1763 1026 1805 post
1048 1764 1106 1795 bos
1123 1765 1271 1803 exustos,
1296 1768 1378 1807 apud
1399 1768 1553 1801 Consules
1579 1781 1634 1811 qui
1665 1780 1730 1803 tum
1753 1773 1815 1812 juri

955 1806 1098 1837 dicundo
1122 1814 1299 1846 piaeerant,
1322 1807 1422 1840 fuerit
1439 1819 1571 1850 propter
1588 1814 1651 1844 vim
1668 1813 1815 1853 imperii:

951 1855 1023 1878 nam
1046 1855 1124 1877 mox
1159 1845 1282 1892 Valeria
1307 1849 1439 1889 aliisque
1470 1851 1643 1893 insequutis
1677 1854 1815 1896 Legibus

950 1888 1127 1928 separatum
1147 1886 1208 1918 fuit
1235 1898 1252 1919 a
1276 1889 1447 1923 Consulum
1470 1892 1711 1934 jurisdictione3
1746 1905 1814 1927 coe-

950 1929 1062 1974 pitque
1087 1928 1161 1974 inde
1188 1929 1219 1960 in
1238 1930 1334 1963 caufis
1351 1931 1475 1974 singulis
1500 1934 1615 1976 Populi
1629 1935 1707 1976 juffu
1726 1937 1816 1969 dele-

947 1979 1010 2011 gari
1030 1977 1126 2000 certis
1147 1970 1309 2010 personis3
1335 1973 1448 2014 Populi
1467 1985 1543 2007 vero
1562 1977 1672 2016 injussu
1690 1977 1812 2010 Consu-

947 2013 984 2043 lis
1001 2017 1054 2041 aut
1071 2011 1199 2044 alterius
1222 2011 1427 2054 Magistratus
1458 2025 1590 2057 propter
1607 2019 1670 2050 vim
1688 2019 1813 2060 imperii

944 2052 1067 2084 nullum
1097 2051 1170 2099 effe,
1214 2053 1260 2085 lta
1299 2064 1372 2086 ante
1402 2066 1574 2098 pei-petuas
1600 2059 1812 2100 quaestiones:

945 2102 982 2125 ut
1009 2093 1205 2133 Pomponius
1230 2096 1346 2135 probat
1364 2098 1383 2129 l.
1408 2109 1436 2130 2.
1459 2099 1489 2141 §.
1511 2104 1556 2131 16.
1587 2100 1625 2135 ὅ)
1642 2111 1691 2143 23.
1712 2102 1754 2133 D.
1779 2104 1815 2133 de

945 2136 1055 2181 origine
1066 2136 1155 2177 juris.
1197 2136 1286 2169 Idem
1315 2139 1386 2179 post
1417 2150 1490 2172 eas:
1515 2151 1612 2181 quum
1637 2143 1812 2182 praesertim

945 2176 993 2208 his
1010 2178 1092 2207 ordo
1111 2185 1238 2223 certuS,
1255 2179 1350 2210 etiam
1365 2180 1525 2223 Quaesitor
1542 2190 1667 2223 cei-tus,
1685 2184 1754 2225 ipsis
1772 2185 1811 2217 sit

946 2217 1066 2264 potitus
1079 2217 1227 2264 ⁴Legibus
1245 2221 1359 2260 quibus
1380 2223 1558 2255 constitutae
1571 2224 1657 2264 sunt,
1680 2226 1810 2258 auctore

946 2258 1169 2305 Quintiliano,
1200 2260 1329 2293 Decium.
1354 2273 1424 2304 331.
1444 2271 1529 2305 parte
1553 2266 1662 2298 altera:
1692 2268 1745 2308 qui
1769 2267 1811 2299 fic

945 2301 1062 2332 scribit.
1105 2300 1226 2333 Habent
1246 2313 1279 2334 ea
1301 2304 1455 2345 (publica
1478 2307 1723 2347 judicia)suczm
1743 2309 1811 2347 for-

944 2342 1136 2382 mam,suum
1146 2344 1310 2384 judiciuin,
1324 2346 1416 2384 suum
1434 2357 1604 2387 numerum,
1622 2347 1810 2390 Qiaeli'torem

935 2383 1045 2423 flium,
1058 2386 1119 2422 Jua
1142 2391 1284 2425 tempora,
1308 2387 1368 2427 sua
1389 2389 1516 2420 nomina.
1557 2390 1608 2420 Sic
1638 2391 1809 2432 Quintilia-

945 2434 1014 2456 nus,
1056 2424 1119 2457 Sed
1142 2426 1170 2457 ἃ
1188 2428 1394 2467 Papinianus:
1419 2429 1515 2460 verba
1535 2430 1696 2472 Papiniani
1739 2432 1809 2464 Hu-

939 2467 992 2508 jus
1008 2468 1050 2497 rei
1073 2474 1274 2507 argumentum
1291 2469 1478 2510 sortiffinzuni
1501 2469 1559 2511 eft,
1583 2475 1658 2514 quod
1677 2473 1735 2515 lege
1749 2473 1811 2514 Ju-

945 2509 986 2538 Δία
1003 2510 1035 2538 cie
1053 2510 1087 2538 vi
1104 2510 1275 2540 nominatim
1297 2518 1437 2546 cavetur.
1460 2517 1493 2542 ut
1504 2515 1528 2543 is
1547 2517 1594 2544 cui
1611 2515 1743 2557 obtigerit
1757 2524 1808 2546 ex-

945 2550 1058 2588 ercitio,
1077 2548 1161 2589 poffit
1184 2559 1263 2588 eam,
1287 2550 1315 2588 fi
1333 2552 1553 2594 proficiscatur,
1576 2557 1724 2587 mandare.
1750 2556 1808 2587 Pa·

944 2590 1087 2629 pinianus
1105 2593 1187 2630 petit
1204 2601 1424 2632 argumentum
1443 2595 1481 2626 ab
1497 2596 1610 2628 ordine
1624 2597 1734 2637 judicii
1751 2607 1808 2638 pu-

945 2632 1018 2662 blici
1030 2654 1039 2669 ,
1054 2631 1150 2671 idque
1166 2642 1385 2673 argumentum
1403 2636 1481 2668 dicit
1496 2637 1717 2670 fortiffiiiium:
1734 2641 1808 2680 quia

945 2672 991 2703 est
1009 2682 1025 2703 a
1042 2676 1204 2704 contrario
1223 2673 1309 2706 sensu
1327 2677 1357 2708 in
1375 2678 1457 2709 clara
1476 2679 1505 2710 ἂ
1529 2687 1615 2711 certa
1638 2681 1806 2713 voluntate

946 2713 1060 2760 Legis:
1077 2723 1147 2754 quae
1166 2714 1334 2761 Quaelitori
1347 2726 1430 2757 tum,
1446 2719 1467 2751 fi
1484 2720 1719 2760 proficiscatur,
1736 2732 1805 2760 pei·-

945 2762 1044 2786 mittit
1061 2764 1181 2787 merum
1200 2759 1367 2797 imperium
1385 2762 1550 2794 mandare:
1568 2762 1618 2794 sed
1630 2762 1650 2794 si
1669 2763 1803 2803 praesens

945 2796 1008 2842 fit,
1040 2796 1069 2827 u&
1093 2806 1157 2829 non
1190 2798 1428 2841 proficiscatur,
1452 2803 1537 2834 idem
1560 2805 1709 2836 mandare
1738 2813 1804 2835 non

945 2846 1078 2884 patitur:
1101 2846 1221 2870 tantum
1240 2841 1311 2880 quia
1329 2841 1398 2874 filet
1413 2843 1472 2875 isto
1490 2845 1520 2876 in
1538 2844 1628 2883 casu3
1651 2847 1681 2877 ἃ
1699 2853 1730 2876 ut
1749 2845 1803 2875 Se-

942 2888 1021 2910 neca
1040 2886 1103 2917 ait‚
1127 2879 1173 2911 De
1197 2883 1338 2923 beneficiis
1361 2884 1410 2916 lib.
1428 2896 1458 2925 5.
1479 2896 1504 2917 c.
1524 2896 1572 2918 21.
1590 2896 1653 2918 non
1672 2886 1801 2927 permit·

943 2921 1042 2952 tendo
1060 2929 1155 2952 vetat.
1199 2922 1279 2956 Haec
1294 2923 1455 2966 Papiniani
1473 2927 1636 2959 sententia.

982 2962 1107 3008 Quam,
1130 2963 1256 3004 nescio,
1280 2974 1318 2997 an
1337 2968 1493 3008 exprimat
1510 2968 1684 3008 Ulpianus,
1707 2967 1736 2998 ὅ(
1752 2966 1803 2998 fif·

947 3012 1013 3035 met
1032 3003 1079 3034 his
1097 3005 1213 3038 verbis.
1258 3007 1333 3039 Solet
1353 3010 1439 3040 etiam
1454 3008 1644 3049 custodiarum
1666 3009 1803 3049 cognitio-

946 3055 1009 3076 nem
1026 3047 1162 3078 mandare
1187 3047 1326 3090 Legatis,
1345 3051 1451 3085 scilicet
1475 3057 1507 3081 ut
1518 3051 1695 3090 praeaudiias
1711 3048 1802 3090 custo-

946 3088 1008 3118 dias
1024 3089 1062 3118 ad
1075 3090 1110 3126 se
1126 3090 1296 3128 remittant,
1320 3097 1353 3121 ut
1368 3093 1542 3122 innocentem
1558 3091 1612 3131 ipse
1626 3091 1732 3122 liberet.
1747 3091 1802 3130 sed

946 3129 996 3160 hoc
1017 3137 1110 3168 genus
1134 3132 1266 3162 mandari
1291 3134 1555 3163 extraordinarium
1574 3130 1632 3172 est:
1655 3141 1707 3163 nec
1723 3133 1799 3163 enim

940 3169 1030 3211 potest
1054 3173 1118 3212 quis
1135 3172 1229 3212 gladii
1247 3171 1411 3213 potestatem
1422 3172 1479 3209 fibi
1501 3175 1597 3204 datam
1611 3195 1620 3211 ‚
1651 3173 1698 3204 vel
1713 3174 1796 3214 cujus

945 3213 1064 3244 alterius
1088 3214 1262 3244 coercitionis
1279 3217 1316 3244 nd
1338 3215 1427 3243 aliurn
1455 3215 1621 3254 transferre.
1646 3214 1707 3249 &a
1732 3215 1750 3245 l.
1766 3219 1798 3250 6,

945 3253 987 3285 D.
1011 3256 1044 3285 de
1066 3253 1156 3294 officio
1184 3255 1372 3294 Proconsulzs.
1417 3254 1560 3297 Quaestio
1578 3255 1643 3296 est,
1666 3266 1702 3287 :in
1723 3256 1799 3287 Pro.

1723 3306 1798 3328 con.
