2052 3487
216 80 292 114 ¹242
814 56 1402 96 Gi-:nARnrNoon-i·

218 156 387 198 capitalium
406 161 559 195 poenarum
582 147 771 192 significatio
789 159 800 181 .·
829 147 913 190 apud
936 148 1098 189 Juriscon-
1140 146 1230 188 Juliae
1245 147 1359 188 poenis.
1393 144 1446 177 Sic
1462 143 1606 178 censeo:
1628 148 1724 191 atque
1740 153 1782 178 eo
1793 150 1914 191 magis;
1936 152 2008 194 qui,

218 199 318 231 fultos
342 196 426 228 enim
453 192 587 234 capitalis
606 199 694 232 paena
727 200 793 222 non
816 190 950 222 naturali
987 190 1098 221 finitur
1140 190 1210 220 haec
1232 188 1457 229 interpretatio
1474 187 1504 219 ἀ
1520 185 1601 228 Legi
1617 185 1899 230 Juliaeconvenit,
1921 192 2008 226 &se-

221 247 347 277 morte3
359 245 467 268 verum
484 243 553 266 eam
568 241 700 274 quoque
719 241 790 273 quae
807 231 911 262 civilis
926 231 990 270 est,
1008 240 1099 263 corn-
1142 231 1314 271 quentibus
1330 229 1464 262 Arnobii
1483 228 1608 260 verbis:
1631 236 1703 269 quae
1719 228 1817 260 verba
1829 231 1910 264 sunt.
1938 233 2010 267 Sub.

220 280 388 321 plectitur:
410 285 471 308 nec
488 283 596 307 tamen
611 273 642 305 se
659 273 698 304 ad
715 272 879 305 infamiam
895 281 949 304 aut
966 279 1099 305 caeteras
1132 272 1249 313 sefforis
1266 271 1304 306 δ’
1325 271 1451 303 adulteri
1460 272 1583 310 persona
1609 269 1695 310 cujus
1717 268 1782 309 effet
1802 275 1850 303 tur
1870 273 2009 317 itudt'nis'3

222 320 381 353 leviorum
399 318 637 348 coercitionum
657 314 777 355 species
800 314 935 345 dimittit
957 313 977 345 l.
998 324 1026 346 2.
1054 313 1099 345 D.
1144 320 1217 345 notra
1231 314 1333 354 cujus,
1357 322 1459 354 regum
1476 312 1625 343 maximus
1650 312 1816 350 nesciebat,
1880 316 2010 354 specula.

222 362 257 393 de
273 359 400 401 publicis
418 358 552 400 judiciis.
584 357 604 388 l.
630 366 659 387 2.
684 355 727 387 D.
753 356 787 386 de
803 356 906 396 poenz's.
930 362 963 386 at
983 353 1101 386 Latine
1144 362 1189 387 zor
1209 355 1257 386 ille
1279 355 1340 395 (ut
1356 354 1446 394 fama
1469 351 1534 394 est)
1557 354 1625 384 bene
1646 353 1813 383 meritorum
1832 362 1867 384 ac
1887 354 2010 400 peffime³

220 400 431 442 loquentibus
448 409 514 431 non
533 398 633 430 modo
656 397 770 429 mortis
785 396 935 428 naturalis
951 404 1006 427 aut
1023 396 1102 427 civi·
1143 398 1285 438 quidnam
1300 397 1408 426 deceret
1415 396 1449 435 se
1464 394 1556 433 velle,
1571 394 1734 425 rationibus
1745 392 1869 435 peeoris
1884 404 1940 427 non
1951 404 2012 439 per.

219 442 278 480 lis,
302 441 355 473 sed
376 440 481 472 omnis
498 449 629 481 quoque
653 437 1027 477 causaexistimationis,
1050 446 1102 468 ca·
1136 438 1278 479 spiciebat
1292 434 1394 477 tuniffi.
1436 435 1539 479 Quae,
1564 442 1599 466 ut
1615 435 1725 473 vides,
1749 444 1814 467 non
1828 435 1868 468 ad
1885 439 2012 481 mortis,

220 483 328 526 pitalis
346 482 534 523 intelligitur
556 481 576 513 l.
599 490 636 512 10
659 504 666 511 .
690 479 733 511 D.
756 481 790 510 de
812 480 963 510 verborum
981 477 1101 520 fignifi-
1145 480 1200 511 sed
1224 480 1263 511 ad
1287 478 1442 517 infamiae,
1466 486 1596 519 poenam
1622 475 1806 516 respiciunt.
1850 476 1947 519 Igitur
1959 480 2012 514 Ar.

219 526 340 561 eatz'one.
365 523 443 566 Quo
463 523 559 565 igitur
576 521 627 553 sen
643 530 663 552 u
680 520 900 552 exaudiendus
910 519 1101 552 Arnotn’us?
1145 520 1235 552 nobii
1260 519 1446 552 testimonio
1473 519 1605 551 minime
1633 525 1765 559 apparet
1788 541 1799 557 ,
1829 519 2012 557 adulterium

221 608 322 640 1a1em
346 614 504 644 mortem,
529 606 570 637 de
586 614 648 645 qua
666 612 854 645 quaerimus,
878 612 944 634 uno
968 612 1010 634 ne
1024 603 1103 634 civi·
1146 602 1270 636 summo
1287 602 1443 644 supplicio
1461 600 1565 634 fuiffe.

221 573 289 600 non
308 566 436 597 videtur
460 574 516 606 per
537 563 674 605 capitales
694 569 797 609 peenas
818 560 994 607 significare
1009 569 1102 593 natu·
1144 561 1347 594 Diocletiani
1376 561 1407 592 ὅ(
1439 559 1630 592 Maximiani
1664 567 1811 601 tempore
1842 563 2012 601 coercitum
2040 564 2045 622 l

2044 634 2046 680 i

223 644 289 693 Iem
305 649 454 691 quidem:
477 647 531 681 sed
546 645 728 685 infamiam,
753 653 828 677 cum
850 644 977 676 caeteris
1000 643 1101 685 Legis

912 755 1114 791 Capu

2044 690 2047 761 l

1148 764 1172 789 T
1226 753 1334 789 XIX.
2045 765 2047 814 11

2046 815 2048 835 1

225 851 420 888 Adulterium
439 851 511 897 jure
543 849 660 884 Codicis
692 846 937 893 Hermogeniani
970 841 1013 884 δέ’
1047 844 1238 890 Gregoriani
1271 855 1329 879 non
1345 843 1445 890 suffe
1470 844 1632 890 capitale,
1652 842 1715 889 sed
1729 842 1792 890 sub
1825 844 2011 894 Constantino
2046 837 2048 842 ’

298 900 355 946 effi
380 899 512 945 coepiffe:
537 909 722 945 quamquain
748 908 806 931 non
831 906 868 929 ex
893 894 913 929 l.
936 904 992 938 30.
1020 891 1049 939 ᾗ.
1070 904 1105 927 1.
1138 893 1170 928 C.
1196 893 1249 928 Ad
1265 893 1382 939 Legem
1409 894 1534 938 Julianz
1560 894 1595 927 de
1620 894 1801 928 adulteriis:
1826 906 1880 930 nee
1895 907 1933 930 ex
1949 896 1968 931 l.
1981 905 2011 940 4.

300 950 370 984 Cod.
401 948 511 984 Theod.

288 997 476 1045 stantarum.

226 1145 295 1218 V
308 1153 398 1176 erum
419 1142 494 1184 quid
512 1139 694 1172 haeremus‘?
716 1139 782 1171 imo
798 1137 875 1179 quid
898 1136 929 1168 ni
947 1133 1109 1176 signamus

321 1185 375 1217 res
393 1182 502 1215 onsum
519 1183 534 1214 ⁵?
564 1181 609 1213 est
634 1182 718 1213 enim
740 1188 848 1212 certus
870 1177 981 1209 auctor
1006 1175 1109 1223 Scho-

226 1225 331 1260 liastes
395 1234 511 1262 raecus,
536 1222 651 1261 Bafilic.
677 1223 724 1254 lib.
742 1231 787 1253 XI.
811 1222 858 1251 tit.
877 1229 905 1250 2.
930 1217 1040 1249 Scholia
1067 1218 1109 1247 ad

227 1266 248 1299 l.
270 1272 320 1300 18-
346 1268 379 1300 C.
398 1268 430 1298 de
446 1265 708 1302 transactionibus,
731 1264 775 1294 lit.
797 1262 832 1293 B.
854 1268 922 1302 pag.
942 1264 1011 1293 811.
1037 1263 1108 1289 tom.

231 1316 259 1340 1.
283 1309 473 1342 adulterium
498 1307 670 1338 secundum
693 1305 797 1345 Leges
820 1303 958 1334 Veteres
974 1323 984 1338 ,
1008 1297 1110 1345 ὅςὴ-Ζ

230 1352 370 1384 cundum
397 1348 655 1381 Constitutiones
690 1345 821 1377 Codicis
852 1342 1111 1386 Hermogeniani

233 1391 265 1422 &
282 1391 493 1433 Gregoriani,
519 1398 625 1429 neque
642 1387 735 1419 fuiffe
752 1385 907 1426 capitale,
930 1391 1036 1423 neque
1054 1381 1111 1412 hic

228 1441 248 1463 a
272 1433 460 1473 capitalibus
486 1429 672 1462 criminibus
696 1428 812 1467 excipi.
863 1425 972 1456 Verba
1003 1422 1109 1469 Scho-

229 1474 352 1513 liastae,
383 1474 456 1514 quia
479 1471 632 1503 notabilia
664 1469 758 1508 sunt,
790 1467 938 1499 addenda
970 1465 1106 1512 credidi.

227 1514 307 1546 Sunt
323 1523 429 1546 autem
449 1513 520 1543 haec
537 1522 577 1543 ex
599 1510 743 1542 versione
761 1508 906 1541 Fabroti.
941 1506 1039 1547 Atqui
1057 1506 1110 1536 cid-

228 1557 366 1588 ulterium
382 1564 472 1596 neque
483 1561 600 1594 poenam
606 1552 769 1594 sanguinis
791 1550 922 1592 ingerit,
946 1556 1036 1588 neque
1059 1556 1110 1578 ca-

228 1598 327 1636 pitalis
342 1598 404 1640 ejus
421 1596 547 1626 coercitio
565 1591 623 1636 est,
638 1599 672 1625 ut
683 1592 789 1635 paffim
803 1591 960 1637 amiciatur
969 1598 984 1637 z.
985 1589 1040 1629 sed
1056 1588 1109 1619 ad-

230 1639 322 1671 altero
345 1639 483 1677 aufertur
507 1642 625 1668 tantum
644 1641 714 1675 pars
731 1637 866 1666 bonorum
882 1632 1013 1663 dimidia.
1039 1638 1111 1671 quo-

225 1682 306 1713 modo
331 1682 424 1727 igitur
443 1676 618 1718 Constitutio
634 1676 692 1708 haec
707 1685 795 1718 agens
811 1676 844 1706 de
857 1673 1029 1719 criitzinibuf
1045 1680 1110 1713 quae

224 1721 340 1763 pianum
355 1721 515 1762 sanguinis
535 1719 792 1759 inferuntexcipit
814 1715 953 1748 adulterit
974 1712 1109 1745 crimen?

225 1763 301 1803 disce
318 1763 480 1801 secundum
501 1761 574 1804 leges
588 1768 714 1800 veteres,
737 1758 775 1794 ὅ)
790 1758 951 1803 secundum·
968 1752 1107 1795 constitu·

225 1806 318 1838 tiones
342 1804 455 1836 Codicis
472 1802 704 1845 Hermogeniani
721 1798 973 1842 &Gregorianz,
995 1796 1108 1843 adultea

225 1847 306 1879 rium
328 1856 386 1878 non
403 1844 496 1886 fuiffe
517 1844 649 1886 capitale.
674 1842 748 1876 reae
765 1840 845 1873 dicis.
892 1839 1007 1872 Verum
1029 1837 1110 1869 hodie

228 1896 265 1921 ex
284 1886 498 1929 Constitutione
514 1884 701 1928 Constantini
715 1894 778 1926 quae
788 1882 849 1921 fita
868 1879 908 1928 est
919 1881 989 1927 lib..
1002 1889 1042 1926 9..
1056 1879 1108 1910 Co—

228 1930 303 1962 dicis
324 1932 369 1961 tit.
390 1926 536 1970 deensi.
552 1938 604 1971 30.-
626 1927 748 1969 capitale
764 1923 814 1966 est.
846 1922 900 1955 Sic
918 1922 991 1955 ille.-
1015 1929 1110 1961 eique

229 1972 360 2006 accedit
376 1970 456 2012 Imp.
475 1969 686 2011 Justinianus,
709 1966 828 2000 Novett.
845 1974 913 2006 134.
930 1973 957 1995 c.
971 1972 1020 2010 10.
1041 1971 1114 2010 nam

231 2013 265 2045 ἃ
288 2014 314 2045 is
338 2022 465 2045 novam,
482 2020 587 2053 poenae
612 2011 749 2043 formam
765 2032 776 2048 ,
829 2015 903 2038 uam
926 2004 1027 2053 gladii
1045 2013 1112 2051 eJ-us

231 2061 382 2096 tempore
403 2054 496 2087 fuiffe
513 2053 638 2086 constat
659 2053 689 2094 §.
706 2062 748 2092 4..
761 2050 799 2082 In
826 2072 835 2080 .
864 2049 898 2080 de
915 2046 1041 2087 publicu·
1060 2055 1111 2087 Ju-

231 2097 334 2136 dicits,
360 2096 574 2129 Constantino
591 2094 750 2127 adscribit.
784 2092 947 2124 Praeterea
965 2087 1008 2135 iic
1024 2094 1115 2118 extat

233 2138 254 2169 l.
271 2148 322 2178 30.
345 2139 374 2180 §.
394 2148 421 2170 1.
449 2138 484 2169 C.
507 2138 555 2169 Aa
572 2138 659 2179 legem
672 2135 792 2177 Jonam
806 2134 841 2164 de
856 2130 1024 2178 adulteras,
1043 2138 1113 2176 quze

234 2179 289 2210 Iex
313 2179 514 2211 Constantini
540 2179 584 2210 est
602 2201 612 2218 ,
643 2177 802 2217 sacrilegos
819 2178 997 2220 *nuptiarum
1015 2171 1113 2212 gladio

229 2221 338 2261 puniri
359 2226 474 2261 oportet.
506 2219 586 2257 Sed,
612 2219 701 2259 quod
719 2219 861 2253 mireris,
887 2222 923 2244 ea
936 2222 1010 2260 *pars
1027 2211 1115 2243 deest

234 2261 259 2298 l.
279 2271 308 2293 2.
334 2261 402 2293 Cod.
424 2260 526 2292 Theod.
545 2262 606 2293 eod.
624 2263 670 2292 tz't.
695 2269 735 2290 ex
752 2267 814 2298 qua
839 2256 1001 2300 descripta
1025 2253 1069 2299 est
1084 2255 1114 2300 d.

232 2302 257 2334 l.
277 2312 328 2344 30.
376 2303 468 2334 Adeo
486 2302 591 2334 vereri
616 2301 713 2343 poffis
728 2323 737 2339 ‚
767 2309 809 2331 ne
824 2307 861 2329 ea
884 2306 902 2328 a
924 2295 1116 2327 Triboniani

233 2353 331 2378 manu
348 2344 402 2384 sit;
426 2354 488 2376 nec
502 2344 596 2386 gladii
614 2352 712 2384 poena
733 2342 764 2373 in
785 2338 943 2371 adulterio
965 2336 1118 2384 Constan-

234 2386 308 2418 tino
326 2386 503 2425 debeatur-3
525 2393 718 2426 quamquam
736 2382 815 2413 velit
833 2380 913 2421 Imp.
925 2379 1118 2425 Justinianus

234 2428 267 2459 d.
294 2427 414 2459 Novell.
439 2435 507 2469 134.
533 2437 557 2458 c.
579 2436 626 2459 10.
662 2427 770 2465 Atque
794 2423 858 2454 hoc
883 2420 1008 2461 Jacobo
1026 2419 1119 2467 Cuja-

237 2469 293 2499 cio
317 2469 443 2500 videtur
462 2492 472 2507 ‚
502 2469 550 2500 lib.
573 2473 603 2500 6.
630 2467 752 2508 Observ.
776 2475 800 2497 c.
827 2473 874 2495 xr.
900 2470 990 2503 putat
1010 2470 1118 2500 enim,

237 2517 370 2549 poenam
394 2511 487 2551 gladii
506 2510 592 2551 cujus
616 2509 739 2541 mentio
762 2505 799 2538 fit
820 2506 851 2536 in
875 2504 904 2546 ᾗ.
922 2514 947 2536 1.
973 2505 1002 2535 d.
1025 2504 1044 2534 l.
1063 2511 1117 2544 30.

237 2551 441 2591 desumptam
461 2550 522 2583 esse
540 2562 581 2583 ex
605 2552 625 2582 l.
644 2561 673 2590 4.
698 2550 767 2581 Cod.
788 2546 891 2579 Theou.
917 2545 1052 2592 Quorurn
1067 2550 1119 2585 cip-

232 2592 403 2633 pellatz'ones
441 2602 499 2623 non
532 2594 714 2633 recipiuntur
744 2599 837 2631 quam
872 2586 1051 2619 Constantii
1085 2587 1118 2617 ἃ

239 2632 425 2665 Constantis
449 2633 510 2665 effe
528 2657 538 2673 ,
569 2635 634 2675 ejus
659 2632 825 2672 lnscriptio
851 2630 990 2667 indicat3
1013 2636 1118 2669 eaque

240 2674 364 2714 CuJacii
389 2675 543 2707 sententia
573 2676 706 2707 eruditis
735 2671 919 2704 hominibus
949 2669 1114 2711 probatur.

238 2715 304 2747 Sed
322 2715 398 2747 mihi
415 2715 574 2756 displicet:
599 2717 670 2757 quia
689 2714 893 2747 Constantius
909 2712 939 2744 ὅ(
957 2710 1114 2743 Constans

240 2758 276 2790 in
300 2758 329 2789 d.
353 2757 372 2788 l.
389 2767 420 2796 4.
444 2757 589 2789 adultero
614 2767 678 2789 non
706 2757 798 2798 gladii
815 2779 825 2794 ‚
856 2755 908 2786 sed
935 2753 1113 2794 parricidii,

238 2807 372 2840 poenam
404 2798 591 2839 imposuere.
623 2798 664 2830 fic
688 2800 771 2829 enim
800 2798 991 2836 loquuntur.
1041 2796 1115 2827 Cum

236 2841 307 2882 pari
315 2838 463 2881 finzilique
480 2841 589 2871 ratione
608 2840 758 2881 sacrilegos
777 2840 949 2880 nuptiarum
974 2844 1115 2879 tanquam

240 2879 408 2921 manifestos
421 2882 585 2922 parricidas
601 2882 710 2921 insuere
727 2881 813 2911 culleo
831 2881 916 2911 vivos
934 2879 980 2910 vel
996 2889 1115 2910 exurere

240 2928 386 2965 oporteat..
429 2922 547 2963 Aiunt,
571 2921 614 2953 sat
631 2921 716 2960 scio,
740 2921 915 2954 Doctiffimi
929 2920 1017 2961 Viri,
1040 2922 1112 2953 ulti-

236 2974 328 2998 mum
347 2967 376 2998 d.
393 2964 413 2996 l.
432 2974 482 3006 30.
507 2962 630 2996 versum
654 2973 671 2994 a
687 2962 890 2995 Triboniano
918 2962 998 3001 effe,
1025 2963 1054 2995 δι
1073 2963 1112 2999 ab

241 3016 283 3038 eo
307 3016 349 3038 ex
372 3007 399 3038 ct.
424 3006 445 3038 l.
464 3016 493 3046 4.
517 3005 766 3045 concinnatum,
790 3004 952 3036 substituta
976 3013 1036 3045 pro
1053 3004 1113 3036 cut-

236 3047 277 3080 leo
297 3048 327 3079 &
344 3044 489 3089 exustione
503 3044 597 3090 gladii
615 3056 720 3088 poena.
752 3046 814 3077 Sed
831 3046 997 3086 ignoscant
1016 3046 1112 3085 mihi,

241 3089 451 3129 existimanti,
475 3099 540 3121 non
559 3098 618 3127 pro
634 3087 788 3129 dignitate
804 3087 854 3117 sua
877 3086 917 3117 fic
939 3088 1111 3127 conjicere.

239 3139 308 3171 ‚non
324 3132 413 3163 enim
430 3130 470 3163 ad
489 3129 657 3165 verifimile
672 3128 848 3174 accedunt:
866 3135 969 3174 ,atque
993 3138 1033 3159 eo
1057 3129 1112 3161 mi-

237 3179 321 3214 2nus5
344 3173 418 3216 quia
432 3173 594 3221 adulteros
611 3171 662 3207 vel
677 3178 750 3205 ante
763 3170 776 3212 J
783 3168 986 3209 ustinianutn,
1010 3170 1040 3202 ἀ
1054 3180 1112 3204 no·

563 948 705 995 Quorum
720 944 936 992 appellationes
955 953 1013 976 non
1030 942 1234 988 recfpizmtar.

527 996 629 1031 Verba
652 998 733 1036 lraee,
760 994 917 1036 Excepto
943 990 1135 1031 adulteri-o,

298 1047 466 1082 actionibus
485 1046 584 1080 videri
609 1044 760 1103 afferipta
786 1044 825 1077 ex
851 1041 871 1074 l.
890 1051 946 1076 10.
974 1040 1006 1074 C.
1033 1038 1086 1074 Act
1115 1039 1236 1086 Legem
1261 1039 1389 1085 Juliain
1414 1040 1450 1075 de
1474 1040 1644 1076 adulteriis.

1288 942 1476 977 Laaanuas
1493 943 1671 988 explicitus,
1705 942 1757 976 De
1778 945 1925 978 mortibus
1946 945 2013 980 Per÷

1173 990 1367 1026 Diocletiano
1389 989 1431 1030 ὅ)
1452 992 1655 1025 Maximiano
1679 991 1700 1027 l.
1726 993 1782 1029 18.
1811 992 1842 1028 C.
1867 992 1901 1028 de
1921 1000 2014 1036 trans-3
2048 1002 2051 1058 l

1152 1136 1295 1182 minatiin
1314 1135 1369 1167 sub
1385 1135 1631 1176 Valentiniano,
1646 1136 1753 1178 gladio
1770 1138 1899 1178 punitos
1914 1137 2017 1180 fuiss'e',
2050 1139 2052 1184 l

1152 1179 1340 1209 Ammianus
1365 1178 1574 1210 Marcellinus
1598 1178 1724 1217 refert,
1755 1179 1802 1211 lib.
1829 1182 1878 1214 28.
1908 1186 1968 1221 cap.
1990 1189 2016 1214 1.
2051 1200 2052 1213 l

1154 1218 1316 1260 Cethegus,
1340 1220 1498 1260 inquiens.
1541 1219 1663 1250 Senator
1680 1220 1818 1252 adulterii
1833 1231 1896 1253 reus
1916 1222 2018 1254 cervice

1148 1260 1237 1300 periit
1261 1260 1387 1300 absczffa.
1435 1260 1523 1302 Quid
1539 1283 1549 1299 ,
1570 1260 1592 1292 si
1608 1261 1739 1299 addam,
1763 1272 1915 1303 apparere
1933 1272 1972 1294 ex
1991 1262 2018 1296 d.

1154 1301 1172 1332 l.
1188 1311 1219 1341 4.
1240 1302 1386 1334 adulterii
1404 1311 1532 1342 poenam
1551 1311 1615 1333 non
1636 1312 1671 1333 ea
1691 1304 1828 1342 primum
1849 1304 1917 1345 lege
1933 1303 2019 1336 fuiss‘e

1154 1343 1324 1383 capitalem
1347 1343 1484 1383 factam3
1508 1342 1561 1374 sed
1585 1344 1728 1384 capitalis
1752 1354 1855 1384 poenae
1878 1345 2020 1378 severita-

1155 1391 1220 1415 tem
1249 1393 1320 1425 quae
1340 1393 1413 1416 ante
1436 1385 1614 1416 obtinuerit
1639 1386 1671 1416 in
1695 1387 1872 1425 adulterio,
1896 1396 1931 1418 ea
1955 1387 2020 1428 lege
2046 1403 2052 1414 -·

1155 1424 1276 1457 auctam
1288 1449 1297 1464 ,
1321 1426 1350 1457 ἃ
1367 1427 1397 1457 111
1420 1426 1578 1467 parricidii
1595 1435 1723 1467 poenam
1739 1427 1926 1459 conversam
1939 1427 2019 1460 effe?

1154 1467 1312 1499 verissime
1333 1468 1464 1499 dixero:
1488 1476 1549 1499 nec
1574 1477 1656 1508 opus
1682 1470 1895 1510 argumentis3
1918 1477 2020 1511 quam-

1154 1517 1248 1548 quam
1270 1509 1412 1549 alioquin
1438 1510 1471 1541 id
1499 1509 1548 1541 vel
1575 1519 1615 1541 eo
1638 1510 1777 1550 adjuvari
1801 1510 1914 1552 poffit,
1938 1510 2021 1551 quod

1153 1550 1342 1582 adulterium
1355 1551 1418 1591 jam
1445 1550 1499 1582 sub
1524 1550 1754 1591 Constantino,
1779 1560 1875 1593 atque
1898 1559 1972 1584 ante
1991 1552 2020 1585 d.

1153 1591 1175 1622 l.
1192 1602 1223 1630 4.
1245 1592 1352 1632 capite
1369 1593 1522 1633 punitumv
1538 1591 1629 1623 fuisse
1645 1616 1656 1631 ,
1688 1593 1755 1634 ipso
1784 1593 1914 1625 auctore
1937 1592 2020 1625 disci-

1152 1641 1224 1664 mus
1241 1632 1454 1665 Constantino
1477 1633 1497 1664 l.
1516 1637 1563 1664 16.
1582 1633 1615 1665 C.
1633 1634 1799 1674 depoenis,
1814 1634 1861 1670 ὅ).
1877 1635 1896 1666 l.
1910 1645 1937 1667 1.
1955 1634 2021 1668 Coa.

1155 1673 1260 1715 Theod.
1283 1675 1343 1707 eod.
1365 1676 1412 1706 tit.
1456 1674 1594 1706 Proinde
1613 1673 1763 1708 assentior
1789 1675 1869 1717 Imp.
1886 1675 2022 1716 Justinia·
2051 1699 2052 1706 ,

1152 1722 1196 1747 no·
1215 1715 1268 1756 qui
1284 1716 1380 1757 gladii
1395 1725 1525 1757 poenam
1549 1715 1761 1749 Constantino
1778 1716 1930 1748 adscribit·
1950 1714 2024 1750 ind.
2050 1722 2052 1745 Ι

1151 1756 1271 1789 Noveu.
1295 1766 1362 1799 ¹34·
1385 1767 1409 1789 c.
1435 1766 1482 1789 xo.
1529 1756 1597 1789 Etfi
1617 1757 1755 1790 dubitari
1780 1758 1895 1799 poffit,
1925 1762 2024 1792 utrum
2051 1774 2052 1778 ¹

1151 1807 1189 1830 ea
1205 1798 1301 1839 gladii
1320 1807 1412 1840 poena
1436 1800 1464 1830 d.
1482 1799 1501 1831 l.
1520 1808 1569 1841 30.
1595 1798 1625 1841 §.
1644 1806 1671 1831 1.
1696 1799 1869 1840 debeatur,
1892 1807 1935 1832 an
1955 1797 2022 1847 {⁷¹⁶²

1152 1839 1243 1885 fecta·
1260 1839 1297 1872 fit
1322 1850 1364 1872 ex
1391 1840 1450 1872 alia
1482 1839 1681 1873 Constantini
1708 1841 1780 1883 lege
1800 1850 1872 1882 quae
1898 1841 2022 1883 perierit

1152 1882 1264 1922 injuria
1281 1887 1475 1922 temporum.
1517 1882 1598 1922 Sed,
1621 1889 1701 1924 puto
1717 1906 1727 1923 ,
1751 1882 1900 1924 profecta
1919 1882 2023 1918 est‘et

1155 1923 1238 1962 alia,
1260 1922 1325 1963 ipsa
1349 1924 1410 1955 lata
1427 1924 1512 1956 circa
1537 1924 1627 1956 initia
1652 1925 1777 1966 imperii
1801 1923 2023 1964 Constantini}

1155 1971 1254 2006 atque
1272 1965 1347 1997 inde
1370 1964 1487 1997 tranfiit
1503 1965 1535 1997 in
1556 1967 1586 1996 cl.
1611 1965 1631 1997 l.
1645 1975 1695 2007 30.
1716 1966 1746 2007 §.
1765 1975 1791 1999 1.
1816 1965 1901 1999 Nam
1917 1964 1960 1999 ita
1974 1962 2025 1999 off·

1159 2005 1316 2038 servatum
1332 2007 1502 2048 aliquando
1519 2016 1537 2038 a
1560 2005 1764 2039 Triboniano
1779 2007 1811 2039 in
1832 2007 1963 2040 Codicis
1975 2006 2025 2047 'Iti-

1152 2047 1301 2079 ‘stinianei
1324 2047 1551 2086 confectione,
1575 2048 1621 2079 uti
1645 2048 1723 2081 duas
1740 2072 1749 2088 ,
1780 2049 1876 2080 etiam
1894 2045 2025 2080 diverso-

1157 2098 1226 2120 rum
1243 2089 1475 2130 Imperatorum
1491 2113 1502 2129 ,
1526 2088 1779 2122 constitutiones
1796 2088 2024 2131 confunderet:

1151 2131 1187 2162 ὃ(
1206 2131 1390 2171 exemplum
1412 2132 1444 2163 in
1469 2131 1488 2163 l.
1508 2140 1536 2162 2.
1562 2131 1593 2162 C.
1611 2132 1644 2161 de
1661 2131 1827 2169 infantibus
1845 2129 1977 2172 expofitis
1990 2129 2024 2169 de

1157 2180 1219 2210 qua
1236 2172 1301 2203 dixi
1320 2172 1351 2203 in
1368 2172 1453 2213 Julio
1472 2172 1585 2210 Paulo,
1601 2170 1668 2210 five
1688 2173 1840 2213 deportas
1862 2170 2025 2213 expofitione

1159 2212 1196 2247 &⁹
1218 2221 1283 2244 nece
1307 2220 1369 2254 cap.
1390 2217 1419 2244 6.
1472 2213 1549 2245 Hoc
1574 2223 1653 2244 vero
1677 2214 1708 2245 in
1740 2212 1907 2254 propoiito
1931 2212 2026 2244 conti-

1158 2254 1255 2296 gisse,
1279 2264 1343 2287 non
1363 2263 1484 2287 temere
1501 2255 1660 2295 conjici03
1685 2255 1758 2295 quia
1775 2264 1815 2286 ex
1824 2253 2026 2295 Subscriptio-

1152 2306 1203 2327 ·ne
1221 2297 1250 2328 d.
1275 2296 1295 2333 l.
1313 2306 1364 2337 30.
1389 2296 1418 2338 §.
1438 2305 1464 2328 1.
1487 2303 1638 2338 apparet,
1661 2295 1810 2337 scriptam
1837 2295 1899 2327 effe
1919 2305 1937 2327 a
1956 2301 2025 2327 nato

1162 2337 1292 2369 Christo
1318 2347 1403 2369 anno
1421 2341 1491 2379 326.
1517 2346 1592 2369 cum
1610 2339 1639 2369 d.
1661 2338 1680 2369 l.
1702 2341 1750 2369 16.
1776 2338 1806 2369 &
1828 2338 1856 2369 d.
1879 2337 1899 2368 l.
1922 2346 1948 2368 1.
1967 2337 2025 2377 jam

1161 2387 1237 2410 ante
1258 2378 1373 2419 scripta
1395 2379 1432 2410 fit
1455 2388 1539 2411 anno
1559 2388 1630 2420 314.
1674 2379 1829 2418 Accedit,
1858 2378 1946 2419 quod
1969 2376 2023 2409 La-

1162 2420 1318 2460 crannus,
1342 2419 1389 2451 De
1404 2422 1543 2453 mortibus
1566 2420 1783 2460 Persecutorum
1805 2430 1830 2451 c.
1850 2429 1900 2460 39.
1923 2418 1960 2454 ὅ)
1978 2426 2024 2459 4ο.

1161 2461 1305 2494 referens
1321 2461 1400 2493 Acta
1414 2462 1487 2494 anni
1502 2471 1572 2504 31²·
1596 2460 1739 2493 fimiliter
1754 2463 1902 2494 meminit
1917 2459 2025 2501 capita-

1161 2504 1198 2536 lis
1221 2503 1368 2535 adulterii
1396 2512 1502 2545 poenae
1520 2527 1529 2542 ,
1559 2512 1653 2543 quam
1678 2502 1847 2545 instigante
1871 2503 1902 2534 in
1925 2499 2025 2546 primis

1162 2545 1392 2583 Maximiano,
1425 2543 1540 2576 Praeses
1569 2543 1738 2576 Eratineus
1769 2544 1941 2576 clariffimis
1963 2549 2024 2583 qui-

1156 2588 1296 2619 busdam
1319 2586 1466 2626 feminis,
1489 2585 1544 2618 etfi
1562 2584 1760 2624 insontibus,
1780 2585 1941 2618 inflixerit.
1976 2582 2024 2615 De

1161 2630 1233 2660 viro
1250 2636 1381 2669 quoque
1398 2628 1543 2660 adulterii
1561 2626 1707 2659 confesso
1723 2626 1765 2658 fic
1781 2625 2024 2662 aitLactantius,

1160 2670 1228 2702 Nec
1244 2669 1372 2701 adultero
1386 2669 1545 2711 impunitas
1556 2668 1694 2710 protntffa
1703 2668 1899 2709 persolvitur3
1911 2667 1964 2708 sed
1976 2671 2023 2711 pa-

1161 2713 1249 2744 tibula
1267 2710 1396 2750 adfixus.
1440 2711 1502 2743 Sed
1521 2710 1585 2742 hoc
1601 2711 1645 2741 ita
1663 2710 1906 2750 accipiendum,
1929 2717 1967 2740 ne
1982 2715 2023 2738 111-

1162 2754 1315 2795 digitetur
1329 2761 1424 2793 poena
1441 2762 1512 2792 quae
1528 2751 1626 2784 fuerit
1650 2751 1756 2783 debita
1779 2750 1920 2792 personae
1943 2747 2024 2793 adul-

1159 2796 1234 2828 teri.
1258 2803 1324 2826 non
1348 2795 1434 2826 enim
1451 2794 1524 2826 haeo
1546 2793 1712 2825 Lactantio
1735 2794 1816 2824 ratio
1831 2792 1909 2824 fuit:
1931 2790 1960 2822 &
1974 2788 2025 2820 ali·

1158 2847 1213 2870 tter
1234 2836 1265 2868 se
1281 2846 1330 2868 res
1349 2835 1470 2868 habuit.
1512 2835 1588 2867 Erat
1603 2836 1724 2876 quippe
1747 2834 1800 2875 qui
1817 2832 1960 2873 patibulo
1975 2829 2026 2861 ad-

1158 2879 1247 2912 fixus
1271 2878 1406 2918 dicitur,
1430 2885 1504 2909 ante
1528 2886 1622 2918 quam
1645 2875 1723 2908 falso
1748 2874 1954 2919 confiteretur
1976 2869 2025 2902 ad-

1156 2920 1310 2955 ulterium
1326 2943 1336 2959 ,
1358 2920 1491 2954 aliorum
1510 2929 1581 2951 reus
1596 2918 1796 2955 facinorum3
1818 2912 2026 2957 promiss'aque

1156 2970 1197 2996 eo
1205 2971 1274 2995 rum
1291 2962 1482 3003 impunitate
1499 2961 1606 2993 induci
1623 2959 1653 2992 se
1670 2958 1769 3000 pallus
1784 2957 1906 3002 fuerat,
1921 2961 1958 2984 ut
1970 2951 2026 2999 ,1111-

1156 3003 1273 3039 rniliss'e
1297 3002 1328 3034 se
1352 3003 1541 3036 adulterium
1559 3010 1633 3033 cum
1655 2999 1793 3032 innoxiis
1819 2996 1878 3027 illis
1900 2994 2027 3026 fernlnls

1155 3048 1363 3080 mentiretur.
1393 3045 1437 3076 ita
1461 3045 1522 3077 illae
1556 3043 1612 3075 etfi
1643 3040 1776 3081 injuste,
1811 3045 1915 3068 tamen
1944 3031 2029 3082 quali

1155 3087 1338 3125 comitiae,
1362 3096 1422 3128 pro
1444 3086 1594 3118 adulteris
1623 3089 1741 3115 nccatae
1757 3078 1842 3128 sunt.
1873 3086 1936 3123 nee
1954 3084 2029 3108 ima-

1154 3130 1284 3172 ginam'o
1303 3129 1347 3161 illi
1365 3128 1511 3161 adultero
1527 3127 1646 3159 servata
1663 3119 1816 3164 promiffae
1834 3117 1913 3151 fides
1928 3125 2029 3158 impu-

1154 3173 1284 3213 nitatis3
1310 3170 1366 3205 sed
1380 3170 1524 3213 patibulo
1541 3166 1663 3203 adfixus
1680 3163 1744 3199 est:
1764 3161 1858 3203 (noa
1879 3159 1924 3194 ob
1945 3158 2030 3233 augg:
