2036 3495
190 114 263 153 414

193 196 310 238 penius
331 203 446 238 negat;
468 195 564 234 idque
581 193 611 225 ἃ
634 192 690 225 fibi
713 200 825 224 verum
845 191 945 223 videri
965 213 976 231 ‚
1005 185 1062 223 Ul-

195 240 305 278 pianus
322 239 381 270 ait:
404 235 571 277 prefatus,
593 242 706 266 contra
723 233 829 266 bonos
853 237 958 264 mores
980 231 1061 271 effe3

196 279 316 320 quipp-e
335 287 405 310 cum
428 284 594 316 appareat,
617 274 681 306 effe
696 283 810 307 contra
825 281 987 314 receptam
1013 282 1063 304 rea-

196 318 370 351 verentiam
388 326 458 357 qua:
473 316 591 348 maritis
607 316 788 348 exhibenda
808 315 853 347 est
876 315 886 346 l
918 324 963 351 ¹4-
987 313 1016 356 §.
1036 323 1062 346 1.

194 360 240 392 D.
257 361 286 392 h.
305 365 326 392 t.
367 357 420 389 De
435 364 552 389 caetero
569 366 642 390 cum
659 358 812 395 dicimus,
833 357 980 388 maritum
999 364 1062 387 tan-

196 410 263 432 tum
288 398 496 431 condemnari
519 399 551 432 in
579 399 610 430 id
626 400 717 440 quod
739 399 847 430 facere
865 397 988 438 potest,
1011 396 1063 427 de·

197 450 283 473 mum
299 442 402 480 placet
417 438 621 480 Pomponio,
644 440 697 472 nisi
715 440 793 472 dolo
806 439 927 480 egerit:
952 438 1065 478 ipsum·

197 490 260 522 que
277 480 546 519 quemadmodum
568 481 790 521 accipiendum
814 480 870 518 fit,
895 479 1065 519 diligenter

198 522 310 554 traebat
327 521 347 552 l.
370 525 417 555 18.
433 521 481 553 D.
501 522 530 554 d.
550 527 572 553 t.
615 521 711 554 Plane
749 521 890 554 ersonale
914 519 977 552 esse
1000 519 1066 551 hoc

196 563 300 596 mariti
318 559 531 601 beneficium,
552 563 666 596 Paulus
689 573 724 595 re
742 572 790 595 ert
815 563 835 593 l.
855 571 899 603 13.
918 562 947 593 d.
967 566 988 592 t.
1014 570 1065 591 ea-

197 613 261 645 que
277 602 402 635 ratione
418 602 529 636 heredi
542 604 751 645 praestandum
774 603 856 641 ess'e,
889 610 983 647 negat
1006 600 1063 648 Ul-

195 647 309 687 pianus
323 644 343 676 l.
363 652 408 676 12.
425 646 452 675 d.
470 650 492 676 r.
515 654 646 685 putam,
664 654 736 677 cum
755 645 886 686 persona
900 652 1063 684 extingui:

195 684 369 727 potestque
386 685 449 716 huc
466 685 569 718 forsan
588 686 700 718 referri
715 687 735 717 l.
753 691 802 721 68.
822 686 868 717 D.
885 686 918 716 cie
927 694 985 725 reg.
996 685 1063 726 jur.

195 727 316 759 indicio
338 725 570 768 Inscriptionis‚
592 727 704 759 Paulus
718 728 765 758 lib.
774 725 923 771 singulari
943 727 994 757 De
1018 726 1064 769 ‘²⁰7

197 769 236 804 ,tis
252 767 423 808 repetitione.
464 766 676 808 Excipiuntur
691 767 745 800 filii
762 768 899 800 mulieris
914 766 966 808 qui
983 773 1065 805 patri

195 809 333 841 heredes
355 807 546 839 extiterunt:
570 811 642 841 n'am
658 809 688 841 &
704 810 761 841 hos
774 811 804 840 in
822 809 854 841 id
878 808 966 848 quod
980 806 1064 839 face-

196 860 234 882 re
253 849 402 891 polium,
424 849 685 883 condemnandos
699 874 710 890 ,
733 851 930 891 Pomponius
954 849 1065 880 auetor

195 891 243 923 est
258 892 287 922 d.
309 890 330 921 l.
350 894 395 924 18.
419 889 570 931 idemque
584 891 631 924 est
648 893 681 924 in
697 891 868 924 defensore
890 891 910 922 l.
939 899 986 929 14.
1014 890 1062 921 D.

195 932 226 964 b.
243 937 265 963 t.
309 930 391 963 Illud
412 933 613 972 praetermitti
628 956 639 973 ,
662 933 765 965 noluit
788 932 901 965 Paulus
923 932 941 962 l.
963 940 1008 971 15.
1031 929 1061 971 ᾗ.

194 980 226 1005 1.
241 973 290 1004 D.
308 973 337 1003 d.
355 976 378 1003 t.
402 972 490 1013 quod
506 972 615 1007 heredi
632 975 757 1013 mariti,
782 974 860 1006 licet
875 973 907 1005 in
931 972 1063 1004 solidum

195 1013 734 1055 condemnetur,compensationes
751 1022 858 1047 tamen
875 1023 946 1055 quae
961 1013 999 1044 ad
1011 1021 1063 1052 pe-

194 1054 364 1087 cuniariam
381 1053 502 1089 causam
518 1055 708 1097 respiciunt,
730 1057 926 1099 proderunt:
949 1062 984 1085 ut
1000 1053 1065 1084 hoc

194 1097 297 1129 minus
313 1095 349 1127 fit
371 1094 536 1137 obligatus.
556 1098 589 1130 ἀ
604 1097 766 1139 sequentia
789 1097 879 1139 ponit
902 1094 1064 1136 exempla:

195 1137 295 1170 veluti
313 1137 357 1168 ob
374 1143 424 1168 tes
446 1139 598 1178 donatas,
621 1139 652 1170 ὅ(
676 1147 818 1177 amotas,
841 1139 871 1170 &
899 1135 1065 1176 impensas.

193 1188 233 1211 an
259 1178 356 1223 etiam
383 1178 425 1210 ob
448 1180 590 1212 mores?
619 1180 734 1213 Paulus
764 1188 908 1217 morum,
941 1177 1064 1218 inquit,

195 1219 429 1252 coercinonem
454 1229 520 1252 non
544 1220 652 1253 habet.
694 1221 741 1254 Ut
762 1231 839 1253 vero
863 1221 925 1252 hoc
949 1219 1064 1250 intelli-

194 1269 308 1303 gatur3
331 1260 514 1301 subjiciam3
537 1263 624 1302 quod
640 1263 775 1304 postulat
791 1264 870 1293 ordo
894 1260 970 1293 mihi
993 1269 1065 1301 pro-

195 1301 335 1344 positus,
358 1301 463 1344 causas
480 1304 593 1343 quibus
610 1305 694 1335 dotis
724 1303 873 1346 repetitio
896 1303 1063 1334 minuatur.

194 1353 247 1376 eas
264 1351 430 1374 enumerat
445 1342 601 1384 Ulpianus
618 1346 662 1376 tit.
679 1349 707 1376 6.
723 1345 751 1387 §.
768 1354 798 1382 9.
811 1345 915 1376 verbis
931 1343 1063 1383 sequen·

195 1385 303 1416 tibus:
328 1381 511 1416 Retemiones
530 1395 567 1417 ex
583 1386 758 1425 dotefium,
787 1393 839 1417 aut
859 1391 974 1426 propter
997 1383 1062 1415 libe-

196 1436 262 1464 ros,
286 1431 339 1456 aut
348 1431 466 1465 propter
482 1435 591 1465 mores,
619 1431 672 1457 aut
687 1433 804 1468 propter
828 1428 988 1467 impensas,
1011 1429 1065 1456 aut

191 1472 308 1508 propter
332 1475 375 1496 res
397 1466 518 1498 donatas
532 1489 542 1505 ‚
572 1474 625 1498 auc
642 1473 758 1510 propter
782 1476 827 1498 res
848 1474 966 1498 amotas.
1009 1464 1065 1497 Ul-

221 1506 308 1538 ianus
336 1504 510 1546 fignificat,
539 1507 633 1539 uxori
660 1517 678 1539 a
706 1509 819 1540 marito
842 1507 1065 1540 restituendam

194 1517 286 1580 fuisse
303 1548 411 1578 dotem
435 1549 607 1589 integram:
629 1549 681 1581 nisi
700 1550 814 1582 marito
833 1558 875 1581 ex
899 1549 946 1580 his
969 1547 1066 1580 caufis

195 1588 272 1623 ess'et
287 1587 448 1621 retentio:
470 1589 683 1632 eamdemque
709 1590 820 1633 (quod
845 1599 862 1622 a
885 1589 983 1622 Paulo
1007 1598 1065 1622 tra·

609 102 1544 141 Gnnrnn1Noonr·comM.1

1104 191 1206 223 ditum
1224 192 1254 223 cl.
1274 191 1294 223 l.
1316 200 1366 234 15.
1388 193 1417 235 §.
1438 193 1482 234 1.)
1505 194 1600 225 etiam
1621 194 1688 235 eius
1709 194 1818 228 heredi
1852 197 1881 228 in
1904 197 1970 229 soli-

1105 233 1180 264 dum
1202 234 1420 267 condemnato
1442 234 1552 274 fuiffe3
1574 243 1784 277 praeterquam
1809 238 1896 278 quod
1920 238 1971 270 hic

1105 283 1174 320 eam
1206 282 1269 321 non
1293 274 1390 308 habet
1412 277 1456 307 ob
1482 286 1588 308 mores
1618 277 1768 310 mulieris.
1799 279 1974 317 videlicet,

1106 323 1180 354 quia
1204 316 1356 360 judicium
1382 317 1423 349 de
1445 317 1585 350 moribus
1611 319 1825 358 pecuniariam
1848 320 1972 352 causam

1106 365 1173 387 non
1195 357 1336 397 respicit,
1360 365 1396 389 ut
1418 358 1480 390 illac
1506 359 1681 399 superiores
1712 362 1741 393 d.
1764 361 1782 392 Ι.
1815 370 1862 402 15.
1885 361 1915 403 §.
1944 369 1972 393 1.

1105 396 1157 428 sed
1191 396 1288 429 habet
1326 398 1485 440 publicam
1519 401 1689 433 utilitatem
1713 401 1884 434 coercendi
1907 411 1973 433 ma-

1105 438 1154 482 los
1177 445 1284 470 mores
1306 439 1324 471 l.
1339 450 1371 481 5.
1394 440 1436 472 D.
1450 443 1485 473 de
1497 441 1575 482 pact.
1598 443 1656 474 dot.
1678 442 1723 474 ita
1739 444 1886 475 continet
1903 444 1973 475 vin-

1106 479 1242 517 metam,
1264 488 1325 511 nec
1340 482 1497 521 competit
1514 483 1622 515 heredi
1641 484 1692 515 vel
1711 485 1815 516 mariti
1824 484 1876 515 vel
1893 494 1973 516 uxo-

1106 521 1160 567 ris,
1181 521 1303 561 optime
1327 516 1528 555 Constantius
1557 525 1576 555 l.
1604 534 1629 556 1.
1654 525 1723 556 Cod.
1744 524 1846 556 Theod.
1871 526 1905 556 de
1926 526 1974 557 do-

1107 562 1196 593 tibus.
1241 561 1289 593 De
1302 565 1426 595 moribus
1440 563 1513 596 αὲἶίο
1532 565 1611 597 ultra
1619 567 1769 608 perstinam
1785 567 1900 598 extendi
1914 575 1974 598 non

1101 600 1208 648 potest:
1231 612 1283 634 nec
1298 604 1330 634 in
1346 603 1471 636 heredem
1484 607 1617 643 dabitur,
1641 617 1692 638 nec
1709 609 1853 639 tribuetur
1869 608 1973 639 heredi.

1145 642 1259 682 Dicto,
1282 653 1435 685 quantum
1453 645 1543 683 satis,
1567 648 1608 679 de
1630 649 1674 679 rei
1695 650 1816 681 uxoriae
1830 648 1973 687 afflone,

1106 685 1271 729 nedebeo
1288 685 1419 725 quidem
1434 686 1578 718 oblivisci
1598 688 1729 721 aelionis
1746 700 1786 722 ex
1809 690 1973 729 stipulatu:

1106 724 1222 772 solitae.
1241 731 1357 772 praeter
1371 726 1565 766 superiorem
1576 750 1586 765 ‚
1601 737 1662 769 pro
1676 731 1762 763 dotis
1775 730 1974 763 restitutione

1104 775 1173 807 Jure
1196 767 1280 798 civili
1306 776 1531 808 competere,¹
1551 777 1742 810 quamquam
1767 781 1832 804 non
1862 773 1973 811 aliter,

1107 816 1200 848 quam
1217 816 1290 840 ante
1309 809 1349 840 de
1365 818 1403 840 ea
1419 809 1499 841 faeta
1515 807 1734 851 stipulatione„
1748 812 1809 844 Sed
1822 813 1870 852 jus
1883 822 1975 846 vetus

1105 849 1240 881 mutavit
1264 849 1344 890 lmp.
1362 848 1551 890 justinianus
1573 850 1593 883 l.
1621 853 1701 885 unic.
1720 852 1752 884 C.
1775 854 1809 884 de
1829 855 1868 884 rei
1889 864 1974 886 uxor.

1105 889 1162 921 aa.
1182 890 1315 931 jubens,
1339 889 1456 922 sublata
1474 892 1517 923 rei
1543 893 1662 929 uxoria:
1684 892 1828 933 afflone,
1852 895 1975 927 mulieri

1106 940 1164 972 pro
1180 931 1371 963 restituenda
1390 933 1466 965 dote
1482 933 1576 965 solam
1593 934 1747 975 deinceps
1765 935 1918 975 indulgeri
1934 929 1982 967 er?

1106 971 1254 1013 stipulatu
1270 973 1445 1012 actionem,
1469 973 1533 1005 five
1554 974 1734 1016 interposita
1753 975 1788 1007 fit
1805 985 1822 1007 a
1844 976 1977 1008 muliere

1106 1012 1287 1053 stipulatio,
1309 1013 1374 1046 five
1388 1024 1455 1046 non
1473 1015 1518 1046 sit.
1541 1015 1667 1055 prorsus
1681 1024 1734 1055 ut,
1757 1017 1777 1049 fi
1794 1017 1899 1049 omiffa
1923 1026 1978 1058 pa-

1107 1055 1169 1086 lam
1189 1055 1223 1085 fit
1238 1077 1248 1093 ,
1271 1055 1304 1086 in
1322 1056 1387 1094 ejus
1404 1056 1559 1088 honorem
1580 1057 1785 1098 imperatoria
1807 1057 1978 1098 providen-

1108 1096 1151 1126 tia
1167 1095 1272 1127 adh'uc
1289 1098 1385 1128 tacite
1401 1097 1604 1130 intervenisse
1627 1099 1834 1141 intelligatur.
1876 1098 1930 1131 Est
1946 1101 1978 1132 ὅ(

1107 1136 1166 1168 alia
1188 1136 1395 1177 observatio3
1426 1140 1512 1178 quod
1537 1139 1605 1171 haec
1627 1150 1669 1172 ex
1699 1141 1846 1181 stipulatu
1868 1140 1951 1173 actio
1966 1163 1977 1180 ‚
2011 1163 2013 1166 s

1107 1185 1180 1209 cum
1196 1177 1247 1209 sua
1264 1186 1373 1210 natura
1390 1179 1425 1210 sit
1442 1179 1533 1212 stricti
1546 1181 1640 1221 juris,
1662 1182 1694 1213 in
1715 1181 1879 1222 propofito
1897 1191 1979 1223 quo-

1107 1228 1170 1259 que
1187 1218 1227 1250 ab
1254 1218 1451 1260 Imperatore
1475 1220 1520 1259 est
1537 1222 1620 1253 facta
1644 1223 1738 1254 bonae
1761 1222 1855 1254 fidei:
1878 1223 1979 1263 qualis

1106 1260 1181 1292 olim
1198 1260 1250 1306 vel
1265 1260 1426 1293 Cicerone
1442 1261 1540 1301 teste,
1555 1263 1602 1294 lib.
1614 1273 1644 1304 3.
1671 1264 1721 1294 De
1736 1262 1836 1304 officiis
1852 1271 1912 1304 cap.
1928 1274 1976 1306 17·

1107 1309 1174 1333 erat
1189 1301 1270 1332 acuo
1284 1302 1328 1333 rei
1346 1302 1470 1334 uxoriae.
1482 1302 1556 1335 Nec
1571 1303 1633 1335 h'oc
1647 1305 1859 1336 omittendum
1870 1306 1978 1344 ‚quod

1105 1341 1184 1383 lmp.
1201 1342 1388 1382 justinianus
1402 1344 1429 1374 ei
1450 1343 1574 1384 insuper
1592 1346 1736 1384 deditjus
1753 1348 1857 1377 tacitae
1879 1346 1980 1388 hpyo·

1107 1383 1228 1423 thecae3
1252 1384 1280 1414 ἃ
1297 1384 1353 1425 (ut
1368 1384 1412 1415 est
1430 1385 1460 1415 in
1478 1384 1507 1426 §.
1528 1395 1574 1422 29.
1595 1384 1665 1426 Infl.
1685 1388 1717 1417 de
1731 1386 1858 1427 aetion.)
1880 1388 1978 1421 ctiam

1107 1424 1211 1456 voluit
1235 1433 1304 1456 eam
1325 1425 1392 1456 aliis
1419 1426 1627 1463 creditoribus
1649 1426 1815 1467 praeferri,
1846 1436 1920 1459 curn
1936 1432 1978 1462 de

1108 1465 1183 1497 dote
1200 1465 1249 1496 sua
1274 1468 1445 1507 experitur.
1489 1465 1587 1498 Vides
1613 1468 1762 1498 summam
1786 1468 1857 1498 novi
1881 1470 1977 1511 juris,

1108 1515 1212 1546 eoque
1229 1506 1314 1545 plura
1338 1507 1462 1538 inducta
1479 1507 1650 1538 Veteribus
1675 1507 1765 1538 aliter
1789 1508 1976 1552 observata,

1109 1548 1139 1579 ὁ(
1158 1547 1210 1591 hic
1226 1547 1433 1592 explicanda3
1444 1547 1499 1580 nifi
1515 1557 1555 1579 ex
1571 1548 1711 1581 leEtione
1727 1547 1786 1580 ad.
1797 1550 1889 1581 unicoe
1904 1561 1979 1594 pos.

1110 1590 1177 1620 ient
1193 1588 1328 1630 intelligi
1344 1589 1467 1621 melius.

197 1765 560 1832 LIBER
657 1770 1341 1827 VIGESIMUS
1434 1766 1978 1842 QUINTUS.

856 1889 1295 1930 T1Tutn51.

769 1982 821 2019 De
847 1980 986 2029 impensis
1013 1983 1045 2018 in
1071 1994 1121 2018 res
1147 1981 1262 2018 dotales
1281 1981 1393 2029 fanis.

191 2077 406 2126 &gg-*glo
427 2077 558 2112 Titulus
575 2079 695 2122 pendet
711 2087 728 2110 a
751 2074 930 2119 superiore:
952 2078 983 2111 in
1000 2086 1064 2120 quo

378 2119 496 2152 dictum
517 2120 598 2160 fuit,
620 2121 753 2153 muliere
778 2121 888 2151 dotem
914 2128 1062 2161 repeten-

188 2130 232 2222 ξ
259 2149 293 2183 Η
315 2129 356 2221 Ξ
379 2168 430 2201 te,
453 2160 515 2193 ess'e
533 2163 646 2194 marito
663 2161 755 2193 variis
772 2171 812 2193 ex
838 2161 935 2193 caulis
963 2162 992 2192 ἃ
1015 2171 1062 2193 re·

378 2203 559 2235 tentionem
585 2203 616 2234 ἃ
638 2203 840 2242 petitionem.
873 2212 933 2234 una
955 2202 1062 2234 locum

189 2223 352 2272 &met-293
375 2243 472 2276 habet
488 2251 621 2285 propter
639 2244 810 2285 impensas:
832 2239 864 2274 in
905 2243 997 2276 uibus
1007 2242 1063 2275 Ul-

191 2286 288 2326 piano
303 2286 323 2317 l.
338 2295 368 2326 3.
391 2285 420 2326 §.
442 2294 467 2317 1.
491 2288 518 2317 h.
538 2292 559 2317 ι.
584 2283 704 2326 duplex
730 2284 774 2316 est
803 2285 888 2324 inspe
925 2286 965 2316 io·
988 2288 1061 2316 nam

192 2327 233 2357 ait
249 2327 383 2358 multum
400 2326 567 2366 interess‘e,
591 2332 696 2358 utrum
718 2327 757 2357 ad
775 2332 959 2366 perpetuam
978 2326 1061 2358 utili-

192 2374 290 2398 tatem
314 2368 398 2409 agri,
423 2368 475 2400 vel
499 2368 538 2400 ad
560 2375 630 2399 eam
652 2376 723 2407 quae
751 2376 817 2398 non
840 2367 878 2398 ad
901 2365 1061 2405 praesentis

193 2409 345 2448 temporis
367 2409 544 2449 pertineat3
574 2418 612 2441 an
637 2418 714 2440 vero
735 2409 775 2439 ad
798 2408 958 2449 praesentis
980 2408 1061 2443 ¹anni

191 2447 339 2481 frustum.
366 2451 385 2481 fi
410 2451 442 2481 in
465 2449 645 2491 praesenti33
668 2457 778 2490 putat,
810 2458 882 2480 cum
908 2448 1062 2481 fructibus

193 2487 256 2521 hoc
272 2491 547 2530 compensandum.
571 2493 720 2531 idemque
738 2491 833 2522 docet
852 2489 963 2523 Paulus
979 2491 997 2521 l.
1018 2500 1061 2532 13.

193 2530 348 2562 observari
366 2531 395 2562 in
410 2531 568 2573 stipendio
587 2533 616 2564 δι
634 2532 755 2563 tributo
773 2532 816 2562 ob
832 2531 973 2563 dotalem
991 2531 1060 2563 fun-

194 2572 270 2603 dum
288 2571 438 2611 praestito:
461 2573 610 2614 praefatus
621 2597 630 2612 ‚
642 2573 710 2604 haec
726 2571 883 2613 impendia
900 2582 982 2604 onus
997 2572 1061 2604 fru-

195 2613 302 2645 ctuum
319 2611 390 2642 effe.
421 2612 498 2646 Non
518 2615 559 2646 ita
584 2614 663 2652 effe,
690 2614 792 2654 inquit
811 2611 967 2653 Ulpianus
984 2615 1013 2646 d.
1033 2613 1062 2655 ᾗ.

196 2663 223 2686 1.
237 2653 256 2684 l.
275 2663 304 2694 3.
327 2651 349 2684 fi
365 2661 426 2684 non
443 2654 503 2686 suit
520 2658 556 2686 ad
576 2656 707 2694 proesens
723 2662 845 2685 tantum
864 2662 938 2694 apta
955 2664 1063 2695 eroga-

195 2695 252 2726 tio.
281 2702 348 2725 tum
379 2695 463 2726 enim
499 2695 675 2728 neceffariis
697 2694 844 2735 impensis
876 2703 1063 2736 computan-

194 2738 287 2771 dum:
310 2737 407 2769 modo
430 2734 470 2776 si,
502 2746 536 2769 ut
559 2737 645 2777 dixi,
674 2735 752 2769 fiant
774 2735 806 2769 in
833 2735 912 2778 ipsas
935 2745 985 2769 res
1007 2738 1063 2768 do-

1106 2074 1184 2111 tales
1200 2101 1210 2117 ,
1243 2075 1273 2110 &
1301 2077 1447 2120 perpetui
1477 2071 1548 2110 usus
1578 2076 1666 2109 causa
1695 2077 1716 2110 l.
1743 2086 1769 2109 1.
1791 2077 1819 2119 §.
1844 2087 1872 2109 2.
1897 2078 1925 2109 b.
1949 2079 1973 2111 ὑ.

1147 2120 1277 2152 Interim
1295 2121 1434 2160 triplices
1451 2119 1513 2151 esse
1534 2119 1705 2160 impensas,
1727 2127 1842 2160 nempe
1865 2128 1977 2151 neces-

1105 2159 1211 2200 sarias,
1237 2161 1330 2192 utiles
1343 2184 1353 2200 ,
1375 2161 1403 2192 ἃ
1420 2161 1610 2202 voluptarias
1625 2183 1636 2199 ,
1658 2159 1846 2201 intelligitur
1863 2169 1903 2192 ex
1917 2161 1974 2192 dds

1109 2210 1133 2232 1.
1149 2202 1186 2236 &⁹
1201 2202 1221 2233 l.
1238 2211 1288 2242 79.
1306 2203 1352 2234 D.
1369 2203 1401 2232 de
1410 2201 1600 2244 verb.fignif.
1625 2200 1803 2233 necess‘ariae
1817 2201 1973 2233 definiun-

1107 2251 1156 2274 tur
1175 2245 1202 2274 ά.
1218 2243 1237 2274 l.
1259 2252 1284 2274 1.
1301 2241 1330 2284 §.
1350 2252 1378 2278 ι.
1394 2244 1423 2274 d.
1442 2244 1462 2274 l.
1480 2246 1527 2283 7‘9.
1551 2243 1570 2274 l.
1589 2242 1642 2274 ult.
1661 2243 1687 2274 h.
1705 2248 1727 2274 t.
1750 2243 1896 2282 exempla
1919 2246 1975 2283 pe*—

1106 2292 1174 2322 tere
1197 2283 1272 2315 licet
1294 2293 1334 2316 ex
1360 2286 1390 2316 α.
1408 2284 1428 2315 l.
1448 2293 1475 2316 1.
1501 2284 1530 2326 §.
1550 2294 1579 2325 3.
1599 2284 1617 2314 l.
1636 2293 1666 2317 2.
1686 2282 1723 2318 ὃ
1746 2293 1776 2323 3.
1799 2283 1819 2314 l.
1841 2292 1886 2321 14.
1905 2283 1931 2313 h.
1951 2288 1972 2312 τ.

1107 2324 1212 2357 Utiles
1229 2334 1299 2366 quae
1322 2324 1399 2364 fint,
1422 2326 1592 2364 exponitur
1614 2324 1634 2355 Ζ.
1652 2335 1682 2365 §-
1700 2324 1728 2366 §.
1747 2324 1800 2355 ult.
1824 2324 1972 2362 exempla

1104 2366 1237 2398 exhibet
1251 2367 1270 2397 l.
1284 2370 1314 2397 6.
1331 2368 1360 2398 ti.
1376 2366 1396 2397 l.
1420 2374 1465 2406 14.
1483 2366 1511 2408 ᾗ.
1532 2375 1556 2398 1.
1574 2365 1602 2397 d.
1620 2366 1639 2397 l.
1658 2369 1704 2406 7'9.
1723 2365 1749 2407 §.
1772 2374 1798 2396 1.
1826 2364 1972 2403 volupta-

1104 2408 1163 2444 rias
1179 2404 1326 2438 describit
1344 2408 1363 2439 Ι.
1381 2417 1410 2448 7.
1428 2409 1456 2439 h.
1475 2416 1496 2439 t.
1520 2407 1667 2448 exempla
1691 2405 1758 2437 sunt
1781 2407 1811 2435 in
1835 2404 1898 2450 [ιιι.
1916 2413 1971 2450 ⁴14.

1102 2448 1131 2490 §.
1149 2450 1177 2480 2¹.
1193 2450 1221 2480 d.
1234 2449 1251 2479 l.
1265 2457 1313 2489 79.
1351 2471 1359 2479 .
1377 2449 1430 2480 ult.
1455 2448 1507 2489 Jus
1524 2448 1628 2480 mariti
1645 2450 1800 2485 quodnam
1818 2444 1853 2476 fit
1867 2455 1897 2476 m
1914 2454 1972 2476 irn-

1104 2489 1206 2531 penfis
1223 2499 1303 2521 nece
1329 2491 1417 2527 ariis,
1429 2489 1529 2521 disces
1546 2499 1586 2520 ex
1604 2489 1623 2520 l.
1643 2498 1672 2527 5.
1692 2486 1732 2521 δ’
1744 2486 1763 2517 l.
1782 2495 1827 2525 15.
1850 2487 1876 2517 h.
1893 2492 1914 2517 t.
1931 2486 1973 2517 de

1105 2530 1234 2562 utilibus
1257 2531 1324 2572 ejus
1344 2531 1393 2572 ius
1418 2531 1521 2561 tradet
1537 2529 1598 2561 (1.1.
1617 2538 1643 2568 7.
1662 2526 1689 2569 §.
1713 2536 1733 2558 ι.
1763 2526 1798 2561 &³
1814 2532 1841 2561 8.
1866 2528 1897 2558 in
1914 2537 1973 2574 vo-

1104 2572 1246 2611 luptariis
1263 2572 1357 2612 quale
1372 2572 1535 2609 obtineat,
1559 2574 1695 2608 exponit
1713 2566 1868 2609 Ulpianus
1883 2568 1902 2599 l.
1923 2576 1971 2601 11.

1106 2613 1200 2651 eique
1219 2613 1301 2644 adde
1313 2613 1331 2643 l.
1349 2621 1376 2649 9.
1397 2608 1434 2645 δ”
1450 2616 1504 2652 leq.
1524 2612 1570 2642 D.
1587 2613 1612 2641 h.
1629 2616 1650 2640 ι.
1728 2648 1733 2653 .
1867 2650 1873 2655 ι
1950 2650 1957 2657 .

1147 2653 1225 2685 Haec
1239 2653 1331 2684 fuere
1349 2660 1460 2683 vetere
1474 2653 1553 2691 jure.
1577 2659 1664 2682 novo
1682 2649 1757 2688 quid
1772 2649 1975 2682 constituerit
2028 2683 2029 2693 ἵ

1104 2693 1312 2767 ]υᾶίὶίῃίευυε,
1335 2693 1448 2734 accipe
1465 2702 1505 2725 ex
1521 2693 1542 2725 l.
1560 2690 1678 2733 unic.§.
1687 2701 1717 2732 5.
1735 2691 1769 2723 C.
1786 2692 1819 2723 de
1835 2693 1971 2724 νείατον·-

1104 2745 1122 2767 α
1154 2759 1162 2767 .

864 2819 1209 2856 Tri-utus
1258 2808 1311 2852 II.

822 2896 874 2931 De
898 2896 1014 2930 afflone
1034 2905 1139 2930 'rerum
1162 2900 1348 2929 amotarum.

211 2983 214 2985 ⁴
287 2982 382 3018 itui‘us
408 2983 480 3021 hic,
505 2981 558 3014 De
587 2980 713 3013 actione
737 2992 841 3016 rerum
866 2984 1062 3023 amotarum,

308 3025 521 3065 superioribus
538 3023 708 3054 commode
735 3022 913 3065 subjicitur:
937 3034 1011 3057 nam
1029 3033 1064 3056 ut

195 3070 240 3102 ob
256 3077 361 3100 mores
380 3067 409 3098 &
430 3064 601 3108 impensas,
622 3062 663 3095 fic
685 3063 729 3108 ob
755 3073 803 3096 res
831 3073 973 3104 amotas,
997 3073 1064 3097 erat

192 3110 335 3142 retentio
361 3107 505 3139 adversus
528 3107 610 3137 dotis
630 3104 864 3145 repetitionem.
888 3105 918 3136 in
947 3106 1064 3138 Edicto

192 3158 348 3193 perpetuo
368 3158 407 3180 eo
424 3148 555 3180 nomine
572 3147 668 3178 etiam
686 3146 929 3186 promittebatur
943 3156 960 3177 a
983 3148 1058 3179 Prae>

190 3197 263 3226 tore
273 3189 382 3232 actm,
397 3197 432 3223 ut
447 3195 579 3232 apparet
596 3196 636 3222 ex
649 3186 670 3223 ὅ,
689 3196 719 3222 2.
737 3186 771 3221 C.
788 3186 817 3221 h.
834 3191 858 3219 c.
879 3185 961 3221 Haec
976 3197 1063 3222 man-

1106 2982 1161 3021 fit,
1185 2981 1366 3014 retentione
1386 2985 1442 3023 per
1458 2974 1660 3021 Iustinianum
1674 2977 1792 3010 sublata
1815 2978 1834 3010 l.
1851 2978 1927 3010 unic.
1943 2978 1975 3021 §.

1105 3034 1134 3065 5.
1149 3024 1182 3055 C.
1200 3025 1233 3054 de
1248 3024 1289 3054 rei
1306 3032 1389 3056 uxor.
1414 3022 1471 3054 aa.
1516 3020 1611 3062 Igitur
1635 3020 1781 3052 Edictum
1805 3020 1977 3052 considere-

1108 3074 1188 3096 mus.
1212 3064 1277 3105 ejus
1293 3065 1356 3095 duo
1378 3063 1470 3095 fuere
1493 3065 1606 3102 capita.
1631 3062 1716 3102 prius
1742 3060 1784 3091 fic
1808 3062 1974 3102 concipio.

1108 3106 1220 3138 Rerum
1239 3111 1398 3136 amotarum
1408 3104 1437 3142 fi
1458 3110 1577 3146 agetur,
1603 3104 1678 3145 quod
1695 3110 1770 3147 ustor
1788 3110 1831 3131 res
1854 3103 1975 3141 mariti,

1106 3153 1158 3179 aut
1174 3148 1298 3178 maritus
1312 3155 1354 3177 res
1370 3147 1471 3178 uxoris
1486 3169 1495 3184 ,
1519 3145 1638 3176 divortii
1652 3149 1760 3189 causan,
1782 3142 1915 3190 amovzffe
1929 3145 1975 3175 di-

1106 3195 1206 3230 cetur,
1235 3187 1445 3226 &divortium
1458 3186 1594 3229 secutum
1623 3186 1696 3224 eric,
1720 3184 1864 3224 judicium
1894 3186 1980 3257 αἰὲς,

1944 3234 1975 3256 a-
