2036 3495
154 126 198 161 45
204 118 226 152 6

159 189 1030 281 xhigdgulpfigztarssigheDbodffethQgtzgiffiocogtg

589 107 934 145 qusxor
992 98 1255 134 Noonr
1313 87 1539 134 Corin.

1073 184 1185 222 Bafilic.
1216 187 1261 217 tii.
1288 195 1318 227 7.
1349 192 1415 219 tom.
1441 196 1472 227 5.
1499 193 1569 228 pag.
1606 195 1670 226 ¹04·
1703 186 1832 220 suadent
1861 189 1946 221 relli-

1073 228 1137 265 tui‚
1173 227 1301 258 Heredes
1330 233 1460 260 tutorum
1493 229 1526 259 ob
1556 229 1760 270 negligentiam
1791 239 1854 272 qruoe
1882 231 1947 262 laioe

161 292 224 324 lata
254 289 348 328 culpa
379 281 525 315 dubitari.
570 278 632 309 Sed
662 276 746 323 apud
769 273 899 306 Paulum
931 271 950 301 l.
979 279 1030 316 49.
1072 268 1160 309 culpae
1192 271 1350 314 comparari
1379 268 1493 330 poffiss·
1516 271 1700 301 condemnari
1728 281 1785 316 non
1817 277 1940 311 oporiet,

162 332 207 365 D,
235 331 269 361 de
297 323 514 367 obligationibus
543 319 580 354 δ’
610 317 770 350 ustionibus
798 313 843 346 est
872 320 960 343 certa
986 320 1032 351 Ju-
1067 308 1115 349 fi,
1138 309 1168 340 ἀ
1192 313 1319 355 reliqua.
1362 310 1493 343 Senius.
1525 309 1624 352 Quod
1650 320 1763 344 tutoris
1788 312 1878 343 heres
1902 314 1946 343 ob

162 373 205 406 ris
227 370 334 411 regula
349 389 358 405 ,
381 364 432 396 Ex
453 360 645 394 conirafflhus
673 359 819 390 venientes
848 353 973 397 afflones
1002 361 1034 382 m

164 414 276 446 heredes
304 411 414 440 dantur
428 427 438 443 ‚
478 402 544 434 licei
574 399 707 433 deliftum
738 406 847 445 quoque
877 397 1035 440 versetur:

162 453 257 487 velavi
284 458 349 482 cum
377 451 456 478 tutor
484 446 517 475 in
545 443 636 474 tuieia
668 440 792 482 gerenda
827 437 887 468 dolo
916 436 1033 481 fecerit.

163 494 291 528 Eodem
321 487 421 521 modo
458 484 656 526 Pomponius
691 482 709 513 l.
745 489 792 527 1j2.
826 478 866 509 D.
895 478 954 507 eod.
986 481 1032 505 izi.

164 536 217 568 Ex
245 529 379 572 depofiti,
409 527 536 565 inquit,
567 524 604 559 ὅ)
633 523 784 557 mandati,
813 519 849 553 ὅ)
878 518 1033 549 commoda-

163 577 188 608 ti
235 572 273 608 ὅ)
294 571 408 606 tutele,
430 567 467 603 ὅ*
488 567 667 608 negotiorum
686 561 849 604 gestorum,
879 561 911 589 ob
940 557 1036 589 dolum

164 598 273 649 ma’lum
301 609 432 653 defunffl
464 609 539 640 heres
576 608 606 637 in
625 605 752 646 stilidiim
787 606 908 632 tenetur.
934 597 1035 645 .N⁰,¹¹

165 658 316 691 auderem
345 651 462 693 regulae
492 649 628 693 adjicere
656 644 903 692 exceptionem,
932 638 1035 671 infini-

167 706 204 732 to
227 696 392 736 utriusque
414 692 575 723 sermone:
599 687 654 720 nisi
678 686 749 731 ipse·
771 683 937 726 testaretur
960 680 1036 711 Pau·

167 741 217 773 lus
239 739 260 769 l.
284 738 339 769 uli.
363 735 393 776 §.
418 743 444 765 1.
469 731 511 763 D.
533 731 560 761 h.
584 735 605 760 t.
629 727 691 759 effe
721 733 805 757 circa
836 732 958 768 tutoris,
982 721 1038 751 do-

167 782 233 814 lum
255 778 307 810 cui
337 778 397 809 lata
427 778 630 812 comparatur
657 768 771 812 culpa,
803 764 928 795 heredis
952 771 1041 802 igno-

168 821 280 855 rantiae
304 816 484 853 Principum
515 809 810 843 Constitutionibus
840 804 1039 850 subventum.

167 863 248 897 Non
279 857 420 892 nominat
449 863 502 885 eas
524 852 661 883 Paulus:
697 848 751 881 sed
771 846 946 894 ‘probabile
975 843 1040 890 est,

168 901 336 944 indigitare
366 894 640 928 Constitutionem
669 891 778 923 Severi
818 888 848 919 &
888 887 1040 933 ⁴Antonini

170 953 243 986 quae
272 942 303 973 in
332 939 351 969 l.
379 947 405 970 1.
438 936 471 967 C.
495 936 528 966 de
555 934 677 966 beredib.
709 929 948 976 zuzor3leg1tur
980 926 1042 957 hoc

169 984 281 1019 modo,
305 980 433 1013 Heredes
455 983 585 1008 tutorum
607 976 639 1006 ob
660 973 866 1015 negligentiam
887 978 949 1016 qnae
976 976 1041 998 non

174 1028 246 1060 lata
275 1023 379 1063 culpae
408 1017 570 1059 comparari
593 1014 702 1057 poffit‚
732 1014 914 1060 condemnari
935 1018 993 1039 non
1014 1017 1042 1038 o-

167 1071 284 1110 portet,
300 1062 329 1103 fi
350 1071 408 1094 non
429 1065 529 1092 contra
549 1062 670 1089 tutorem
694 1056 729 1087 lis
752 1053 885 1085 inchoata
907 1048 965 1089 est,
997 1057 1044 1079 ne·

171 1117 225 1151 que
245 1116 282 1138 ex
312 1106 415 1135 damno
443 1101 550 1142 pupilli
573 1100 687 1130 lucrum
716 1100 879 1135 captatum,
901 1097 956 1138 nui
977 1099 1045 1131 gra-

173 1153 216 1183 tia
235 1145 394 1190 prestitum
414 1142 461 1183 fic.
507 1141 560 1174 Sic
583 1139 704 1172 editur:
728 1136 781 1169 sed
802 1133 908 1166 Graeci
931 1132 979 1163 lib.
995 1135 1045 1172 38.

792 1242 1137 1281 T1rutus

1076 351 1300 391 negligentiam
1332 361 1403 393 quae
1433 352 1526 392 poffit
1557 352 1627 382 latae
1657 353 1760 393 culpae
1783 362 1948 393 compara-

1076 393 1118 430 ri,
1142 400 1216 422 ante
1238 392 1367 432 quidem
1390 392 1499 426 solitus
1522 392 1584 424 fuit
1606 395 1813 425 condemnari
1837 403 1877 425 ex
1901 404 1948 426 re·

1076 433 1149 474 gula
1169 433 1260 472 juris:
1292 434 1343 465 sed
1373 433 1471 466 visum
1502 434 1547 466 est
1577 433 1845 474 Imperatoribus‚
1876 445 1950 468 eum

1076 484 1142 506 nou
1173 481 1326 514 oportere
1356 475 1400 506 ob
1430 475 1524 508 talem
1555 476 1680 516 culpam
1718 477 1949 509 condemnari:

1078 523 1288 555 praeterquam
1319 515 1349 547 in
1380 516 1479 548 tribus
1508 516 1636 549 casibus.
1681 516 1801 549 Primus
1835 516 1898 556 est,
1927 517 1950 550 fi

1078 558 1115 588 lis
1152 554 1198 587 est
1226 564 1339 587 contra
1370 564 1510 589 tutorem
1540 558 1700 590 inchoata.
1742 558 1855 590 Paulus
1876 560 1904 590 d.
1927 559 1950 591 l.

1077 598 1131 628 ult.
1154 597 1182 639 §.
1209 606 1235 628 1.
1258 597 1300 628 fic
1324 599 1484 637 exprimit.
1508 598 1574 630 Hoc
1595 605 1691 631 tamen
1713 605 1784 631 tunc
1799 600 1950 639 observan-

1078 641 1147 670 dum
1167 636 1205 678 est
1220 661 1230 677 ‚
1253 648 1319 669 cum
1338 637 1400 679 posi}
1421 645 1538 670 mortem
1563 642 1666 671 tutoris
1696 641 1775 672 heres
1798 643 1950 672 convenia-

1081 686 1150 716 tur,
1181 685 1238 709 non
1254 677 1284 717 ft
1307 679 1356 710 lite
1378 677 1533 718 contestata
1558 685 1637 711 tutor
1659 681 1809 722 decefferit.
1842 681 1871 713 δι
1895 691 1954 722 pro

1081 721 1204 752 ratione
1227 718 1370 760 subjicit:
1393 719 1476 752 Nam
1502 721 1560 751 litis
1583 720 1782 762 contestatione
1805 723 1955 764 &ptena-

1082 762 1120 792 les
1150 759 1274 791 actiones
1299 762 1541 793 transmittuntur
1570 763 1605 792 cib
1635 769 1758 804 utraque
1783 770 1885 803 parte,
1918 764 1956 799 δ’

1084 802 1247 842 temporales
1273 809 1494 843 perpetuantur.
1541 803 1627 834 Alter
1650 804 1738 835 casus
1763 804 1827 842 est,
1856 805 1886 836 Si
1914 814 1956 837 ex
2011 822 2021 839 ,ι

1084 845 1201 876 damno
1227 844 1336 883 pupilli
1360 844 1482 875 lucrum
1505 852 1667 885 captatum
1683 843 1731 877 fit.
1755 847 1956 886 aequejuste,
2012 848 2016 862 “

1085 885 1157 926 quia
1184 885 1246 916 tale
1274 886 1397 916 lucrum
1430 885 1537 917 heredi
1564 887 1682 916 merito
1705 894 1915 927 extorquetur
1937 888 1956 918 l.

1085 931 1136 968 38.
1162 925 1201 956 D.
1229 927 1262 956 de
1288 927 1394 967 regulis
1414 926 1502 966 juris.
1544 926 1725 959 Postremus
1740 927 1824 959 casus
1838 927 1902 967 est,
1925 928 1958 960 Si

1085 967 1184 1008 gratia
1206 966 1377 1007 praestituin
1402 967 1447 999 fir.
1470 967 1502 998 id
1522 967 1586 1006 est,
1614 967 1635 999 fi
1659 969 1763 999 amico
1786 968 1840 999 suo
1869 976 1958 1001 tutor

1086 1017 1126 1039 ex
1151 1007 1260 1048 pupilli
1284 1008 1377 1039 rebus
1402 1009 1521 1048 aliquid
1547 1009 1730 1041 donaverit:
1767 1019 1837 1041 nam
1864 1010 1893 1042 &
1917 1010 1958 1042 fic

1087 1050 1329 1089 quodammodo
1360 1050 1555 1089 locupletior
1589 1049 1690 1083 factus
1727 1050 1914 1093 intelligitur
1936 1052 1959 1084 l.
2017 1034 2022 1042 ⁸

1087 1099 1139 1132 54.
1160 1089 1190 1132 §.
1214 1098 1241 1122 1.
1265 1090 1306 1123 D.
1321 1090 1472 1131 defurzis.

1196 1236 1314 1278 VIII.

790 1347 840 1383 De
867 1343 1110 1392 Magistratiius
1127 1344 1345 1380 conveniendis.

218 1465 437 1519 'uperioribus
458 1469 576 1501 Titulis
606 1465 741 1498 indicavi
772 1462 912 1495 remedia
935 1461 1051 1502 quibus

182 1479 234 1556 S
256 1519 294 1550 ad
324 1515 408 1546 suum
441 1509 630 1552 perveniant
668 1508 807 1538 minores
844 1511 860 1535 a
891 1502 1051 1550 tutoribus

179 1569 233 1594 aut
255 1554 453 1591 curatoribus
478 1551 548 1583 laefi.
581 1558 651 1591 quae
675 1547 696 1579 si
727 1556 790 1577 non
811 1544 983 1591 sufficiant,
1006 1552 1051 1575 eis

178 1603 243 1635 hoc
265 1596 379 1631 Titulo
413 1592 595 1630 subvenitur
624 1590 751 1621 actione
782 1586 981 1618 subfidiaria:
1009 1583 1051 1615 sic

176 1647 313 1678 vocata,
345 1637 417 1678 quia
440 1633 614 1666 minoribus
644 1631 791 1662 ultimum
821 1624 1054 1673 adfert-priest-

176 1685 264 1717 dium
285 1681 314 1724 §.
338 1688 366 1711 2.
392 1674 464 1717 Infl.
488 1676 520 1706 de
534 1673 641 1714 satisd.
666 1676 722 1703 tut.
754 1669 799 1701 est
831 1669 974 1708 alioquin
1005 1675 1053 1698 ea·

179 1727 252 1758 dem
276 1730 348 1764 quae
370 1717 529 1758 competit
560 1715 590 1746 in
621 1720 762 1744 tutorem
793 1711 811 1741 li
833 1710 888 1740 uli.
913 1708 955 1740 D.
979 1707 1013 1754 b,
1032 1714 1053 1738 ι.

176 1768 211 1800 id
234 1765 298 1803 est,
322 1761 448 1794 tutelae:
473 1757 526 1789 sed
548 1755 632 1787 utilis
654 1755 674 1785 l.
700 1763 726 1785 1.
746 1759 793 1793 pr.
821 1751 863 1781 D.
888 1750 960 1781 l.1.
984 1748 1002 1779 l.
1024 1759 1052 1788 5.

178 1808 213 1840 C.
233 1807 261 1839 h.
285 1811 307 1836 t.
332 1809 421 1834 tenet
443 1799 529 1832 enim
558 1795 779 1837 Magistratum
797 1789 1052 1837 municipalem:

177 1858 245 1882 non
276 1844 364 1888 quod
396 1841 529 1873 tutelam
558 1838 682 1879 attigit,
713 1842 767 1866 aut
794 1832 965 1878 neglexit-3
984 1829 1051 1877 'sed

179 1887 268 1932 quod
291 1897 308 1918 a
328 1883 487 1917 tutoribus
517 1888 598 1920 quos
628 1877 738 1914 dedit,
777 1884 841 1906 noii
866 1872 1050 1918 petiit-ido-

180 1940 262 1965 neos
282 1924 495 1966 fidejuffores,
519 1930 585 1953 rem
603 1918 711 1960 pupilli
730 1917 842 1948 salvam
858 1914 947 1952 fore3
965 1914 1052 1944 ideo·

181 1983 244 2014 que
272 1969 398 2001 actione
430 1965 539 1996 tutelae
570 1961 686 1992 directa
709 1967 779 1998 quae
805 1957 845 1988 de
870 1965 906 1987 ea
929 1965 963 1986 re
986 1963 1050 1985 non

178 2013 347 2054 loquitur,
370 2004 538 2045 conveniri
559 2012 624 2034 non
647 1999 761 2042 potest.
785 2007 857 2046 eum
887 2004 992 2027 tamen
1016 2004 1055 2041 te·-

182 2063 281 2094 quum
304 2049 400 2087 esset,
423 2046 546 2087 pupillo
576 2044 671 2075 etiam
702 2042 761 2072 hac
790 2049 820 2071 in
851 2038 955 2083 specie
978 2045 1055 2068 con-

182 2096 237 2130 suli
259 2094 360 2133 aliqua
383 2089 508 2120 actione
523 2109 532 2125 ‚
555 2094 616 2116 nec
640 2083 861 2115 ostenderetur
885 2080 942 2110 alia
964 2087 970 2108 :
990 2078 1055 2125 pla-

181 2138 248 2170 cuit
270 2131 418 2170 Senatui,
438 2128 568 2160 auctore
591 2124 632 2156 D.
653 2120 821 2168 Trajano,
839 2120 990 2160 exemplo
1009 2119 1053 2149 di·

185 2179 277 2211 rcCtae
300 2173 408 2206 tutelae
438 2168 571 2202 aetionis
593 2166 756 2207 indulgere
778 2163 889 2195 utilem
915 2162 934 2191 l.
959 2169 986 2191 2.
1010 2159 1053 2192 D.

305 2239 312 2248 .
339 2215 372 2246 C.
396 2213 425 2245 b.
442 2219 463 2243 i.

185 2220 415 2291 &Effffiautem
445 2253 500 2290 ei,
531 2257 566 2282 ut
595 2248 679 2289 coepi
712 2247 845 2283 dicere,
882 2243 997 2276 locus:
1033 2241 1054 2274 fi

185 2299 390 2341 Magistratus
412 2291 628 2332 municipalis,
652 2289 832 2334 cum'daret
848 2293 986 2317 tutorem
1002 2291 1055 2314 aut

187 2348 387 2376 curatorem,
411 2344 474 2367 non
500 2333 643 2373 exegerit
665 2328 859 2369 fidejuffores
875 2349 887 2374 ,
905 2334 959 2356 aut
980 2334 1053 2356 exe-

188 2384 269 2420 aei-it
299 2380 445 2421 quidem,
477 2375 528 2406 sed
559 2383 624 2405 non
653 2372 789 2416 idoneos
819 2371 846 2415 ᾀ.
871 2369 899 2409 §-
924 2377 952 2398 2.
983 2363 1054 2406 Inst.

187 2415 295 2468 Quid,
327 2420 347 2452 si
370 2420 409 2451 ab
431 2417 524 2449 initio
547 2422 686 2446 tutorem
711 2412 800 2443 dedit
822 2410 995 2446 idoneum,
1026 2410 1055 2438 dc

190 2474 255 2496 uon
279 2462 347 2493 satis
371 2459 480 2499 exegit
495 2457 512 2489 ἵ)
536 2464 629 2497 negat
653 2453 806 2493 Ulpianus
829 2449 970 2482 sufficere
993 2450 1012 2494 l.⁴
1032 2457 1056 2479 1.

187 2505 217 2548 §.
244 2513 288 2536 11.
312 2502 351 2533 D.
375 2502 404 2532 b.
426 2507 447 2531 ι.
480 2507 596 2538 nempe
611 2519 620 2535 ,
658 2496 732 2534 quia
754 2502 839 2531 non,
864 2499 904 2537 ut¹
920 2491 1031 2522 debuit
1046 2512 1056 2528 ,

189 2545 299 2586 exegit
328 2542 419 2573 satis:
453 2540 482 2571 δι
512 2547 600 2570 tutor
630 2537 682 2577 qui
714 2543 798 2566 nunc
830 2532 874 2578 est
898 2533 1056 2577 idoneus,

190 2596 259 2619 cras
282 2582 386 2625 potest
406 2581 544 2613 definere
567 2579 636 2610 talis
658 2574 739 2615 effe3
772 2583 835 2606 tam
858 2581 987 2604 incertis
1012 2582 1056 2602 re·

190 2628 251 2661 bus
272 2623 425 2658 humanis.
466 2621 588 2652 Contra
610 2618 715 2660 finge,
736 2625 836 2663 eum,
867 2623 938 2645 cum
971 2621 1056 2644 tuto-

191 2678 242 2703 res
265 2669 372 2703 daret,
402 2662 470 2692 satis
493 2660 648 2702 exegiffe,
679 2660 708 2690 ἃ
735 2658 870 2694 idonee,
900 2655 950 2685 sed
974 2653 1055 2700 post-

192 2721 230 2743 ea
253 2704 458 2740 facultatibus
488 2702 589 2742 lapsos
620 2699 681 2731 effe
703 2706 826 2729 tutores
851 2696 905 2743 ,vel
935 2694 1058 2741 fidejus·

192 2750 288 2784 sores.
318 2741 397 2778 nihil
426 2742 471 2775 est
508 2743 594 2783 quod
625 2743 801 2781 imputetur
829 2746 858 2768 ei
889 2745 943 2782 Qui
973 2743 1058 2766 tuto-

193 2801 261 2826 rem
284 2789 391 2825 dedit;
413 2785 444 2816 &
466 2782 610 2822 sununs,
640 2790 676 2813 ut
698 2781 829 2818 debuit,
861 2777 968 2809 officio
992 2777 1058 2808 luo.

194 2835 266 2866 sanc
288 2839 353 2862 non
376 2826 421 2859 est
444 2824 592 2861 rationis,
622 2819 823 2862 Magistratus
855 2818 980 2850 futuros
1011 2826 1060 2849 ca-

194 2875 243 2907 sus
266 2873 295 2903 &
318 2869 480 2902 fortunam
502 2863 624 2906 pupillo
647 2862 790 2902 praestare
812 2862 840 2891 d.
855 2861 884 2906 s·
913 2868 937 2890 i.
962 2859 991 2900 §.
1014 2867 1060 2890 11.

197 2915 301 2955 AEque
332 2912 500 2946 dicemus,
528 2904 551 2937 fi
580 2904 649 2934 satis
680 2912 743 2934 non
770 2910 878 2942 exegit
899 2899 1061 2941 Magistra-

197 2966 248 2988 tus
300 2960 410 2984 verum
433 2956 520 2980 tutor
543 2954 584 2977 eo
606 2951 751 2982 tempore
767 2966 776 2981 ,
812 2951 877 2982 quo
902 2942 1009 2987 tutelae
1031 2950 1060 2971 a·

198 2999 229 3038 gi
257 2978 391 3036 ²potest,
421 2991 452 3021 id
481 2987 524 3020 est
547 3010 557 3023 ‚
587 2983 676 3016 finita
706 2984 829 3020 tutela,
865 2982 962 3014 fuerit
992 2983 1061 3028 ido-

198 3046 303 3074 neus,
334 3033 365 3065 ἀ
400 3031 464 3063 hoc
492 3027 632 3059 sufficere
661 3025 690 3056 d.
720 3023 848 3068 l.-1.·§.
874 3023 1061 3070 125yide11.

201 3086 275 3115 εει,
305 3076 378 3114 quia
406 3081 470 3103 non
493 3069 554 3100 fuit
578 3065 666 3099 causa
689 3064 838 3101 actionis,
863 3065 915 3095 ubi
939 3071 1061 3104 integra

200 3118 262 3150 fuit
284 3115 392 3156 pupilli
416 3110 520 3149 causa,
542 3110 571 3140 &
600 3110 629 3140 in
662 3105 744 3138 nulla
767 3112 853 3149 parte
877 3104 953 3149 laesa.
978 3103 1061 3135 secu·

201 3168 233 3190 ta
269 3165 348 3187 vero
378 3159 560 3185 curatorum
590 3148 719 3180 cessatio
749 3144 942 3191 Magistratui
972 3146 1064 3176 obes.

203 3201 233 3232 se
263 3204 329 3231 uon
353 3195 451 3228 debet
480 3193 499 3224 l.
527 3201 578 3233 53.
609 3190 652 3224 D.
682 3190 716 3221 de
744 3187 854 3220 animm.
885 3191 974 3218 tutor,¹
1015 3185 1064 3219 ln-

1092 1460 1184 1492 terim
1206 1460 1441 1501 quaerentibus,
1470 1459 1522 1492 cui
1554 1461 1718 1493 incumbat
1739 1463 1910 1504 probatio,
1935 1464 1959 1497 fi

1091 1502 1275 1539 dubitetur,
1305 1509 1410 1532 utrum
1442 1502 1576 1533 idoneus
1599 1502 1697 1534 fuerit
1727 1511 1815 1534 tutor
1843 1512 1896 1536 aut
1918 1506 1957 1536 fi-

1088 1542 1246 1582 deJuss'0r3
1269 1551 1308 1573 au
1332 1541 1428 1573 non?
1458 1542 1612 1582 Ulpianus
1642 1544 1668 1574 d.
1699 1542 1718 1574 l.
1744 1552 1770 1574 1.
1793 1543 1823 1584 §.
1850 1553 1897 1585 13.
1919 1545 1963 1577 fle

1092 1583 1280 1624 respondet:
1306 1583 1440 1614 Probatio
1461 1592 1518 1614 non
1543 1584 1651 1624 pupillo
1674 1584 1829 1623 incumbit,
1859 1591 1893 1616 ut
1914 1587 1962 1616 do-

1095 1630 1157 1656 ceat
1172 1647 1181 1662 ,
1197 1623 1376 1665 fidejuffiires
1390 1624 1528 1663 solvendo
1552 1633 1609 1656 non
1624 1623 1732 1665 suiffe,
1762 1634 1827 1656 cum
1856 1627 1965 1667 accipe-

1095 1672 1222 1697 rentur:
1240 1667 1296 1705 sed
1325 1662 1551 1706 Magiflrmibus
1569 1688 1579 1703 ‚
1610 1672 1643 1696 ut
1673 1667 1810 1705 doceant,
1840 1675 1882 1698 eos
1903 1668 1965 1707 sol·

1095 1708 1187 1738 vendo
1201 1706 1302 1747 fuz‘ffe.
1353 1705 1395 1737 Et
1418 1706 1520 1739 restet
1558 1707 1688 1746 quando
1718 1707 1869 1747 probatio
1898 1718 1965 1742 non

1096 1748 1252 1779 incumbit
1274 1748 1303 1779 ei
1327 1748 1379 1787 qui
1402 1755 1524 1787 negat,
1566 1747 1620 1780 sed
1650 1748 1704 1788 qui
1728 1748 1821 1780 dicit:
1851 1757 1885 1780 ut
1907 1751 1966 1782 ob-

1096 1788 1252 1820 servatum
1277 1787 1332 1820 sub
1362 1787 1477 1820 Titulo
1511 1788 1559 1820 De
1584 1790 1808 1829 probationibus.
1858 1790 1965 1823 Intro-

1095 1830 1187 1861 duCta
1210 1830 1305 1871 igitur
1333 1828 1509 1861 sublidiaria
1542 1830 1625 1862 actio
1656 1839 1672 1861 a
1705 1829 1822 1862 Senatu
1851 1831 1914 1871 est3
1943 1833 1966 1865 fi

1093 1869 1299 1912 Magistratus
1329 1871 1383 1911 qui
1415 1878 1556 1903 tutorem
1588 1871 1693 1911 dedit,
1724 1880 1790 1904 non
1822 1876 1967 1914 exegerit

1095 1912 1242 1944 idoneam
1265 1911 1509 1944 satisdationem.
1532 1913 1699 1952 quomodo
1728 1920 1835 1949 autem
1857 1916 1966 1957 exige-

1095 1962 1129 1984 re
1152 1962 1221 1985 eam
1245 1952 1361 1984 debeat
1377 1976 1387 1991 ,
1412 1954 1510 1985 docet
1533 1954 1685 1994 Ulpianus
1707 1954 1726 1985 l.
1755 1963 1780 1985 1.
1805 1954 1833 1996 §.
1855 1964 1901 1995 15.
1926 1957 1965 1991 ὣ·
2035 1967 2036 1978 ¹

1099 1998 1145 2026 16.
1163 1994 1206 2025 D.
1222 1994 1248 2025 h.
1270 2000 1290 2025 t.
1313 1993 1349 2029 ὅ)
1365 1994 1384 2026 l.
1402 2004 1430 2026 2.
1448 2004 1478 2036 3.
1493 2004 1524 2036 4.
1548 1994 1589 2027 D.
1609 1995 1681 2026 Rem
1702 1995 1807 2036 pupill.
1831 1997 1879 2029 vel
1899 2000 1966 2030 ado·
2020 2015 2022 2019 >

1096 2035 1158 2075 lese.
1175 2035 1254 2074 salv.
1274 2035 1328 2071 for.

1136 2076 1306 2117 Postquam
1330 2077 1413 2116 dixi,
1437 2078 1567 2117 quando
1590 2082 1756 2118 competat
1791 2077 1874 2110 attio
1897 2079 1966 2112 sub-

1097 2117 1231 2149 sidiaria:
1255 2120 1385 2159 quaeris,
1408 2119 1457 2149 cui
1481 2120 1582 2151 danda
1603 2118 1665 2151 fit?
1688 2119 1717 2150 ὅ(
1741 2128 1890 2160 apparet,
1913 2122 1966 2152 da-

1096 2159 1120 2189 ri
1152 2159 1298 2198 pupillo:
1329 2160 1417 2199 cujus
1448 2159 1537 2191 causa
1565 2160 1610 2191 est
1645 2169 1661 2190 a
1696 2160 1814 2191 Senatu
1836 2162 1966 2194 inventa

1095 2199 1116 2230 l.
1140 2209 1167 2231 2.
1192 2199 1233 2231 D.
1255 2200 1283 2232 h.
1307 2205 1329 2232 t.
1375 2200 1479 2232 Datur
1506 2209 1612 2233 tamen
1642 2201 1672 2232 &
1699 2201 1870 2233 heredibus
1900 2204 1968 2243 ejus
2015 2218 2022 2225 -

1097 2240 1116 2272 l.
1144 2250 1167 2272 1.
1190 2240 1220 2282 §.
1244 2251 1273 2280 4.
1299 2244 1326 2273 d.
1350 2248 1370 2272 t.
1401 2243 1491 2281 quia.
1521 2250 1556 2274 ut
1579 2243 1665 2277 dixi,
1693 2242 1784 2274 datur
1814 2245 1965 2285 exemplo

1096 2282 1228 2313 aetionis
1258 2283 1366 2314 tutelae
1396 2283 1524 2315 direc'tae
1542 2306 1552 2321 ‚
1582 2293 1673 2324 aeque
1703 2284 1899 2324 heredibus,
1930 2294 1968 2317 ac

1097 2323 1220 2364 pupillo
1243 2325 1469 2363 competentis.
1514 2323 1565 2356 De
1586 2333 1694 2356 tutore
1711 2325 1882 2358 videamus.
1897 2325 1965 2358 fac:

1097 2373 1186 2395 tutor
1209 2374 1268 2404 pro
1290 2374 1465 2397 contutore
1495 2364 1587 2397 solvit
1608 2366 1760 2398 solidum:
1790 2365 1842 2397 hic
1870 2366 1965 2406 inops

1098 2405 1238 2437 decessit.
1285 2407 1400 2439 Paulus
1423 2407 1440 2438 l.
1463 2416 1491 2438 2.
1517 2406 1555 2437 D.
1582 2407 1610 2438 h,
1635 2412 1656 2438 t.
1688 2406 1867 2447 respondit,
1890 2416 1965 2439 cum

1099 2447 1222 2487 pupillo
1245 2456 1261 2478 a
1284 2455 1393 2479 tutore
1414 2447 1450 2479 sit
1475 2448 1545 2479 satis
1568 2447 1707 2487 fuctum,
1736 2456 1841 2487 neque
1869 2448 1969 2488 pupil-

1100 2490 1164 2520 lum
1187 2489 1226 2519 ad
1259 2488 1459 2529 Magistratus
1483 2489 1585 2520 redire
1616 2488 1721 2528 posse,
1752 2495 1857 2528 neque
1880 2496 1969 2520 tuto-

1100 2539 1186 2561 rem:
1220 2529 1251 2561 &
1280 2529 1366 2561 addit
1390 2539 1513 2569 porro,
1543 2530 1630 2567 quod
1668 2537 1837 2569 numquam
1877 2533 1967 2562 tutor'

1100 2569 1247 2602 adversus
1279 2571 1498 2611 Magistratum
1530 2570 1627 2601 habet
1648 2569 1826 2602 actionem.-
1862 2572 1968 2603 causa-

1102 2620 1151 2642 tur
1173 2621 1268 2650 vem,
1294 2610 1607 2643 Senatusconsultum
1631 2611 1752 2651 pupillo
1784 2610 1972 2651 subvenire,

1099 2653 1130 2683 id
1155 2652 1218 2691 est,
1251 2660 1374 2683 tantum
1405 2653 1444 2682 de
1480 2652 1601 2692 pupillo
1631 2652 1736 2690 loqui:
1767 2652 1797 2684 &
1826 2652 1888 2684 esse
1910 2653 1970 2685 ser-

1102 2693 1254 2724 viendum
1275 2691 1578 2732 Senatuseonsult03
1607 2692 1779 2732 praesertim
1809 2703 1881 2726 cum
1905 2694 1970 2734 est,

1102 2734 1188 2773 quod
1212 2733 1310 2764 tutori
1333 2734 1529 2772 imputetur,
1559 2735 1646 2773 quod
1675 2734 1744 2767 satis
1774 2744 1791 2766 a
1819 2743 1972 2766 contuto-

1101 2784 1135 2806 re
1167 2783 1232 2806 non
1263 2775 1407 2815 accepit,
1437 2775 1488 2806 vel
1519 2774 1692 2816 suspectum
1724 2785 1788 2808 non
1819 2775 1916 2815 fecit,
1947 2776 1972 2809 fi

1102 2815 1178 2854 scit,
1202 2814 1439 2857 Magistratibus
1459 2825 1531 2847 eum
1555 2825 1621 2847 non
1645 2816 1767 2848 caviffe.
1810 2816 1918 2860 Quid,
1948 2817 1971 2850 fi

1103 2864 1191 2888 tutor
1222 2857 1261 2887 ab
1293 2857 1352 2887 hac
1380 2863 1470 2896 parte
1499 2858 1591 2898 eulpa
1614 2857 1733 2889 vacet?
1761 2857 1973 2890 Senatuscon-

1101 2897 1215 2929 fultum
1238 2896 1469 2938 spectantibus,
1491 2898 1577 2930 idem
1599 2897 1686 2929 foret
1715 2898 1895 2931 dicendum.
1920 2899 1973 2933 sed

1101 2938 1240 2978 Julianus
1262 2938 1281 2969 l.
1305 2948 1333 2979 3.
1357 2937 1400 2969 D.
1422 2938 1449 2970 b.
1473 2944 1494 2970 ε.
1518 2939 1580 2977 ait,
1611 2948 1675 2970 non
1706 2938 1779 2971 fore
1807 2941 1971 2981 iniquum,

1102 2979 1248 3011 adversus
1278 2978 1478 3020 Magistratus
1519 2980 1678 3012 actionem
1709 2982 1739 3012 ei
1763 2982 1837 3012 dari.
1885 2981 1975 3013 Simi-

1103 3021 1141 3052 lis
1162 3019 1295 3060 quaestio
1325 3019 1370 3051 est
1401 3020 1432 3051 in
1464 3020 1484 3052 l.
1507 3031 1536 3062 5.
1560 3020 1600 3051 D.
1627 3021 1653 3052 b.
1678 3026 1700 3054 t.
1743 3021 1971 3062 Proponuntur

1102 3062 1145 3093 ibi
1169 3062 1234 3093 duo
1259 3069 1383 3093 tutores
1404 3061 1509 3101 partiti
1533 3062 1615 3093 inter
1636 3061 1666 3093 se
1688 3061 1750 3093 esse
1779 3062 1974 3095 administra·

1102 3103 1226 3134 tionem
1249 3103 1369 3133 tutelae.
1386 3102 1469 3134 alter
1492 3102 1556 3134 fine
1578 3103 1697 3134 herede
1729 3105 1867 3136 deceffit.
1890 3113 1975 3144 quae-

1104 3143 1194 3175 fitum
1228 3142 1290 3174 esse
1320 3143 1398 3174 dicit
1427 3142 1565 3183 Julianus
1600 3145 1629 3175 in
1667 3143 1884 3185 Magistratum
1917 3150 1973 3181 oui

1104 3194 1172 3218 nou
1194 3183 1347 3225 curaffet,
1370 3192 1404 3218 ut
1427 3193 1593 3221 caveretur
1607 3207 1618 3224 ‚
1641 3193 1679 3218 au
1701 3185 1732 3219 in
1763 3185 1894 3218 alterurn
1925 3194 1975 3217 tu.

1924 3235 1973 3258 to-
