2052 3487
196 156 276 189 2166

205 243 257 274 via
273 241 337 283 ipsa
360 239 472 274 deserti
495 237 533 268 ad
557 245 642 268 mare
659 232 816 275 algosum:
841 235 870 267 ἀ
888 235 976 267 addit
993 245 1063 268 cau·

206 283 269 315 sam
286 282 413 319 Moses,
435 288 504 320 quae
522 277 652 318 pulchra
670 277 732 307 est:
756 285 817 314 ne,
841 276 862 308 fi
883 277 1002 308 bellum
1023 277 1066 307 vi-

207 326 298 356 deret
315 324 469 364 populus,
486 329 558 351 euin
575 320 749 360 poeniteret
761 340 770 355 ‚
794 318 822 348 dt
839 318 870 349 in
888 318 1065 360 AEgyptum

205 372 430 398 reverteretur.
476 360 520 391 lta
540 360 653 401 agebat
673 359 703 389 in
720 357 844 397 castris,
868 360 897 390 <Sc
917 361 996 390 locis
1014 360 1064 390 de-

205 406 296 437 sertis
314 412 367 435 aut
384 402 568 440 hostilibus,
587 410 702 442 vagu8‚
719 408 858 440 pauper,
878 400 908 431 ἃ
923 402 1066 432 oninium

204 448 359 487 indigens.
385 454 414 475 in
440 444 495 474 illo
515 451 579 474 tam
598 441 716 473 difficili
737 450 840 472 rerum
856 441 937 472 statu
952 443 1067 473 intere-

204 495 252 519 rat
268 487 343 518 novi
362 485 493 525 Populi,
517 484 657 524 spiritum
686 491 750 522 quo
775 489 863 513 tanta
881 483 1068 514 contineba-

203 538 255 561 tur
278 527 450 560 multitudo
466 549 476 564 ,
499 535 558 567 pro
586 534 676 557 more
697 524 824 554 humani
849 523 992 565 ingenii,
1024 525 1068 555 in-

205 572 273 602 dies
294 568 472 606 mutabilis,
493 569 523 598 dt
542 566 647 608 passim
665 573 857 602 contumaX‚
881 574 945 596 non
965 564 1068 597 diss'ol·

204 611 347 649 vi,'‘non
375 611 474 641 modo
493 617 580 640 metu
599 607 813 648 periculorum
832 614 885 637 aut
900 606 1067 647 egestatis,

204 653 381 685 aliorumve
403 650 686 682 incommodorum
713 657 781 688 quae
800 649 828 678 ei
846 648 978 687 plurima
994 656 1066 679 curn

205 695 245 726 ab
261 693 423 731 hostibus,
448 700 515 723 tuin
532 701 549 722 a
567 688 710 721 castrensi
736 691 819 727 vita,
844 688 1015 729 praesertim
1035 691 1067 720 in

204 735 301 768 sterili
319 744 355 765 ac
372 733 498 765 deserto
515 733 590 763 loco
603 754 612 770 ,
636 731 861 762 imminebant:
887 730 939 761 sed
964 740 1070 771 neque

204 776 342 809 foenoris
362 785 399 806 ac
416 775 493 806 lucri
519 773 622 804 fludio
646 773 734 812 quod
759 771 839 812 saepe
860 773 1006 803 homines
1023 775 1068 802 di-

202 819 304 856 vidit,
329 820 423 849 etiam
446 815 569 856 optime
584 814 722 854 junctos.
754 812 833 844 Sanc
854 814 893 844 de
913 813 990 844 urbe
1010 813 1069 843 Ro-

205 869 276 898 ma,
301 858 353 889 sed
377 857 508 895 rustica,
533 857 561 887 ἂ
589 855 675 886 bello
698 855 840 892 intenta,
863 854 997 887 Tacitus
1020 855 1069 885 lio.

206 906 236 933 6.
262 899 372 931 Amicii.
397 909 422 930 c.
446 903 493 930 16.
527 896 619 928 Vetus
645 897 711 927 urbi
727 896 855 935 foenebre
883 896 1009 934 molum,
1034 895 1070 930 ὃ)

199 943 377 984 seditionum
393 940 657 979 discordiarumque
673 939 841 968 creberrima
857 938 961 971 caula:
985 946 1070 978 eoque

208 984 391 1014 cohibebatur
409 982 539 1022 antiquis
556 990 666 1021 quoque
683 978 719 1013 ὅ)
743 980 840 1010 minus
858 980 1000 1019 corruptis
1017 988 1072 1009 iiio—

207 1026 298 1056 ribus.
343 1024 503 1064 Appianus
519 1030 650 1062 quoque
672 1021 718 1051 lili.
744 1030 770 1052 1.
812 1020 859 1050 De
881 1021 957 1051 hellis
975 1021 1069 1051 civili—

205 1067 270 1098 bus.
316 1064 464 1097 Videntur
481 1064 524 1094 itu·
535 1064 626 1104 prisci
646 1061 791 1100 Romani,
807 1060 885 1099 ficut
903 1061 939 1096 55⁹
956 1062 1069 1100 Graeci,

206 1106 381 1147 abhorruiffe
396 1116 414 1138 a
429 1106 542 1146 foenore
567 1110 601 1135 ut
626 1105 816 1144 negotiatione
837 1102 949 1141 molesia
963 1109 1072 1143 paupe-

207 1150 288 1181 ribus
305 1148 342 1183 δέ’
357 1149 451 1179 licium
469 1146 743 1185 inimicitiarumque
768 1147 898 1176 materia.
923 1147 1019 1185 igitur
1042 1154 1071 1175 a-

208 1191 449 1222 nimadvertens
460 1189 524 1219 hoc
533 1187 767 1228 sapientissimus
779 1185 952 1226 Legissator
962 1208 971 1224 ,
983 1186 1072 1226 quod

209 1231 390 1274 postulabat
413 1240 463 1262 res
495 1228 682 1268 Hebraica,
720 1227 847 1265 voluit,
885 1229 972 1258 cives
1001 1225 1071 1258 suos

210 1282 349 1315 quorum
365 1274 482 1304 virtute
500 1280 536 1302 ac
553 1269 617 1301 fide
640 1270 668 1301 ei
693 1269 857 1300 vincendae
885 1277 935 1299 tot
957 1277 1071 1309 gentes

212 1322 321 1353 erant,
346 1314 475 1346 minime
492 1312 615 1343 incitari
639 1312 677 1343 ad
702 1310 883 1347 avaritiam,
907 1311 945 1341 ad
965 1319 1074 1349 quere-

210 1358 277 1395 las,
300 1356 339 1387 ad
358 1354 571 1392 discordiam,
594 1353 625 1384 in
647 1361 717 1392 quae
740 1351 852 1391 sponte
869 1351 943 1382 ferri
965 1351 1074 1382 sentie-

208 1398 282 1429 bat:
306 1397 404 1437 inagis
420 1396 541 1434 voluit,
564 1393 778 1434 quaerentibus
800 1400 964 1432 amputare
981 1401 1073 1422 occa-

209 1439 351 1477 fionem3
374 1447 410 1469 ac
428 1446 500 1468 cuin
527 1445 640 1467 omnes
658 1436 740 1466 inter
761 1432 790 1464 se
808 1433 971 1465 artiiffime
987 1433 1073 1474 jungi

210 1487 398 1521 oporteret,
421 1477 579 1518 singulos,
602 1485 667 1507 non
685 1483 748 1506 tam
770 1476 859 1506 lucro
881 1476 954 1512 luo,
980 1483 1073 1515 quain

209 1520 423 1557 fraternitati,
447 1527 578 1558 operam
602 1517 695 1549 dare:
719 1517 917 1556 alterumque
941 1517 979 1547 ab
996 1518 1073 1546 alte-

210 1572 270 1600 ro,
296 1561 315 1592 fi
333 1570 393 1601 qua
411 1561 449 1591 ad
469 1566 595 1599 tempus
614 1557 768 1597 pecunia,
792 1565 845 1588 aut
872 1558 985 1597 quibus
1012 1556 1074 1588 fru-

212 1604 314 1635 {tibus
326 1626 336 1641 ,
359 1609 486 1642 egeret,
505 1602 592 1641 quod
609 1601 778 1640 aliquando
796 1598 920 1629 necess‘e
938 1606 1004 1630 erat
1021 1598 1074 1629 fie-

210 1645 256 1683 ri,
282 1653 346 1675 non
368 1643 498 1674 foenore
525 1651 565 1673 ex
586 1643 654 1682 jure
680 1639 833 1671 Gentium
853 1663 862 1678 ‚
888 1641 939 1671 icd
963 1648 1074 1671 mutuo

211 1696 252 1718 ex
277 1684 385 1716 officio
410 1684 557 1715 amicitiae
587 1692 624 1713 ac
648 1681 850 1722 cognationis
868 1704 877 1720 ,
911 1681 1073 1721 adjuvari:

209 1727 344 1768 perinde
361 1724 446 1766 quasi
465 1725 608 1756 omnium
632 1722 816 1761 interesset,
842 1722 1003 1754 neminem
1023 1723 1073 1754 de-

208 1768 294 1801 ssitui
312 1775 364 1798 aut
383 1767 500 1807 premi:
524 1776 564 1797 ne
588 1765 657 1806 quis
683 1764 779 1795 facile
803 1764 841 1794 ad
860 1763 1048 1796 seditionem
1064 1787 1073 1802 ‚

212 1819 266 1841 aut
285 1817 374 1840 certe
397 1810 436 1839 ad
462 1806 693 1844 desertionem,
719 1805 903 1836 necestitate
927 1805 1073 1836 incitare-

212 1860 273 1884 tur.
297 1849 491 1887 accedebat,
516 1848 605 1889 quod
629 1856 694 1878 non
721 1855 842 1887 magnae
863 1845 961 1877 essent
981 1855 1074 1886 pecu-

211 1893 272 1925 niae
291 1901 361 1932 quae
385 1890 426 1922 sic
451 1898 569 1921 mutuae
594 1896 801 1929 peterentur3
825 1888 854 1919 ὃς
877 1889 997 1918 idcirco
1013 1886 1076 1918 fine

211 1934 345 1967 notabili
365 1932 577 1963 incommodo
595 1931 690 1971 gratis
713 1931 798 1960 credi
826 1928 960 1968 possent.
1007 1927 1078 1959 Fuit

212 1976 310 2016 igitur
333 1975 385 2005 lex
410 1975 449 2004 de
482 1983 546 2004 non
573 1972 720 2013 petendis
751 1970 848 2001 usuris
881 1970 982 2001 civilis
1010 1970 1074 2001 He-

212 2017 393 2053 braeorum,
425 2014 523 2054 posita
552 2013 688 2054 angustis
716 2012 899 2052 reipublicae
923 2011 1074 2051 tempori·

213 2058 272 2089 bus
290 2081 300 2095 ,
330 2065 426 2096 atque
450 2057 480 2087 in
508 2057 638 2096 gratiam
664 2055 861 2094 pauperum}
886 2061 1076 2093 quamquam

213 2107 249 2130 ut
265 2099 304 2129 ad
322 2099 452 2129 ditiores
470 2106 600 2137 quoque
617 2097 824 2136 pertingeret.
844 2104 913 2125 nam
931 2093 985 2125 etsi
1004 2103 1077 2134 pau-

213 2149 326 2179 perum
345 2139 491 2171 meminit
515 2137 612 2169 Exodi
632 2147 679 2168 22.
703 2136 734 2179 §.²
752 2146 799 2176 25.
824 2144 929 2167 tamen
948 2144 1076 2176 genera-

214 2182 289 2213 liter
311 2181 455 2220 loquitur
480 2179 682 2210 Deuteronom.
706 2189 728 2209 c.
747 2188 795 2218 23.
819 2177 848 2219 ᾗ.
871 2186 914 2213 19.
947 2179 1019 2216 quia
1044 2186 1076 2207 o-

214 2222 341 2254 mnibus
363 2221 598 2261 prohibendum
622 2228 706 2256 erat,
736 2228 801 2259 quo
827 2228 890 2249 non
917 2218 1078 2249 debebant

213 2263 316 2304 premi
340 2271 494 2302 pauperes
509 2284 519 2300 ,
550 2268 613 2291 tam
638 2261 770 2291 obscura
788 2259 987 2291 distinetione
1004 2268 1077 2298 pau-

214 2305 299 2345 peris
324 2304 353 2335 &
379 2303 497 2334 divitis.
518 2303 580 2342 jam
604 2302 648 2333 ob
670 2301 847 2332 incidentes
871 2300 956 2331 casus
985 2299 1079 2331 facile

215 2345 334 2383 fiebat,
359 2353 394 2376 ut
417 2344 558 2384 alioquin
576 2343 665 2374 dives
683 2343 721 2374 ad
741 2350 866 2382 tempus
883 2351 1001 2382 egeret.
1026 2341 1078 2382 igi-

218 2395 270 2419 tur
303 2387 361 2418 lex
388 2394 484 2425 quein
511 2391 666 2425 pauperem
700 2384 780 2415 dixit
802 2386 829 2415 d.
856 2394 879 2415 c.
904 2393 951 2415 22.
982 2383 1010 2424 §.
1030 2393 1077 2423 25.

218 2438 293 2460 eum
320 2427 448 2458 Levitici
472 2437 494 2457 c.
512 2436 561 2466 25.
590 2426 685 2468 §.35
705 2424 741 2460 ἑὲ)
759 2429 808 2466 36.
840 2425 978 2465 appellat
1006 2432 1080 2456 aite-

217 2476 345 2500 nuatum
358 2468 572 2506 facultatibus,
596 2475 692 2508 atque
720 2467 784 2506 ejus
810 2468 997 2497 vaciilantem
1018 2476 1079 2496 ma-

218 2520 290 2541 rium
313 2509 479 2548 confirmari
501 2509 590 2549 jubet
608 2519 616 2540 z
647 2518 707 2540 nec
721 2518 762 2539 eo
781 2509 881 2538 vei-bo
899 2508 1081 2538 mendicum

218 2550 369 2591 intelligit
386 2559 439 2581 aut
461 2549 593 2582 fimilem
615 2550 695 2591 (cui
714 2557 867 2590 perpetua
884 2549 1022 2589 egestate
1040 2550 1080 2580 la-

218 2593 346 2624 boranti
364 2601 428 2622 non
444 2600 590 2623 mutuum
608 2592 717 2629 datui·;
737 2589 851 2622 frustra
868 2592 951 2622 enim
970 2591 1080 2621 crede-

220 2641 309 2666 retui·
325 2632 461 2672 pecunia
478 2633 556 2664 nihil
576 2632 726 2671 habenti;
749 2631 801 2664 sed
824 2632 1006 2674 elemosyna
1029 2632 1081 2663 da-

220 2675 293 2714 tur)
309 2682 417 2705 verum
435 2682 547 2705 omnes
565 2674 714 2714 intelligit
726 2674 778 2714 qui
796 2673 839 2704 ob
857 2674 1082 2712 temporariam

220 2715 363 2756 inopiam
379 2723 450 2754 quae
465 2714 509 2745 est
535 2716 713 2746 communis
733 2716 876 2746 omnium
895 2715 965 2746 vitae
978 2738 988 2753 ,
1011 2714 1080 2745 sub-

220 2758 300 2791 fidio
316 2756 444 2787 creditae
460 2755 623 2796 indigeant
637 2756 792 2796 pecuniae.
818 2757 906 2797 quod
933 2756 1034 2787 mutui
1052 2756 1081 2786 ἃ

220 2798 359 2831 foenoris
375 2796 541 2838 proprium
566 2795 648 2836 esse,
671 2796 823 2837 sequente
848 2797 1012 2829 ostendam
1033 2806 1082 2828 ca-

246 2849 300 2872 ite.

221 2850 244 2883 p
265 2880 329 2913 Sed
344 2885 379 2912 ut
394 2878 485 2911 Deus
503 2879 586 2910 inter
603 2878 760 2911 Hebraeos
777 2879 883 2912 foenus
900 2879 1083 2921 prohibuit:

224 2923 267 2956 sic
285 2923 369 2954 inter
392 2920 452 2952 hos
477 2920 507 2951 ἀ
530 2920 715 2960 peregrinos
736 2921 885 2960 pei-misit.
933 2921 980 2953 An
999 2922 1085 2961 quod

226 2964 325 2996 vellet
351 2971 462 3003 gentes
487 2962 629 2992 inimicas
646 2961 674 2991 δι
692 2963 820 2993 excidio
840 2963 1023 3000 destinatas,
1047 2962 1086 2993 ab

223 3005 370 3040 Hebraeis
387 3003 517 3042 expilari
533 3001 660 3034 foenore
677 3002 693 3033 ⁸?
721 3002 808 3034 forte
832 3004 937 3035 dices:
962 3004 991 3034 &
1009 3004 1085 3043 quid

227 3046 337 3078 notius
352 3045 408 3076 illo
425 3042 533 3075 Taciti
549 3044 594 3075 lib.
611 3054 642 3083 5.
667 3041 779 3082 Histor.
807 3054 831 3074 c.
849 3055 878 3082 5.
909 3045 999 3084 Apud
1015 3044 1086 3084 ipsos

224 3088 300 3127 fides
314 3085 475 3126 obstinata,
498 3085 687 3124 misericordia
704 3088 735 3115 iri
746 3091 901 3124 promptu,
926 3087 970 3119 led
984 3088 1086 3116 adver-

221 3129 275 3168 siis
293 3137 384 3158 omnes
402 3128 472 3158 alios
493 3125 588 3167 hostile
610 3126 716 3156 odium.
757 3126 819 3156 Sed
836 3126 886 3156 illa
903 3125 1085 3164 Judaeorum

229 3169 313 3200 ratio
324 3178 386 3199 non
398 3168 561 3206 omnium,
576 3166 627 3199 sed
645 3167 818 3205 malorum,
834 3174 887 3196 aut
903 3165 1067 3197 stultorum
1078 3190 1087 3205 ,

228 3208 320 3241 fuit:
351 3208 412 3239 Dei
434 3217 522 3241 certe
544 3218 610 3241 non
628 3207 707 3247 fuit3
732 3207 787 3239 etsi
808 3208 935 3238 videtur
955 3207 1088 3237 Ambro-

229 3249 297 3289 fio,
319 3247 367 3280 De
383 3248 469 3281 Tohia
491 3261 516 3283 c.
549 3259 596 3291 15.
628 3258 700 3282 cum
725 3248 766 3281 fic
793 3248 917 3281 scribit:
941 3247 996 3279 Sed
1010 3248 1090 3287 sorte

796 144 1102 182 GERARDI
1152 143 1380 182 Noonr

1108 236 1182 266 dices
1197 236 1267 276 quio
1277 235 1421 277 scriptum
1437 232 1494 276 est;
1511 236 1853 279 Alienigenaefoenerabz‘s
1869 241 1973 276 &non

1109 275 1268 314 coizfideras
1283 279 1354 318 quid
1368 277 1566 318 Evangeiium
1587 280 1683 318 dicat,
1708 282 1782 321 quod
1798 279 1838 322 est
1848 283 1974 322 plenius.

1109 318 1165 347 Sed
1180 317 1230 348 hoc
1247 318 1362 349 inierim
1370 318 1597 360 sequestremus,
1620 321 1688 362 legis
1705 321 1793 361 ipsius
1809 324 1897 354 verba
1912 334 1975 356 con-

1102 357 1223 403 sidera.-
1246 358 1344 391 Fratri
1365 369 1442 398 tut),
1465 362 1585 401 inquit,
1608 370 1673 393 non
1689 361 1864 395 foenerabis
1883 365 1922 395 ad
1941 375 1974 397 u-

1110 401 1226 431 iuram:
1250 399 1301 432 sed
1319 402 1358 432 ab
1379 401 1554 442 alienigena
1572 403 1692 443 exiges.
1735 403 1814 447 Quis
1829 411 1891 436 erac
1906 411 1975 438 lunc

1109 442 1293 483 alienigena,
1326 441 1382 480 nisi
1407 443 1545 474 Amalech
1562 467 1571 483 ‚
1603 442 1660 481 uisi
1681 443 1888 484 Amorrtneus,
1920 446 1976 485 nifi

1110 480 1220 522 hostis?
1243 484 1281 513 ibi
1303 484 1399 524 inquit
1422 486 1542 522 usuram
1566 487 1656 525 exige.
1682 487 1731 517 cui
1757 487 1855 518 merito
1879 497 1976 519 nocere

1111 522 1271 562 definieras,
1295 527 1343 555 cui
1353 525 1423 564 jure
1445 526 1619 565 inferuntur
1635 536 1738 565 arina,
1761 527 1829 558 huic
1843 528 1975 569 legitime

1110 565 1286 596 indicuntur
1302 565 1406 605 usurce.
1449 565 1543 610 Quem
1559 567 1625 598 bello
1642 577 1699 599 non
1714 570 1897 608 potesfaci'lc
1913 572 1978 601 vin-

1111 615 1189 644 cere,
1213 607 1246 636 de
1268 607 1318 637 hoc
1341 609 1394 637 ciio
1417 614 1498 648 potes
1524 607 1672 646 centesima
1699 610 1851 640 vindicare
1868 617 1903 642 te.
1929 611 1978 642 Ab

1110 647 1160 677 hoc
1178 647 1295 687 usuram
1310 650 1392 689 exige
1408 659 1491 689 quem
1506 659 1563 680 non
1573 649 1616 686 sic
1625 652 1730 681 crimen
1747 652 1878 683 occidere.
1905 652 1975 683 Sine

1104 688 1188 728 ferro
1215 689 1332 719 dimicat
1356 692 1404 730 qui
1428 694 1546 730 usuram
1562 690 1703 733 flagitat.-
1719 690 1783 728 stae
1809 693 1908 732 gladio
1939 693 1976 727 &1⁹
1996 691 2000 694 ⁴

1112 731 1144 760 de
1168 727 1242 769 hoste
1265 730 1412 769 ulciscitur
1434 733 1484 772 qui
1501 732 1599 771 fuerit
1621 734 1775 772 usurarius
1800 733 1837 768 ξεῖ)
1860 733 1977 765 exustor

1112 772 1231 801 inimici.
1275 770 1353 812 Ergo
1378 773 1427 802 ubi
1439 773 1490 813 jus
1517 773 1601 812 belli,
1624 775 1664 804 ibi
1686 775 1773 805 eiiam
1795 775 1848 816 jus
1868 775 1974 816 usuroe.

1113 811 1165 842 Sic
1182 812 1373 844 Ambrosius.
1401 813 1461 844 Sed
1480 815 1600 846 nollem
1628 815 1756 847 dictum.
1781 815 1869 848 abest
1893 818 1979 849 enim

1113 854 1226 894 procul
1243 862 1307 884 non
1327 863 1343 884 a
1362 856 1496 886 veritate
1515 863 1656 895 tantuin,
1682 855 1734 887 sed
1750 858 1845 889 ctiam
1862 857 1901 889 ab
1922 858 1979 889 ho-

1113 894 1243 925 nestate.
1267 902 1363 934 atque
1388 898 1471 935 apud
1494 896 1657 928 Romanos
1677 907 1807 938 quoque
1834 898 1977 939 prohibi-

1115 943 1181 967 tum
1204 936 1376 975 aliquando
1399 936 1504 968 foenus
1524 939 1605 969 inter
1622 939 1709 971 cives
1732 939 1812 971 fuit:
1836 941 1919 972 inter
1935 941 1979 972 ci-

1115 986 1170 1007 ves
1196 985 1302 1008 autem
1329 977 1358 1008 &
1375 976 1477 1009 socios
1503 978 1637 1011 Latinos
1664 989 1728 1012 non
1756 980 1818 1012 fuit
1837 982 1979 1022 prohibi-

1115 1027 1201 1050 tum:
1225 1027 1259 1049 ut
1280 1017 1369 1058 supra
1387 1020 1495 1050 monui
1515 1030 1556 1051 ex
1574 1021 1669 1052 Livio
1688 1022 1736 1053 lib.
1755 1033 1804 1063 35.
1822 1033 1844 1054 c.
1867 1032 1896 1063 7.
1917 1032 1980 1054 nec

1116 1067 1223 1103 tamen
1243 1060 1410 1100 quisquam
1429 1061 1564 1100 dixerit,
1589 1063 1620 1094 id
1641 1063 1715 1094 ideo
1734 1062 1852 1096 factum
1870 1063 1980 1102 fuiffe,

1116 1108 1150 1132 ut
1178 1101 1280 1133 iocios
1307 1100 1437 1134 Latinos
1463 1101 1591 1134 foenore
1613 1102 1783 1142 spoliarent
1800 1106 1898 1136 cives.
1923 1114 1980 1137 cur

1115 1143 1211 1183 igitur
1237 1143 1320 1174 aliud
1345 1143 1385 1174 de
1409 1143 1554 1175 Hebraeis
1584 1144 1752 1176 dicemus?
1776 1146 1849 1186 quia
1867 1146 1913 1177 bis
1931 1148 1979 1178 in-

1115 1185 1264 1224 dulgetur
1281 1184 1400 1215 foenori
1425 1186 1498 1216 dare
1522 1187 1715 1227 peregrinis,
1738 1185 1791 1218 sed
1813 1187 1976 1219 hostibus:

1115 1234 1197 1265 quos
1220 1234 1283 1256 non
1310 1226 1414 1257 dicam
1440 1225 1589 1265 spoliare,
1623 1226 1673 1260 sed
1700 1229 1872 1268 occidere,
1902 1230 1981 1261 licet

1117 1266 1194 1297 belli
1213 1266 1291 1306 jure.
1320 1266 1413 1298 bito:
1438 1268 1490 1299 led
1513 1277 1583 1309 quae
1607 1269 1647 1299 de
1676 1268 1805 1302 foenore
1829 1271 1857 1301 ἃ
1882 1269 1980 1301 usuris

1117 1307 1198 1338 fiunt
1224 1309 1480 1347 conventiones,
1505 1319 1569 1341 non
1601 1310 1697 1349 belli,
1730 1310 1784 1342 sed
1811 1312 1916 1351 pacis,
1949 1311 1981 1343 &

1119 1349 1408 1387 commerciorum,
1429 1350 1495 1389 jure
1526 1351 1739 1383 celebrantur.
1764 1352 1859 1393 igitur
1889 1352 1909 1384 fi
1941 1355 1982 1384 ad

1119 1390 1351 1430 expilationem
1378 1391 1536 1431 speciant,
1562 1392 1591 1423 ὅ(
1615 1402 1631 1423 a
1652 1391 1808 1426 Gentium
1829 1395 1898 1434 jure
1926 1395 1982 1424 ab·

1118 1431 1271 1470 horrent3
1288 1440 1322 1462 ut
1341 1433 1470 1463 videtur
1486 1434 1673 1466 Ambrosio:
1689 1444 1730 1466 ne
1748 1444 1819 1466 cum
1837 1434 1982 1466 hostibus

1117 1473 1245 1513 quidem
1267 1473 1332 1504 iieri
1353 1472 1497 1513 possunt:
1515 1475 1586 1516 quia
1604 1475 1653 1514 hi,
1670 1484 1743 1507 cum
1761 1477 1844 1508 inter
1854 1476 1884 1507 se
1903 1485 1981 1509 con-

1119 1515 1266 1545 trahunt:
1290 1523 1354 1545 non
1381 1522 1414 1545 ut
1441 1515 1547 1547 hostes
1565 1525 1679 1557 agunt,
1703 1515 1756 1549 sed
1782 1526 1816 1549 ut
1835 1517 1982 1549 homines

1118 1556 1171 1595 qui
1197 1555 1340 1586 utilitatis
1366 1558 1603 1595 permutatione
1629 1559 1766 1590 invicem
1792 1558 1845 1590 sibi
1870 1559 1984 1591 consu·

1118 1598 1206 1635 lunt3
1231 1597 1262 1628 id
1283 1597 1346 1635 cst,
1362 1598 1431 1637 jure
1451 1597 1605 1630 Gentium
1623 1607 1763 1631 utuntur.
1790 1600 1852 1631 Sed
1870 1602 1982 1632 tlemus

1116 1637 1306 1676 Ambrosio,
1330 1640 1434 1670 valere
1453 1639 1517 1679 ejus
1541 1642 1862 1680 interpretationem,
1887 1651 1986 1682 pecu·

1118 1680 1168 1711 nia
1187 1680 1361 1720 peregrinis
1379 1689 1393 1710 a
1406 1680 1523 1720 Judaeis
1541 1680 1659 1712 foenori
1677 1683 1766 1714 data:
1784 1683 1858 1723 quid
1876 1684 1983 1721 dicet,

1117 1720 1138 1753 si
1157 1728 1268 1751 contra
1284 1719 1400 1760 Judaeis
1417 1722 1535 1752 foenori
1553 1722 1624 1753 data
1634 1722 1733 1754 fuerit
1750 1734 1766 1755 a
1780 1724 1983 1766 peregrinis?

1117 1771 1189 1793 nain
1219 1762 1248 1793 ἂ
1282 1763 1346 1792 noc
1370 1761 1438 1793 fieri
1463 1762 1554 1794 Deus
1581 1763 1736 1803 permisit:
1760 1773 1794 1795 ut
1816 1764 1907 1805 supra
1938 1766 1985 1796 di·
2019 1769 2024 1776 '

1120 1804 1214 1834 ctum.
1239 1812 1314 1834 num
1339 1804 1438 1834 voluit
1457 1812 1543 1843 tum,
1565 1804 1690 1844 Junaeos
1708 1814 1724 1836 a
1744 1807 1918 1847 peregrinis
1940 1806 1984 1838 vi·

1120 1844 1216 1875 ciffim
1235 1843 1363 1875 foenore
1381 1844 1565 1877 debilitari?
1589 1856 1652 1878 non
1674 1847 1760 1878 dicet
1780 1847 1982 1880 Ambrosius:

1120 1895 1160 1917 ne
1179 1886 1339 1916 contraria
1363 1886 1501 1917 voluerit
1525 1886 1627 1919 Deus.
1651 1887 1716 1919 hoe
1739 1895 1846 1921 tamen
1873 1889 1984 1922 conse·

1121 1936 1221 1967 quens
1240 1926 1362 1966 fuerit,
1395 1926 1415 1958 ii
1439 1927 1547 1959 foenus
1566 1930 1605 1960 ad
1630 1930 1861 1970 expilationem
1887 1932 1985 1972 perti-

1121 1976 1195 2006 net,
1222 1968 1249 1999 &
1276 1967 1390 2007 judaeis
1414 1977 1431 1999 a
1452 1970 1626 2010 peregrinis
1652 1980 1763 2011 aeque,
1786 1981 1823 2003 ac
1846 1972 1986 2014 peregri·

1120 2009 1167 2040 nis
1185 2018 1201 2039 a
1217 2009 1353 2049 judaeis,
1370 2010 1435 2041 dari
1447 2018 1563 2050 potuit.
1582 2010 1634 2043 Ne
1645 2013 1758 2044 addam
1775 2022 1879 2052 nunc,
1895 2013 1985 2054 quod

1121 2050 1210 2096 Deus
1235 2050 1317 2090 juffit
1336 2052 1485 2090 quidem,
1506 2050 1613 2084 foenus
1633 2063 1648 2084 a
1670 2053 1785 2093 Judaeis
1809 2055 1875 2086 dari
1893 2064 1984 2095 pere-

1119 2101 1235 2132 griniS,
1267 2090 1319 2123 sed
1342 2101 1407 2122 non
1431 2093 1542 2132 utique
1573 2095 1701 2126 devotis
1740 2096 1784 2126 ob
1812 2096 1984 2135 impietatis

1120 2133 1342 2171 atrocitatem,
1364 2132 1418 2164 sed
1451 2135 1715 2176 quibuscumque.
1741 2138 1930 2176 generaliter
1954 2146 1985 2168 e-

1120 2175 1184 2206 nim
1210 2174 1369 2213 loquitur:
1394 2174 1423 2205 ὅ(
1448 2184 1637 2216 quamquam
1662 2177 1869 2210 Amalechitis
1886 2186 1984 2218 atque

1121 2215 1332 2247 Aminorliaeis
1352 2215 1383 2246 ὁ(
1400 2216 1588 2255 quibusdam
1606 2218 1671 2249 aliis
1686 2220 1835 2259 gentibus
1861 2228 1932 2259 quae
1950 2229 1981 2250 c-

1121 2265 1326 2288 numerantur
1356 2255 1575 2289 Deuteronomii'
1587 2269 1610 2289 c.
1638 2269 1663 2300 7.
1687 2260 1715 2301 §.
1747 2269 1772 2291 1.
1795 2259 1831 2295 ὅ)
1850 2270 1878 2292 2.
1902 2260 1939 2295 {5⁹
1955 2270 1980 2293 c.

1121 2309 1171 2330 20.
1191 2298 1218 2339 ἓ.
1240 2307 1286 2338 17.
1306 2296 1342 2332 &⁹
1359 2308 1383 2343 c.
1408 2308 1456 2339 25.
1474 2299 1502 2340 §.
1521 2300 1575 2332 ult.
1596 2300 1626 2331 <Sc
1643 2300 1740 2332 Exodi·
1757 2312 1781 2333 c.
1811 2311 1856 2342 17.
1873 2303 1910 2334 ad
1923 2300 1982 2342 firi.

1122 2341 1285 2381 publicum
1307 2339 1456 2385 indixerit
1479 2342 1610 2374 odium:
1635 2351 1753 2374 tamem
1779 2341 1907 2384 Tyriis,
1940 2342 1985 2374 Si-

1122 2382 1246 2418 doniis,
1267 2380 1427 2422 AEgyptiis
1441 2405 1450 2420 ‚
1472 2390 1595 2414 caetei·ae
1614 2384 1752 2425 denique
1776 2384 1983 2423 humanitati,

1122 2432 1187 2454 iion
1211 2423 1336 2453 indixit.
1380 2422 1451 2453 Nec
1477 2432 1582 2456 tamen
1607 2425 1722 2466 ignoro
1748 2433 1782 2456 ut
1804 2426 1920 2464 hodie,
1943 2425 1984 2457 fic

1123 2465 1199 2495 olim
1228 2462 1318 2494 fuiffe
1342 2464 1456 2503 quibus
1482 2466 1642 2505 placeret,
1667 2466 1824 2499 Gentium
1851 2467 1983 2499 societa-

1123 2510 1188 2536 tem
1220 2514 1284 2535 non
1306 2512 1450 2545 natura,
1474 2507 1527 2538 sed
1558 2507 1758 2547 pactionibus
1789 2508 1982 2549 comparari:

1123 2546 1261 2586 bellique
1281 2546 1331 2585 jus
1357 2546 1419 2577 effe
1449 2549 1531 2579 inter
1561 2558 1642 2589 quos
1671 2558 1733 2590 pax
1761 2551 1984 2582 conventione

1123 2588 1246 2620 firmata
1272 2596 1337 2618 non
1368 2587 1422 2620 fit:
1446 2589 1609 2630 denique,
1638 2589 1757 2622 bellum
1781 2590 1843 2622 effe
1874 2591 1985 2630 adqui-

1125 2631 1214 2662 rendi
1232 2629 1363 2660 modum
1381 2630 1519 2661 maxime
1534 2631 1717 2663 naturalem.
1735 2632 1767 2662 in
1784 2641 1845 2672 qua
1862 2631 1985 2663 senten-

1126 2672 1167 2703 tia
1186 2670 1371 2701 Aristoteles
1390 2670 1451 2701 fuit
1469 2672 1515 2702 lib.
1536 2681 1561 2702 1.
1581 2671 1627 2703 De
1642 2673 1786 2712 republica
1801 2683 1825 2704 c.
1844 2677 1873 2707 8.
1888 2674 1983 2704 mitto

1124 2712 1338 2752 Pomponium
1361 2711 1380 2741 l.
1399 2722 1430 2751 5.
1454 2711 1484 2753 §.
1502 2722 1529 2743 2.
1550 2712 1591 2744 D.
1610 2715 1642 2744 de
1663 2715 1783 2754 captivis
1801 2713 1986 2754 &postlimi-

1123 2757 1170 2786 m'o
1189 2751 1316 2790 reverfis.
1340 2762 1411 2784 nam
1437 2753 1466 2784 ἂ
1487 2754 1512 2785 is
1531 2754 1596 2785 hoc
1615 2755 1694 2787 vult:
1717 2765 1788 2787 cuin
1814 2755 1855 2787 sic
1882 2755 1988 2795 loqui·

1126 2805 1197 2833 tur,
1220 2795 1256 2825 ln
1275 2801 1345 2834 pace
1368 2804 1478 2837 quoque
1496 2796 1701 2836 postliminium
1717 2798 1817 2828 datum
1835 2795 1894 2836 esi:
1918 2806 1984 2827 uam

1121 2836 1150 2876 fi
1164 2846 1227 2867 cum
1241 2842 1327 2876 gente
1350 2838 1449 2876 aliqua
1463 2846 1552 2878 neque
1568 2839 1745 2874 amiciciam,
1767 2848 1855 2879 ireque
1872 2838 1986 2879 hospiti-

1127 2889 1192 2916 um,
1216 2886 1305 2918 neque
1314 2877 1415 2915 foedus
1437 2879 1569 2909 amicitiae
1594 2884 1680 2918 causa
1689 2879 1807 2918 fastum
1832 2881 1984 2910 :Piibemiiu

1128 2921 1159 2951 hi
1174 2917 1260 2958 hostes
1276 2919 1390 2958 quidem
1408 2928 1465 2949 non
1476 2920 1569 2959 siim:
1592 2923 1665 2960 quod
1681 2928 1776 2951 alitem
1793 2930 1829 2952 ex
1845 2918 1936 2959 nolim
1947 2920 1984 2951 aii

1128 2971 1171 2991 eos
1192 2961 1348 3000 pervenit,
1372 2960 1484 2991 illorum
1503 2960 1561 3000 fii:
1586 2962 1622 2995 ὅ)
1648 2962 1716 2992 liber
1741 2962 1816 2992 homo
1839 2961 1930 3001 noster
1950 2962 1984 2991 ab

1129 3004 1167 3033 eis
1182 3007 1282 3041 captur
1301 3006 1402 3037 servus
1420 3000 1460 3041 fic
1481 3002 1517 3036 ὃ
1532 3012 1635 3035 eorum.
1679 3002 1813 3043 Idemque
1831 3000 1888 3040 est,
1906 3001 1934 3039 fi
1950 3002 1983 3032 ab

1128 3044 1184 3074 illis
1202 3043 1240 3073 ad
1256 3051 1306 3072 uos
1322 3042 1432 3083 aliquid
1447 3044 1605 3084 perveniat.
1649 3043 1691 3075 At
1707 3043 1772 3074 hoc
1789 3042 1845 3074 etsi
1864 3043 1923 3074 illis
1941 3042 1984 3073 se-

1129 3085 1232 3122 derit,
1258 3085 1353 3114 etiam
1368 3084 1485 3123 Judaeis
1516 3084 1705 3125 quibusdam
1720 3107 1729 3122 ,
1753 3084 1878 3115 videtur
1896 3083 1985 3117 Deus

1129 3127 1160 3157 in
1181 3125 1311 3165 Judaica
1336 3125 1497 3164 republica
1520 3126 1669 3157 noluiss'e:
1692 3134 1766 3156 curn
1789 3126 1874 3156 enim
1890 3125 1986 3156 Exodi

1131 3178 1155 3198 c.
1180 3177 1227 3198 22.
1250 3166 1278 3208 §.
1304 3175 1352 3197 21.
1374 3167 1444 3199 dcc.
1465 3176 1512 3207 23.
1538 3167 1567 3209 §.
1586 3176 1614 3208 7.
1637 3167 1792 3204 vetuerit,
1816 3166 1984 3207 peregrino

1132 3209 1196 3238 vim
1221 3206 1307 3246 fieri,
1330 3214 1383 3238 aut
1409 3217 1481 3239 eum
1506 3208 1662 3247 opprimi:
1685 3206 1715 3238 δε
1738 3206 1939 3238 Deuteronom.
1960 3215 1984 3235 c.

1132 3258 1180 3288 27.
1199 3248 1228 3289 §.
1254 3257 1299 3285 19.
1319 3248 1455 3289 jufferit,
1477 3249 1678 3283 maledictum
1697 3246 1760 3280 effe
1782 3249 1835 3290 qui
1853 3245 1987 3292 peregri3

1955 3295 1985 3319 ni
