2036 3495
180 125 252 162 432

884 214 1098 250 CAPUT

782 107 1382 148 GERARDLNoonr

1157 213 1272 249 XIV.

287 307 497 349 Donationes,
514 303 585 351 sive
596 304 691 351 pana
708 312 854 340 conventa
869 306 900 338 in
908 303 1029 351 specie,
1056 312 1173 339 tantum
1178 303 1308 350 servari
1319 312 1375 350 per
1388 303 1593 348 exceptionem
1615 302 1698 350 pacti
1712 307 1861 340 conventi.

847 356 1067 388 transactiones
1085 355 1177 388 etiam
1195 355 1297 389 aliter.

247 450 376 482 narratis
392 449 544 482 hactenus
559 450 850 489 conventionibus,
868 459 939 482 cum
957 450 1058 491 legiti-

256 492 312 524 mis
323 515 332 530 ‚
345 500 411 524 tum
425 493 499 533 juris
510 493 653 533 gentium
664 516 673 530 ,
686 499 749 523 tam
760 501 824 523 non
841 493 931 524 nudis
942 515 950 530 ‚
961 500 1056 532 quam

182 534 294 572 nudiS,
311 534 423 574 hisque
439 536 477 565 de
493 534 671 574 petendo&
683 533 723 564 de
738 542 802 564 non
816 534 974 573 petendo:
992 542 1057 564 tan-

186 578 260 607 dem
269 583 419 616 apparet,
436 575 609 607 Praetorem
625 575 835 615 pollicentem
847 598 856 613 ‚
872 574 994 606 servare
1006 584 1056 615 pa-

184 617 233 648 cta
251 625 431 656 conventa,
448 625 569 648 tantum
585 617 752 657 indigitare
768 617 850 647 nuda
868 617 907 647 de
922 626 986 648 non
1004 625 1055 654 pe-

184 658 303 697 tendo,
327 666 423 698 atque
446 658 508 698 ipsa
532 667 594 688 non
613 658 759 695 actione,
784 657 835 688 sed
859 658 1056 697 exceptione

181 698 322 731 servare:
348 701 517 740 praesertim
542 698 624 730 faeta
650 699 833 730 donationis
852 698 951 729 causa.
983 708 1055 730 nam

181 740 232 772 his
248 741 330 773 actio
345 742 440 782 gratis
457 741 628 772 remittitur
642 740 705 772 fine
720 740 909 771 conditione
925 739 954 771 &
967 740 1054 782 lege3

180 792 219 814 ac
243 782 263 814 fi
289 792 398 824 agatur
421 782 569 813 adversus
592 781 688 813 fidem
706 782 806 822 pacti,
831 780 943 812 sufficit
960 791 1055 813 exce-

178 824 270 864 pti03
287 833 348 855 nec
359 833 443 856 nova
459 823 585 854 actione
601 833 683 863 opus
700 823 754 854 est.
780 832 811 853 at
826 823 1054 854 transactiones

180 875 246 897 non
263 864 341 896 fiunt
357 867 474 906 gratis,
490 864 542 896 sed
559 873 646 896 certa
662 866 733 906 lege
750 864 779 895 ἃ
797 865 1004 895 conditione:
1022 865 1054 896 id

178 906 223 937 est
236 930 245 946 ‚
270 914 392 938 tantum
410 906 517 946 aliquo
536 907 632 945 dato,
657 914 804 942 retento,
821 914 873 936 aut
890 905 1051 945 promiffo.

178 947 228 979 his
246 949 340 989 igitur
356 957 428 980 cum
444 957 510 979 non
527 947 657 979 sufficiat
672 948 823 987 exceptio
835 970 844 986 ‚
863 956 928 978 non
944 948 1054 987 imple-

180 997 212 1020 ta
234 989 304 1029 lege
325 989 565 1022 transactionis:
588 989 703 1028 restat,
727 998 787 1030 qua
803 988 908 1021 forma
923 998 975 1021 eas
993 988 1052 1020 ser-

176 1031 244 1062 vari
263 1030 423 1072 oporteat.

217 1072 267 1103 Fit
291 1080 396 1104 autem
414 1072 583 1104 transactio
603 1073 696 1114 paeto
715 1072 821 1110 nudo,
845 1072 895 1103 vel
913 1081 976 1103 non
994 1080 1049 1102 nu-

178 1112 233 1145 do.
259 1115 395 1154 primum
415 1115 520 1147 nudo:
546 1114 674 1155 ejusque
693 1114 739 1145 vis
759 1113 861 1144 omnis
884 1115 1051 1153 exceptio-

176 1164 217 1186 ne
234 1155 353 1188 finitur.
386 1165 422 1186 ut
440 1164 544 1187 tamen
564 1156 661 1187 affori
681 1156 787 1196 agenti
807 1154 932 1194 pristina
953 1154 1050 1185 aCtio-

176 1205 236 1234 ne,
253 1206 324 1229 cum
341 1207 412 1229 reus
425 1206 490 1228 non
507 1196 608 1228 servat
622 1197 718 1228 fidem
736 1196 764 1227 ἃ
777 1197 983 1228 nihilominus
1000 1205 1051 1236 pa-

178 1237 219 1269 sti
244 1239 436 1278 exceptione
461 1238 585 1277 utitur,
615 1237 812 1269 succurratur
841 1236 1051 1278 replicatione

178 1279 326 1310 dolimali
339 1280 388 1311 vel
407 1280 437 1310 in
454 1279 584 1311 factum.
603 1280 772 1319 exemplo,
790 1279 881 1319 quale
900 1278 936 1310 fit
954 1278 1049 1317 illud,

175 1321 334 1361 intelliges
352 1330 392 1352 ex
408 1321 455 1351 his
477 1321 580 1352 verbis
599 1321 618 1351 l.
633 1326 679 1354 28.
694 1321 727 1351 C.
745 1323 777 1350 tle
794 1319 1048 1351 transactionibus.

174 1361 245 1392 Sive
259 1364 335 1403 apud
348 1361 414 1393 αὲἶα
424 1361 552 1393 Βεὲἶονὶς
562 1363 718 1402 provinciae
728 1371 737 1397 ς
747 1359 810 1399 five
818 1360 881 1399 fine
896 1360 967 1391 aens
974 1361 1048 1398 scri-

167 1409 261 1444 ptum
276 1405 464 1434 intercedente
481 1404 526 1433 vei
543 1413 600 1433 non
611 1426 620 1441 ,
636 1402 792 1434 transactio
807 1400 973 1441 interpofita
989 1399 1047 1442 eft:

173 1444 249 1476 hanc
256 1445 374 1484 servari
388 1445 532 1475 convenit.
564 1444 618 1474 Sed
633 1444 769 1484 quoniam
779 1466 788 1481 ,
803 1448 837 1474 nt
853 1448 963 1473 certum
976 1444 1047 1483 quid

170 1487 314 1526 accipias,
337 1484 496 1524 conveniffe
513 1491 538 1514 te
549 1507 557 1522 ‚
581 1485 645 1515 iicet
654 1483 718 1522 fine
733 1484 878 1524 scriptura
893 1484 1044 1524 proponis,

169 1535 222 1557 nec
238 1527 325 1568 hujus
339 1528 380 1556 rei
394 1531 479 1565 causa
487 1523 707 1565 stipulationem
715 1526 846 1561 secutam
860 1524 930 1565 effe:
946 1534 1044 1566 qnam-

169 1568 217 1598 vis
230 1576 266 1597 ex
275 1566 360 1607 pasto
375 1576 432 1597 non
446 1568 539 1606 potnit
554 1567 634 1602 nasci
646 1565 719 1598 offitio
729 1589 739 1605 ,
756 1573 850 1597 tamen
865 1576 961 1597 rerum
975 1568 1042 1597 vin-

168 1609 310 1639 dicatione
327 1609 485 1649 pendente,
501 1606 530 1646 fi
550 1609 675 1648 exceptio
687 1607 770 1648 pasti
785 1606 908 1648 oppofita
924 1608 1041 1646 suerit,

168 1650 225 1680 doli
242 1649 330 1688 mali,
353 1649 399 1680 vel
417 1651 447 1680 in
456 1648 576 1689 facium
599 1649 780 1690 replicatione
794 1650 863 1688 usa,
883 1651 990 1690 poteris
1004 1651 1042 1681 ad

165 1691 327 1732 obsequium
338 1691 510 1730 placitorum
526 1692 727 1731 adversarium
744 1696 826 1721 titum
841 1700 949 1732 urgere.
980 1690 1039 1722 Ca-

161 1732 214 1763 sus
232 1732 299 1765 talis
311 1732 365 1764 est.
388 1730 617 1773 Egitadversus
635 1740 666 1763 te
682 1732 726 1763 rei
738 1731 1040 1772 vindicationeSap-

157 1774 274 1814 parit-a:
296 1776 450 1805 convenit
468 1774 549 1805 inter
566 1781 598 1804 te
612 1772 768 1813 &ipsainz
785 1781 820 1804 ut
829 1782 951 1805 certum
962 1775 1038 1813 quid

160 1815 345 1855 acciperet,
362 1815 391 1847 &
406 1825 422 1846 a
439 1815 494 1846 lite
510 1814 681 1846 desisteret.
705 1815 869 1855 Sapparita
885 1814 989 1847 omisit
1004 1815 1038 1846 li·

163 1863 230 1888 tem
247 1864 378 1889 motam.
396 1864 429 1888 tu
442 1856 536 1888 cessas
549 1857 623 1887 dare
633 1857 721 1896 quod
738 1855 911 1897 promisisti.
930 1866 1039 1897 quem-

162 1899 338 1930 admodum
362 1907 458 1939 coget
475 1906 507 1929 te
526 1898 658 1938 implere
677 1897 946 1930 transafflonem‘?
970 1898 1037 1929 nul-

161 1939 378 1971 ]aintervenit
397 1940 566 1979 stipulatio.
585 1946 739 1979 praeterea
757 1939 836 1970 nihil
854 1939 961 1970 datum
983 1946 1037 1970 aut

162 1980 281 2013 factum
307 1981 378 2013 fuit.
412 1981 456 2012 est
479 1981 575 2022 igitur
599 1980 724 2021 pactum
752 1982 889 2012 nudum:
913 1991 954 2011 ex
971 1990 1036 2021 quo

162 2031 228 2053 non
247 2024 338 2054 datur
354 2023 447 2054 aftio.
471 2023 582 2063 aliquis
599 2022 703 2060 dicat,
719 2031 787 2053 eam
804 2021 953 2053 destitiss'e
969 2032 984 2052 a
1001 2022 1034 2052 li-

164 2070 215 2101 te,
232 2063 262 2094 &
278 2064 320 2094 ob
337 2065 367 2096 id
385 2063 505 2096 feciffe.
527 2064 580 2095 sed
596 2073 661 2094 non
676 2063 720 2094 est
737 2065 790 2094 ita.
819 2070 940 2094 tantum
957 2064 1035 2094 omi-

162 2103 200 2135 sit
214 2103 374 2145 Sapparita
392 2106 480 2137 litem
495 2128 504 2144 ,
521 2114 586 2137 non
604 2104 728 2143 finivit;
746 2112 841 2144 atque
859 2112 892 2135 ut
908 2104 938 2135 in
956 2113 1033 2145 prae-

161 2145 262 2176 sentia
277 2156 341 2177 non
361 2154 452 2188 agat3
468 2147 588 2188 poterit
603 2153 708 2178 tamen
726 2155 765 2177 ex
784 2146 838 2176 suo
856 2147 1033 2177 commodo

161 2188 276 2219 iterum
294 2189 441 2228 experiri.
472 2190 559 2228 atqui
575 2188 747 2226 convenit,
771 2196 811 2218 ne
828 2194 909 2228 agat.
944 2186 1032 2226 esto;

159 2228 215 2260 sed
241 2229 302 2259 tale
324 2229 450 2268 pactum
477 2230 505 2260 ei
532 2238 597 2260 non
621 2229 750 2260 abstulit
773 2229 817 2260 rei
843 2228 1031 2260 vindicatio-

160 2278 254 2302 nem:
272 2271 344 2309 quia
360 2280 425 2301 non
443 2269 541 2308 fecit,
557 2279 597 2301 ne
614 2269 649 2300 Iit
665 2271 792 2301 domina
811 2269 854 2301 rei
867 2270 954 2310 cujus
970 2269 1032 2301 fuit

161 2312 302 2343 domina.
328 2311 466 2352 superest
477 2311 572 2352 igitur
588 2314 615 2342 ei
627 2311 670 2342 rei
687 2311 860 2342 vindicatio
871 2320 962 2351 quam
979 2311 1031 2342 ba·

159 2353 248 2391 buit,
274 2352 328 2384 etsi
346 2352 411 2384 hoc
428 2360 574 2393 tempore
593 2361 656 2384 non
672 2360 754 2394 agat.
787 2353 816 2383 &
835 2361 939 2384 tamen
959 2352 978 2384 si
995 2362 1030 2384 ea

159 2395 205 2424 nti
226 2395 320 2425 velit:
344 2402 525 2426 conventus
550 2394 670 2434 poteris
688 2403 719 2425 te
739 2394 817 2424 tueri
837 2395 1031 2435 exceptione

159 2435 261 2474 pacti3
279 2437 377 2467 modo
388 2436 414 2466 ei
433 2436 535 2467 tradas
551 2436 637 2475 quod
655 2443 687 2466 te
703 2436 867 2473 daturum,
880 2445 919 2466 ne
937 2434 1029 2476 agat,

157 2476 333 2516 promisisti.
358 2477 499 2517 alioquin
515 2477 543 2508 ei
558 2478 606 2517 jus
621 2476 684 2515 est,
700 2477 928 2516 exceptionem
945 2485 1030 2508 tuam

158 2517 333 2558 infringere
348 2519 565 2557 replicatione.
583 2518 661 2549 facis
672 2518 757 2549 enim
768 2518 844 2548 dolo
855 2519 958 2550 malo:
975 2527 1030 2549 vo-

157 2559 225 2590 lens
245 2560 488 2591 transactionem
506 2560 563 2591 tibi
583 2559 715 2597 servari,
740 2558 792 2591 sed
810 2569 874 2590 non
896 2560 936 2591 ei.
961 2567 1029 2590 utc-

158 2607 209 2630 tui·
225 2600 318 2639 igitur
337 2601 498 2640 Sapparita
515 2601 726 2641 replicatione
750 2602 790 2631 de
809 2602 905 2639 dolo,
930 2602 980 2632 vel
996 2602 1028 2632 in

155 2640 293 2672 factum:
312 2650 406 2680 prout
420 2642 525 2674 suadet
536 2642 737 2683 personarum
748 2641 936 2674 differentia.
954 2652 1026 2674 nam

156 2682 265 2715 liberis
290 2690 342 2711 aut
368 2683 487 2713 libertis
513 2683 661 2715 adversus
681 2691 827 2724 parentes
845 2691 899 2714 aut
917 2691 1024 2723 patro-

156 2733 217 2755 nos
233 2732 297 2753 non
315 2724 403 2754 datur
420 2726 572 2763 exceptio
590 2726 675 2764 doli,
698 2724 750 2756 sed
769 2725 800 2756 in
824 2724 976 2756 factumi.
994 2735 1024 2765 4.

155 2765 185 2808 §.
208 2769 254 2796 16'.
276 2764 317 2795 D.
336 2765 369 2794 cie
386 2765 440 2794 doli
456 2767 523 2795 incili
537 2767 708 2806 exceptione.

198 2807 285 2838 Idem
305 2806 356 2836 vel
374 2805 477 2836 ssmilis
494 2815 586 2838 tenor
602 2810 620 2839 i.
634 2817 682 2839 21.
703 2807 735 2839 C.
753 2808 786 2838 de
796 2806 901 2848 pactis.
927 2808 1024 2839 verba

158 2849 235 2888 ejus.
268 2847 341 2877 Czinz
354 2853 491 2887 proponas
503 2870 511 2884 ,
534 2849 608 2878 inter
623 2859 672 2879 vos
685 2847 749 2886 fine
758 2849 911 2889 scriptura
925 2849 1024 2889 placu-

156 2890 223 2931 zffe,
239 2889 375 2928 fratrum
401 2893 516 2918 tuorum
537 2888 712 2929 liicceffiones
735 2891 822 2930 aeqnis
846 2892 1025 2930 expertibus

157 2934 268 2965 dividi,
287 2929 322 2964 ὅ)
339 2927 545 2959 transactionis
562 2939 646 2968 causa
663 2933 776 2970 probari
790 2930 870 2970 poffit
888 2934 962 2962 hcmc
978 2933 1023 2962 in-

155 2971 299 3012 terceffiſje
321 2971 551 3001 conventionem:
574 2973 732 3009 exceptione
749 2978 775 3001 te
799 2975 873 3002 tueri
884 2980 980 3012 potes,
998 2971 1027 3011 fi

153 3013 282 3056 poffiaes.
306 3010 418 3054 quodsi
433 3011 614 3050 adversarius
631 3018 699 3040 tutis
716 3018 828 3048 teneam
845 3023 881 3044 ex
898 3015 947 3045 hoc
962 3015 1025 3054 pict·

157 3059 212 3087 cito
229 3054 339 3085 nnllam
357 3053 496 3084 actionem
514 3058 613 3083 natam
633 3052 700 3089 effe,
717 3051 744 3088 fi
770 3055 821 3083 tibi
835 3054 1025 3094 stipulatione

158 3107 215 3127 non
228 3093 415 3136 prospexisti,
440 3095 517 3124 debes
534 3093 708 3133 intelligere:
731 3102 780 3122 nec
796 3096 958 3132 adversario
976 3103 1024 3127 tuo

158 3137 352 3170 zrcinsoffione
368 3139 413 3166 uti
428 3136 634 3165 concedendum
651 3130 707 3173 eft,
725 3132 779 3169 nifi
797 3143 828 3163 ea
841 3145 901 3174 qziae
914 3138 1025 3176 placita

149 3184 225 3221 juni
237 3202 246 3216 ,
262 3178 411 3217 adimplere
426 3182 546 3217 paratus
557 3174 608 3214 fit.
633 3174 828 3213 Proponitur
845 3183 915 3205 nata
934 3178 1024 3208 fniffe

157 3223 240 3254 inter
264 3218 432 3251 Eusebium
457 3218 495 3250 ad
512 3227 606 3260 quern
625 3215 810 3257 rescriptum
827 3214 890 3255 est,
914 3218 942 3249 <Sc
961 3220 1025 3258 ejus

1099 449 1230 483 fratrem
1254 450 1291 482 lis
1314 449 1354 481 de
1376 448 1567 481 succeffione
1583 448 1806 482 defunetorum
1824 448 1966 485 fratrum.

1100 491 1214 523 deinde
1230 491 1313 523 facta
1329 490 1559 529 mammone,
1575 491 1740 531 placuiffe,
1757 491 1888 523 fratrum
1903 492 1967 525 suc-

1100 533 1255 566 cesfiones
1280 533 1378 573 aequis
1402 541 1443 563 ex
1467 532 1607 572 partibus
1631 533 1741 565 dividi.
1773 532 1855 564 fallit
1870 533 1967 567 fidem

1099 574 1208 606 frater.
1240 582 1331 614 rogat
1357 572 1509 604 Eusebius
1535 573 1746 613 Imperatores
1762 597 1772 613 ,
1801 577 1966 615 quomodo

1099 615 1251 647 servanda
1273 615 1309 647 fit
1334 614 1513 647 transactio.
1544 615 1718 647 rescribunt
1735 615 1965 657 Imperatores:

1098 656 1120 689 fi
1139 657 1309 697 poffideas,
1333 655 1467 694 Eusebi,
1492 664 1613 696 partem
1638 656 1823 688 hereditatis
1849 658 1889 689 de
1906 667 1966 699 qua

1099 699 1272 737 convenit,
1289 699 1319 729 &
1336 697 1417 729 hanc
1434 698 1488 729 abs
1507 705 1538 728 te
1556 706 1644 737 petat
1663 697 1777 730 frater:
1797 699 1918 739 poteris
1934 708 1966 731 te

1100 741 1180 771 tueri
1192 740 1387 780 exceptione
1403 739 1496 779 pacti.
1521 739 1608 780 quod
1624 739 1645 770 fi
1663 739 1739 771 nihil
1758 740 1911 780 poffideas
1925 750 1967 773 ex

1098 782 1295 820 hereditate,
1311 780 1408 812 fratre
1425 788 1526 812 totam
1544 780 1740 820 possidente:
1757 783 1876 821 poteris
1893 791 1964 823 age-

1097 833 1131 854 re
1155 823 1280 854 actione
1304 831 1343 853 ex
1370 820 1538 862 stipulatu3
1561 820 1581 853 fi
1606 822 1792 863 interposita
1808 823 1967 863 stipulatio

1097 864 1152 896 est.
1176 865 1264 905 quod
1279 864 1298 895 fi
1314 863 1397 895 nulla
1414 864 1607 902 intervenit3
1624 862 1667 894 est
1684 864 1804 895 nudum
1821 865 1965 904 paetum:

1096 915 1135 937 ex
1155 915 1218 947 quo
1235 915 1298 938 non
1320 907 1409 948 datur
1427 913 1511 935 nova
1527 904 1619 936 actio.
1649 904 1670 936 fi
1693 912 1797 937 tamen
1816 907 1893 938 velis
1912 916 1966 938 ve·

1096 955 1164 979 tere
1189 948 1234 980 uti
1262 947 1405 978 actione:
1429 946 1549 977 licebit.
1580 946 1610 978 &
1627 946 1647 977 fi
1668 945 1724 978 tibi
1742 949 1847 988 agenti
1865 947 1966 980 frater

1096 996 1245 1029 opponet
1261 989 1344 1030 pacti
1361 987 1611 1027 exceptionem:
1635 996 1726 1027 potes
1744 998 1811 1020 eam
1830 988 1964 1021 infirma-

1094 1040 1129 1062 re
1148 1031 1359 1071 replicatione
1377 1029 1443 1060 doli
1462 1029 1553 1060 mali:
1578 1028 1632 1060 nisi
1650 1037 1773 1069 paratus
1790 1030 1826 1062 fit
1843 1030 1962 1070 frater,
2000 1029 2002 1031 ’

1094 1081 1129 1103 ea
1148 1081 1217 1111 quae
1236 1073 1351 1112 placita
1369 1070 1457 1108 sunt,
1480 1070 1654 1109 adimplere
1678 1074 1763 1111 quod
1789 1081 1853 1103 non
1872 1072 1908 1104 fit
1925 1082 1965 1103 ae-

1094 1122 1211 1154 quum,
1234 1114 1273 1144 ab
1296 1113 1358 1144 alio
1385 1111 1481 1143 fidem
1506 1114 1635 1154 exigere
1659 1121 1732 1144 eum
1751 1114 1804 1154 qui
1822 1113 1886 1155 ipse
1912 1114 1964 1146 alii

1092 1164 1157 1186 non
1178 1154 1302 1193 praestat
1319 1153 1424 1185 fidem.

1131 1195 1194 1228 Sed
1213 1196 1383 1227 transactio
1403 1204 1467 1226 non
1485 1202 1607 1226 tantum
1625 1193 1660 1226 fit
1676 1195 1769 1236 padio
1787 1196 1894 1235 nudo,
1912 1194 1965 1229 sed

1093 1237 1189 1268 etiam
1207 1247 1271 1268 non
1289 1239 1394 1268 nudo:
1419 1244 1452 1267 ut
1468 1235 1488 1267 fi
1507 1237 1534 1267 ei
1551 1236 1643 1267 subfit
1660 1237 1747 1268 datio
1764 1246 1817 1268 aut
1833 1237 1962 1270 factum.

1092 1277 1195 1319 finge,
1219 1278 1385 1318 pecuniam
1406 1278 1529 1315 datam,
1554 1285 1588 1307 ut
1606 1287 1622 1308 a
1640 1278 1695 1310 lite
1713 1277 1891 1318 desistatur3
1910 1287 1962 1310 aut

1092 1318 1154 1350 esse
1170 1328 1186 1350 a
1205 1320 1261 1351 lite
1285 1319 1453 1356 destitum,
1477 1327 1510 1349 ut
1534 1320 1669 1358 pecunia
1686 1320 1788 1351 detur.
1822 1329 1961 1361 utroque

1089 1360 1121 1392 in
1146 1359 1217 1392 casu
1243 1360 1342 1392 subest
1360 1359 1570 1391 conventioni
1588 1360 1686 1391 causa.
1718 1362 1813 1402 igitur
1830 1360 1864 1392 fit
1883 1371 1961 1393 con-

1089 1401 1206 1433 tractus
1231 1402 1445 1433 innominatus
1471 1410 1510 1431 ex
1534 1410 1599 1439 quo
1624 1401 1759 1433 nascitur
1780 1402 1864 1433 actio
1882 1412 1961 1442 prae-

1089 1441 1211 1483 scriptis
1229 1443 1343 1475 verbis.
1375 1444 1406 1474 id
1425 1441 1564 1473 ostendit
1580 1442 1599 1473 l.
1618 1452 1668 1484 33.
1687 1443 1720 1474 C.
1738 1444 1771 1474 de
1789 1443 1961 1475 transactio-

1089 1483 1185 1515 nibus.
1209 1485 1316 1516 verba.
1348 1484 1382 1515 Si
1394 1484 1552 1524 profundo
1569 1492 1650 1524 quem
1664 1486 1795 1524 petebas,
1817 1487 1962 1526 praedium

1087 1526 1171 1555 certis
1181 1524 1293 1565 finibus
1307 1526 1426 1556 liberum
1442 1527 1506 1556 dari
1516 1524 1719 1556 transactionis
1729 1527 1814 1563 consa
1828 1527 1959 1566 placuit,

1086 1575 1137 1596 nec
1153 1575 1182 1596 eo
1199 1572 1320 1607 tempore
1335 1567 1521 1597 ininoronnis
1536 1567 1645 1605 viginti
1661 1568 1788 1608 quinque
1802 1566 1889 1608 fuisti
1899 1591 1908 1606 ,
1923 1568 1958 1599 ii-

1085 1614 1128 1638 cet
1143 1607 1194 1638 hoc
1204 1609 1342 1647 praedium
1357 1608 1514 1648 obligatum
1527 1606 1588 1648 post
1599 1631 1608 1645 ,
1625 1609 1670 1639 vel
1684 1608 1810 1640 alienum
1822 1615 1874 1649 pro
1886 1615 1957 1649 par-

1085 1648 1219 1687 tefuerit
1231 1650 1398 1689 probatum:
1413 1647 1573 1689 iifiourori
1585 1651 1704 1688 decisam
1718 1650 1796 1681 litem
1804 1651 1956 1691 prohibent

1078 1690 1162 1731 jum.
1193 1689 1245 1721 Ex
1251 1688 1439 1731 stipulatione
1446 1691 1539 1730 sane,
1556 1688 1585 1727 st
1598 1690 1708 1731 placita
1719 1692 1852 1731 servari,
1866 1692 1955 1730 secu·

1084 1737 1116 1761 ta
1133 1729 1190 1770 est:
1212 1733 1277 1769 vel,
1286 1731 1315 1770 fi
1335 1741 1392 1762 non
1408 1730 1609 1772 intercefferz‘t,
1623 1733 1793 1772 praescriptz's
1808 1735 1902 1764 verbis
1920 1744 1954 1764 a-

1084 1771 1173 1803 ctione
1190 1774 1272 1804 civili
1281 1774 1417 1811 subdita,
1441 1775 1518 1813 apud
1537 1772 1683 1804 Rectorem
1699 1775 1852 1813 provinciae
1870 1784 1954 1815 agere

1076 1820 1167 1854 potes.
1185 1813 1213 1852 fi
1230 1820 1325 1846 tomen
1341 1824 1384 1845 res
1399 1815 1472 1854 ipsos
1491 1815 1569 1854 apud
1585 1821 1612 1844 te
1626 1814 1811 1854 constitutas,
1835 1817 1867 1846 ob
1882 1826 1954 1857 qua-

1081 1865 1145 1886 runt
1161 1853 1340 1896 quaestz'onem
1356 1856 1415 1887 litis
1430 1854 1583 1895 interceffit
1598 1855 1713 1894 decifio,
1730 1856 1821 1895 fiscus
1838 1857 1884 1888 vel
1899 1857 1952 1888 ali-

1081 1905 1116 1927 ns
1132 1907 1149 1927 a
1168 1905 1194 1927 te
1210 1899 1394 1928 vindicavit.-
1417 1897 1490 1927 nihil
1505 1903 1597 1936 petere
1607 1903 1696 1937 potes.
1740 1896 1866 1930 Thema
1893 1897 1951 1930 est.

1079 1936 1134 1968 Tu
1159 1947 1175 1968 a
1201 1947 1250 1969 me
1273 1937 1389 1978 petiisti
1416 1938 1569 1975 fundum,
1593 1940 1678 1979 quod
1697 1939 1838 1978 diceres,
1864 1948 1953 1972 tuum

1079 1978 1153 2011 effe.
1187 1980 1303 2011 deinde
1326 1989 1342 2010 a
1367 1980 1422 2011 lite
1440 1980 1585 2011 receffisti
1606 1989 1641 2010 ea
1660 1980 1747 2020 lege:
1771 1987 1806 2010 ut
1822 1990 1882 2022 ego
1900 1991 1949 2012 re-

1079 2028 1171 2051 tento
1188 2020 1291 2052 fundo
1307 2031 1365 2059 eo,
1390 2021 1447 2051 tibi
1466 2023 1572 2052 darem
1591 2021 1723 2052 fundum
1742 2021 1836 2053 alium
1852 2023 1948 2053 certis

1077 2060 1192 2093 finibus
1211 2062 1355 2093 liberum,
1371 2062 1443 2093 dedi
1461 2062 1518 2092 tibi
1536 2062 1686 2093 fundum:
1703 2071 1768 2093 non
1787 2070 1891 2094 tamen
1911 2063 1948 2095 li-

1077 2102 1206 2140 berum,
1231 2102 1281 2133 sed
1300 2104 1389 2134 alteri
1408 2103 1603 2143 obligatum,
1622 2104 1671 2134 vel
1689 2112 1747 2143 pro
1768 2112 1855 2143 parte
1873 2104 1948 2136 alie-

1076 2152 1163 2175 num.
1187 2145 1210 2174 Is
1224 2143 1342 2175 fundus
1358 2143 1477 2176 evictus
1493 2143 1547 2175 est.
1573 2144 1742 2183 quaeritur,
1760 2154 1798 2176 an
1818 2145 1910 2183 poffit
1928 2155 1947 2177 a

1076 2191 1108 2215 te
1133 2184 1295 2216 instaurari
1324 2185 1359 2216 lis
1378 2185 1499 2224 decisa,
1523 2185 1554 2216 id
1571 2185 1634 2223 est,
1659 2186 1836 2217 transaCla‘?
1860 2196 1945 2225 quae-

1075 2227 1163 2257 rendi
1190 2226 1278 2257 causa
1297 2226 1362 2258 est:
1386 2227 1472 2264 quod
1498 2236 1562 2258 non
1589 2226 1653 2258 feci
1673 2229 1760 2266 quod
1786 2237 1836 2258 me
1860 2227 1948 2259 face-

1074 2276 1108 2298 re
1132 2270 1277 2308 oportuit
1302 2268 1373 2307 lege
1397 2268 1640 2300 transactionis?
1665 2270 1750 2308 ajunt
1768 2269 1945 2309 Imperato-

1073 2317 1144 2347 res,
1164 2309 1229 2349 jura
1253 2309 1447 2349 prohibere,
1471 2319 1487 2339 a
1514 2317 1546 2341 te
1572 2309 1730 2341 instaurari
1756 2311 1891 2342 decisam
1911 2312 1943 2342 li·

1074 2357 1149 2381 tem.
1176 2358 1273 2390 puto,
1293 2353 1380 2389 quod
1400 2350 1453 2381 ubi
1470 2349 1603 2383 fundum
1623 2361 1640 2382 a
1654 2361 1705 2383 me
1723 2352 1890 2391 accepisti3
1905 2361 1942 2384 ea

1073 2391 1163 2431 lege,
1177 2400 1210 2422 ut
1227 2401 1299 2422 eum
1315 2401 1410 2432 quem
1428 2401 1444 2422 a
1457 2401 1508 2423 me
1526 2393 1658 2432 petiisti,
1676 2394 1865 2425 retinerem:
1879 2403 1943 2425 non

1071 2432 1132 2472 jam
1160 2441 1255 2472 potes
1279 2442 1311 2463 te
1330 2434 1417 2472 hujus
1434 2434 1600 2465 dominum
1619 2434 1736 2466 dicere.
1770 2437 1841 2475 quia
1858 2435 1941 2467 enim

1073 2473 1173 2513 passus
1191 2483 1224 2504 es
1236 2497 1244 2512 ‚
1262 2482 1349 2504 tuum
1368 2473 1451 2513 quasi
1468 2484 1573 2506 meum
1591 2477 1674 2516 apud
1691 2485 1741 2506 me
1758 2485 1885 2507 manere
1901 2485 1941 2507 ex

1073 2514 1160 2545 causa
1187 2516 1425 2547 transactionis:
1449 2525 1599 2556 apparet,
1624 2525 1654 2548 te
1671 2516 1789 2548 defiiss'e
1807 2518 1871 2557 ejus
1886 2518 1942 2549 do-

1071 2558 1191 2587 minum
1215 2556 1301 2588 ess'e:
1325 2566 1376 2588 me
1400 2565 1503 2588 autern
1528 2557 1589 2589 effe
1615 2559 1780 2590 dominum
1804 2558 1939 2597 facium,

1071 2597 1161 2628 velut
1187 2599 1358 2629 traditione
1375 2598 1481 2629 brevis
1500 2609 1619 2631 mantis.
1645 2598 1757 2631 desiisti
1775 2601 1868 2640 igitur
1888 2600 1940 2631 lia-

1072 2639 1147 2670 bere
1173 2638 1263 2669 fundi
1290 2639 1536 2671 vindicationem
1550 2664 1558 2678 ‚
1582 2650 1621 2671 ex
1642 2650 1706 2681 quo
1725 2640 1835 2672 dcfiissi
1851 2641 1940 2673 fundi

1071 2679 1218 2711 dominus
1234 2679 1314 2711 esse.-
1336 2681 1378 2711 ita
1401 2681 1455 2720 (ut
1471 2681 1556 2720 ajunt
1573 2681 1804 2722 Imperatores)
1827 2682 1938 2714 instau-

1073 2722 1130 2753 rari
1149 2722 1283 2752 decilam
1301 2722 1409 2760 litem,
1432 2722 1497 2761 jura
1516 2723 1699 2762 prohibent.
1733 2722 1881 2764 Exposita
1895 2722 1938 2755 est
1964 2733 1970 2740 ·

1073 2772 1133 2794 una
1151 2763 1228 2803 legis
1246 2762 1386 2803 quaestio.
1419 2764 1558 2795 luccedit
1583 2766 1696 2797 altera:
1721 2774 1791 2805 quae
1815 2765 1871 2796 tibi
1888 2766 1939 2796 ad-

1068 2803 1172 2835 versus
1190 2814 1241 2834 me
1259 2805 1358 2835 danda
1374 2804 1410 2836 fit
1425 2805 1533 2837 attio?
1558 2805 1586 2837 ὅ(
1604 2807 1691 2846 ajunt
1707 2805 1936 2846 Imperatores,

1068 2844 1130 2876 esse
1147 2845 1305 2877 aCtionem
1324 2855 1364 2876 ex
1383 2846 1549 2886 stipulatu:
1567 2846 1587 2878 fi
1605 2849 1720 2888 placita
1740 2847 1872 2886 servari,
1887 2846 1936 2878 sti-

1068 2887 1190 2927 pulatio
1210 2886 1339 2925 sequuta
1356 2887 1410 2918 est.
1441 2889 1536 2927 quid,
1560 2888 1580 2920 fi
1599 2889 1683 2920 nulla
1703 2888 1935 2920 intercesserit?

1069 2928 1173 2968 ajunt,
1198 2928 1286 2968 poss‘e
1304 2936 1336 2959 te
1359 2938 1453 2969 agere
1477 2930 1562 2961 civili
1581 2929 1768 2970 praescriptis
1786 2930 1889 2960 vei-bis
1906 2938 1936 2958 a-

1069 2969 1185 3000 fflone.
1209 2969 1310 3000 recte:
1331 2979 1394 3000 non
1407 2970 1491 3001 enim
1508 2971 1552 3001 est
1571 2973 1654 3002 nuda
1672 2971 1792 3011 pactio:
1808 2980 1846 3000 ne
1864 2970 1936 3008 quis

1069 3011 1172 3048 dicat,
1197 3020 1236 3041 ex
1262 3011 1356 3050 pacto
1383 3020 1447 3042 non
1468 3011 1548 3043 rial'ti
1567 3013 1742 3044 actionem:
1764 3010 1815 3041 sed
1832 3009 1875 3040 est
1892 3011 1935 3041 ci-

1068 3052 1131 3083 vile
1149 3053 1334 3092 negotium:
1358 3052 1432 3082 licet
1452 3054 1535 3084 enim
1555 3055 1629 3084 mini
1649 3054 1748 3093 palam
1767 3060 1829 3081 non
1847 3051 1934 3081 dedi-

1068 3092 1103 3124 sti
1120 3092 1274 3131 fuiidiim;
1299 3101 1402 3124 tamen
1420 3094 1520 3133 palliis
1539 3106 1590 3132 es,
1619 3103 1688 3124 etim
1705 3092 1785 3136 apud
1805 3100 1854 3121 me
1871 3101 1934 3122 ma-

1067 3143 1144 3165 nere
1172 3145 1212 3165 ex
1239 3135 1328 3165 causa
1353 3136 1588 3167 transactionis:
1611 3136 1702 3174 igitur
1726 3133 1841 3163 videi-is
1861 3141 1934 3163 eum

1068 3175 1206 3214 dediffe,
1224 3185 1320 3217 atque
1338 3185 1373 3205 ea
1392 3176 1481 3217 lege:
1508 3184 1541 3206 ut
1559 3175 1612 3206 tibi
1630 3176 1733 3204 darem
1752 3173 1844 3203 alium
1862 3173 1933 3204 fun-

1068 3216 1143 3249 dum
1167 3219 1263 3249 certis
1291 3216 1407 3249 finibus
1422 3217 1567 3249 liberum.
1597 3214 1731 3256 proinde
1749 3213 1769 3245 si
1786 3214 1933 3284 dediftuigi
