2036 3495
172 116 238 158 ipe
571 106 617 143 <G
648 118 668 142 E
700 113 722 139 R
753 117 774 140 A
804 114 826 138 R
859 112 882 140 1¹)
916 114 929 139 1

140 216 143 218 ·
172 200 323 241 <religati
342 194 556 230 exhibendum
571 194 600 226 ei
615 193 697 225 aetio
713 192 882 224 necessaria
897 192 950 224 c-st.
968 191 1044 231 quid

173 243 258 275 enim
286 241 306 272 fi
330 241 476 270 dominus
495 237 622 276 quidem
648 243 772 275 paratus
785 234 827 279 'sit
850 235 1043 273 defendere,

173 287 260 315 attor
278 291 355 311 vero
373 278 526 310 destinare
545 286 608 307 non
627 275 738 316 poffit,
763 275 814 306 uili
829 285 867 306 ex
888 276 1042 316 praesenti·

175 324 255 361 bus,
279 323 350 361 quia
374 328 425 350 aut
450 318 571 349 servum
589 326 653 348 non
672 316 892 358 recognoscit,
917 327 967 348 aut
985 327 1041 349 no-

173 374 247 396 men
273 372 336 392 non
364 368 467 391 tenet:
492 369 598 390 nonne
622 367 746 398 aequum
764 358 828 396 est,
851 357 878 389 ei
893 358 1042 391 familiam

174 405 345 439 exhibere,
364 409 398 432 ut
414 400 543 432 noxium
558 400 676 431 servum
695 399 868 440 agnoscat?
885 401 912 431 ὃῖ
931 400 970 431 ait
990 399 1042 432 Ul·

172 448 300 486 pineus,
318 442 405 480 quod
422 451 462 473 ex
478 443 566 472 caula
580 442 674 472 debet
686 440 750 471 fieri
768 441 806 471 ad
823 441 1042 482 defignandum

175 496 247 517 eum
266 486 353 523 cujus
372 482 502 514 nomine
520 483 625 513 noxali
647 482 714 523 quis
731 483 813 522 agit,
837 483 1045 514 recciifitione

173 526 336 558 servorum
355 524 446 555 facia.
483 524 592 555 Simile
611 524 791 562 exemplum
810 523 899 555 estin
919 525 1042 556 interdi-

176 567 232 599 ctis
248 569 274 598 cl.
292 569 310 597 l.
331 577 357 607 3.
372 566 401 607 ἓ.
420 576 448 605 5.
472 575 504 596 ut
523 566 562 596 de
578 565 692 605 glande
709 565 841 604 legenda
859 564 950 607 l.9.§.
966 575 990 596 1.
1003 565 1044 596 D.

173 609 232 640 lm.
251 609 280 639 ὅς
298 608 457 639 similibus.
488 606 580 638 Aliud
597 606 778 646 exemplum
797 604 840 636 est
858 607 886 636 in
906 606 1044 637 crimini-

177 651 254 681 bus:
271 652 310 680 de
327 650 439 689 quibus
455 647 495 678 iic
513 647 662 687 Ulpianus
682 647 762 677 Lulc.
776 645 816 677 D.
834 647 860 677 b.
879 653 898 677 ι,
916 657 985 687 quae
1001 646 1046 678 est

176 701 216 723 ex
234 691 280 721 lib.
300 701 328 722 2.
353 689 549 731 Regularum:
573 687 745 731 „Quae-[lionis
761 688 891 718 habendae
906 693 992 722 caula
1009 690 1046 719 ad

176 733 364 764 exhibendum
385 733 484 772 agitur
502 740 538 761 ex
554 729 663 761 deustis
671 730 823 769 servorum
839 731 876 760 ad
893 731 1045 761 vindican-

177 777 226 806 dos
243 775 362 807 conscios
377 774 448 808 suos.

219 815 298 846 Satis
311 814 396 849 dixi,
412 813 572 853 quidjuris
581 812 635 852 sit3
651 811 750 853 fiquis
760 813 884 844 acturus
902 813 939 844 ad
957 813 1045 844 exhi-

178 857 317 888 bendum
331 854 487 892 ostendat,
501 854 548 884 sua
559 853 702 885 interefle
718 863 783 885 rem
800 854 963 892 exhiberi,
975 864 1046 895 pro·

175 907 249 939 pter
267 897 426 928 actionem
443 905 534 936 quam
550 896 610 936 jam
629 896 724 927 habet
740 904 890 938 paratam.
934 896 1048 927 Adhuc

178 940 349 970 dicendum
368 937 451 967 idem
469 937 548 976 esse3
566 937 585 968 si
605 947 673 968 eain
691 946 753 968 non
775 937 1048 977 habeatquidem3

177 979 229 1011 sed
246 980 365 1019 speret,
383 978 519 1016 habere,
536 988 569 1009 re
587 977 735 1009 exhibita.
768 978 849 1010 Tale
868 979 1048 1018 exemplum

178 1020 314 1061 Ulpiano
333 1020 386 1050 ml.
399 1020 465 1061 3.§.
482 1024 510 1050 6.
526 1020 552 1051 b.
570 1025 591 1051 t.
617 1020 660 1050 est
673 1043 682 1057 2
699 1019 798 1060 legata
820 1021 964 1060 optione.
982 1020 1048 1050 fac:

178 1062 286 1095 relicta
304 1061 378 1092 mihi
392 1060 435 1092 est
453 1062 545 1101 optio
565 1060 660 1099 servi,
677 1062 727 1092 vel
745 1062 833 1100 cujus
850 1062 976 1092 alterius
988 1062 1048 1092 rei:

178 1104 256 1135 volo
281 1103 467 1143 optare3id
492 1103 555 1140 est,
579 1102 705 1143 eligere.
732 1111 795 1133 non
821 1102 960 1141 pofl‘um,
985 1112 1049 1133 non

177 1144 319 1178 exhibita
347 1143 504 1175 testatoris
530 1143 656 1175 familia.
689 1153 726 1174 an
753 1143 874 1182 poil‘um
900 1153 992 1184 agere
1013 1145 1051 1175 ad

178 1185 399 1219 exibendum?
416 1186 458 1216 ait
474 1184 641 1225 Ulpianus,
659 1194 710 1215 me
725 1194 817 1225 agere
828 1183 930 1224 poffe,
948 1185 975 1216 ἀ
994 1184 1053 1216 hoc

179 1228 332 1260 constare.
359 1227 454 1265 Atqui
470 1227 720 1257 vindicationem
732 1249 741 1263 ‚
767 1233 839 1257 ante
855 1235 946 1265 quam
964 1236 1049 1266 opta·

177 1271 229 1307 vi,
247 1269 364 1300 nullam
384 1268 497 1298 haben.
521 1267 564 1298 ita
584 1267 711 1298 interest
727 1276 815 1305 mea,
830 1266 979 1299 familiam
995 1269 1050 1299 rni-

177 1311 212 1342 hi
234 1310 378 1341 exhiberi
396 1332 405 1347 ,
431 1318 535 1339 tamen
562 1318 626 1340 non
655 1307 781 1339 interest
809 1318 894 1346 mea,
920 1317 1052 1349 propter

179 1351 430 1384 vindicationem
445 1359 536 1390 quam
556 1360 617 1381 non
631 1350 745 1380 habeo.
769 1349 830 1380 Sed
847 1358 935 1389 putat
949 1351 1050 1391 ulpia-

178 1402 256 1432 nus,
280 1390 356 1424 milii
383 1390 524 1422 sufficere
551 1391 651 1431 spem,
674 1390 765 1428 sore,
790 1398 823 1421 ut
840 1391 981 1422 exhibita
1006 1391 1050 1423 fa-

180 1435 267 1466 milia
291 1433 451 1464 vindicare
480 1432 599 1472 poffim.
639 1431 709 1462 Plus
729 1434 770 1462 ait
790 1433 942 1471 Ulpianus
959 1433 985 1474 §.
1006 1442 1051 1465 10.

181 1476 238 1507 cil.
254 1485 281 1516 3.
305 1474 325 1506 fi
345 1475 444 1511 legata
460 1473 534 1504 milii
555 1482 594 1503 cx
615 1473 754 1510 pluribus
772 1472 805 1504 sit
822 1483 869 1505 res
886 1484 944 1505 una
960 1484 1051 1515 quam

181 1517 341 1556 optaverit
365 1514 490 1545 Titius:
515 1523 578 1544 non
597 1513 642 1545 est
659 1523 746 1552 mea,
772 1522 940 1555 antequam
960 1525 1050 1554 opta-

180 1559 227 1587 vit
243 1556 367 1587 Titius:
391 1555 441 1586 sed
468 1554 574 1586 futura
590 1554 649 1586 erit
666 1564 755 1594 mea,
780 1555 914 1596 optione
931 1567 946 1588 a
961 1556 1052 1589 Titio

179 1598 272 1630 facta.
298 1596 390 1636 igitur
408 1595 485 1627 ficut
510 1595 639 1628 interest
663 1604 752 1636 mea,
778 1607 793 1627 a
817 1595 908 1628 Titio
928 1598 1052 1639 optari,

181 1641 210 1671 ἀ
235 1637 378 1670 exhiberi
402 1637 447 1668 ei:
470 1637 513 1668 ita
537 1647 661 1679 aequum
684 1637 750 1677 est,
772 1647 812 1669 eo
829 1638 958 1672 nomine
976 1640 1052 1672 mihi

179 1681 262 1713 hanc
275 1679 431 1711 athonem
449 1678 523 1710 dari.
548 1679 709 1718 Superiori
729 1681 879 1720 exemplo
899 1681 991 1712 affine
1010 1681 1053 1713 est

177 1722 313 1763 sequens
324 1721 405 1759 apud
422 1720 548 1752 Paulum
559 1721 577 1751 l.
588 1725 616 1751 6.
627 1721 653 1751 b.
665 1726 686 1752 t.
712 1721 952 1761 proponituribi
968 1732 1052 1764 gem-

177 1773 230 1797 ma
245 1762 360 1794 inclusa
376 1763 511 1800 annulo,
536 1770 587 1793 aut
611 1761 741 1804 sigillum
764 1763 964 1795 candelabro.
990 1774 1053 1796 non

179 1804 288 1847 potest
300 1813 424 1846 gemma
435 1803 633 1835 vindicariab
643 1813 683 1835 eo
693 1804 778 1844 cujus
789 1803 846 1835 fuit
857 1814 930 1836 ante
940 1830 948 1841 ,
961 1815 1053 1846 quam

179 1846 298 1879 annulo
314 1845 430 1877 inclusa
449 1844 543 1884 esset,
568 1844 640 1885 quia
657 1855 720 1876 non
739 1844 782 1876 est
806 1845 951 1879 dominus
969 1857 1053 1888 gem-

179 1898 242 1921 mae
258 1887 375 1919 annulo
391 1885 580 1918 inhaerentis.
598 1894 709 1918 contra
724 1896 848 1928 gemma
866 1888 990 1929 estpars
1005 1898 1055 1920 an·

179 1929 264 1969 nuli,
280 1938 387 1969 eoque
401 1927 522 1960 domini
532 1927 637 1959 annuli
651 1928 719 1967 jure
729 1928 923 1961 accessionis.
940 1930 983 1961 rei
1002 1940 1053 1961 au-

181 1979 247 2004 tem
275 1969 449 2002 vindicatio
482 1970 574 2001 datur
598 1968 725 2010 quidem
750 1969 882 2001 domino
908 1971 1054 2003 adversus

181 2012 385 2054 possessorem
405 2011 457 2052 qui
475 2021 539 2043 non
556 2010 591 2042 fit
614 2010 782 2050 dominus;
807 2011 858 2043 sed
876 2022 939 2043 non
956 2012 1055 2045 domi»

181 2064 226 2087 no
243 2053 388 2085 adversus
407 2053 569 2085 dominum
591 2062 654 2083 non
671 2052 772 2084 datur.
811 2052 940 2086 interest
963 2054 1057 2095 igitur

182 2097 248 2137 ejus
259 2096 345 2136 cujus
356 2105 479 2136 gemma
491 2093 550 2125 suit
560 2117 569 2131 ,
588 2103 655 2125 eam
668 2093 821 2125 exhiberi.
847 2094 920 2126 Nec
936 2096 1056 2134 obstat,

182 2139 272 2179 quod
289 2137 318 2168 ci
337 2138 419 2169 nulla
436 2145 569 2177 gemmae
588 2135 634 2167 est
649 2134 842 2175 vindicatio,
867 2136 992 2169 afflone
1017 2140 1056 2169 ad

181 2178 399 2211 exhibendum
419 2178 629 2219 praeparanda.
665 2176 747 2208 Nam
765 2177 833 2208 haec
850 2178 929 2217 erit3
954 2179 1055 2210 domi-

180 2220 237 2253 nio
264 2229 397 2262 gemmae
424 2221 489 2259 ejus
515 2220 552 2249 ab
577 2219 694 2249 annulo
713 2218 907 2258 separatione
924 2221 961 2252 ad
980 2221 1054 2251 anti-

183 2272 281 2301 quum
299 2261 464 2293 dominum
481 2260 656 2300 reversum.
682 2261 767 2299 quod
788 2260 946 2300 sufficere,
967 2270 1056 2302 putat

183 2304 309 2336 Paulus.
332 2302 448 2335 Similia
463 2302 567 2333 adfert
583 2301 735 2343 Ulpianus
753 2302 810 2342 lq.
830 2302 1056 2343 §.'1.&2.l›.t.

182 2345 309 2380 sednon
321 2353 417 2386 egent
429 2342 654 2384 explicatione.
674 2343 773 2374 solum
790 2345 950 2382 monebo,
969 2345 1057 2384 quod

183 2386 213 2418 in
241 2386 328 2427 tigno
353 2386 472 2418 aedibus
496 2384 605 2426 juncto
631 2393 694 2415 non
719 2384 800 2416 idem
820 2385 927 2416 censet
947 2386 1058 2417 Paulus

183 2428 277 2459 cl.l.6.
301 2427 365 2459 imo
378 2436 489 2466 negat,
506 2427 544 2457 ad
563 2425 778 2456 exhibendum
790 2427 829 2457 de
847 2437 887 2457 eo
905 2427 970 2468 agi:
987 2437 1057 2466 pro-

181 2477 254 2508 pter
274 2468 393 2509 Legem
415 2466 597 2500 Duodecim
616 2465 833 2505 Tabularum3
850 2477 918 2508 quae
936 2468 1056 2505 vetuit,

184 2509 304 2550 tignum
325 2510 459 2541 alienum
478 2509 598 2540 aedibus
612 2508 754 2546 junstum
773 2508 868 2540 solvi:
885 2510 936 2540 sed
958 2509 1058 2540 voluit

184 2550 234 2591 agi
249 2550 369 2581 actione
387 2553 426 2582 de
442 2551 530 2592 tigno
543 2549 653 2590 junfto
671 2549 700 2581 in
718 2550 866 2590 duplum:
882 2550 923 2582 de
941 2561 1005 2591 quo
1022 2559 1056 2581 ut

184 2592 214 2622 ἃ
235 2591 355 2622 caeteris
372 2592 530 2633 disputavi
544 2589 667 2633 plenius
684 2590 771 2632 supra
789 2590 842 2622 sub
859 2590 973 2624 Titulo
985 2616 994 2632 ‚
1011 2592 1058 2624 De

186 2633 228 2664 rei
242 2633 446 2664 vindicatione.

224 2674 364 2713 Apparet
379 2673 489 2714 igitur,
508 2674 696 2715 quodinitio
707 2673 790 2711 dixi,
808 2674 890 2706 hanc
900 2673 1056 2706 athonem

185 2722 375 2755 competere
390 2715 518 2747 demum
537 2714 564 2746 ei
583 2716 670 2756 cujus
687 2715 898 2757 pecuniariter
919 2715 1057 2754 interfit,

185 2766 252 2789 rem
275 2755 327 2787 fibi
347 2754 509 2799 exhiberi,
534 2765 665 2797 propter
679 2757 788 2798 justam
808 2757 836 2788 ἃ
856 2757 1056 2797 probabilem

184 2796 307 2829 causam
333 2795 465 2840 astionis.
488 2806 580 2836 quam
608 2806 660 2829 aut
681 2806 819 2838 paratam
847 2799 981 2836 habeat,
1006 2807 1058 2830 aut

185 2840 290 2877 speret
309 2847 342 2869 re
360 2837 500 2868 exhibita
516 2837 641 2870 habere.
686 2840 761 2871 Non
784 2839 885 2872 minus
910 2849 985 2870 vere
1003 2840 1057 2871 ob-

185 2878 326 2918 servavi,
342 2888 409 2910 eam
422 2877 556 2915 cessare,
574 2881 672 2910 altero
683 2880 864 2913 deficiente.
890 2880 1054 2920 Intererit,

187 2923 218 2954 ὅ(
237 2921 300 2953 hoc
317 2919 467 2959 exemplo
483 2919 714 2952 demonstrass‘e.
731 2922 762 2953 In
776 2925 802 2953 ci.
818 2923 834 2953 l.
851 2933 880 2963 3.
899 2922 927 2964 §.
943 2931 986 2953 11.
1003 2931 1055 2953 oc—

185 2963 284 2994 currit
300 2962 362 2993 tale
375 2961 458 3000 apud
475 2959 753 3004 UlpianumsFur,
771 2972 824 2994 aut
845 2966 971 3004 praed0‚
991 2970 1059 2995 veri

180 3005 217 3036 bi
228 3003 344 3045 gratia,
362 3002 526 3042 postquam
543 3000 630 3032 desiit
647 3003 801 3039 possidere
811 3015 876 3036 rem
888 3014 981 3046 quam
992 3004 1055 3036 fur-

985 97 1083 138 N'o
1113 98 1135 136 o'
1169 93 1251 139 υἷι·
1307 102 1335 138 C
1364 96 1447 138 o‘ilt
1479 102 1518 138 ivi.

1087 188 1260 225 hibendum
1275 192 1366 225 datur
1384 192 1411 224 ei
1431 193 1518 232 cnjus*
1536 189 1675 224 interest.
1711 191 1774 225 Sed
1788 191 1821 226 id
1836 192 1957 237 nequi-⁵
1990 205 1993 209 ’

1088 243 1180 276 quam
1192 245 1299 267 verum
1310 235 1391 273 esse,
1408 234 1558 275 Ulpianus
1576 233 1634 266 ait:
1651 234 1849 275 &causatum
1865 239 1952 277 quod

1088 285 1151 309 non
1167 276 1293 316 sufficit,
1310 276 1423 308 actoris
1439 275 1603 308 intereffe:
1621 274 1670 307 sed
1688 283 1818 316 oportet
1829 280 1892 317 ejus
1907 280 1954 312 in-

1085 316 1196 350 tereffe
1220 316 1351 359 propter
1372 318 1481 359 Jullam
1508 320 1536 349 ὅ(
1562 317 1759 359 probabilem
1779 317 1953 356 rationemgt

1084 369 1125 391 ex
1142 369 1200 399 qua
1220 369 1382 400 competat
1395 359 1421 391 ci
1434 368 1486 390 aut
1502 358 1703 390 interdictum
1725 367 1778 391 aut
1795 359 1895 399 actio,
1908 363 1952 394 rei

1085 400 1276 441 vindicatio,
1293 400 1495 443 verbigratia.
1512 410 1541 431 at
1560 401 1588 432 in
1607 401 1770 441 proposito
1786 400 1836 432 fur
1851 411 1954 442 neque

1086 441 1325 481 interdicturus,
1350 453 1454 482 neque
1471 442 1684 474 vindicaturus
1703 445 1758 474 est.
1781 452 1844 473 non
1863 443 1954 484 igitur¹

1088 484 1189 515 danda
1200 484 1281 514 eiest
1299 485 1335 516 ad
1352 484 1567 516 exhibendum
1589 483 1685 523 actio,
1703 482 1846 524 quamvis
1860 483 1955 517 inter-

1087 525 1124 557 fit
1148 525 1227 564 ejus:
1250 534 1312 556 non
1340 525 1478 564 patiente
1504 525 1587 557 civili
1612 533 1664 556 aut
1681 524 1811 557 naturali
1834 524 1958 559 ratione

1088 568 1214 598 tuendae
1239 565 1380 596 humanae
1399 566 1554 598 societatis
1566 592 1574 606 ,
1599 568 1734 607 aliquem
1750 567 1790 599 de
1807 565 1957 607 improbi-

1089 615 1154 638 tate
1167 606 1216 638 sua
1231 606 1468 639 facerelucrum
1485 609 1502 639 l.
1518 618 1561 640 ιε.
1579 608 1607 650 §.
1622 617 1646 639 1.
1668 609 1706 639 D.
1722 610 1755 639 de
1764 608 1871 647 furtis.
1887 608 1957 641 Pul*

1089 649 1200 680 chrum
1227 647 1287 679 fuit
1312 647 1449 688 superius
1471 653 1670 690 exemplum:
1695 650 1744 681 sed
1769 659 1860 689 reque
1889 650 1958 690 pul-¹

1089 692 1199 722 chrum
1215 689 1273 721 erit
1291 688 1428 730 sequens.
1451 700 1490 722 ex
1507 691 1525 722 l.
1549 700 1593 727 19,
1621 691 1660 722 D.
1677 692 1704 722 h.
1723 698 1744 722 ι.
1773 690 1883 731 aliquis
1902 700 1958 732 pu·
1981 720 1993 726 ,

1090 740 1153 769 tat,
1177 730 1233 762 fibi
1258 730 1367 762 deberi
1392 731 1527 772 aliquid,
1552 733 1578 763 ὅ(
1600 734 1659 763 hoc
1676 731 1760 773 poffe
1781 733 1902 772 liquere
1917 741 1960 766 ex

1089 771 1255 804 adversarii
1272 771 1452 804 rationibus.
1475 772 1593 804 idcirco
1611 774 1709 814 petit,
1734 774 1787 805 has
1807 775 1845 804 ab
1870 783 1909 805 eo
1924 773 1960 806 fi.-

1091 815 1121 846 bi
1139 812 1292 846 exhiberi.
1316 814 1450 854 anjure,
1465 814 1639 855 quaeritur?
1657 815 1726 846 Non
1747 816 1791 846 est
1808 815 1962 855 dubium}

1091 856 1164 896 quin
1182 855 1301 886 intersit
1317 855 1401 894 ejus,
1427 865 1477 888 eas
1495 855 1655 895 exhiberi;
1678 865 1738 888 nec
1755 856 1852 898 magis
1873 856 1964 888 dubi-

1092 907 1144 930 um
1157 922 1165 936 ,
1184 896 1257 936 quin
1278 895 1370 927 liceat
1394 898 1432 929 ad
1450 896 1664 928 exhibendum
1683 908 1775 939 agere
1793 898 1960 938 omnibus,
1985 899 1993 920 ,¹

1092 937 1374 978 quoruminterest.
1398 938 1510 970 Paulus
1528 947 1632 969 tamen
1651 948 1764 980 negat,
1783 948 1853 970 eum
1865 940 1963 970 habe·

1092 991 1125 1012 re
1137 981 1218 1011 lianc
1235 979 1402 1011 actionem:
1422 979 1510 1020 quia,
1530 980 1604 1011 utin
1620 980 1811 1011 anteceffum
1824 979 1960 1020 dicium,

1086 1030 1153 1053 ‘non
1171 1029 1297 1061 oportet
1315 1020 1448 1060 qualiter
1466 1020 1752 1061 qualitetintcress‘e
1762 1020 1893 1060 aCtori53
1909 1022 1962 1054 sed

1092 1071 1221 1104 oportet
1237 1063 1302 1102 ejus
1319 1061 1463 1094 intereffe
1475 1085 1484 1100 ‚
1508 1070 1637 1102 propter
1656 1063 1852 1102 sequuturam
1871 1062 1960 1095 ratio·

1094 1114 1168 1136 num
1179 1103 1423 1135 vindicationem
1435 1127 1443 1142 ,
1455 1103 1502 1135 his
1518 1103 1681 1136 exhibitis:
1700 1106 1784 1143 quod
1802 1103 1831 1135 in
1851 1113 1963 1144 propo-

1093 1146 1151 1177 sito
1174 1155 1235 1176 non
1252 1145 1314 1177 est:
1342 1145 1413 1185 quia
1429 1144 1563 1177 rationes
1579 1155 1638 1176 non
1658 1146 1725 1177 sunt
1744 1147 1820 1185 eJ'uS.
1851 1145 1963 1177 Paulus

1095 1187 1126 1219 id
1152 1187 1280 1218 illustrat
1307 1188 1474 1227 exemplo:
1499 1186 1627 1225 dicens,
1651 1187 1740 1218 aliter
1765 1186 1965 1218 exillImunti·
2009 1201 2013 1206 Δ

1094 1229 1152 1260 bus
1164 1252 1173 1267 ,
1189 1228 1281 1259 etiam
1299 1227 1602 1268 studiosumalicujus
1612 1228 1758 1260 doctrina}
1779 1228 1862 1268 poff:
1880 1228 1964 1260 dice·

1094 1280 1146 1307 re,
1170 1270 1220 1300 sua
1236 1268 1400 1307 interesse,
1417 1269 1485 1300 illos
1503 1279 1554 1300 aut
1571 1269 1639 1302 illos
1656 1269 1748 1300 libros
1767 1269 1820 1300 sibi
1835 1269 1966 1301 exhibe-

1093 1311 1133 1343 ri:
1149 1311 1220 1351 quia
1233 1309 1381 1342 exhibitis
1393 1335 1401 1349 ‚
1419 1312 1590 1350 lectisque,
1607 1311 1727 1342 doCtior
1745 1311 1774 1342 ἃ
1792 1310 1900 1341 niclior
1918 1309 1969 1343 fu·v

1096 1361 1180 1384 turus
1200 1352 1286 1383 esset.
1312 1352 1362 1382 scd
1381 1352 1460 1388 hoc,
1474 1351 1698 1392 inquitPaulus
1711 1376 1718 1390 ‚
1737 1352 1780 1383 est
1798 1351 1966 1383 calumnia-

1094 1393 1137 1431 ri,
1157 1393 1185 1424 &
1203 1402 1331 1430 captare
1361 1392 1460 1424 Edisti
1485 1393 1595 1424 verba:
1617 1395 1701 1433 quod
1726 1403 1785 1424 non
1810 1393 1966 1433 decetjus

1096 1434 1197 1466 civile.
1233 1433 1358 1465 Praetori
1378 1434 1459 1466 enim
1472 1458 1480 1473 ‚
1499 1444 1575 1466 curn-
1588 1436 1653 1466 vult
1672 1434 1816 1465 inter-effe
1836 1435 1968 1473 adoris,

1096 1484 1129 1508 ut
1143 1476 1568 1515 hancimpetretaflionem,
1584 1486 1644 1507 non
1662 1475 1794 1514 sufficit,
1812 1477 1875 1515 ejus
1895 1485 1968 1516 qua-

1096 1518 1168 1550 liter
1186 1516 1548 1557 qualiter-intei-effe2sed
1561 1518 1625 1556 ejus
1645 1516 1855 1557 pecuniariter
1873 1516 1969 1547 inter·

1096 1558 1177 1593 ess'e.
1203 1559 1232 1590 ἀ
1258 1558 1384 1597 quidem
1402 1559 1444 1589 ob
1458 1557 1567 1597 justam
1586 1558 1615 1588 ἅ
1635 1558 1827 1597 probabilem
1846 1558 1969 1589 causam

1096 1599 1242 1635 astionis,
1267 1608 1359 1637 quam
1379 1607 1432 1630 aut
1446 1599 1508 1639 jein
1527 1599 1639 1630 habeat
1652 1622 1661 1638 ,
1685 1607 1736 1630 aut
1754 1599 1856 1639 speret
1875 1598 1972 1630 habe-

1096 1651 1145 1677 re,
1171 1651 1203 1672 re
1221 1641 1370 1672 exhibita.

1136 1682 1188 1714 Est
1212 1691 1316 1714 tamen
1333 1682 1417 1714 casus
1434 1680 1463 1713 in
1482 1691 1546 1721 quo
1571 1680 1720 1722 Uipianus
1740 1680 1856 1720 refert,
1880 1691 1969 1714 rece·

1096 1733 1184 1764 ptum
1208 1724 1287 1758 effe.
1304 1724 1354 1755 sed
1373 1722 1527 1764 benigne:
1546 1731 1577 1753 ut
1596 1721 1733 1754 cessante
1751 1722 1873 1754 actione
1890 1723 1969 1755 dire·

1098 1766 1145 1797 &a
1162 1767 1198 1796 ad
1217 1765 1452 1799 exhibendum,
1470 1766 1563 1796 detur
1580 1763 1610 1795 in
1626 1764 1760 1802 fastum,
1782 1765 1808 1795 *d
1828 1764 1889 1802 cst,
1907 1763 1967 1795 uti-

1098 1807 1141 1838 liss
1160 1806 1184 1838 is
1195 1807 1278 1838 casus
1291 1806 1322 1838 in
1339 1808 1365 1837 d.
1382 1806 1400 1837 l.
1414 1806 1469 1847 3.§
1502 1815 1544 1844 14.
1563 1807 1588 1835 h.
1608 1812 1629 1836 t.
1655 1806 1698 1836 est
1716 1805 1910 1845 hujusmodi:
1927 1806 1969 1837 U·

1098 1848 1182 1880 xoris
1199 1858 1276 1880 meze
1294 1849 1397 1879 servus
1414 1857 1498 1879 meas
1510 1846 1646 1878 rationes
1660 1847 1845 1887 conscripiii.
1863 1848 1908 1877 lite
1925 1856 1970 1879 ra·

1092 1889 1204 1920 ¹tiones
1221 1900 1235 1920 a
1255 1898 1286 1921 te
1303 1889 1504 1930 poffidentur.
1521 1888 1683 1926 desidere,
1702 1897 1752 1919 cas
1763 1888 1915 1927 exbiberi.
1930 1897 1970 1920 an

1098 1932 1209 1972 posiim
1221 1941 1313 1972 agere
1325 1934 1362 1962 ad
1373 1930 1588 1962 exhibendum
1599 1929 1614 1960 .9
1631 1929 1670 1959 ait
1684 1929 1833 1970 Ulpianus
1843 1953 1851 1965 ‚
1869 1930 1888 1961 si
1901 1939 1970 1962 mea

1100 1972 1142 2004 est
1160 1972 1284 2011 charta,
1309 1972 1340 2004 in
1356 1981 1413 2017 qua
1432 1971 1558 2016 scriptae
1571 1971 1627 2002 sint
1645 1970 1797 2006 rationts,
1815 1971 1876 2001 effe
1894 1971 1970 2002 huic
1987 1984 1990 1989 ·

1101 2013 1327 2045 aCtionilocum
1343 2014 1494 2045 evidente
1505 2021 1642 2050 ratione3
1659 2014 1742 2051 quod
1759 2012 1887 2042 interest
1900 2021 1971 2043 mea
1994 2046 1997 2052 ,

1100 2055 1330 2096 pecuniariter,
1346 2055 1485 2086 chartam
1504 2053 1644 2092 scriptam
1662 2053 1737 2084 milii
1758 2052 1900 2084 exhiberi
1914 2077 1921 2091 ,
1938 2054 1969 2084 (Sc

1100 2096 1291 2133 exhibitam,
1316 2106 1330 2127 a
1355 2105 1406 2127 me
1431 2094 1592 2126 vindicari.
1617 2103 1647 2124 at
1673 2094 1692 2126 fi
1718 2095 1825 2125 charta
1843 2104 1907 2125 non
1925 2092 1970 2126 est

1099 2148 1189 2176 mea,
1212 2148 1252 2169 ne
1270 2137 1417 2178 scriptum
1435 2136 1562 2176 quidem
1581 2144 1685 2167 mcum
1705 2137 1758 2167 eli.
1781 2135 1900 2167 interfit
1919 2135 1973 2176 igi·

1099 2187 1148 2210 tur
1172 2189 1240 2211 mea
1259 2177 1485 2219 pecuniariter,
1503 2177 1577 2208 mihi
1595 2177 1735 2208 chartam
1753 2177 1897 2216 scriptam
1917 2186 1971 2209 ex-

1099 2220 1217 2252 hiberi:
1234 2220 1303 2257 quia
1321 2229 1423 2251 tamen
1442 2219 1613 2250 exhibitam
1632 2229 1691 2249 non
1705 2226 1816 2259 potero
1835 2217 1971 2250 xindica=

1100 2272 1151 2298 rc;
1168 2261 1369 2301 aitLlpianus
1381 2261 1515 2300 ,ceffare
1526 2261 1564 2292 ad
1575 2259 1789 2291 exhibendum
1800 2259 1969 2291 astionem:

1101 2313 1172 2334 cum
1194 2313 1260 2334 mea
1278 2313 1337 2333 non
1356 2302 1473 2333 interfit
1491 2309 1621 2342 propter
1631 2300 1795 2332 athonem.
1822 2301 1892 2331 lloc
1910 2301 1970 2332 ser-

1100 2343 1248 2375 vantibus
1274 2343 1373 2375 Edisti
1393 2343 1505 2374 verba:
1527 2343 1577 2374 sed
1597 2342 1765 2383 Ulpianus,
1790 2341 1899 2379 Juliani
1918 2351 1970 2373 au-

1100 2386 1244 2416 ctoritate
1266 2393 1385 2419 motus,
1402 2384 1463 2420 ait,
1482 2383 1563 2415 effici
1582 2383 1730 2424 aequitate
1747 2382 1969 2428 exhibitionis,

1101 2426 1130 2458 id
1150 2426 1211 2464 est,
1236 2436 1343 2458 mente
1360 2425 1459 2457 Euiffi
1476 2426 1516 2456 de
1534 2435 1569 2455 ea
1586 2423 1751 2465 propositi:
1776 2432 1809 2454 ut
1827 2433 1971 2464 quumVIs
1992 2448 1996 2451 d

1099 2475 1235 2506 nequeat
1259 2467 1380 2498 actione
1405 2466 1519 2498 directa
1540 2467 1579 2497 ad
1602 2464 1815 2496 exhibendum
1835 2464 1902 2505 agi;
1926 2464 1971 2496 ni-

1100 2508 1266 2541 hilominus
1290 2507 1370 2539 aelio
1394 2508 1423 2539 in
1448 2507 1585 2543 factum,
1609 2506 1640 2537 id
1663 2506 1726 2544 est,
1752 2505 1834 2537 utilis
1853 2529 1861 2544 ,
1894 2505 1970 2538 mihi

1101 2559 1271 2590 competat.
1299 2550 1415 2588 pendet
1432 2557 1508 2578 vero
1526 2549 1593 2578 haec
1610 2546 1738 2587 aequitas
1757 2548 1795 2578 ab
1809 2557 1866 2584 θος
1885 2547 1972 2586 quod

1101 2591 1210 2623 charta
1221 2590 1367 2630 quidem,
1384 2590 1414 2621 in
1426 2598 1485 2630 qua
1504 2589 1547 2620 cst
1563 2588 1710 2629 scriptum
1723 2612 1731 2627 ‚
1749 2598 1808 2619 non
1825 2588 1870 2620 cst
1882 2598 1971 2627 mea,

1101 2633 1152 2664 sed
1179 2632 1240 2670 est,
1264 2631 1388 2662 interim
1413 2629 1443 2661 in
1462 2640 1495 2661 ca
1521 2630 1667 2670 scriptum
1686 2640 1759 2661 meo
1776 2632 1919 2661 nomine:
1942 2630 1972 2661 ἀ

1101 2681 1135 2706 ut
1151 2674 1235 2704 casus
1253 2674 1321 2704 talis
1341 2682 1401 2703 non
1422 2673 1623 2702 contineatur
1640 2671 1742 2703 Edffi
1762 2671 1886 2710 verbis3
1910 2680 1970 2703 non

1101 2715 1220 2747 idcirco
1232 2713 1331 2745 Edicit
1350 2721 1457 2744 mente
1469 2713 1660 2744 excluditur.
1685 2713 1728 2743 ita
1740 2722 1799 2744 nec
1817 2713 1971 2744 debetca-

1102 2766 1171 2788 rere
1189 2756 1255 2786 utili
1274 2755 1418 2792 acimum
1443 2754 1518 2785 licet
1534 2764 1593 2785 non
1615 2754 1728 2785 habeat
1746 2755 1907 2786 directam,

1146 2796 1239 2828 Possit
1265 2796 1339 2827 huic
1365 2797 1443 2834 parti
1467 2795 1657 2827 satisfactum
1675 2795 1790 2832 videri,
1816 2795 1869 2827 nifi
1886 2795 1972 2836 adju-

1102 2838 1221 2870 vandus
1244 2837 1346 2868 adhuc
1371 2837 1446 2868 effet
1472 2837 1582 2868 Paulus
1599 2836 1627 2868 in
1649 2836 1752 2868 verbis
1767 2837 1970 2875 sequentibus

1102 2881 1120 2913 l.
1144 2889 1188 2912 12.
1208 2879 1235 2921 §.
1253 2889 1277 2919 3.
1299 2881 1326 2910 h.
1346 2885 1367 2910 z.
1400 2879 1433 2909 Si
1455 2881 1520 2920 quis
1536 2889 1571 2910 ex
1588 2879 1655 2908 uvis
1673 2881 1739 2908 meis
1756 2877 1880 2918 mzcstum
1890 2879 1968 2918 fece-

1101 2923 1158 2960 rit,
1181 2921 1226 2952 vel
1243 2930 1278 2951 ex
1293 2921 1375 2950 olivis
1392 2920 1501 2958 oleum,
1517 2921 1563 2950 ‘cel
1579 2929 1614 2950 ex
1629 2919 1696 2950 lana
1705 2917 1887 2959 vestimenta:
1905 2928 1968 2950 cum

1101 2964 1181 3000 seirat
1198 2963 1254 2992 [κισ
1278 2962 1371 2992 aliena
1388 2961 1458 3002 effu
1481 2963 1633 3002 utriusque
1654 2962 1765 2991 nomine
1782 2963 1819 2991 ad
1836 2961 1968 2991 exbiben-

1094 2999 1169 3036 'dum
1185 3009 1314 3034 tenetur:
1330 3005 1399 3043 quia
1415 3005 1489 3044 quod
1507 3012 1542 3033 ex
1557 3012 1587 3032 re
1602 3001 1698 3039 nostra
1710 3001 1766 3041 fit,
1781 2999 1908 3040 nostrum
1924 3010 1968 3030 es-

185 3055 222 3078 to
238 3054 290 3076 aut
311 3044 415 3084 rapina
432 3042 573 3080 abstulit,
589 3042 628 3072 ab
644 3051 684 3072 eo
700 3043 898 3083 cuiabstuiit,
917 3056 1054 3078 conven·
1089 3046 1124 3087 se
1139 3046 1236 3075 verius
1250 3042 1299 3084 est.
1323 3044 1376 3075 Tu
1396 3054 1435 3075 ex
1455 3043 1532 3075 meis
1546 3043 1612 3074 uvis
1631 3042 1730 3074 fecisti
1748 3041 1893 3078 mulsum,
1913 3049 1968 3072 aut

184 3096 235 3118 tus
251 3085 376 3117 actione
393 3085 431 3116 ad
446 3083 681 3120 exhibendum,
697 3086 808 3127 eadem
824 3087 948 3118 afflone
967 3097 1054 3127 repe·

185 3128 226 3160 tit
244 3137 316 3159 eum
342 3128 379 3158 ad
405 3135 500 3167 quem
526 3134 561 3155 ea
579 3132 732 3165 pervenit.
756 3134 793 3155 an
811 3128 942 3167 potest?
965 3138 1054 3160 certe

184 3167 313 3202 interest
331 3169 414 3207 ejtis,
432 3176 498 3199 rem
514 3165 567 3198 fibi
581 3165 740 3198 exhiberi:
756 3165 826 3210 quia
843 3165 906 3206 ipse
921 3169 1054 3201 domino

184 3218 313 3244 tenetur
330 3208 481 3243 exhibere
497 3208 526 3241 ὅς
540 3207 713 3244 restituere.
727 3206 810 3246 actio
825 3215 932 3242 autem
946 3210 986 3241 ad
1001 3220 1054 3245 ex-

1099 3097 1139 3118 ex
1156 3085 1232 3117 meis
1248 3085 1338 3117 olivis
1355 3087 1458 3117 oleum
1470 3109 1480 3124 ‚
1505 3093 1557 3116 auc
1575 3095 1614 3116 ex
1632 3094 1700 3115 mea
1714 3084 1780 3114 lana
1802 3081 1969 3127 vestimen:

1098 3137 1139 3159 ta.
1165 3126 1223 3158 utri
1242 3127 1397 3166 competit
1411 3127 1448 3158 ad
1467 3126 1682 3157 exhibendum
1699 3123 1795 3167 ac‘tiog
1818 3123 1893 3154 mihi
1912 3132 1967 3162 qm

1097 3168 1234 3201 materiae
1253 3169 1398 3201 dominus
1415 3167 1480 3205 fui,
1504 3178 1540 3199 an
1562 3164 1679 3205 tibiqui
1696 3163 1795 3194 fecisti
1815 3164 1966 3202 mulsum,

1096 3212 1220 3251 oleum,
1235 3217 1289 3244 aut
1306 3209 1520 3243 vestimenta?
1535 3205 1691 3241 dubitatio
1705 3203 1854 3239 vei-titur:
1870 3204 1968 3277 utrigg
