2052 3487
206 69 273 113 1278

205 160 267 191 qua
289 150 404 182 clamat
422 148 576 182 debitor,
602 144 685 184 apud
705 143 831 187 Livium
856 142 903 174 lib.
924 146 955 173 6.
978 152 1002 173 c.
1027 150 1076 180 14.

206 193 243 223 Se
262 193 450 226 militantem,
467 189 500 227 se
518 185 710 226 restituentem
726 187 833 218 eversos
847 190 982 222 penates,
1004 184 1079 214 mul-

208 233 301 274 tiplici
318 233 383 272 jam
403 232 476 268 sorte
501 227 650 264 exsoluta,
673 226 868 270 mergentibus
884 232 997 265 semper
1019 227 1078 260 lor-

208 281 264 306 tem
287 273 400 309 usuris,
425 272 557 304 obrutum
574 268 688 306 faenore
718 265 778 306 effe.
811 274 863 306 qui
888 274 994 297 autem
1020 275 1078 304 po-

822 55 1131 90 GzRAnD1
1180 50 1415 86 Noonr

1120 139 1314 180 citiarumque
1329 140 1469 171 materia:
1491 147 1555 179 quie
1571 146 1614 171 res
1635 149 1670 172 ne
1684 141 1779 180 Persis
1794 144 1905 184 quidem
1920 145 1985 186 pla-

1120 181 1201 218 cuit,
1223 186 1256 210 ut
1279 190 1336 211 non
1352 181 1446 212 aliena
1463 191 1481 212 u
1490 181 1601 220 fraude
1624 192 1659 213 ac
1684 183 1835 215 mendacio.
1850 187 1902 223 sed
1916 187 1987 226 quia

1120 222 1212 255 veteri
1230 221 1295 262 jam
1319 232 1393 252 more
1408 224 1512 262 faenus
1535 228 1680 263 receptum
1697 224 1819 263 fuerat,
1834 225 1990 263 foenerato-

1122 272 1166 294 res
1183 263 1362 302 reposcebant
1379 265 1408 294 id
1422 265 1491 305 jure
1509 263 1577 298 suo:
1599 266 1737 295 debitores
1752 275 1818 296 vero
1834 266 1935 297 bellum
1949 267 1986 302 &Q

208 318 270 346 tuit
294 313 361 344 ficri
377 335 387 349 ’
425 318 459 341 ut
487 311 573 341 idem
600 308 812 346 multjpheem
837 306 954 338 sortem
980 306 1080 338 solve.
1113 305 1270 345 seditiones
1286 306 1428 341 causando
1446 304 1618 345 differebant
1637 307 1768 339 reddere.-
1788 315 1840 337 nec
1853 307 1997 349 deerant,

205 363 275 393 ret,
306 351 522 392 mergentibus
543 349 665 388 semper
692 349 807 379 sortem
836 347 952 388 usuris,
982 347 1004 379 fi
1027 348 1079 379 ad-

207 397 272 427 huc
301 394 501 429 unciariurn,
546 391 578 422 id
612 390 681 428 est,
720 390 908 421 leviffimum
927 413 937 428 ,
973 389 1080 421 foenus

206 436 270 468 fuit
293 444 332 466 ex
350 434 420 474 lege
446 432 518 464 XII.
537 430 761 463 Tabularum?
785 431 871 471 quod
889 430 910 462 si
927 431 1079 470 dicimus,

206 486 276 508 eam
306 476 410 515 legem
437 483 504 505 tum
532 474 563 504 in
588 472 828 504 desuetudinem
853 471 980 510 abiisse,
1013 481 1078 502 ma-

205 518 370 556 ximasque
406 524 464 555 pro
489 515 627 547 minimis
661 513 766 545 usuras
803 512 979 552 irrepsisse,
1010 512 1080 545 fieri

208 561 331 600 optime
356 558 473 598 potuit.
498 565 595 596 atque
611 556 642 587 id
664 554 783 586 factum
801 553 912 592 fuisse,
935 555 987 586 vel
1004 553 1081 586 hinc

207 599 341 640 intelligi
369 597 475 638 potest
491 620 502 636 ,
535 597 624 636 quod
651 597 768 628 deinde
793 595 904 627 Livius
928 595 977 627 lib.
1002 604 1030 635 7.
1055 605 1079 626 c.

211 645 260 673 16.
283 640 408 678 scribit,
438 638 475 671 C.
502 638 650 675 Marcio,
681 636 740 669 Cn.
765 636 909 675 Manlio,
935 636 1082 668 Consuli-

207 683 286 722 bus,
317 682 473 720 perlatam
500 679 561 711 esse
585 689 602 710 a
635 678 686 710 M.
717 677 850 716 Duilio,
883 678 914 709 &
936 677 973 709 L.
999 677 1080 708 Mae-

207 725 286 763 nio,
316 722 471 754 Tribunis
497 721 624 763 plebis,
657 720 858 761 rogationem
877 743 886 759 ,
919 719 1002 750 haud
1031 720 1082 750 lae·

208 774 272 797 tam
296 765 454 805 patribus,
487 767 526 799 de
550 762 693 798 unciario
719 760 867 799 foenore3
900 761 930 792 ἃ
952 761 1081 800 plebem

207 807 372 846 aliquanto
409 805 555 843 cupidius
590 812 660 834 eam
696 801 816 833 sciviss'e
848 802 1081 843 accepiffeque.

210 842 274 880 Sed
307 847 338 878 &
366 846 504 877 Tacitus
529 843 680 885 perhibet
704 845 732 875 d.
757 844 807 875 loc.
830 842 911 875 Dein
935 845 1083 885 rogatione

209 889 364 921 tribunitia
379 889 419 919 ad,
425 887 592 927 semuncias
609 884 755 917 redactam
770 886 926 924 versuram.
950 884 1084 916 fastum-

209 935 273 971 que
297 930 361 960 hoc
387 929 424 960 A.
452 928 493 960 V.
522 928 559 960 C.
583 930 655 968 406.
679 927 710 958 id
728 926 772 958 est
787 949 797 965 ‚
820 925 863 958 T.
880 926 1025 965 Manlio,
1043 926 1082 958 C.

208 971 355 1010 Plautio,
389 969 601 1009 Consulibus,
632 968 743 1001 Livius
774 967 884 1000 auctor
906 967 951 999 est
980 968 1028 999 lib.
1053 978 1082 1008 7.

209 1023 235 1045 c.
252 1022 302 1053 27.
326 1013 393 1043 imo
411 1012 455 1042 ait
471 1010 611 1042 Tacitus·
624 1011 651 1041 d.
669 1011 719 1041 loc.
746 1007 888 1051 Postremo
905 1010 998 1040 vetita
1021 1019 1084 1040 ver-

199 1055 284 1095 sura.
310 1062 426 1094 nempe
444 1053 472 1084 le
498 1062 515 1084 e
537 1051 685 1083 Genucia
702 1060 795 1091 quarn
823 1052 861 1082 ad
884 1051 1013 1088 plebem
1037 1059 1086 1082 tu-

207 1096 246 1128 lit
270 1094 455 1135 Genucius,
515 1094 644 1126 ribunus
666 1093 788 1133 plebis,
818 1093 855 1124 A.
882 1091 923 1124 V.
952 1091 988 1123 C.
1009 1101 1083 1138 4¹11.

210 1138 245 1169 id
273 1136 345 1176 est,
386 1135 426 1169 C.
457 1136 588 1176 Marcio
618 1134 750 1173 Rutilo,
791 1133 820 1165 &
851 1132 894 1177 Q.
927 1132 1084 1171 Servum,

210 1178 423 1211 Consulibus:
447 1185 481 1209 ut
501 1176 608 1208 Livius
627 1175 727 1208 refert
742 1176 771 1207 d.
789 1175 837 1207 lib.
855 1184 884 1216 7.
903 1184 927 1207 c.
944 1185 995 1213 42.
1023 1174 1086 1207 Sed

207 1220 293 1252 hanc
324 1221 429 1261 legem
464 1219 677 1250 circumvenit
711 1216 797 1248 fraus
827 1215 1087 1248 foeneratorum:

208 1271 304 1303 quam
332 1262 368 1293 A.
396 1260 439 1292 V.
466 1259 503 1292 C.
528 1264 600 1300 560.
632 1258 670 1291 L.
698 1258 854 1289 Cornelio
876 1257 1023 1296 Merula,
1056 1258 1087 1289 ὃς

211 1304 255 1345 Ω.
275 1302 424 1334 Minucio
447 1300 595 1332 Thermo
610 1323 620 1339 ,
645 1299 856 1338 Consulibus,
880 1299 1037 1331 detectam
1056 1300 1086 1331 &

211 1345 388 1377 coercitam
409 1341 521 1381 fuiffe,
547 1349 650 1374 narrat
670 1340 780 1372 Livius
804 1340 851 1371 lib.
868 1350 918 1381 35.
942 1351 966 1371 c.
984 1351 1013 1381 7.
1037 1341 1087 1373 his

209 1387 328 1418 verbis.
374 1382 504 1425 Inflabat
525 1384 601 1415 enim
623 1392 693 1413 cura
714 1382 792 1420 cilia,
814 1384 889 1422 quod
904 1383 1013 1413 civitas
1027 1383 1085 1422 foe-

210 1437 279 1459 nore
309 1427 472 1458 laborabat:
498 1424 535 1460 δέ)
560 1434 623 1455 cum
649 1423 749 1454 multis
768 1424 950 1462 faenebribus
978 1423 1086 1463 legibus

210 1466 365 1509 constrielu
395 1468 528 1498 avaritia
561 1464 642 1505 effet,
679 1466 731 1495 via
746 1465 869 1504 fraudis
901 1465 976 1496 inita
1007 1471 1085 1503 erat,

209 1517 246 1542 ut
269 1511 300 1540 in
324 1509 411 1547 socios
427 1508 555 1549 quinon
576 1511 743 1537 tenerentur
767 1507 802 1537 iis
817 1505 944 1546 legibus,
968 1509 1086 1537 nomina

209 1550 447 1588 transcriberent,
470 1550 513 1579 ita
529 1547 613 1583 libero
627 1548 743 1586 foenore
767 1548 924 1579 obruebant
939 1548 1084 1579 debitores.

212 1592 306 1632 Cujus
329 1590 463 1621 cernendi
492 1598 558 1621 cum
581 1591 654 1620 ratio
673 1594 848 1630 quaereretur
864 1611 874 1628 ‚
904 1589 980 1620 diem
996 1588 1086 1629 finiri

206 1628 338 1677 placuit,
362 1631 475 1662 Feralia
497 1640 559 1671 quae
577 1632 708 1671 proxime
721 1629 870 1671 fuiffent:
899 1636 933 1661 ut
957 1632 1008 1672 qui
1021 1628 1085 1671 post

211 1684 274 1707 eam
299 1675 371 1705 diem
391 1673 459 1710 socii
490 1673 617 1709 civibus,
632 1671 773 1702 Romanis
798 1671 1084 1712 credidiffentpecu-

210 1718 296 1754 nias,
323 1713 557 1756 profiterentur:
596 1712 632 1747 &⁹
658 1722 694 1744 ex
717 1722 750 1744 ea
773 1714 818 1744 die
835 1714 966 1753 pecunice
996 1714 1085 1744 credi·

210 1764 264 1796 ται,
287 1758 389 1798 quibus
414 1756 520 1787 debitor
551 1754 638 1795 vellet
661 1754 790 1795 legibus,
808 1755 862 1795 jus
884 1755 1017 1785 creditori
1042 1756 1085 1786 div

209 1804 332 1831 veretur.
377 1797 449 1829 Inde
474 1794 658 1837 posteaquam
677 1794 902 1837 profeffironihus,
919 1795 1027 1826 detesto
1046 1793 1085 1836 est

210 1840 380 1881 magnitudo
405 1839 469 1870 aeris
490 1838 579 1869 alieni
597 1845 648 1877 per
672 1837 747 1867 hanc
764 1836 904 1876 fraudem
927 1836 1085 1868 contracti:

209 1880 259 1913 M.
285 1881 490 1922 Sempronius,
531 1878 679 1910 Tribunus
704 1878 794 1919 plebis
811 1901 820 1916 ,
839 1887 887 1910 ,ex
915 1877 1087 1910 austoritate

205 1929 327 1964 patrum
347 1923 456 1964 plebem
485 1921 620 1961 rogavit:
647 1919 796 1960 plebesque
813 1919 932 1958 scivit,
964 1920 1004 1950 ut'
1023 1930 1088 1950 cum

204 1965 292 2005 sociis
316 1974 350 1995 ac
376 1965 487 1995 nomine
505 1963 615 1997 Latino
631 1961 763 2002 pecuniae
786 1962 897 1991 creditae
915 1961 966 2001 jus
993 1962 1088 1999 idem,

213 2007 289 2047 quod
314 2015 378 2036 cum
396 2006 512 2036 civibus
535 2003 697 2041 Romanis,
722 2001 795 2042 effet.
841 2000 890 2033 Ex
909 2003 957 2032 his
981 2003 1087 2033 verbis

210 2047 440 2088 intelligimus,
467 2046 537 2085 lege
554 2044 743 2084 Sempronia
760 2041 853 2074 fuiss'e
869 2042 1009 2075 factum:
1034 2052 1087 2082 ut,

213 2097 287 2120 cum
315 2096 389 2119 ante
415 2095 538 2118 tantum
561 2087 648 2117 cives
674 2093 860 2117 tenerentur
883 2085 954 2125 lege
979 2083 1086 2116 Genu-

213 2130 280 2168 cia,
305 2130 421 2161 deinde
437 2132 533 2160 etiam
558 2127 632 2158 socii
653 2125 758 2158 Latini
787 2134 982 2157 tenerentur.
1026 2126 1088 2158 Sed

213 2180 275 2202 nec
305 2171 349 2202 ita
379 2170 470 2210 plebs
498 2169 584 2209 quod
610 2168 725 2209 agebat
742 2191 752 2206 ,
785 2167 933 2198 obtinere
956 2170 1088 2207 potuit:

215 2211 280 2244 five
297 2213 382 2251 quod
403 2212 549 2250 pecuniae
566 2211 801 2241 incrementum
821 2209 938 2240 deinde
953 2218 1017 2240 non
1037 2208 1091 2240 sub

213 2253 344 2294 antiqua
370 2252 505 2289 foenoris
532 2251 748 2290 appellatione
773 2257 938 2290 peteretur
956 2274 966 2288 ‚
1003 2251 1091 2290 quod

212 2295 266 2326 lex
290 2293 500 2334 prohibebat:
525 2291 578 2323 sed
604 2291 659 2322 sub
685 2300 774 2322 novo
792 2290 894 2325 usura:
909 2291 958 2323 vel
986 2301 1091 2332 poenae

213 2345 364 2373 nomine,
398 2343 503 2374 neque
544 2333 615 2373 lege
647 2332 843 2372 prohibito,
878 2341 984 2371 neque
1017 2341 1091 2364 ante

214 2378 369 2418 cognito,
394 2375 503 2406 saltem
521 2384 556 2406 ea
580 2372 832 2415 fignificatione3
855 2382 889 2405 ut
906 2374 978 2405 alibi
993 2374 1090 2406 ‘dixiz

214 2418 280 2450 five
299 2417 386 2458 quod
405 2417 569 2448 debitores
588 2416 618 2446 in
645 2416 871 2446 contrahendo
895 2414 1024 2447 foenore
1048 2416 1092 2447 le-

212 2459 259 2500 gis
282 2457 444 2490 beneficio
469 2458 709 2495 renuntiarent;
741 2465 813 2487 cum
841 2457 964 2488 nollent
989 2458 1090 2488 credi-

214 2508 322 2538 toreS,
345 2499 381 2531 iis
404 2500 554 2539 pecunias
571 2499 723 2535 credere3
747 2497 801 2529 nisi
827 2506 1000 2537 caverent,
1025 2508 1091 2530 non

211 2540 324 2573 usuros
344 2539 373 2571 se
391 2540 462 2581 lege
482 2538 649 2571 Genucia:
673 2539 738 2570 hoc
760 2548 838 2570 vero
864 2549 936 2571 curn
961 2540 1030 2579 jure
1047 2539 1092 2571 fa-

214 2591 290 2613 cere
309 2581 492 2612 viderentur
518 2581 703 2620 debitores3
728 2581 875 2622 (quippe
898 2582 938 2612 de
951 2582 1020 2622 jure
1036 2580 1090 2613 suo

216 2623 247 2655 &
271 2623 392 2663 privata
424 2623 562 2654 utilitate
589 2622 814 2662 paciscentes)
847 2621 942 2654 facile
970 2621 1090 2654 fassum

213 2664 297 2701 fuit,
321 2671 355 2695 ut
380 2662 534 2694 Praetores
552 2663 628 2705 legis
651 2663 846 2704 negligentia
870 2672 1010 2701 caperet.
1041 2665 1089 2695 Ac

214 2704 343 2743 nescio,
375 2713 413 2735 an
440 2704 505 2735 hoc
535 2713 588 2735 aut
616 2704 714 2736 [imile
741 2705 862 2737 indicet
891 2704 1026 2736 Tacitus
1060 2708 1088 2737 d.

215 2747 268 2779 loc.
293 2755 365 2778 cum
382 2745 509 2776 tandem
529 2744 570 2776 fic
587 2746 650 2784 ait,
681 2745 845 2788 Multisque
865 2747 1021 2787 plebiscitis
1043 2748 1089 2778 ob-

214 2789 296 2820 viam
320 2789 393 2818 itum
428 2785 591 2818 fraudibus
614 2797 675 2827 quae
702 2788 785 2818 toties
807 2787 931 2829 repreffae
948 2811 959 2827 ‚
997 2788 1089 2821 miras

213 2839 274 2871 per
301 2837 383 2860 artes
407 2830 523 2863 rursum
547 2829 722 2859 oriebantur.
766 2829 886 2870 Tangit
918 2830 947 2861 Gt
974 2830 1087 2871 Appia-

213 2880 296 2908 nus,
318 2871 366 2902 lib.
392 2878 419 2901 1.
445 2867 493 2900 De
520 2869 597 2899 bellis
619 2869 773 2908 civilibus,
803 2870 852 2902 his
873 2871 988 2903 verbis.
1032 2871 1089 2902 Per

214 2914 290 2944 idem
308 2917 416 2952 tempus
440 2910 496 2951 (id
513 2907 571 2950 est,
595 2908 634 2940 A.
655 2908 694 2941 V.
723 2910 756 2941 C.
779 2914 841 2950 664
872 2922 928 2953 quo
956 2913 1089 2947 Consules

205 2955 296 2995 fuere
318 2953 372 2985 Cn.
400 2951 551 2993 Pompejus
578 2950 678 2981 Strabo
710 2950 746 2985 ὃ)
773 2951 810 2983 L.
840 2953 962 2985 Porcius
989 2954 1087 2996 Cato)

212 2995 252 3031 δ’
274 2997 305 3026 in
331 2995 421 3032 urbe,
443 2994 475 3024 ob
491 3003 526 3024 ιω
550 2991 679 3023 alienum
700 2997 801 3024 exorta
824 2992 862 3032 est
870 2995 994 3036 seditio,
1018 2998 1089 3031 dum

212 3037 334 3078 quidam
354 3035 484 3068 acerbius
507 3035 610 3071 usuras
622 3033 768 3075 exigunt,
792 3040 891 3066 contra
914 3046 1000 3077 quam
1018 3047 1086 3076 cau-

215 3084 279 3110 tum
293 3077 358 3117 effet
382 3076 512 3117 antiquis
534 3075 651 3115 legibus.
674 3076 813 3105 videntur
836 3076 911 3106 enim
934 3078 979 3108 illi
998 3079 1088 3119 prisci

216 3117 364 3158 Romani,
382 3116 460 3156 sicut
483 3116 520 3152 ὅ)
545 3117 655 3155 Graeci,
680 3115 853 3155 abhorruiffe
869 3117 1027 3157 afaenore,
1052 3126 1086 3151 ut

215 3160 407 3200 negotiatione
435 3156 550 3202 molesta
568 3158 769 3201 pauperibus,
803 3156 840 3192 ὃ*
866 3157 962 3190 litium
991 3160 1086 3192 inimi·

1121 346 1172 386 qui
1197 347 1369 386 urgentibus
1393 346 1531 378 multium
1554 347 1743 378 intentarent.
1788 347 1862 378 Tum
1883 348 1987 387 Asellio

1123 387 1232 417 Praetor
1256 387 1338 427 cujus
1359 393 1420 418 erac
1448 397 1480 419 ea
1503 387 1669 428 jurisclietio
1688 411 1699 428 ‚
1737 389 1807 430 quia
1842 389 1988 422 conciliare

1118 433 1219 468 partes
1240 434 1359 458 conatus
1375 451 1385 466 ,
1407 429 1481 459 nihil
1506 428 1696 469 proficiebat,
1715 428 1842 470 permisit
1859 439 1902 460 eos
1924 430 1988 472 legi-

1123 470 1176 499 bus
1206 477 1308 509 agere‚
1339 471 1493 501 admonitis
1512 472 1624 510 prius,
1655 478 1690 501 ut
1711 473 1743 502 in
1772 480 1802 501 re
1827 472 1987 512 perplexa,

1122 516 1184 540 tum
1205 510 1238 539 de
1255 510 1342 550 jure,
1367 516 1430 542 tum
1456 514 1489 542 de
1511 521 1586 542 more
1602 512 1762 553 judicibus.
1808 511 1855 543 lbi
1868 513 1992 551 foenera'-

1123 557 1196 581 tores
1212 560 1285 592 oegre
1293 551 1441 591 ferentes,
1465 555 1601 584 renovari
1631 560 1803 585 mentionem
1828 553 1898 595 legis
1919 559 1990 585 vete.-

1121 594 1181 629 ris,
1204 591 1362 623 Praetorem
1379 593 1484 625 tollunt
1499 604 1513 625 e
1534 594 1633 626 medio.
1981 611 1988 627 s

1164 631 1348 672 Caeterum,
1378 635 1518 676 receptis
1541 634 1638 667 usuris
1654 658 1664 674 ‚
1694 643 1767 666 cum
1789 634 1905 667 iterum
1929 635 1991 669 fine

1123 675 1245 712 modo,
1269 681 1390 707 tantum
1414 685 1473 716 pro
1496 676 1706 718 locupletium
1731 676 1883 714 libidine,
1907 686 1992 709 exer-

1124 723 1253 746 ceretur
1271 714 1398 756 foenus,
1422 726 1523 758 puto,
1546 718 1704 749 Praetores
1721 717 1857 757 primum
1874 716 1993 751 Editus

1126 755 1186 788 suis
1209 756 1396 789 centefimas
1421 760 1657 799 approbarunt,
1681 760 1816 798 majores
1837 755 1997 802 improba}
2051 758 2052 801 ζ

1124 806 1209 830 runt.
1255 797 1373 829 Cicero
1399 809 1488 831 certe
1511 801 1559 832 lib.
1575 811 1604 840 5.
1641 802 1691 833 Ad
1715 801 1809 833 Attic.
1832 799 1910 842 epist.
1941 801 1999 835 ult.

1125 839 1169 870 ita
1196 839 1227 871 in
1251 840 1440 879 provinciali
1468 841 1604 880 Edicto,
1636 842 1667 874 ὃς
1691 841 1865 881 tralatitio‚
1887 840 1995 883 fuiffe,

1126 879 1222 920 seque
1248 882 1299 919 id,
1324 890 1397 912 cum
1421 882 1543 914 Ciliciae
1569 882 1735 924 praeesset,
1765 881 1933 923 sequutum
1951 893 1996 915 re-

1127 921 1203 952 fert.
1228 922 1379 962 idemque
1397 924 1437 954 de
1455 923 1611 963 Lucullo,
1634 926 1665 956 in
1680 925 1742 967 ejus
1755 926 1841 962 vita,
1868 925 1996 957 testatur

1127 962 1329 1008 Plutarchus.
1372 963 1548 997 Praetorum
1573 966 1752 998 institutum
1775 975 1875 1005 porro
1896 966 1997 998 firma-

1128 1012 1196 1036 tum
1214 1004 1340 1036 v1detur
1362 1005 1647 1039 Senatusconsulto
1669 1008 1756 1048 cujus
1780 1007 1866 1039 idem
1888 1009 1996 1040 memi-

1127 1046 1175 1080 nit
1198 1045 1315 1077 Cicero
1337 1047 1364 1078 d.
1383 1047 1429 1078 lib.
1450 1059 1481 1087 5.
1498 1046 1576 1088 epist.
1593 1049 1648 1081 ult.
1672 1048 1713 1080 sic
1728 1049 1894 1087 inquiens,
1918 1050 2005 1084 Prae·¹

1119 1088 1224 1127 sertim
1245 1097 1312 1118 cum
1328 1087 1358 1119 S.
1375 1088 1408 1119 C.
1425 1091 1504 1120 niodo
1518 1089 1639 1128 fabium
1657 1089 1720 1128 sit,
1739 1095 1830 1130 puto,
1848 1087 1997 1132 postquarie

1129 1134 1162 1159 tu
1180 1138 1208 1158 es
1218 1128 1384 1169 profeelus,
1408 1130 1440 1160 in
1464 1132 1637 1162 creditorum
1661 1132 1766 1172 causti,
1789 1137 1824 1161 ut
1845 1131 1996 1171 centefimte

1124 1176 1260 1210 perpetuo
1269 1171 1384 1210 soenore
1399 1172 1583 1203 macerentur.

1173 1211 1284 1243 Habes
1301 1213 1426 1244 initium
1442 1213 1590 1254 legitimae
1615 1212 1713 1246 usurae
1741 1214 1940 1247 centefimae:
1964 1221 1997 1247 ut

1130 1253 1261 1293 quidem
1293 1254 1369 1285 mihi
1397 1255 1533 1286 videtur.
1564 1264 1636 1286 nam
1665 1256 1734 1288 aliis
1765 1257 1892 1296 placet,
1925 1265 1997 1295 eum

1128 1296 1262 1326 modum
1285 1294 1346 1334 legi
1380 1294 1526 1327 Gabiniae
1551 1296 1726 1337 expensum
1755 1298 1861 1331 ferre:
1898 1306 1998 1338 eaque

1128 1344 1257 1367 cautum
1288 1336 1349 1368 ess'e
1368 1360 1378 1376 ,
1409 1346 1443 1368 ut
1470 1337 1841 1380 centefimaeperpetuo
1873 1338 1999 1385 foenorp

1128 1377 1341 1410 ducerentur:
1364 1386 1517 1418 praeterea
1536 1380 1594 1410 hac
1622 1381 1757 1411 vetitum
1782 1379 1862 1416 esse,
1884 1381 1932 1421 jus
1956 1381 1998 1413 dt·-

1127 1420 1157 1449 ci
1181 1428 1221 1450 ex
1241 1418 1415 1459 syngrapha
1435 1430 1494 1461 qua
1519 1421 1675 1461 promilsae
1694 1421 1794 1453 essent
1820 1421 1918 1453 usurae
1938 1431 1999 1454 ma·

1125 1460 1212 1502 jores
1246 1462 1425 1492 centelima.
1450 1463 1588 1500 addunt,
1621 1472 1658 1494 ea
1685 1463 1818 1503 positam
1845 1462 1908 1495 effe
1934 1469 2016 1502 poe-‘

1128 1510 1201 1533 nam
1225 1510 1298 1533 cum
1323 1502 1468 1534 adversus
1491 1503 1703 1536 foeneratores
1732 1505 1784 1545 qui
1815 1505 1999 1545 acciperent

1128 1542 1249 1574 usuram
1281 1542 1371 1583 supra
1398 1545 1529 1576 modum
1552 1545 1623 1586 lege
1648 1544 1834 1585 definitum,
1858 1555 1926 1577 tuin
1949 1546 2000 1579 ad-

1127 1583 1235 1616 versus
1262 1585 1426 1617 debitores
1450 1595 1502 1625 qui
1527 1586 1648 1618 usuram
1672 1585 1760 1628 supra
1792 1588 1925 1620 modum
1949 1588 2001 1621 da-

1127 1634 1216 1658 rent:
1239 1625 1336 1667 idque
1354 1636 1371 1657 a
1391 1627 1552 1659 Cicerone
1573 1628 1733 1669 indigitari
1748 1629 1777 1660 d.
1795 1626 1875 1670 episi.
1891 1629 1945 1661 ult.

1169 1667 1232 1698 Sed
1259 1668 1351 1699 male.
1377 1677 1442 1699 non
1469 1669 1554 1700 enim
1579 1669 1645 1700 hoc
1676 1671 1746 1701 vult
1778 1669 1915 1710 Cicero;
1947 1669 2002 1702 sed

1128 1709 1200 1750 lege
1224 1707 1361 1740 Gabinia
1388 1709 1579 1747 obtinuisse,
1610 1720 1650 1741 ne
1676 1711 1746 1752 quis
1778 1710 1902 1753 Legato
1928 1721 2002 1752 pro·

1128 1750 1255 1784 vmciali
1282 1750 1393 1782 Romae
1419 1750 1473 1783 sub
1499 1751 1594 1783 usuris
1620 1752 1709 1783 daret
1737 1761 1878 1785 muruam
1903 1761 2000 1794 pecu»-

1127 1792 1235 1825 niam:
1260 1791 1289 1822 &
1317 1791 1339 1823 fi
1356 1791 1508 1831 dediffet‚
1533 1803 1573 1824 ne
1591 1795 1660 1832 quis
1684 1793 1888 1836 Magistratus
1907 1804 1948 1826 ex
1963 1803 2000 1826 ea

1131 1833 1306 1874 syngrapha
1324 1835 1372 1873 jus
1388 1834 1518 1866 diceret.
1547 1835 1674 1866 videtur
1697 1836 1792 1867 etiarn
1818 1835 1919 1876 posita
1940 1835 2001 1868 effe

1130 1883 1246 1915 poena,
1269 1884 1341 1906 cum
1360 1874 1509 1907 adversus
1535 1875 1749 1908 foeneratores
1767 1878 1819 1916 qui
1839 1877 1998 1909 usurama

1129 1916 1382 1959 provincialibus
1413 1925 1527 1949 contra
1553 1919 1657 1959 legem
1691 1919 1900 1960 acciperent,
1935 1927 2001 1950 tum
2025 1947 2030 1958 ,

1129 1958 1279 1990 advertus
1321 1958 1535 1998 provinciales
1575 1960 1628 1999 qui
1678 1960 1800 1992 darent.
1859 1959 2001 2002 Exposui

1132 1998 1252 2030 sensum
1288 1999 1365 2041 legis
1390 1998 1556 2032 Gabiniae:
1596 2001 1713 2032 deinde
1744 2001 1863 2033 sactum
1892 2003 2001 2041 accipe

1130 2042 1221 2081 quod
1255 2040 1372 2072 Cicero
1405 2041 1514 2074 refert.
1548 2042 1580 2072 id
1611 2042 1727 2074 fastum
1758 2044 1821 2075 tale
1853 2042 1909 2075 est.
1952 2043 2004 2075 Sa-

1133 2082 1249 2114 laminii
1274 2091 1348 2113 cum
1371 2081 1484 2114 Romae
1509 2082 1723 2115 desiderarent
1743 2085 1910 2124 pecuniam
1935 2093 2002 2117 mu-

1133 2131 1235 2156 tuam:
1269 2133 1330 2154 nec
1353 2124 1421 2164 quis
1447 2125 1577 2155 auderet
1610 2126 1645 2156 iis
1670 2127 1803 2157 credere
1828 2133 1940 2157 contra
1964 2126 2004 2160 le-

1127 2174 1207 2206 ngem
1237 2164 1432 2197 Gabiniam:
1464 2165 1591 2197 tandem
1622 2165 1835 2207 promiserunt
1859 2166 2003 2207 Scaptius

1135 2208 1165 2238 <Sc
1197 2205 1372 2245 Matinius,
1404 2205 1434 2237 se
1463 2207 1593 2238 daturos
1618 2208 1781 2248 quaternis
1804 2208 2004 2240 centesimis:

1132 2248 1256 2286 inodo,
1279 2246 1300 2279 fi
1323 2257 1380 2289 per
1406 2247 1555 2280 Senatum
1584 2249 1654 2290 lege
1687 2247 1822 2280 Gabinia
1847 2249 2002 2282 solveren-

1131 2297 1196 2321 tur.
1234 2289 1271 2320 fit
1302 2289 1616 2322 Senatusconsultum
1641 2290 1832 2322 auctoritate
1862 2291 1951 2323 Bruti
1974 2299 2003 2322 a·

1135 2331 1200 2371 pud
1218 2339 1314 2371 quem
1331 2332 1428 2372 gratia
1453 2331 1600 2362 valebant
1622 2331 1770 2373 Scaptius
1790 2333 1819 2363 ἀ
1835 2328 2001 2364 Matinius.

1135 2382 1176 2404 eo
1199 2371 1483 2403 Senatusconsulto
1508 2380 1636 2405 cautum
1659 2372 1739 2412 fuit,
1777 2383 1817 2405 ne
1841 2383 1877 2404 ea
1901 2373 2002 2405 foene-

1135 2414 1216 2445 ratio
1246 2422 1300 2445 aut
1332 2413 1506 2446 Salaminiis
1538 2424 1590 2446 aut
1625 2414 1875 2447 foeneratoribus
1903 2414 2004 2446 fraudi

1135 2454 1222 2486 esset.
1247 2457 1415 2494 pecuniam
1434 2464 1600 2487 numerant
1615 2455 1761 2496 Scaptius
1778 2456 1808 2487 ἅ
1826 2456 2001 2488 Matinius:

1135 2496 1187 2528 sed
1213 2496 1330 2528 deinde
1361 2497 1672 2535 animadverterunt,
1711 2496 1741 2528 se
1768 2497 1831 2528 hoc
1857 2497 2002 2529 Senatus-

1134 2537 1283 2569 consulto
1307 2538 1437 2578 quidem
1475 2538 1641 2578 adjuvari3
1680 2537 1700 2570 fi
1726 2538 1885 2570 Salaminii
1919 2539 2002 2571 ultro

1133 2579 1268 2611 reddant
1298 2578 1414 2611 sortem
1440 2588 1511 2611 cum
1544 2578 1666 2611 usuris:
1697 2578 1750 2611 sed
1775 2579 1796 2611 fi
1826 2580 1948 2618 nolint,
1973 2579 2002 2611 δι

1133 2621 1224 2652 inviti
1249 2621 1388 2662 cogendi
1411 2619 1490 2659 fint,
1515 2629 1555 2651 eo
1576 2620 1653 2652 nihil
1671 2620 1831 2661 adiuvari3
1855 2622 1943 2661 quod
1959 2621 2000 2652 le-

1132 2672 1174 2703 ge
1199 2660 1337 2693 Gabinia
1366 2670 1432 2693 non
1462 2661 1561 2693 modo
1587 2663 1723 2693 vetitum
1752 2660 1853 2701 effen,
1891 2662 2001 2695 Romae

1133 2703 1383 2744 provincialibus
1407 2703 1575 2744 pecuniam
1601 2702 1721 2735 foenori
1752 2704 1850 2739 dare3
1881 2704 1912 2736 &
1951 2704 1998 2735 his

1132 2744 1297 2786 accipere:
1334 2744 1386 2776 sed
1420 2745 1514 2776 etiam
1545 2744 1783 2786 Magistratibus
1814 2744 1891 2776 ess'et
1922 2743 2002 2777 veti-

1133 2794 1220 2825 tum,
1245 2795 1285 2817 ex
1309 2786 1360 2818 tali
1388 2784 1561 2827 syngrapha
1580 2786 1628 2826 jus
1652 2786 1769 2818 dicere.
1793 2787 2000 2827 impetrarunt

1133 2828 1230 2869 igitur
1253 2827 1441 2860 auctoritate
1464 2827 1555 2859 Bruti
1580 2828 1713 2859 alterum
1740 2827 1998 2860 Senatusconsul-

1133 2877 1221 2901 tum:
1245 2878 1311 2910 quo
1335 2869 1404 2900 haec
1423 2867 1596 2910 syngrapha
1610 2869 1781 2910 jubebatur
1796 2868 1859 2901 esse
1884 2869 1998 2901 eodem

1129 2911 1199 2951 jure
1224 2919 1289 2951 quo
1306 2910 1492 2952 syngraphae
1516 2919 1592 2951 quas
1619 2911 1790 2951 unicuique
1814 2911 1847 2942 in
1870 2911 1997 2951 provin-

1131 2953 1180 2983 cia
1196 2961 1253 2992 per
1268 2953 1354 2993 leges
1370 2952 1477 2984 facere
1494 2952 1605 2983 liceret
1621 2963 1629 2984 :
1655 2952 1703 2983 his
1725 2961 1805 2983 vero
1819 2960 1859 2983 ex
1883 2950 1996 2982 Edisto

1131 2992 1283 3029 tralatitio
1316 3002 1382 3025 non
1421 2993 1476 3025 nisi
1508 2992 1686 3025 centefimae
1716 2993 1922 3025 ducebantur.
1956 2993 1997 3023 ita

1132 3034 1282 3067 Ciceroni
1299 3035 1414 3073 licuit,
1437 3034 1560 3067 servare
1579 3033 1724 3066 Edictum
1747 3033 1854 3073 suum,
1877 3034 1906 3065 δι
1932 3042 2008 3065 non.

1132 3077 1251 3109 morari
1285 3075 1388 3108 usuras
1413 3076 1445 3108 in
1476 3076 1651 3116 syngrapha
1686 3074 1852 3114 express'as.
1904 3073 1996 3106 Unde

1130 3125 1284 3159 apparet,
1307 3127 1412 3150 errare
1434 3118 1626 3151 doctiffimos
1643 3117 1807 3154 homines;
1833 3125 1905 3147 cum
1927 3124 1994 3147 mo-

1129 3160 1206 3194 dum
1235 3160 1415 3196 centefimae
1438 3160 1499 3201 legi
1527 3157 1672 3191 Gabiniae
1698 3158 1873 3198 imputant,
1904 3157 1934 3190 &
1957 3155 1995 3227 ag

1963 3205 1972 3227 1
