2052 3487
391 65 462 105 An
512 62 671 103 LEGEM
720 65 963 107 Aonitiiiii
1014 63 1157 99 LIBER.
1207 62 1497 105 SiNGULAM&

96 159 269 203 Hbstulerat
290 160 380 191 tolum
396 159 563 190 temerarius
587 154 702 197 institor
720 156 838 200 urbem,

141 203 177 234 In
200 212 233 234 ue
243 201 298 242 suo
316 200 430 232 nullum
447 200 545 231 limine
565 197 653 229 limen
670 202 742 229 erat.

98 243 191 287 Juffi]
207 247 217 275 i
232 250 350 281 tenues,
373 242 561 278 Geriiiarzi'ce,
586 240 704 279 crescere
720 239 820 277 vicos,

138 287 180 318 Et
195 286 276 318 modo
293 294 356 326 quce
364 284 600 324 fueratsemitci,
616 280 706 322 facici
722 281 773 312 via
795 277 845 320 eft.

99 327 201 361 Nulla
215 327 355 359 catenatis
372 325 434 365 pilii
456 323 495 363 esi
508 322 669 365 praeciiibia
686 322 796 364 lagenis
807 344 818 360 ,

140 370 206 402 Nec
223 368 335 400 Praetor
357 367 444 398 medio
461 367 574 408 cogitur
593 366 634 396 ire
653 364 727 396 luto.

99 411 268 453 Stringitur
283 411 314 441 in
333 409 418 447 densa
436 418 485 438 uec
501 417 576 439 coeca
594 406 740 438 novacula
763 404 868 444 turba,

140 452 273 493 Occupat
291 455 345 482 aut
360 454 433 481 totas
450 451 537 491 nigra
547 450 656 490 popina
672 449 750 479 vias.

99 493 207 532 Tonfiir
217 517 227 533 ‚
240 499 330 533 caupo
340 513 351 530 ,
362 500 470 532 coquus
480 514 489 530 ,
500 491 667 531 laiii‘ussua
679 490 793 528 limina
795 489 927 528 fierfoant.

135 535 231 568 Nunc
254 533 344 565 Roma
357 530 413 573 est,
437 539 531 573 nuper
550 542 658 574 magua
675 533 795 563 taberna
804 530 882 570 fuit.

55 585 157 628 Igitur
175 583 284 617 tonsor
306 583 411 615 sellam
429 583 535 624 posuit
556 584 589 615 in
608 584 658 615 via
685 582 831 623 publica:
854 581 930 613 huic

55 627 88 660 se
107 627 308 659 tondendum
332 625 470 666 praebuit
495 625 622 657 servus:
653 625 729 656 dum
753 625 928 663 tondetur,

53 671 119 711 pila
141 669 171 700 in
191 666 328 699 tonsoris
352 676 482 698 manum
509 665 628 698 fortius
652 664 803 707 impulsa,
838 665 928 697 servo

54 711 162 752 gulam
182 709 327 750 praecidit
337 708 461 749 adJeClo
482 709 628 741 cultello.
656 707 929 752 Quaeritur‚quid

55 752 157 793 juris?
181 752 224 783 ait
243 750 353 789 Mela,
380 759 478 790 penes
496 760 594 790 quem
613 750 707 789 culpa
725 748 841 785 fuerit,
854 757 928 779 eum

56 794 168 825 teneri.
213 792 299 826 Vere
331 792 488 833 quidem:
523 792 576 823 sed
610 792 679 832 quis
711 789 768 821 iste
787 790 804 821 ἵ)
837 798 929 829 aeque

56 835 216 875 quaeritur.
262 833 338 865 Hoc
353 843 432 865 vero
452 832 606 873 Ulpianus
625 832 738 863 definit
756 831 853 871 paulo
872 831 929 862 ob-

55 876 193 908 scurius:
217 875 354 915 primum
372 885 412 906 ex
432 875 572 907 Proculo
597 872 686 912 infit,
709 873 730 904 fi
746 871 856 904 tonsor
874 871 929 903 sel-

55 918 118 951 lam
141 928 181 950 eo
206 918 317 949 habuit
337 918 369 948 in
397 917 495 956 loco,
527 917 557 948 in
577 925 642 957 quo
661 923 714 946 aut
737 914 803 946 ludi
827 913 928 953 solet,

56 968 110 992 aut
127 959 281 1000 frequens
308 959 454 991 transitus
472 957 537 997 est,
571 955 708 989 tonsoris
733 956 860 996 culpam
886 957 928 987 vi-

57 1002 145 1033 deri:
169 1000 231 1033 esse
255 1001 340 1032 enim
356 1024 366 1039 ‚
398 1001 487 1039 quod
513 1001 541 1031 ei
560 1000 758 1040 imputetur3
789 1007 862 1029 cum
880 997 928 1044 his

58 1044 112 1084 qui
133 1044 195 1082 pila
222 1042 360 1074 luserunt
383 1042 451 1080 ibi,
477 1041 529 1072 ubi
547 1041 596 1081 jus
622 1048 690 1072 erat
706 1040 857 1078 ludendi,
881 1048 926 1069 ni-

58 1085 103 1117 hil
123 1085 270 1124 imputari
291 1084 394 1124 poffit.
439 1083 559 1123 Apollo
579 1082 650 1114 sane
665 1091 682 1113 a
701 1090 765 1122 quo
782 1080 925 1126 Hyacin-

59 1126 133 1158 thus
154 1126 218 1166 ejus
237 1125 450 1165 imprudentia
469 1123 513 1156 est
540 1124 664 1155 occisus
683 1123 712 1153 in
740 1121 803 1153 lusu
828 1120 924 1160 disei,

59 1167 188 1199 excusat
219 1166 249 1199 se
281 1167 340 1198 hac
366 1167 492 1197 ratione
523 1166 606 1206 apud
635 1163 790 1195 Ovidium
821 1163 871 1195 lib.
891 1172 924 1194 x.

60 1209 253 1250 Metamorph.
269 1209 336 1249 fab.
351 1217 383 1246 5.

96 1264 220 1296 Laberis
239 1263 375 1295 Oebalide
386 1263 482 1302 prima
494 1261 639 1300 fraudate
647 1260 794 1302 juventa,

94 1305 221 1336 Phoebus
238 1308 300 1336 ait.-
323 1305 459 1344 videoque
475 1308 560 1334 tuum
581 1311 644 1333 mea
661 1304 785 1334 crimino,
802 1302 924 1334 vulnus.

97 1345 143 1377 Tu
158 1346 236 1377 dolor
253 1354 298 1384 es,
315 1345 496 1385 facinusque
511 1353 605 1375 meum
627 1353 690 1375 mea
713 1345 831 1376 dextera
853 1344 925 1374 letho

94 1386 281 1427 Iriscribeucla
300 1391 348 1417 tuo
364 1384 414 1427 eft.
437 1395 485 1426 ego
495 1386 564 1426 sum
583 1385 636 1416 tibi
652 1386 771 1425 funeris
789 1385 902 1417 auctor.

96 1428 171 1474 Qua
193 1438 254 1460 mea
277 1429 360 1469 culpa
378 1426 499 1459 tamen?
521 1425 577 1466 riifi
587 1425 615 1466 si
636 1426 728 1468 lufiffe
751 1429 851 1459 vocari

95 1470 188 1511 Culpa
203 1468 302 1511 potest.

54 1527 107 1560 Sic
126 1527 260 1568 primum
281 1525 454 1568 Ulpianus:
478 1527 531 1559 sed
549 1537 627 1559 mox
644 1527 785 1569 subjicit,
811 1526 924 1572 Quam-

55 1570 102 1600 vis
122 1578 172 1599 nec
191 1569 264 1599 illuri
287 1569 359 1599 male
374 1570 512 1608 dicatur,
538 1568 565 1607 fi
579 1572 610 1600 in
634 1570 690 1600 loco
703 1571 860 1611 periculoso
875 1569 924 1609 lel-

55 1610 113 1642 lam
129 1611 245 1641 habenti
263 1610 410 1652 torisoi‘ise
429 1612 493 1652 quis
513 1612 702 1651 commiserit,
726 1613 820 1652 ipsum
841 1612 925 1651 dese

54 1653 137 1693 queri
154 1652 257 1683 debere.
305 1650 420 1683 Utrum
444 1661 521 1692 ergo
543 1653 669 1692 placet,
694 1654 838 1693 quamvis
857 1661 924 1684 non

40 1693 136 1725 maie
154 1693 297 1731 dicatur,
321 1693 445 1725 servum
470 1695 509 1731 de
536 1695 566 1725 sc
582 1696 674 1734 queri
701 1695 845 1733 debere,
879 1702 924 1725 ta·

54 1743 128 1766 nien
149 1733 286 1765 tonsoris
306 1736 431 1774 culpam
449 1733 539 1766 esse?
564 1745 619 1775 an,
639 1733 775 1768 tonsoris
794 1736 925 1775 quidem

55 1776 184 1816 culpam
207 1775 343 1814 aliquam
368 1775 496 1814 videri;
528 1775 581 1808 sed
597 1778 749 1817 majorem
774 1777 836 1809 effe
864 1777 924 1808 sei·-

55 1827 107 1855 vi,
133 1817 205 1855 qui,
232 1817 283 1847 ubi
302 1817 431 1856 potuit,
455 1815 508 1847 sibi
532 1818 687 1849 nonsatis
707 1818 818 1849 cavit?
849 1817 926 1849 Hoc

55 1859 175 1899 patitui·
192 1857 261 1889 usus
279 1857 423 1896 voculae,
445 1860 602 1898 quamvis:
625 1868 717 1900 quae,
740 1859 830 1891 velut
848 1868 926 1899 prze-

55 1901 206 1931 cedentia
232 1900 371 1940 corrigat
397 1907 450 1929 aut
470 1906 655 1940 temperet,
687 1901 730 1932 ita
753 1900 925 1940 aliquando

55 1941 215 1979 accipitur
233 1952 241 1973 ε
274 1948 307 1971 ut
329 1943 359 1971 in
385 1940 403 1971 l.
423 1949 452 1980 7.
476 1940 504 1982 §.
519 1952 551 1981 5.
578 1941 620 1972 D.
647 1942 699 1973 Aa
715 1942 924 1978 exhibendam,

48 1982 157 2023 juncta
183 1982 201 2015 l.
229 1991 275 2022 15.
300 1981 336 2023 l§.
356 1980 409 2012 ult.
444 1980 486 2013 D.
511 1984 544 2012 (Ie
569 1983 611 2012 rei
631 1984 829 2014 vindicatione
845 2006 855 2023 ,
889 1982 926 2017 ὅ)

58 2053 60 2055 ,
79 2028 127 2058 ,8.
159 2021 228 2063 lust.
249 2025 282 2053 de
298 2023 532 2063 excusationibus
554 2029 704 2063 tutorum,
719 2023 845 2066 juntta,
865 2025 882 2055 l.
895 2028 924 2055 6.

77 2088 84 2095 ,
100 2064 155 2096 ult.
182 2065 222 2096 l).
243 2065 301 2095 eod.
327 2065 372 2095 tit.
417 2063 480 2096 Sed
505 2074 612 2105 neque
635 2065 713 2097 illud
744 2073 832 2097 vetat
857 2065 927 2097 usus

55 2106 198 2146 ersdem
217 2107 307 2137 vocis
325 2129 334 2145 ,
367 2107 502 2147 quamvis
518 2129 528 2145 ‚
560 2107 698 2138 maxime
724 2107 873 2139 naturalis
898 2107 928 2138 &

54 2148 206 2188 proprius
237 2147 257 2179 l.
289 2157 314 2178 1.
348 2147 376 2189 §.
398 2157 426 2180 2.
450 2146 493 2178 D.
526 2149 561 2178 (ie
582 2158 610 2179 eo
628 2155 680 2189 per
708 2158 791 2190 quein
807 2148 927 2188 facium

55 2189 139 2228 erit,
173 2189 193 2220 l.
214 2197 240 2220 i.
266 2189 293 2230 §.
318 2197 340 2219 1.
367 2188 410 2220 D.
434 2191 468 2220 cle
489 2189 671 2222 aleatoribus.
716 2190 804 2233 Quid
833 2191 928 2231 igitur

57 2229 130 2261 est?
153 2229 379 2271 Amphibolia:
404 2230 434 2262 in
452 2240 513 2271 qua
533 2232 610 2270 quid
627 2233 811 2274 eligendum
826 2231 881 2271 sit,
905 2231 932 2264 si·

56 2280 200 2312 quaeres,
226 2280 243 2302 a
261 2271 462 2313 Quintiliano
478 2274 636 2313 accipies:
661 2274 713 2315 qui
730 2275 779 2306 lib.
796 2283 824 2315 7.
850 2271 924 2315 lust.

58 2319 133 2344 orat.
158 2322 184 2344 c.
201 2321 232 2349 9.
255 2311 297 2343 fic
316 2311 402 2344 infit:
433 2314 620 2354 Amphiboliae
639 2316 731 2347 omnis
755 2317 787 2347 iii
808 2316 853 2347 his
872 2316 926 2347 erit

55 2352 171 2396 qaeestio
183 2377 192 2393 ,
208 2353 370 2395 ¹aliquando
388 2360 453 2385 uter
462 2353 505 2393 fit
516 2356 678 2394 secuudum
703 2364 841 2389 naturam
864 2368 924 2389 ma-

53 2398 102 2437 gis
110 2396 223 2435 sermo,
238 2400 351 2437 semper
367 2402 468 2427 utrum
481 2395 524 2434 fit
540 2399 667 2438 cequius,
692 2406 792 2431 utrum
808 2401 850 2439 is,
874 2399 925 2441 qui

50 2436 97 2476 fic
112 2435 224 2478 scripsit
243 2460 252 2476 ,
285 2448 319 2468 ac
329 2436 373 2476 fic
390 2439 468 2469 dixit
483 2461 493 2476 ,
519 2437 564 2476 fic
581 2440 716 2472 voluerit.
759 2441 924 2473 Hac-:renus

58 2477 297 2521 Quintilianus:
314 2480 401 2520 cujus
420 2479 441 2511 si
458 2480 565 2520 placet
582 2482 638 2513 tibi
657 2482 804 2515 definitio
817 2494 827 2523 3
842 2483 928 2515 idem

57 2521 119 2552 tibi
135 2520 276 2558 sedebit,
301 2521 389 2562 quod
405 2521 507 2561 mihi,
538 2523 679 2563 priorem
706 2523 835 2566 Ulpiani
862 2525 927 2556 sen-

58 2562 196 2594 tentiam
219 2561 298 2594 effe:
322 2563 394 2603 quia
412 2563 520 2595 utilior
535 2563 600 2604 est,
625 2566 655 2598 δε
671 2567 764 2598 bonis
784 2567 927 2599 moribus

57 2604 332 2637 convenientior:
361 2611 515 2645 praeterea
541 2605 625 2638 hanc
650 2606 758 2641 suadet
777 2608 846 2641 usus
870 2617 928 2639 vo-

60 2644 162 2682 culae,
185 2647 320 2686 quamvis
340 2670 350 2685 ,
381 2647 520 2687 maxime
543 2650 691 2682 naturalis
717 2651 746 2682 &
770 2651 927 2692 proprius.

61 2683 257 2725 Exemplum
274 2688 338 2719 hoc
357 2697 455 2720 unum
471 2688 527 2721 est.

103 2725 248 2773 Alterum
266 2730 296 2760 iii
319 2730 338 2761 l.
360 2740 387 2766 9.
413 2730 442 2772 ᾗ.
458 2731 512 2763 ult.
536 2731 574 2766 ἐπ’)
595 2731 615 2763 Ζ.
637 2742 683 2766 10.
707 2733 749 2765 D.
778 2735 828 2765 Ad
842 2733 929 2775 legem

63 2766 229 2812 Aquiliam.
271 2769 505 2810 Duovlus'erunt
526 2773 656 2814 jaculis:
681 2775 720 2806 ab
747 2775 796 2807 his
824 2774 930 2806 servus

63 2817 118 2848 qui
138 2814 205 2839 tum
223 2808 309 2855 forte
332 2814 515 2852 praeteribat
532 2839 542 2855 ,
575 2816 735 2857 percussus
760 2817 790 2848 δε
807 2816 930 2848 occisus

63 2849 137 2896 estg
177 2858 350 2899 quaeritur,
386 2864 425 2887 an
457 2856 518 2898 legi
549 2857 809 2898 Aquiliae⁸locus
842 2857 930 2890 fiat?

64 2890 231 2938 distinguit
255 2891 498 2939 jurisconsultus
517 2922 528 2938 ,
559 2908 612 2931 aut
628 2925 637 2939 ‚
666 2902 813 2942 inquiens
835 2924 844 2939 ,
875 2909 932 2940 per

62 2931 165 2979 lusum
182 2934 310 2972 jaculati
328 2935 395 2983 sunt
414 2947 502 2970 extra
522 2950 672 2983 campum
689 2942 931 2983 jaculatorium,

64 2980 173 3021 autin
200 2983 315 3022 campo
342 2980 558 3017 jaculatorio:
591 2984 754 3025 ineoque
782 2985 832 3016 vel
861 2983 931 3015 casu

65 3015 191 3063 0⁶⁶¹.s⁰.⁵
208 3016 253 3048 est
280 3018 383 3066 servus
401 3044 411 3060 ,
444 3023 496 3054 vel
520 3024 626 3056 dedita
650 3036 756 3066 opera.
804 3025 931 3058 Plenius

65 3056 256 3104 Jushnianus
285 3061 313 3102 ᾖ.
338 3073 366 3101 4.
400 3061 471 3103 Just.
504 3067 561 3096 eod.
585 3069 630 3099 iit.
662 3077 716 3099 aut
741 3068 855 3106 miles,
885 3068 929 3099 iii-

65 3106 156 3137 quit,
188 3108 241 3131 aut
258 3102 334 3133 :ilius
354 3127 363 3141 ,
395 3105 426 3136 id
446 3105 509 3145 est,
536 3117 674 3147 paganus
695 3133 704 3147 ,
734 3120 799 3141 uon
819 3109 931 3149 miles,

62 3140 216 3181 jaculatus
241 3143 296 3175 est.
320 3188 323 3191 ξ
341 3144 473 3181 Morem
491 3150 638 3190 indigitat
657 3150 811 3184 Manilius
832 3151 881 3185 lib.
898 3161 930 3194 4.

64 3182 230 3223 Astronom.
252 3189 321 3227 vers.
340 3196 410 3227 227.

1778 77 1849 119 125

1015 152 1214 226 Sugi'tmqiuibus
1234 153 1272 190 δ’
1290 153 1471 193 simulachra
1482 158 1620 209 placent,
1654 160 1692 196 ὅ)
1711 160 1798 194 ludus
1817 163 1850 195 iii

1016 235 1132 309 Talarus
1152 246 1233 270 amor
1240 244 1350 280 pugnae
1368 238 1408 280 est
1418 261 1430 281 ‚
1460 242 1630 285 discuntque
1647 250 1701 286 per
1716 245 1776 276 otia
1791 242 1847 277 bel-

1067 289 1135 318 um,
1499 296 1503 298 ·

1011 319 1056 366 Et
1073 321 1265 367 quodcunque
1278 323 1349 363 pciri
1367 322 1499 364 studium
1510 326 1685 365 producitur
1704 332 1777 360 arte.

972 360 1071 402 Igitur
1096 370 1149 394 aut
1172 365 1263 396 miles
1283 365 1439 404 jaculatus
1462 365 1527 405 est,
1552 377 1606 399 aut
1623 368 1720 401 alius:
1747 370 1777 402 &
1792 371 1850 403 mi-

972 403 1019 450 les
1037 412 1091 435 aut
1114 404 1242 450 ibn—loco
1265 405 1416 446 insolito,
1442 415 1496 438 aut
1515 408 1544 439 in
1566 419 1682 450 campo
1696 411 1850 451 jaculato·=

972 454 1040 477 rio:
1063 447 1093 477 <Sc
1111 445 1131 477 si
1149 455 1182 478 in
1198 455 1334 487 campe,
1360 455 1609 489 praetereuntem
1626 452 1714 484 feriit
1731 453 1785 485 aut'
1795 455 1850 486 de*-

972 487 1037 518 dita
1055 496 1174 528 opera,
1197 496 1252 519 aut
1271 498 1337 519 non
1361 490 1470 521 dedita
1496 499 1613 532 opera:
1639 493 1667 524 ἂ
1693 493 1714 526 si
1742 496 1851 527 dedita

972 537 1090 569 opera,
1113 529 1179 569 ejus
1199 530 1421 570 quijaculatus
1438 531 1500 562 est:
1524 532 1544 564 fi
1563 543 1628 565 non
1648 536 1755 568 dedita
1773 547 1850 577 ope-

969 580 1022 609 ra3
1046 571 1110 610 ejus
1126 571 1182 611 qui
1209 572 1384 611 praeteriit,
1407 573 1503 613 culpa
1524 576 1673 607 videtur:
1690 579 1763 618 quia
1781 587 1850 610 tum

970 622 1076 653 neque
1093 611 1140 643 isti
1158 614 1206 653 jus
1224 611 1287 644 fuit
1305 614 1401 644 eundi
1425 624 1465 645 eo
1489 615 1519 645 in
1542 616 1642 656 loco;v
1663 627 1769 660 neque
1795 621 1849 652 ille

970 655 1096 694 poruit‚
1121 661 1175 684 aut
1192 663 1280 685 certe
1307 654 1439 694 debuit,
1464 655 1556 697 liujus
1583 659 1746 692 transitum
1770 671 1850 702 prae-

971 696 1102 726 videre:
1121 695 1242 735 quippe
1261 705 1334 727 cum
1353 706 1393 728 eo
1414 696 1480 728 lusu
1498 702 1528 729 ie
1548 709 1718 733 exerceret
1737 701 1850 735 solem-

971 737 1003 768 ni
1032 739 1059 766 &
1088 737 1128 767 ad
1155 738 1242 767 illum
1272 737 1431 770 destinato
1456 739 1552 780 loco,
1577 742 1708 774 coaetus
1723 744 1794 784 jure
1819 745 1850 777 &

972 786 1063 808 more
1093 777 1234 808 militaris
1263 778 1455 820 disciplinae:
1480 783 1520 812 de
1540 791 1606 823 quo
1630 784 1765 824 pulchre
1785 785 1850 818 Ve-

971 828 1075 859 getius
1094 819 1150 863 lib.
1176 829 1204 849 2.
1223 818 1271 850 De
1289 830 1318 850 re
1342 822 1466 853 iiiilitciri
1489 833 1517 854 c.
1538 834 1587 865 23.
1613 834 1730 866 quem,
1755 827 1775 859 fi
1802 828 1851 859 lu-

973 862 1045 904 bet,
1071 860 1164 891 vide:
1189 861 1285 900 eique
1316 863 1397 894 adde
1431 863 1589 898 Valesium
1621 869 1660 899 ad
1692 869 1848 902 Ammian.

971 901 1116 933 „llicircelst
1139 901 1187 933 lib.
1208 912 1256 933 20.
1282 913 1306 934 c.
1328 913 1357 942 4.
1377 912 1407 945 p.
1430 915 1497 944 240.
1525 907 1561 942 δ’
1579 908 1627 939 lib.
1659 914 1705 944 18-
1724 921 1745 943 c.
1773 922 1802 952 7,
1816 917 1849 952 p.

973 951 1043 974 201.
1070 942 1187 981 Plane,
1212 943 1370 990 siin-loco
1387 947 1635 989 insolitojciculis
1654 951 1754 984 lusum
1764 953 1848 992 fuit,

971 993 1164 1030 quamquam
1181 994 1198 1014 a
1216 986 1337 1024 milite,
1362 996 1433 1028 quia
1460 989 1522 1021 fine
1538 991 1607 1031 jure
1627 991 1746 1026 fastum
1764 995 1848 1034 fuit,

971 1025 1002 1057 ὃς
1032 1026 1122 1071 alteri
1153 1026 1365 1066 periculosum
1392 1031 1521 1069 extitit3
1551 1042 1712 1074 apparet,
1747 1036 1849 1068 lusum

969 1076 1103 1098 noxuim
1122 1076 1153 1098 in
1173 1067 1455 1107 reprehensionem
1475 1074 1591 1105 cadere
1608 1098 1617 1114 ‚
1644 1076 1674 1107 ὃ(
1717 1087 1753 1109 ro
1769 1078 1847 1118 inju-

968 1109 1013 1140 ria
1035 1109 1158 1148 accipi:
1192 1117 1227 1140 ut
1256 1109 1338 1140 bene
1361 1111 1476 1144 Paulus
1502 1114 1534 1145 iii
1559 1116 1578 1147 l.
1607 1125 1653 1149 io.
1714 1145 1720 1150 .
1741 1119 1790 1151 Ad
1812 1119 1849 1150 le-

964 1160 1030 1192 gem
1049 1150 1224 1191 Aquiliam,
1248 1159 1344 1190 quam
1368 1153 1471 1194 legem
1503 1164 1577 1188 cum
1602 1158 1782 1201 superiore,
1807 1170 1848 1193 ne

969 1193 999 1223 ci
1024 1192 1107 1223 male
1139 1191 1323 1232 cohaereat,
1347 1194 1389 1224 ita
1413 1198 1588 1230 confictio.

1010 1232 1073 1264 Sed
1091 1233 1351 1273 confideremus,
1375 1245 1414 1268 ne
1434 1238 1588 1270 ediverso
1601 1240 1848 1275 stetidem-Pau-

968 1273 1017 1349 illim
1038 1274 1069 1347 ll.
1093 1284 1142 1315 45.
1163 1273 1192 1316 §.
1218 1284 1249 1316 3.
1273 1274 1317 1307 D.
1341 1278 1393 1308 Aci
1420 1278 1508 1320 legem
1531 1281 1695 1322 Aquiliam.
1739 1283 1848 1316 Verba

996 1326 1034 1348 au
1049 1326 1069 1347 i.

1009 1358 1083 1389 Cum
1093 1354 1261 1398 stramenta
1278 1360 1415 1392 ardentia
1431 1362 1612 1402 traiifilireiit
1630 1367 1706 1405 duo,
1731 1376 1849 1398 concur-

1027 1405 1151 1438 rerunt,
1181 1402 1318 1441 amboque
1348 1404 1537 1444 ceciderunt,
1568 1406 1604 1441 ὃ)
1635 1408 1708 1439 alter
1725 1407 1849 1449 flamma

1029 1443 1212 1488 coiisuiizptur
1229 1440 1278 1489 eft.
1323 1443 1412 1475 Nihil
1436 1455 1466 1477 eo
1487 1449 1600 1479 nomine
1620 1447 1711 1491 potest
1736 1451 1804 1492 agi,
1819 1448 1849 1488 fi

1028 1492 1087 1513 που
1111 1483 1306 1524 intelligitur,
1332 1491 1398 1516 uter
1417 1489 1451 1518 ab
1475 1495 1542 1519 uiro
1569 1496 1684 1530 eversus
1696 1490 1749 1529 fit.

967 1523 1096 1555 Thema
1115 1525 1176 1555 tale
1194 1524 1248 1555 est.
1275 1524 1353 1557 Duo
1374 1528 1595 1562 transilueiunt
1615 1533 1758 1563 ardentia
1776 1532 1848 1565 stra-

967 1574 1097 1602 menta,
1123 1567 1153 1596 <Sc
1179 1575 1431 1613 concurrerunt,
1457 1572 1553 1602 ambo
1571 1575 1779 1613 ceeidemnt,
1802 1575 1847 1606 al-

969 1616 1018 1639 ter
1047 1608 1173 1638 flamma
1203 1610 1412 1650 consumptus
1444 1612 1499 1644 est.
1544 1614 1622 1645 Hoc
1647 1615 1773 1648 thema:
1805 1626 1848 1649 ex

968 1659 1009 1681 eo
1025 1650 1199 1696 quaeritur,
1223 1659 1260 1680 an
1278 1651 1340 1692 legi
1360 1651 1495 1692 Aquiliae
1515 1655 1605 1687 locus
1623 1656 1685 1688 fit?
1709 1658 1752 1688 ait
1770 1658 1849 1689 Pau-

968 1692 1035 1729 lus,
1059 1692 1079 1722 si
1104 1699 1215 1731 paret,
1238 1700 1308 1723 uter
1327 1693 1365 1723 ab
1390 1703 1463 1726 utro
1491 1697 1617 1728 eversus
1645 1697 1706 1730 fit:
1730 1707 1849 1740 negat,

968 1732 990 1764 fi
1010 1741 1075 1764 non
1093 1739 1195 1773 paret.
1222 1732 1274 1778 Sic
1292 1733 1417 1767 Paulus.
1464 1736 1583 1771 Verum
1602 1739 1621 1770 si
1639 1748 1763 1772 certum
1781 1740 1849 1781 est,

968 1775 1065 1820 ani-bo
1084 1774 1300 1814 concurrisse,
1325 1777 1474 1818 &lapsos
1497 1780 1665 1821 cecidiss'e3
1690 1782 1848 1823 obsecrO,

970 1824 1023 1855 qui
1040 1822 1200 1860 incertum
1219 1814 1255 1846 sit
1271 1838 1281 1855 ,
1306 1824 1377 1848 uter
1401 1820 1440 1850 ab
1467 1828 1541 1852 utro
1560 1822 1687 1855 eversus
1710 1823 1773 1855 fit?
1797 1825 1849 1857 An

970 1857 1046 1897 quid
1065 1865 1171 1887 verius
1189 1855 1255 1895 est,
1280 1866 1394 1898 quam,
1420 1859 1441 1892 fi
1458 1861 1524 1893 duo
1543 1870 1798 1904 concurrerunt,
1814 1866 1847 1898 &

969 1897 1066 1928 ambo
1091 1897 1192 1928 eversi
1223 1895 1312 1936 sunt,
1335 1900 1469 1933 alterum
1499 1904 1538 1935 ab
1561 1905 1663 1937 altero
1700 1906 1847 1939 eversum

952 1963 954 1966 .
971 1938 1218 1979 effe;.‹ienique
1230 1962 1246 1981 ,v
1264 1940 1317 1971 ubi
1334 1942 1413 1975 alter
1430 1943 1604 1986 superstes,
1622 1949 1702 1979 alter
1721 1948 1848 1980 flamina

970 1979 1179 2025 consumptus
1199 1979 1262 2019 est,
1288 1982 1319 2013 δε
1342 1986 1384 2015 de
1410 1985 1534 2026 Aquilia
1563 1989 1734 2028 quaeritur,
1761 1991 1850 2022 hunc

971 2030 1023 2062 qui
1040 2020 1390 2070 flaininaconsumptus
1407 2026 1471 2065 est,
1484 2037 1499 2058 a
1518 2028 1683 2070 superstite
1701 2032 1848 2063 eversum

970 2063 1148 2110 veredici?
1164 2064 1225 2110 bed
1239 2064 1319 2110 salva
1339 2077 1387 2099 res
1399 2068 1462 2100 est:
1479 2069 1634 2110 siquidem
1653 2072 1739 2104 Pauli
1757 2084 1847 2106 mens

969 2103 1052 2142 fuit,
1077 2103 1097 2135 fi
1115 2106 1321 2153 intelligitur,
1345 2116 1414 2140 uter
1432 2114 1555 2151 egerit,
1581 2114 1627 2144 uti
1651 2115 1731 2146 alter
1758 2125 1847 2147 ever-

971 2153 1112 2185 teretur,
1137 2149 1185 2187 agi
1204 2147 1313 2194 posse3
1338 2151 1410 2189 vel,
1435 2160 1469 2182 ut
1489 2153 1602 2186 clarius
1623 2156 1755 2195 loquar,
1779 2156 1848 2188 sili-

971 2196 1068 2234 quet,
1093 2187 1179 2220 hunc
1205 2198 1259 2229 qui
1280 2190 1403 2223 flamma
1422 2194 1631 2236 consumptus
1648 2197 1713 2236 est,
1738 2198 1846 2239 super-

969 2230 1049 2261 stitis
1072 2229 1145 2261 data
1163 2240 1262 2271 opera
1280 2234 1424 2266 eversum
1450 2235 1532 2277 esse,
1558 2238 1629 2279 lege
1645 2239 1773 2279 Aquilia
1797 2240 1847 2281 agi

968 2270 1079 2319 posse·2
1104 2270 1207 2320 sni-non
1226 2273 1344 2314 liquet,
1369 2280 1417 2318 agi
1435 2286 1502 2310 non
1524 2279 1623 2320 poffe.
1647 2280 1758 2313 Habes
1769 2282 1850 2314 Pau-

968 2315 990 2347 li
1018 2314 1252 2347 definitionem.
1277 2325 1364 2348 nunc
1389 2318 1512 2351 causam
1536 2322 1668 2361 accipet
1693 2332 1728 2354 ea
1754 2322 1848 2355 caula.

968 2355 1030 2395 est,
1056 2357 1144 2396 quod
1161 2357 1213 2388 lex
1232 2357 1359 2398 Aquilia
1379 2361 1511 2400 quidem
1533 2362 1697 2402 injuriam,
1724 2364 1756 2396 id
1781 2364 1846 2405 est,

969 2397 1236 2444 qualemcumque
1268 2400 1395 2440 culpam
1434 2411 1531 2442 atque
1568 2405 1818 2445 imprudentiam
1833 2430 1846 2447 ,

969 2442 1125 2479 coercet3
1141 2442 1245 2471 calum
1265 2449 1391 2481 autem,
1408 2442 1427 2474 si
1439 2444 1548 2484 injuria
1566 2455 1604 2476 ac
1614 2447 1710 2487 culpa
1729 2454 1846 2488 vacet,

969 2491 1036 2514 non
1055 2484 1204 2527 coercetg
1223 2491 1321 2522 porro
1339 2485 1393 2523 qui
1411 2484 1538 2517 flamma
1555 2487 1765 2529 consumptus
1775 2489 1846 2530 est,

970 2525 996 2556 is
1014 2523 1221 2555 flevertetitis
1238 2524 1311 2556 data
1323 2534 1421 2566 opera
1439 2527 1468 2559 ἃ
1488 2528 1612 2561 lascivia
1631 2529 1760 2563 eversus
1778 2531 1847 2571 est,

970 2565 1070 2606 magis
1094 2565 1224 2605 injuria,
1250 2574 1344 2606 quam
1367 2567 1461 2608 casu,
1485 2570 1608 2604 occisus
1632 2572 1846 2614 intelligitur3

970 2615 1184 2654 quamquam,
1199 2616 1272 2639 cum
1285 2618 1321 2640 ea
1331 2610 1415 2642 nulla
1426 2610 1552 2645 eversus
1562 2613 1625 2653 est,
1641 2615 1740 2656 magis
1755 2614 1847 2655 casu,

972 2657 1066 2690 quam
1083 2658 1213 2689 injuria,
1236 2650 1361 2683 occisus
1379 2652 1516 2687 videtur.
1563 2655 1606 2688 At
1632 2657 1718 2688 enim
1737 2658 1848 2689 utrim-

971 2700 1035 2737 que
1063 2692 1256 2739 propoiiitur
1281 2692 1362 2725 lusus
1384 2696 1501 2727 noxius
1527 2696 1556 2728 ἃ
1581 2697 1655 2729 mali
1684 2699 1845 2739 exempli:

973 2742 1026 2773 qui
1050 2741 1123 2764 cum
1143 2735 1305 2773 injuriam,
1331 2735 1363 2767 id
1385 2735 1450 2776 est,
1473 2738 1600 2779 culpam
1617 2749 1654 2770 ac
1671 2741 1847 2780 reprehen-

971 2775 1112 2813 sionem,
1129 2774 1227 2807 habet
1245 2777 1297 2808 vel
1315 2777 1354 2808 ab
1371 2778 1486 2819 initio,
1503 2789 1538 2812 ut
1550 2781 1636 2813 idem
1648 2781 1762 2813 Paulus
1774 2781 1844 2811 scri·

971 2817 1019 2848 bit
1041 2817 1059 2848 l.
1088 2825 1133 2849 10.
1152 2816 1194 2850 D.
1217 2819 1276 2850 eod.
1295 2819 1342 2850 tit.
1368 2821 1494 2861 quaeso,
1518 2823 1571 2863 qui
1596 2823 1684 2855 illuni
1701 2822 1844 2854 absolvat

974 2858 1061 2905 casus
1079 2859 1132 2900 qui
1150 2869 1191 2891 ex
1209 2859 1370 2900 postfacto
1388 2863 1528 2896 incidit?
1551 2863 1628 2896 Non
1654 2871 1758 2895 tamen
1779 2862 1843 2903 est,

974 2910 1111 2941 opinor,
1136 2903 1224 2942 quod
1242 2912 1314 2934 eum
1332 2903 1429 2936 lusum
1448 2906 1578 2937 damnes
1590 2930 1599 2946 ‚
1624 2915 1676 2937 aut
1693 2914 1758 2936 rem
1778 2914 1844 2936 ma-

974 2944 994 2975 li
1019 2943 1160 2984 exempli
1177 2943 1239 2975 esse
1256 2945 1437 2978 existimes:
1461 2949 1538 2987 quin
1561 2948 1668 2987 potius
1691 2954 1783 2985 puta,
1807 2955 1844 2978 u·

975 2993 1144 3025 trumque,
1169 2986 1222 3017 ubi
1251 2986 1420 3019 stramenta
1444 2990 1585 3021 ardentia
1615 2987 1785 3027 transiluit,
1807 2997 1843 3019 u-

974 3027 1038 3058 stim
1059 3028 1190 3068 publico
1209 3028 1341 3060 &licito
1356 3030 1446 3070 jure,
1472 3031 1590 3062 &ideo
1607 3038 1713 3069 neque
1730 3030 1761 3060 in
1780 3031 1845 3062 cul-

973 3078 1045 3109 pam
1063 3069 1226 3110 incidisse,
1251 3079 1358 3111 neque
1375 3072 1655 3112 reprehensionem
1683 3071 1841 3105 ineruisse⁰

974 3110 1097 3143 Verum
1122 3113 1211 3152 quod
1236 3113 1284 3153 jus
1311 3111 1410 3144 fuerit
1425 3137 1433 3151 ‚
1457 3123 1514 3152 pei·
1537 3114 1643 3153 ignem
1666 3112 1816 3145 transilire
1831 3138 1842 3154 ,

974 3154 1004 3184 ἃ
1020 3156 1049 3185 in
1067 3153 1246 3186 stramentis
1263 3155 1447 3186 ardentibus
1463 3152 1629 3185 lascivire?
1652 3153 1785 3187 Nullum
1801 3155 1843 3187 sa·

974 3204 1016 3227 ne
1027 3219 1038 3237 ‚
1060 3196 1083 3229 fi
1098 3197 1226 3237 quidem
1242 3196 1440 3229 saltationem
1458 3203 1515 3236 pei·
1532 3196 1673 3229 ardentia
1690 3197 1841 3230 stramen⁶

1340 3236 1415 3278 ΩΒ
1790 3249 1840 3280 [³12
