2052 3487
216 188 263 224 90
784 167 1093 217 GERAR¹D1

1165 162 1396 200 Neon-r

255 265 303 295 nid
321 262 348 301 si
371 271 404 294 ea
418 283 427 299 ‚
459 268 521 300 quae
545 259 634 299 cuusae
656 256 845 298 cognitionem
868 262 920 296 pro
942 255 1083 287 tribunali
1119 254 1171 296 jus
1187 253 1239 284 tibi
1259 258 1344 285 extra
1361 253 1487 285 ordinem
1507 253 1636 284 dicerem.
1680 250 1852 283 Hunzonius
1871 253 1930 285 &c.
1960 253 1988 285 l-

219 305 373 343 desiderat,
391 302 436 333 vel
452 311 513 342 quui
529 302 672 331 decretum
689 298 811 337 exposcit
822 297 839 329 ‘2
864 295 1001 336 Seffiones
1018 296 1079 331 &a

218 348 365 379 videntur
382 342 542 374 abundare
568 340 665 371 verba
685 362 695 377 ‚
729 339 775 369 vel
792 348 852 379 quae
874 339 1016 369 decretum
1034 348 1081 369 ex-

211 389 322 430 poscit,
342 386 450 424 utique
467 382 656 422 interpretis
673 379 754 418 effe;
782 379 976 420 exponentis
995 379 1078 419 prio-

215 439 251 461 ra
273 426 387 462 verba,
410 433 472 464 quie
489 426 578 458 cauloe
601 423 789 463 cognitionem
800 427 854 461 pro
877 421 1017 451 tribunali
1034 421 1079 450 de-

211 469 332 508 fiderat,
376 466 500 506 Igitur,
536 464 596 495 illis
627 462 794 504 expunffis
825 469 878 492 aut
912 461 1080 502 relegatis,

216 519 282 542 non
306 510 336 539 in
365 506 513 544 insulam,
537 504 589 536 sed
608 505 647 536 ad
669 512 757 535 oram
777 503 872 541 libri,
897 502 1078 543 legendum.

217 551 301 595 Quid
316 548 345 586 fi
365 558 419 584 ιά,
472 557 513 577 uoe
538 546 628 585 cataste
652 545 843 587 cognitionem
861 550 915 585 pro
937 543 1081 574 tribunali

214 590 378 632 defiderat?
400 557 544 629 seffiones'
569 587 599 619 &
617 587 748 627 reliqua.

254 633 357 665 Porro
381 639 449 670 quae
472 637 562 661 erant
590 627 805 669 cognitionis,
835 635 872 657 en
889 625 1030 666 petenda
1050 635 1080 657 e-

212 682 284 706 rant
300 671 549 715 postulationum
565 669 634 701 die:
660 678 725 709 quo
746 667 766 700 si
791 677 858 699 non
884 666 1011 708 possent
1028 676 1081 699 ex-

214 716 338 757 pediri,
361 724 377 746 a
399 713 542 745 Praetore
559 709 788 743 differebantur
805 709 836 741 in
863 709 949 740 diem
969 709 1079 750 cogni-

216 758 336 789 tionis:
368 755 440 787 dein
468 763 526 794 pro
555 751 702 784 tribunali
732 751 787 781 suo
804 759 941 791 quaeque
963 751 1079 781 ordine

214 797 491 840 cognoscebantur
515 794 544 825 ἀ
566 792 841 830 terminabantur3
865 791 993 823 auctore
1010 791 1079 822 Ser·

213 840 270 871 vio
293 841 333 871 ad
354 836 521 878 Virgilium
541 835 589 866 lib.
603 844 630 866 2.
649 833 767 866 AEneid.
784 833 856 874 vers.
871 842 938 865 102.
966 833 1019 874 qui
1036 833 1079 863 ita

213 881 333 912 scribit.
377 878 414 910 In
431 878 530 908 ordine
552 876 723 908 dicebantur
742 875 833 916 causce
851 880 967 915 propter
984 874 1080 905 multi-

212 923 343 953 tudinem
364 919 414 950 vel
439 918 597 950 tumultum
620 914 832 958 festinantium
850 939 860 954 ‚
897 925 986 957 quum
1017 914 1081 955 tffet

211 972 312 994 annus
326 962 432 993 litium.
476 959 647 999 Juvenalis.
691 957 900 999 Expestandus
926 959 996 993 erit,
1030 957 1082 997 qui

212 1004 275 1035 lites
293 1004 407 1034 inchoat
429 1010 533 1033 annus.
579 999 673 1038 Hoc,
697 1008 908 1041 praeterquain
926 997 947 1030 fi
972 998 1081 1029 huma-

211 1046 295 1078 nitas
315 1044 433 1081 vellet,
456 1042 543 1083 qnod
561 1042 683 1073 Seneca
701 1039 848 1073 observat
866 1063 875 1079 ‚
908 1048 941 1071 ut
961 1038 1082 1071 Praetor

213 1087 254 1118 ab
281 1087 346 1119 hoc
369 1085 483 1116 ordine
506 1084 693 1122 recederet,
724 1083 754 1113 ὅ(
776 1083 873 1122 longe
895 1081 1082 1112 venientem

211 1136 302 1160 extra
324 1127 471 1159 ordinem
494 1125 683 1165 expediret:
707 1124 739 1155 id
762 1124 847 1156 enim
865 1123 904 1155 ad
923 1121 1082 1154 Lucilium

211 1170 359 1211 indigitat
381 1166 460 1209 episi.
480 1170 546 1198 106.
572 1174 645 1198 cum
665 1164 757 1203 infit,
789 1163 960 1203 Dubitavi,
982 1169 1083 1195 utrum

213 1211 362 1253 differrem
385 1216 412 1241 te
431 1232 440 1248 ‚
469 1219 509 1240 an
530 1208 615 1238 donec
630 1207 703 1246 suus
720 1204 768 1247 isti
785 1215 826 1238 rei
851 1207 963 1236 veniret
987 1205 1082 1242 locus,

207 1254 261 1295 jus
278 1253 332 1284 tibi
355 1257 439 1283 extra
458 1250 584 1281 ordinem
599 1249 730 1280 dicerem.
786 1247 960 1279 Humanius
989 1247 1084 1286 visum

213 1292 269 1335 est,
296 1300 356 1325 tam
373 1293 454 1334 longe
474 1292 637 1322 venientem
661 1298 718 1321 non
739 1290 874 1320 detinere.
917 1287 968 1319 Sic
987 1288 1079 1319 Sene-

214 1345 268 1367 ca:
299 1336 330 1366 in
357 1343 421 1374 quo
446 1333 478 1364 id
501 1332 646 1364 eruditos
673 1331 816 1362 monebo
838 1353 848 1369 ,
880 1337 915 1361 ut
932 1330 1083 1366 videant,

212 1387 255 1409 ne
273 1375 426 1415 particula
444 1374 518 1411 ista,
542 1383 601 1412 an,
624 1373 794 1403 mutaverit
814 1370 923 1403 sedem
941 1393 951 1409 ,
984 1370 1013 1401 ἃ
1037 1379 1079 1401 re-

213 1417 372 1450 stituenda
388 1415 423 1447 fit
442 1416 479 1446 ad
500 1415 583 1446 hunc
600 1414 744 1445 modum.
794 1413 961 1449 nubitum,
982 1417 1083 1442 utrum

214 1459 360 1501 differrem
377 1463 423 1497 te,
446 1458 531 1488 donec
547 1457 625 1496 suus
645 1453 694 1495 isti
717 1455 759 1487 rei
782 1455 894 1486 veniret
922 1453 1017 1492 locus,
1039 1461 1080 1484 an

928 1564 1140 1599 CAPUT

212 1668 282 1720 Pro*
294 1665 444 1701 tribunali
461 1664 538 1698 nihil
547 1662 675 1710 potuiſje
691 1661 825 1709 cognosci
834 1659 904 1706 fine
922 1659 1056 1706 Consilio.

251 1720 300 1763 Je.

293 1818 423 1844 aeterum
441 1835 451 1849 ‚
481 1811 535 1842 ubi
563 1808 769 1850 Magistratus
793 1816 855 1847 pro
873 1805 1022 1838 tribunali
1042 1805 1086 1837 se·

308 1853 399 1884 debat
413 1877 422 1891 ‚
446 1852 529 1883 hasta
551 1849 669 1892 posita,
689 1850 719 1881 ἃ
739 1847 975 1889 cognoscebat,
994 1856 1086 1878 more

214 1896 378 1935 prodituvn
398 1893 478 1931 fuit,
509 1903 549 1924 ne
573 1892 665 1924 aliter
686 1888 919 1931 cognosceret,
951 1898 1045 1929 quam
1064 1887 1085 1920 fi

213 1937 245 1967 in
272 1935 444 1968 Consilium
474 1934 642 1966 adhiberet
665 1930 837 1963 Ass'essores
856 1930 908 1961 seu
932 1929 1084 1962 Consilia-

216 1977 279 2009 rios
305 1976 373 2007 suos
418 1977 479 2007 hoc
502 1976 584 2006 enim
603 1998 612 2013 ‚
645 1980 760 2013 praeter
788 1972 1003 2012 Pomponium
1025 1971 1084 2002 l.2.

215 2018 242 2060 §v
259 2029 306 2055 29-
336 2018 370 2048 Ῑ).
391 2019 424 2049 de
445 2020 553 2057 origine
564 2017 663 2058 juris,
696 2023 791 2054 quem
816 2013 968 2053 sequente
990 2019 1085 2043 inter·

216 2059 370 2101 precabor
395 2055 500 2099 capite
518 2082 527 2097 ,
565 2056 780 2098 pulcherrime
811 2054 929 2086 indicat
957 2052 1083 2084 LaClan-

217 2103 298 2139 tius,
324 2100 371 2132 De
387 2101 523 2132 mortibus
547 2099 765 2136 Persecutorum
788 2106 812 2127 c.
830 2105 877 2127 22.
903 2104 976 2127 nam
997 2094 1085 2125 casti·

217 2152 293 2184 gans
315 2143 481 2183 improbos
511 2140 606 2172 seculi
631 2147 757 2176 mores,
781 2137 905 2178 Judices
920 2160 930 2175 ‚
963 2135 1085 2177 inquit,

216 2185 374 2216 militares.
400 2183 593 2215 humanitatis
611 2181 761 2211 literarum
776 2179 860 2210 rudes
872 2203 880 2217 ,
890 2177 954 2216 fine
970 2176 1085 2217 adseffo-

216 2227 296 2257 ribus
320 2227 351 2256 in
371 2225 536 2265 provincius
569 2220 689 2261 immiffi.
742 2220 776 2251 In
807 2220 913 2260 primis
943 2228 1021 2250 vero
1052 2219 1084 2249 id

217 2266 358 2298 ostendit
379 2266 518 2297 Achilles
536 2262 650 2295 Tatius
675 2263 722 2292 lib.
742 2266 770 2296 8.
794 2263 828 2291 de
847 2261 1033 2302 Clitopbontis
1048 2258 1085 2294 ὅ*

215 2309 376 2348 Leucippes
392 2307 537 2338 artioribus
554 2312 586 2346 p.
603 2307 663 2343 496
700 2302 810 2334 ‘Verba
835 2302 899 2342 eju*
912 2326 921 2341 ‚
945 2303 1016 2342 quia
1034 2310 1085 2341 pa-

216 2359 284 2382 rum
306 2349 492 2390 pervulgata
511 2346 597 2384 sunt,
614 2344 799 2377 adscribam.
823 2342 870 2374 Ea
890 2343 984 2375 verba
1004 2342 1083 2374 sunt.

213 2390 344 2431 Affurge
363 2389 538 2430 Thersandro
567 2386 681 2427 Praeses.
703 2387 789 2417 verbo
806 2385 881 2416 enim
908 2391 991 2416 tenus
1018 2391 1082 2415 tnn-

216 2438 279 2463 tum
302 2433 473 2474 dignitatem
495 2431 570 2461 banc
595 2430 701 2460 obtines
718 2450 728 2465 ,
761 2436 791 2458 re
810 2432 991 2457 autemvem
1013 2427 1059 2457 bic
1073 2449 1083 2464 ‚

1125 303 1155 327 ta
1176 294 1251 325 mihi
1280 295 1429 335 videtur,
1460 294 1491 326 δι’
1514 294 1616 325 sensus
1644 293 1777 324 constat.
1802 295 1890 334 quod
1909 305 1986 326 vero

1124 336 1163 367 ad
1185 345 1251 366 rem
1269 338 1384 367 attinet
1400 359 1410 375 ‚
1443 336 1482 367 ad
1508 345 1577 367 eain
1604 334 1728 375 respicit
1747 343 1878 375 quoque
1896 336 1985 368 Sido-

1123 378 1193 409 nius
1210 377 1401 417 Apollinaris
1424 377 1472 408 lib.
1489 385 1519 414 4.
1547 373 1624 418 epist.
1642 381 1672 408 6.
1692 377 1729 406 ad
1738 376 1796 415 fin.
1823 377 1929 408 verbis
1943 376 1986 408 se-

1123 419 1304 459 quentibus.
1347 419 1380 450 Si
1392 419 1527 460 perspicis
1549 428 1568 450 a
1583 427 1649 449 vero
1672 427 1729 448 non
1746 418 1902 458 discrepare
1919 427 1987 459 que-

1122 461 1293 499 rimoniam,
1316 461 1432 498 tribue,
1468 459 1576 501 quaeso,
1607 459 1790 490 convincenti
1807 459 1988 499 reformatio·

1123 510 1186 532 nem
1203 524 1212 539 ,
1242 501 1392 542 peregrino
1411 501 1590 533 celeritatem.
1632 501 1683 531 Sic
1710 501 1739 531 in
1762 501 1934 541 peregrino
1957 500 1988 532 δε

1123 543 1220 582 longe
1238 543 1398 574 veniente.
1439 542 1529 575 Idem
1551 542 1583 573 in
1610 541 1711 573 milite
1731 541 1990 582 obl'ervatjuve·

1122 583 1201 657 {ialis
1215 585 1276 624 Jat.
1299 587 1348 616 16.
1378 586 1452 626 vers.
1476 593 1528 625 54.
1554 582 1590 618 ὣς
1603 584 1685 624 seqq.
1728 583 1835 615 Verba
1852 582 1991 624 Juvena-

1135 633 1173 657 is.

1162 665 1290 697 Praemia
1303 675 1383 697 nunc
1404 665 1464 698 alia
1480 671 1566 708 atque
1580 668 1640 699 alia
1654 666 1844 698 emolumenta
1860 671 1989 697 notemus

1162 707 1426 739 Sacramentorum.
1470 707 1636 740 Convullem
1653 708 1732 739 ruris
1749 709 1824 738 aviti

1163 747 1311 789 Improbus
1326 754 1378 780 aut
1394 755 1526 790 campum
1542 750 1614 781 mibi
1623 748 1652 787 fi
1672 750 1788 780 vicinus
1805 748 1931 788 ademit,

1161 789 1204 821 Et
1213 794 1334 830 sucrum
1347 789 1445 831 effodit
1461 792 1550 822 medio
1571 792 1604 822 de
1622 791 1710 822 limite
1723 794 1845 828 luxum,

1164 830 1252 874 Quod
1267 841 1329 862 mea
1348 841 1412 863 cum
1424 832 1526 872 patulo
1545 833 1632 864 coluit
1647 832 1713 873 puls
1729 841 1831 862 annua
1847 831 1921 869 libo,

1164 874 1288 906 Debitor
1302 878 1355 904 aut
1367 876 1494 914 sumptos
1505 875 1599 915 pergit
1615 883 1672 905 non
1689 873 1802 904 reddere
1818 881 1975 911 nummos,

1166 915 1255 947 Vana
1262 914 1443 954 supervacui
1459 916 1555 946 dicens
1571 915 1761 956 chirographa
1777 914 1871 955 ligni:

1163 954 1375 995 Εχρεᾶιιηάας
1395 957 1468 994 erit,
1489 958 1541 997 qui
1558 957 1620 988 lites
1634 957 1749 987 inchoat
1767 965 1865 987 annus

1167 996 1268 1028 Totius
1284 995 1386 1037 populi
1396 1008 1403 1028 :
1418 997 1472 1036 sed
1488 1004 1559 1028 tunc
1574 1007 1683 1039 quoque
1701 997 1777 1028 mille
1783 997 1910 1037 ferenda

1165 1038 1281 1075 Toedta,
1306 1037 1380 1068 mille
1397 1047 1478 1068 morte
1494 1061 1503 1076 ,
1526 1041 1607 1069 toties
1615 1039 1753 1079 suidellzu
1773 1045 1892 1070 tantum

1164 1080 1345 1110 Sternuntur
1356 1103 1364 1116 ‚
1382 1079 1448 1120 jam
1458 1079 1592 1119 facundo
1605 1084 1728 1120 ponente
1744 1080 1874 1110 lacernas

1167 1121 1307 1158 Caedicio,
1330 1119 1366 1154 θ’
1383 1119 1468 1157 Fusco
1481 1120 1544 1162 jam
1560 1120 1761 1160 micturiente,
1780 1119 1882 1161 parati

1166 1161 1376 1201 Digredimur,
1399 1162 1532 1203 lentaque
1546 1162 1612 1202 fori
1621 1169 1791 1203 pugnamus
1806 1170 1906 1193 arena.

1167 1202 1224 1243 Ast
1247 1203 1304 1233 illis
1320 1225 1329 1240 ‚
1351 1212 1419 1244 quos
1434 1213 1518 1234 arma
1535 1209 1657 1245 tegunt,
1683 1202 1719 1237 ἐξ*
1738 1203 1868 1235 baltheus
1887 1203 1994 1242 ambit,

1167 1243 1256 1288 Quod
1267 1244 1408 1284 placitum
1420 1242 1458 1284 efi
1478 1242 1561 1285 ipfis‚
1573 1245 1730 1285 praejlatur
1745 1250 1855 1285 tempus
1871 1245 1994 1286 agendi,

1167 1287 1233 1317 Nec
1245 1295 1289 1316 res
1306 1287 1447 1316 atteritur
1462 1285 1544 1326 longo
1552 1283 1719 1326 sufflamine
1733 1286 1804 1316 litis.

1127 1327 1170 1359 At
1197 1336 1260 1358 non
1288 1334 1412 1358 tanturn
1437 1326 1484 1359 his
1507 1329 1537 1358 <Sc
1556 1327 1744 1368 quibusdam
1763 1327 1828 1358 aliis
1853 1325 1995 1368 personis

1126 1368 1180 1400 hic
1198 1369 1303 1399 honos
1320 1367 1445 1400 habitus
1462 1367 1544 1407 fuit,
1566 1376 1603 1399 ut
1626 1375 1715 1400 extra
1733 1369 1877 1400 ordinem
1896 1368 1995 1399 audiri

1125 1408 1272 1451 possent,
1297 1407 1349 1441 sed
1374 1409 1404 1441 δι
1426 1409 1615 1450 quibusdam
1642 1409 1739 1442 causis
1759 1419 1834 1450 quas
1850 1410 1903 1441 hic
1921 1419 1996 1441 enu-

1125 1452 1240 1483 merari
1259 1460 1324 1482 non
1338 1451 1459 1492 patitur
1478 1451 1559 1484 ratio
1573 1450 1707 1483 instituti
1731 1452 1839 1484 nollri.

1199 1562 1285 1599 XI.

1109 1659 1170 1694 Pro
1185 1659 1338 1695 tribunali
1357 1659 1544 1705 Praetorem,
1571 1658 1672 1707 fimul
1696 1657 1876 1705 Coufilium‚
1894 1657 1996 1706 sedis-

357 1712 530 1760 Confiliarii
538 1711 598 1759 seu
621 1711 778 1759 Affirſjores
794 1722 834 1746 an
852 1707 894 1749 ἐξ
909 1710 1159 1755 quemadmodum
1177 1708 1307 1755 Judices
1324 1710 1497 1756 appellati?

1127 1814 1199 1838 rum
1218 1805 1314 1837 verba
1329 1805 1584 1846 pronunciabat:
1607 1812 1643 1838 ut
1659 1805 1782 1837 Seneca
1797 1804 1840 1836 ait
1856 1802 1903 1835 De
1917 1808 1998 1835 tran-

1127 1847 1274 1888 quillitate
1289 1848 1382 1877 animi
1404 1848 1453 1879 lib.
1474 1858 1499 1879 1.
1524 1858 1547 1878 c.
1564 1857 1582 1887 3
1618 1848 1694 1888 quid
1719 1846 1845 1879 multa?
1877 1845 1996 1876 Praeto-

1128 1889 1169 1919 ris
1187 1887 1340 1928 Judicium
1360 1896 1445 1926 erat,
1469 1888 1640 1921 Affess’ores
1660 1888 1846 1930 praesentern
1864 1896 1899 1918 ac
1913 1887 1996 1927 judi-

1127 1937 1255 1960 cantem
1280 1928 1500 1968 instruebant,
1533 1930 1587 1971 ipfi
1611 1939 1718 1971 neque
1735 1929 1917 1970 judicabant
1943 1937 1998 1959 ne-

1130 1979 1191 2009 que
1206 1971 1254 2009 Jus
1274 1970 1435 2002 dicebant.
1482 1970 1559 2003 Inde
1577 1971 1698 2002 Seneca
1721 1973 1819 2011 (nam
1840 1970 1901 2002 huc
1919 1970 1998 2001 allu-

1130 2012 1203 2051 dit)
1233 2009 1310 2051 epist.
1333 2015 1383 2051 67.
1409 2011 1567 2054 Quidquid
1592 2011 1701 2052 honeste
1717 2011 1758 2051 fit
1774 2036 1784 2051 ,
1814 2022 1875 2042 una
1899 2013 1996 2041 virtus

1121 2052 1222 2092 facit,
1245 2053 1290 2087 sed
1305 2053 1338 2083 de
1354 2053 1472 2092 Confilii
1487 2055 1646 2090 sententia:
1670 2055 1744 2094 quod
1767 2060 1863 2084 nutem
1881 2053 1916 2082 ab
1939 2061 1996 2082 om-

1128 2094 1214 2124 nibus
1230 2094 1393 2124 virtutibus
1411 2097 1610 2128 comprobatur
1626 2118 1636 2133 ,
1667 2093 1779 2133 etiamsi
1801 2096 1836 2125 ab
1852 2104 1912 2124 unct
1924 2092 1995 2133 fieri

1128 2135 1269 2173 videtur,
1298 2136 1417 2175 optabile
1434 2135 1481 2174 eli.
1525 2136 1593 2167 lmo
1621 2136 1738 2167 Plinius
1755 2159 1765 2175 ‚
1792 2136 1936 2175 judicare
1964 2134 1994 2166 ὃς

1127 2176 1280 2216 judicanti
1304 2176 1334 2207 in
1361 2175 1504 2209 Consilio
1522 2176 1644 2215 adeffe,
1672 2178 1769 2218 longe
1788 2175 1908 2208 diversa
1924 2176 1994 2216 opi-

1128 2225 1229 2248 natur.
1273 2216 1379 2249 Verba
1406 2218 1497 2250 Plinii
1521 2219 1565 2249 lib.
1591 2228 1615 2249 1.
1644 2218 1721 2259 epist.
1740 2228 1788 2250 20.
1820 2217 1994 2258 Frequenter

1127 2260 1171 2299 egi
1180 2281 1193 2303 ³⁴
1208 2258 1379 2299 frequenter
1391 2261 1545 2303 judicavi,
1563 2260 1737 2301 frequenter
1752 2261 1783 2290 in
1800 2258 1912 2296 confilio
1926 2259 1992 2297 fui.

1127 2300 1248 2332 Pariter
1266 2300 1379 2332 Paulus
1402 2303 1422 2333 l.
1441 2311 1468 2332 2.
1492 2301 1533 2333 D.
1595 2303 1650 2333 uod
1666 2303 1785 2343 quisque
1796 2299 1993 2342 juris‚Hoc,

1127 2342 1247 2382 inquit,
1271 2341 1373 2373 Edicto
1391 2343 1472 2374 dolus
1489 2344 1567 2374 debet
1579 2353 1630 2385 jus
1647 2345 1769 2374 dicentis
1779 2343 1901 2383 puniri:
1924 2351 1993 2372 nam

1120 2380 1149 2421 fi
1166 2381 1322 2423 Adsefforis
1340 2384 1532 2424 imprudentia
1546 2385 1599 2426 jus
1614 2384 1698 2416 aliter
1714 2382 1993 2424 dictrimfit‚quam

1127 2425 1273 2461 oportuit,
1305 2434 1363 2456 non
1379 2427 1456 2456 debet
1473 2426 1521 2457 boc
1545 2424 1761 2467 illogislratui,
1787 2426 1837 2464 sed
1858 2423 1909 2465 ipfi
1929 2423 1993 2455 Ad-

216 2483 279 2515 quae
297 2479 322 2504 te
334 2473 437 2513 facere
455 2474 550 2510 decet,
580 2472 634 2501 imo
652 2479 714 2511 quie
736 2474 769 2500 tu
791 2467 869 2499 nullo
887 2470 965 2499 modo
985 2468 1085 2506 facere
1118 2465 1217 2506 seffori
1232 2464 1350 2506 officere.
1393 2466 1473 2499 Item
1486 2468 1650 2509 Juvenalis
1664 2468 1764 2509 sotira
1779 2476 1807 2508 7.
1824 2466 1899 2505 vers.
1922 2474 1989 2506 115.

216 2516 337 2546 auderes
354 2538 363 2552 ,
396 2514 493 2545 omnia
509 2522 586 2544 unus
593 2512 680 2551 fecit.
725 2510 770 2541 Tu
784 2508 958 2547 confilitzrios
980 2510 1082 2548 babes,

211 2554 276 2595 fine
291 2556 394 2597 quibus
413 2556 465 2586 tibi
479 2554 551 2586 nibil
567 2555 712 2585 decernere
730 2552 802 2582 licet.
828 2551 883 2582 Sed
900 2560 989 2592 neque
1001 2552 1083 2592 quid-

216 2607 306 2640 quam
323 2594 380 2637 est,
396 2598 469 2637 quod
487 2602 519 2627 tit
534 2602 585 2637 pro
601 2601 654 2626 tua
674 2592 844 2624 austeritate
852 2591 985 2632 statuere
999 2593 1084 2633 prius

217 2640 325 2671 audeas
342 2661 351 2677 ‚
386 2647 474 2679 quam
496 2638 546 2668 hoc
569 2638 601 2668 z'n
617 2635 691 2676 solio
716 2632 868 2672 confidens.
914 2631 994 2666 Haec
1016 2634 1079 2665 illc.

216 2680 321 2721 Igitur
351 2679 537 2720 cogniturus
569 2686 629 2716 pro
664 2675 812 2707 tribunali
851 2674 1081 2714 Marristratus,

220 2720 428 2754 Confiliarios
445 2719 627 2751 adhibebat.
651 2718 755 2756 add0,
776 2726 848 2748 cum
868 2700 938 2758 ipii’s
955 2726 1013 2758 pro
1032 2718 1082 2747 tri-

215 2762 327 2795 bunali
353 2760 557 2794 confidebat:
590 2761 623 2791 id
641 2759 725 2790 enim
745 2781 755 2797 ‚
785 2765 901 2797 praeter
924 2758 1082 2790 Achillem

215 2803 352 2836 Tatium
370 2826 380 2842 ‚
409 2804 504 2835 etiam
527 2800 733 2841 Theophilus
756 2801 802 2830 ad.
823 2799 852 2841 §.
867 2810 895 2839 4.
920 2798 992 2841 Insi.
1019 2799 1083 2844 Qui

217 2845 259 2881 δ’
282 2855 319 2877 ex
342 2846 445 2887 quibus
471 2842 563 2882 caufis
588 2843 792 2874 manumittere
809 2851 865 2872 non
881 2841 997 2883 poffunt
1014 2865 1023 2879 ‚
1054 2841 1084 2873 &

216 2888 392 2920 Suetonius
410 2888 441 2918 in
460 2885 570 2916 'Tiberio
592 2894 618 2915 c.
637 2893 687 2925 33.
711 2881 904 2914 attestantur.
949 2883 1084 2914 Ammia-

216 2938 279 2961 nus
302 2935 411 2960 autem
431 2927 479 2959 lib.
499 2936 549 2967 23.
574 2926 612 2957 ad
627 2925 719 2965 finem
735 2923 853 2962 refert,
885 2924 927 2955 ita
944 2923 1083 2956 ass'ediffe

216 2980 298 3010 eos,
322 2970 369 3002 uti
384 2969 456 3011 post
479 2967 629 3000 Praetoris
649 2973 771 3005 tergum
794 2963 952 2997 lederent.
999 2965 1025 2996 E
1049 2975 1083 2997 rc

217 3013 299 3051 erit,
321 3010 416 3053 ipsius
433 3010 532 3042 verba
549 3006 729 3050 apposuisse
746 3018 754 3038 z
784 3015 820 3037 ea
840 3007 879 3038 de
898 3006 996 3039 Perfis
1014 3007 1083 3038 haec

216 3053 298 3086 sunt.
340 3053 393 3085 Ad
406 3052 599 3094 judicandum
616 3050 671 3090 usu
693 3056 790 3079 rerum
803 3047 921 3088 spectati
941 3046 1082 3088 destinan-

218 3099 270 3126 tur
296 3093 333 3129 ὅ)
359 3095 493 3136 integri,
521 3099 625 3133 parum
645 3090 746 3122 alienis
768 3087 888 3126 consiliis
905 3089 1083 3129 indigentes:

219 3136 298 3166 unde
322 3134 448 3176 nostram
470 3132 688 3173 (Romanam)
715 3130 944 3170 consuetudinem
966 3132 1082 3169 rident,

216 3185 280 3216 quie
306 3176 451 3209 interdum
467 3176 618 3216 facundos
629 3173 765 3217 jurisque
776 3172 888 3212 publici
901 3169 1083 3212 peritiffimos

211 3214 279 3258 post
302 3216 478 3249 indoctorum
502 3218 618 3249 collocat
649 3222 741 3256 terga.
794 3212 894 3254 Igitur
929 3213 967 3244 ad
1000 3213 1083 3243 hanc

215 3257 356 3290 formam
380 3257 508 3290 sedebat
523 3259 712 3300 cogniturus
735 3264 793 3297 pro
814 3255 960 3300 tribunali
982 3254 1081 3301 Magi-

214 3298 358 3340 stratus3
388 3300 576 3331 decreturus
603 3306 712 3332 autem
733 3296 923 3330 adeuntibus
947 3294 1082 3328 Affesso-

1128 2506 1234 2539 Verba
1250 2507 1420 2547 juvenalis.

1165 2548 1315 2588 Consedere
1332 2551 1434 2588 duces,
1449 2549 1552 2589 surgis
1569 2556 1603 2581 tu
1617 2550 1744 2590 pallidus
1762 2549 1857 2592 Ajax.

1163 2589 1310 2671 &Dicturus
1331 2592 1418 2622 dubia
1438 2597 1489 2632 pro
1506 2591 1636 2622 libertate
1653 2591 1772 2623 bubulco

1192 2641 1281 2664 uulse-
1304 2651 1357 2655 ——
1379 2651 1431 2656 *—

1126 2673 1222 2705 Plane
1240 2673 1387 2714 judicem
1413 2673 1463 2705 seu
1487 2672 1707 2715 Magistratum
1732 2674 1850 2716 separat
1878 2671 1916 2702 ab
1939 2671 1988 2703 his

1126 2715 1179 2755 qui
1200 2724 1273 2745 cum
1292 2725 1332 2746 eo
1349 2715 1514 2747 consident
1533 2725 1541 2754 ;
1573 2722 1607 2746 ut
1624 2715 1738 2748 Paulus
1754 2718 1802 2757 jus
1825 2715 1989 2745 dicentem

1126 2756 1165 2787 ab
1187 2756 1341 2788 Alsess'ore
1357 2781 1367 2796 ‚
1402 2763 1435 2788 ut
1454 2756 1572 2788 Plinius
1592 2756 1793 2797 judicantem
1814 2755 1852 2787 ab
1875 2764 1915 2785 eo
1934 2755 1989 2794 qui

1127 2798 1156 2829 ei
1174 2798 1204 2829 in
1222 2797 1362 2830 Consilio
1376 2797 1471 2829 adest.
1509 2797 1573 2841 Qui
1591 2798 1720 2839 potest?
1744 2808 1815 2831 nam
1836 2797 1887 2837 qui
1905 2796 1989 2827 Prae-

1128 2840 1189 2871 tori
1206 2839 1362 2878 allident,
1394 2840 1423 2871 ὃς
1439 2839 1491 2879 ipfi
1508 2840 1638 2880 judices
1657 2842 1807 2882 appellati
1831 2839 1849 2869 l.
1874 2841 1919 2868 16.
1944 2836 1987 2867 D.

1126 2882 1159 2912 de
1178 2880 1355 2921 munumiffis
1369 2880 1520 2920 vindicta,
1546 2882 1582 2915 δ’)
1606 2881 1625 2912 l.
1646 2891 1671 2914 1.
1699 2883 1729 2914 C.
1754 2884 1787 2914 de
1801 2878 1933 2913 vindicta
1949 2877 1988 2912 ἐπ’)

1125 2923 1202 2962 apud
1233 2922 1378 2961 confilium
1400 2921 1623 2963 monumzffione.
1666 2923 1768 2962 Scio3
1800 2923 1852 2954 sed
1884 2921 1987 2959 ideo,

1126 2966 1199 3004 quia
1221 2965 1246 2995 is
1265 2965 1316 3005 qui
1345 2965 1395 3004 jus
1414 2964 1511 3004 dicit,
1544 2964 1621 2996 nihil
1644 2964 1838 3007 cognoscere
1860 2969 1913 2992 aut
1933 2962 1987 2992 de-

1126 3015 1258 3038 cernere
1275 3008 1381 3046 potuit
1399 3004 1462 3037 fine
1482 3005 1596 3038 horum
1620 3005 1802 3039 sententiis:
1827 3005 1868 3036 ita
1887 3003 1917 3033 hi
1931 3003 1986 3043 Ju-

1126 3047 1215 3079 dices
1230 3071 1240 3088 ,
1272 3047 1344 3087 quia
1358 3048 1476 3088 Judicis
1497 3048 1663 3088 portiones
1679 3072 1689 3087 ‚
1719 3048 1803 3087 (hoc
1820 3045 1904 3076 enim
1929 3054 1987 3075 no·

1126 3089 1211 3120 mine
1230 3089 1459 3131 designantur)
1489 3090 1565 3121 item
1585 3099 1709 3131 partes,
1740 3087 1932 3129 participes,
1956 3085 1987 3116 δε

1125 3129 1328 3163 consiliorum
1344 3130 1441 3170 socii,
1464 3129 1564 3173 ipsum
1579 3133 1673 3162 etiam
1698 3129 1872 3162 Confilium
1889 3127 1988 3159 Parti-

1126 3173 1248 3213 cipatus
1266 3173 1479 3214 appellatum:
1513 3174 1600 3211 quod
1610 3173 1771 3213 Johannes
1792 3173 1909 3202 Savaro
1928 3177 1986 3215 01³3

1126 3221 1203 3245 tlme
1221 3215 1405 3253 annotavit,
1429 3215 1458 3246 ἃ
1481 3215 1587 3245 multis
1629 3215 1776 3253 robavit‚
1807 3213 1845 3243 ad
1865 3211 1987 3243 Sidonii

1126 3255 1317 3295 Apollinaris
1341 3256 1390 3287 lib.
1409 3266 1438 3296 3.
1462 3253 1539 3295 epist.
1552 3264 1579 3295 3.
1621 3257 1706 3296 gitur
1727 3256 1778 3296 qui
1800 3251 1986 3288 Affess‘orcs,

1125 3295 1157 3326 hi
1177 3296 1206 3327 δε
1225 3297 1356 3336 judices
1378 3296 1469 3329 fuere
1486 3319 1497 3334 ,
1526 3294 1578 3327 sed
1602 3297 1755 3339 praesente
1779 3295 1808 3327 ἃ
1822 3294 1986 3365 judiczfflte

1954 3342 1985 3364 a·
