2036 3495
157 101 223 140 302

242 179 409 224 existimant
422 176 561 217 minores,
577 173 651 215 poffe
667 174 698 205 in
714 175 777 215 inte·
796 182 861 216 rum
875 171 1030 214 restitutio*

182 220 195 226 “’
236 218 306 260 fn‘em
321 217 489 262 implorare,
512 216 748 257 certiffimijuris
765 183 828 255 «ᾗ.
848 250 850 254 Ι
872 249 874 255 χ
980 250 982 252 v

159 264 214 299 Sic
229 264 380 299 hactenus
397 260 520 291 editur:
544 267 604 289 nec
621 258 735 290 dubito
747 264 766 294 ,⁴
779 265 817 287 an
835 254 939 300 malm
958 263 1030 300 nam

161 309 249 340 idem
272 306 321 336 bis
347 302 488 333 dicitur:
512 300 600 338 quod
626 297 875 342 Imperatoribus
898 305 1029 338 minim-e

160 348 224 380 suit
247 342 455 387 propositum.
481 338 645 381 constabit
664 338 794 377 sensus,
811 337 918 378 fipro
944 338 1030 376 etiam

158 380 282 429 legatur
297 386 372 416 enim
385 383 436 414 vel
448 383 561 412 etenim.
585 379 627 412 fic
641 378 787 411 adfertur
802 379 941 420 priorum
960 387 1030 408 cau-

159 430 209 468 sa;
233 427 321 468 quod
344 435 393 456 res
415 422 562 465 postulat.
589 421 695 453 etiam·
710 419 757 453 -fic
773 420 972 461 'aliquando;
996 426 1031 450 ut

159 472 243 502 circa
267 476 366 499 voces
391 467 466 496 enim
490 464 520 496 ὅ(
536 465 622 494 etiam
639 462 763 503 varient
777 457 978 502 maiiliscripti
997 461 1032 496 li-

159 511 220 543 bri.
243 518 283 541 ne
300 507 453 547 exemplo
469 513 518 537 res
534 503 821 547 careat,adducam
838 502 868 543 §2
885 502 944 533 ult.-
959 500 1033 547 Inst·

159 553 193 584 de
202 550 342 593 suspestis
357 549 519 581 tutoribus.-
541 547 571 577 in
590 555 655 586 quo
673 544 770 585 vulgo
789 543 1032 590 editui-‚ss-iispe-

159 588 240 624 tium
261 592 355 623 etiam
380 593 612 628 eum'putamus.
644 585 684 618 D.
703 586 839 617 Vinnius
864 584 1031 622 observat,

157 634 234 666 alias
260 634 343 674 legi,
368 629 536 672 Suspetff'tum
559 630 644 660 enim
673 637 735 658 eum
750 632 901 667 putamus.
936 633 1032 668 atque

157 676 202 708 ita
225 683 357 716 quoque
384 673 480 703 habet
504 670 584 701 liber
607 679 695 701 meus
713 667 952 708 manuscriptus.
986 675 1033 698 to-

159 725 228 749 tum
246 718 341 754 igitur
368 713 585 752 Rescriptum,
613 710 667 741 nisi
693 710 763 750 quis
779 708 906 740 doctior
924 707 1034 753 diss‘enj

159 759 237 797 tiat,
257 750 428 796 ‘conjuncta
447 762 579 792 utraque
595 752 685 792 lege,
710 750 751 782 sic
768 749 941 782 restituam.

205 800 238 831 Si
254 798 314 830 dolo
330 796 489 833 adversarii
513 798 662 834 deceptum
682 792 876 823 venditionem
890 792 993 832 praedii
1010 797 1036 821 te

235 839 336 881 seciffe
359 838 466 877 Praeses
490 836 647 876 provinciae
678 834 913 864 animadvertit.-
939 835 1037 871 scieris

240 880 420 912 contrarium
443 876 493 918 effi·
521 877 617 908 dolum
643 877 718 906 bonae
737 874 829 914 fidei,
852 884 914 915 quoe
929 875 961 904 in
983 875 1036 904 bu-

187 935 192 939 *
237 922 366 965 jusmodi
381 919 506 957 maxime
525 916 721 949 contraditus
739 917 887 956 exigitur,
913 916 1038 955 rescindi

193 971 195 973 ’
238 964 431 995 venditionem
441 961 563 1003 jubebit.
602 958 688 1003 Quod
696 956 724 995 fi
740 958 806 999 jure
818 956 948 997 perseffta
966 966 1036 987 verz.-

240 1005 312 1037 ditio
327 1001 367 1045 est
381 1013 399 1035 α
414 1002 523 1044 iiiujore
538 1001 649 1042 viginti
662 1001 791 1040 quinque
807 999 894 1029 annis
904 1021 914 1037 ,
933 998 1037 1028 intelli·

236 1056 304 1089 gere
326 1046 423 1083 (lebes,
449 1042 582 1081 consensu
605 1048 706 1072 riiziruo
723 1038 882 1080 persefiiam
897 1038 1037 1070 venditio-

239 1098 303 1119 nem
328 1087 430 1126 resolvi
454 1095 511 1115 non
531 1082 615 1124 poffe.
659 1081 828 1113 Minoribus
844 1081 875 1111 in
892 1082 1038 1119 integrum

240 1128 380 1170 restitutio
405 1128 436 1158 in
464 1127 569 1167 quibus
587 1124 621 1163 se
645 1129 738 1163 captos
757 1124 878 1162 probare
897 1121 1037 1169 poffunt,

239 1169 301 1208 ‘etsi'
320 1169 402 1202 dolus
427 1167 588 1204 adversarii
615 1174 673 1196 non
697 1165 834 1204 probetur
851 1186 860 1202 ‚
898 1165 1038 1203 competit.

212 1219 214 1222 ·
245 1214 329 1245 Ante
347 1209 495 1250 impletum
513 1208 589 1239 euim
605 1207 741 1248 quintum
752 1203 789 1238 &³
804 1202 970 1242 vicesimum
985 1213 1038 1235 cm-

235 1263 313 1285 >num
330 1254 363 1283 de
379 1252 422 1282 his
437 1251 469 1281 in
492 1250 595 1290 quibus
604 1249 638 1288 se
657 1257 689 1277 ca
712 1244 936 1286 tosexislimant
950 1245 1039 1276 mino-

244 1301 309 1331 res,
332 1292 404 1333 poffe
426 1292 459 1323 in
483 1292 630 1332 integrum
647 1290 687 1329 res
703 1288 854 1319 itutionem
870 1287 1038 1328 implorare,

245 1334 389 1376 certiffimi
399 1334 479 1375 juris
492 1329 540 1404 ἳζὶ.
794 1363 796 1365 ,
977 1368 984 1374 1
1016 1368 1022 1375 ο

163 1378 294 1421 Species
313 1378 381 1407 liaec
400 1374 456 1406 est.
527 1373 599 1404 usus
618 1372 745 1413 quidam
763 1370 801 1402 ad
819 1379 914 1411 quem
929 1369 1037 1401 rescii-

164 1428 258 1462 ptum
274 1418 337 1457 est,
353 1416 446 1448 alicui
463 1415 607 1446 vendidit
623 1415 787 1454 praedium.
811 1412 838 1444 Is
856 1411 956 1442 Rufus
973 1410 1039 1441 ser!-

163 1461 221 1500 fit,
238 1458 338 1493 essese
355 1458 408 1489 illa
426 1455 531 1488 laesum
551 1455 749 1486 venditione.
776 1453 872 1493 igitur
889 1461 930 1484 ex
949 1461 1039 1483 inore

163 1503 249 1534 illius
265 1498 419 1539 temporis
439 1497 478 1528 de
497 1505 563 1537 quo
580 1496 631 1536 egi
649 1495 743 1532 alibi,
766 1494 844 1525 adiit
860 1492 1037 1533 Imperato-

156 1551 286 1583 ‘resper
305 1539 485 1571 Libellum:
508 1544 621 1578 petens
644 1535 798 1573 rescindi,
822 1535 854 1566 id
872 1534 933 1572 est,
959 1542 993 1566 ut
1010 1544 1039 1565 e·

161 1594 205 1627 go
222 1585 418 1622 interpretor
429 1602 438 1619 ,
455 1578 651 1620 improbari,
666 1577 730 1609 five
747 1576 883 1617 negligi,
898 1575 964 1608 five
981 1585 1040 1616 pro

163 1625 249 1658 nulla
272 1622 423 1656 declarari
441 1620 663 1652 venditionem
682 1620 743 1659 q‘ua
761 1618 957 1663 sedamnum
975 1618 1040 1657 pati

163 1665 375 1707 opinabatur,
398 1663 532 1703 perinde
554 1670 591 1692 ac
615 1659 635 1692 ss
661 1659 744 1692 facia
767 1668 832 1691 non
857 1658 946 1691 effen·
990 1659 1040 1690 Ad

163 1717 238 1740 eum
255 1705 415 1738 Libellum
429 1701 654 1744 rescripserunt
665 1700 878 1742 Imperatores
891 1701 955 1731 hoc
973 1698 1040 1731 sen-

162 1749 208 1782 su.
252 1748 317 1780 Aut
338 1754 392 1785 tu,
417 1743 521 1784 Rufe,
544 1744 645 1784 major
671 1743 864 1790 es-quinque
881 1742 911 1774 &
927 1742 1041 1783 viginti

164 1790 253 1823 annis
266 1813 276 1829 ,
298 1796 352 1820 aut
368 1787 482 1820 minor.
507 1787 596 1826 quod
612 1785 634 1817 fi
650 1793 750 1825 maior
766 1782 824 1815 fis:
848 1791 916 1815 tum
933 1782 953 1814 fi
970 1792 1041 1822 pro·
1078 1798 1080 1800 ·

164 1832 291 1865 baveris
307 1829 482 1870 provinciae
496 1826 620 1860 Praefidi
633 1834 687 1865 ‚te
701 1823 867 1871 adversarii
883 1824 966 1871 ‘dolo-
977 1833 1042 1855 ma-

163 1875 198 1906 lo
222 1873 484 1914 (qualiscumque
512 1870 537 1900 is
554 1868 609 1900 iit:
633 1876 698 1899 non
715 1867 800 1898 enim
821 1865 1043 1906 distinguitur)

166 1916 341 1955 deceptum
373 1912 490 1953 praedia
514 1908 715 1941 vendidiffe:
751 1908 878 1948 jubebit
904 1906 1041 1953 Praeses,

165 1957 386 1989 venditionem
411 1952 544 1985 rescindi
562 1974 572 1989 ,
594 1950 627 1982 id
653 1949 716 1988 est,
740 1957 775 1980 ut
800 1949 906 1995 dmm
925 1949 1043 1995 negligi

168 2006 224 2030 aut
253 2007 312 2039 pro
336 1995 439 2027 inutili
466 1992 602 2031 haberi,
626 1991 656 2022 δι’.
679 1991 809 2031 quidem
836 1990 931 2022 CiVili
958 1991 1042 2029 Jure‚

168 2040 242 2080 quia
262 2039 347 2070 enim
367 2036 444 2074 scit,
468 2033 663 2066 contrarium
689 2031 751 2064 effe
768 2032 878 2063 dolum
895 2030 990 2077 bonae
1007 2029 1043 2061 fi-

169 2082 220 2113 dei
239 2089 309 2120 quae
326 2080 356 2111 iri
372 2077 573 2118 hujusmodi,
589 2075 620 2106 id
637 2072 701 2113 est,
717 2075 749 2104 in
765 2072 947 2118 bonaeufidei
965 2080 1043 2103 cou-

169 2122 339 2159 trac'tibus,
361 2119 434 2160 Jure
451 2118 544 2150 Civili
561 2116 700 2148 maxime
716 2113 885 2154 necess‘aria
902 2112 964 2144 est:
989 2112 1042 2143 ha-

167 2163 260 2195 bebit
275 2162 496 2193 venditionem
512 2159 542 2190 in
554 2167 614 2199 qua
625 2155 858 2189 demonstratur
876 2155 967 2200 dolus
978 2163 1042 2200 ma-

168 2205 237 2244 lus,
260 2212 319 2242 pro
346 2200 551 2240 imperfecta,
574 2200 606 2230 id
630 2197 676 2229 est
691 2221 701 2237 ,
726 2197 821 2229 Civili
842 2196 916 2236 Jure
934 2195 1042 2242 invali-

171 2244 230 2285 da,
246 2245 310 2277 five
328 2244 432 2275 nullas
451 2250 566 2282 teque,
583 2239 638 2271 etii
653 2239 754 2279 major
768 2237 824 2277 fis,
842 2247 935 2279 quam
954 2246 1042 2277 quin-

170 2297 234 2327 que
252 2286 282 2318 &
298 2284 407 2322 viginti
423 2284 531 2320 arinis,
554 2281 674 2321 judicis
699 2279 811 2311 officio
828 2279 989 2311 ordinario
1007 2278 1041 2310 il-

169 2330 204 2361 10
219 2329 287 2369 iure
302 2317 463 2367 adjuvabit
481 2324 498 2355 l.
513 2333 540 2355 2.
554 2323 587 2353 C.
607 2323 639 2352 de
654 2320 812 2353 aftionibus
828 2319 1040 2360 empii&ven-

170 2372 234 2402 diii.
257 2369 277 2401 l.
297 2378 327 2401 2.
344 2368 376 2398 C.
394 2365 510 2411 Quibus
525 2374 562 2395 ex
579 2362 669 2401 causis
685 2363 815 2403 majores.
847 2362 917 2400 Sic,
939 2360 1042 2400 Rufe,

169 2410 193 2444 fi
208 2411 276 2451 quis
295 2418 444 2450 arguatur
462 2407 554 2438 dolus
568 2405 679 2447 malus.
725 2404 824 2446 Quod
839 2403 859 2435 si
877 2403 979 2435 nulius
996 2403 1040 2433 in-

171 2452 329 2484 tervenit:
351 2449 531 2490 intelligere
550 2447 668 2485 debes,
692 2446 912 2476 venditionem
930 2452 1043 2476 mutuo

173 2492 326 2525 consensu
342 2490 517 2533 perfectam
529 2512 537 2526 ,
562 2489 604 2519 ita
622 2488 666 2518 uti
683 2486 757 2527 Jure
776 2485 872 2518 Civili
889 2492 1042 2526 oportet,

174 2544 216 2566 eo
242 2533 315 2572 Jure
340 2541 471 2570 tenere3
494 2539 601 2570 neque
626 2529 721 2560 facile
738 2528 848 2559 officio
864 2527 982 2567 judicis
999 2536 1046 2558 re-

173 2575 275 2612 solvi,
300 2574 331 2605 id
357 2573 420 2611 est,
443 2580 479 2603 ut
495 2573 580 2609 dixi,
604 2570 744 2611 negligi,
768 2568 830 2615 sive
849 2568 1044 2615 improbari,

173 2616 239 2650 five
255 2615 370 2646 nullam
385 2622 481 2653 atque
499 2613 642 2644 inutilem
659 2610 846 2649 existimari3
861 2610 916 2641 etfi
928 2619 1045 2654 impru-

175 2655 282 2690 dentia
307 2664 359 2686 tua
383 2655 559 2694 aliqualiter
583 2652 672 2685 izesus
698 2652 745 2684 fis.
785 2653 921 2692 primum
940 2674 949 2689 ‚
972 2659 1046 2691 quia

173 2700 241 2732 hoc
257 2697 375 2738 patitur
391 2704 500 2726 natura
520 2695 586 2735 ejus
613 2693 796 2725 contratstus
820 2693 839 2724 l.
857 2698 886 2727 8.
906 2693 939 2723 C.
958 2694 990 2723 de
1005 2701 1047 2737 re-

166 2739 329 2783 scindenda
352 2737 524 2767 venditione.
557 2736 673 2766 deinde
698 2734 830 2766 rationis
847 2733 911 2772 est,
936 2736 1046 2765 vendi-

176 2782 300 2814 tionem
325 2778 397 2818 Jure
423 2777 519 2808 Civili
544 2776 739 2816 perfectam,
765 2775 861 2807 Civili
888 2775 962 2815 Jure
988 2774 1047 2805 ser-

174 2824 254 2855 vari.
298 2820 350 2852 Sic
377 2817 479 2856 Rufe3
501 2817 521 2848 fi
550 2816 586 2847 fis
604 2818 702 2856 major
717 2818 860 2858 quinque
880 2818 909 2848 ἀ
929 2816 1044 2857 viginti

175 2863 276 2896 annis.
300 2870 331 2893 at
346 2860 368 2893 si
384 2868 415 2891 te
430 2859 587 2890 minorem
605 2859 722 2897 probes
733 2881 742 2897 ‚
760 2866 857 2898 atque
874 2865 969 2889 aetate
985 2858 1047 2897 lap-

176 2906 244 2938 sum
272 2903 351 2936 esse:
374 2901 459 2933 aliud
483 2899 656 2930 dicendum
672 2900 727 2930 est.
760 2909 830 2930 nam
851 2899 1047 2937 minoribus,

176 2946 274 2979 etiam
290 2953 362 2977 cum
379 2942 481 2974 nullus
499 2940 673 2970 intervenit
693 2940 784 2972 dolus
801 2941 920 2978 malus,
938 2940 968 2971 ὅ(
984 2949 1049 2971 eiii·

176 2990 250 3030 ptio
266 2984 409 3028 perfecta
432 2980 476 3014 est
495 2980 592 3013 Civili
607 2979 680 3019 Jure
692 3003 702 3017 ,
725 2989 829 3012 tamen
845 2981 865 3012 si
883 2982 912 3012 se
935 2988 1049 3021 captos

178 3030 242 3062 esse
263 3028 402 3069 probare
427 3023 564 3061 possint,
586 3023 651 3061 ejus
672 3021 809 3052 resciffio
835 3032 900 3053 non
917 3023 1048 3063 quidem

179 3070 275 3104 Civili
297 3069 371 3109 Jure
397 3066 506 3098 officio
529 3063 668 3103 Judicis‚
692 3062 743 3093 sed
762 3063 871 3107 per-in
889 3063 1047 3103 integrum

176 3111 411 3143 restitutionem
434 3104 684 3138 extraordinaria
714 3111 902 3143 cognitione
932 3103 1047 3136 favore

181 3155 282 3183 :etatis
304 3152 371 3188 [ure
389 3148 544 3181 Praetorio
562 3144 720 3185 competit
735 3144 754 3175 l.
775 3143 843 3183 1.§.
863 3153 887 3174 i.
905 3143 941 3177 ὅ)
959 3145 977 3175 l.
998 3155 1046 3184 24,

176 3194 206 3235 ᾗ.
222 3193 275 3226 ult.
296 3185 334 3225 D.
352 3192 385 3223 de
402 3190 568 3223 minoribus.
597 3186 696 3228 Quod
714 3184 734 3220 fi
755 3184 818 3223 est,
839 3192 871 3214 ut
890 3183 935 3216 cst
951 3187 1048 3216 vei-is-

756 83 1064 128 Gziiiinni
1113 78 1342 118 Nooni·

1072 170 1207 203 fimum:
1230 172 1356 212 liquet,
1390 171 1630 205 Diocletianum
1656 171 1940 213 &Maximianon

1074 213 1177 251 velle,
1202 213 1295 244 bonae
1320 212 1394 245 fidei
1420 213 1620 246 contractum
1645 215 1677 246 in
1701 225 1766 256 quo
1782 214 1944 251 accusatur

1075 253 1166 285 dolus
1181 255 1280 285 malus
1298 255 1330 286 in
1346 257 1569 286 contrahendo
1587 249 1751 295 admissus,
1766 256 1829 289 fine
1839 259 1943 296 discri-

1072 295 1158 326 mine
1178 294 1240 326 ess'e
1258 295 1481 336 imperfectum
1500 296 1595 331 Civili
1614 297 1707 337 Ju‘re:
1721 298 1860 338 ideoque
1875 297 1943 340 ipso

1072 336 1129 373 ilio
1144 332 1387 376 jure1rescitidi3
1412 339 1462 369 vel
1480 338 1569 378 quod
1583 338 1669 374 idem
1688 339 1752 378 est,
1775 339 1807 370 in
1822 340 1944 380 judicio

1072 377 1168 408 bonae
1188 377 1262 409 fidei
1280 380 1288 417 i
1318 377 1349 409 so
1364 379 1431 419 jure
1449 381 1568 411 nullum
1592 380 1664 412 ess'e.
1692 380 1869 420 'quomodo'
1893 380 1946 414 Ul·

1073 420 1184 463 pia-nus
1199 419 1223 463 l„
1235 428 1265 456 9.
1286 385 1326 451 B.
1343 421 1375 450 de
1392 421 1586 457 contrahenda
1605 422 1745 463 emptione
1758 444 1768 460 ,
1789 421 1877 460 Sive,
1899 421 1945 458 in'-

1077 467 1163 499 quit,
1186 461 1293 502 in'ipssi
1310 462 1447 501 emptione
1471 462 1653 504 differitient,
1670 461 1783 501 sivein
1798 472 1854 504 quo
1870 463 1946 504 iilia,

1076 502 1198 543 emptio
1222 501 1410 545 imperfesta
1437 502 1485 545 esi.
1529 504 1562 536 Si
1584 506 1678 546 igitur
1700 514 1748 546 ego
1765 502 1948 545 mefundu'rsn

1075 546 1160 584 emere
1170 548 1306 582 putarem
1319 543 1546 585 Cornelianum,
1558 553 1595 580 iu
1607 546 1677 582 mihi
1686 553 1715 581 ie
1730 547 1851 585 vendere
1868 545 1949 581 Sem-

1063 584 1248 630 ζΡνθηῑωαῃι
1278 582 1519 628 Ραιαβίζῑῖᾳαὶα
1550 588 1583 619 in
1612 585 1950 629 corpore-diffitifimuir,

1077 628 1200 664 emptio
1220 623 1383 666 nuilii‘ejt:
1405 620 1432 648 ²³
1801 637 1803 640 ⁴

1116 665 1279 705 Superiori
1308 666 1474 709 Rescripto
1497 668 1602 702 fimilis
1627 669 1673 701 est
1697 669 1798 702 sensus
1825 670 1843 701 l.
1862 680 1891 711 3.
1913 670 1948 703 C.

1078 705 1249 752 Communia
1261 708 1413 750 utriusque
1436 710 1542 742 'udicii.
1566 712 1653 752 quod
1669 713 1753 743 enim
1767 712 1851 750 illic,
1864 712 1950 743 idem

1078 747 1133 778 liic
1159 750 1256 794 agunt
1278 748 1378 790 lmpp.
1408 719 1628 783 diocletianus
1654 753 1683 783 ἂ
1714 752 1948 793 Maximianus;

1079 798 1139 828 nec
1157 790 1233 820 mibi
1253 798 1401 832 tempero
1413 815 1422 829 ‚
1440 802 1487 828 ,ηε
1511 793 1544 824 id
1563 792 1795 825 demonstrem:
1812 795 1892 834 ,quia
1909 803 1950 824 a:—

1080 828 1238 902 &elfgccilt
1252 833 1425 902 propofito‘
1436 832 1563 873 nostro,
1588 827 1610 865 fi
1625 835 1798 874 prudenter
1813 844 1950 876 regatur.

1115 881 1146 902 ei·
1159 881 1188 901 )a
1227 897 1232 903 .
1264 895 1269 903 .
1293 883 1330 913 3.·
1412 887 1414 889 ·

1120 913 1213 952 Jmppi
1235 912 1358 946 Dioclet.
1387 914 1424 949 δι”
1448 915 1579 948 Iliaxz‘m.
1596 916 1668 948 AAi
1685 915 1721 950 ὅ)
1741 916 1801 948 CC.
1824 917 1951 948 Aureliae

1159 955 1311 995 Septiiiiioe.
1338 957 1356 978 *
1380 956 1548 997 Maioribus
1570 960 1656 989 etiam
1674 964 1727 999 per
1744 960 1883 997 fraudem
1904 959 1950 989 vel

1163 996 1258 1027 dolum
1274 997 1320 1027 vel
1332 1004 1481 1038 perperam
1489 997 1554 1036 fine
1566 999 1675 1040 judieii>
1687 998 1781 1038 fabiis
1804 998 1952 1038 divisioni-

1159 1038 1229 1076 bus,
1237 1038 1313 1079 solet
1319 1040 1492 1079 sub-veniri:
1510 1041 1579 1081 quia
1595 1042 1627 1070 in
1642 1042 1719 1072 bonae
1729 1040 1801 1079 fidei
1812 1041 1951 1083 judiciis,

1161 1081 1237 1119 quod
1252 1081 1431 1121 inaequaliter
1448 1080 1565 1119 fabium
1582 1081 1633 1122 effe
1650 1080 1824 1122 constiterit,
1849 1083 1880 1113 in
1897 1092 1952 1113 me-

1165 1121 1223 1151 lius·
1252 1122 1467 1160 reformabitur.
1507 1123 1573 1155 PP.
1601 1132 1673 1154 xV1.
1701 1123 1767 1155 Kal.
1795 1123 1954 1165 Jul..ipsis

1164 1160 1236 1193 AA.
1262 1162 1283 1203 †
1307 1162 1359 1204 [53⁹
1377 1161 1544 1204 Constantio
1563 1165 1653 1207 ιιι.]
1678 1161 1749 1206 Coff.
1767 1170 1836 1207 2953.

1083 1200 1257 1234 Obscurior
1281 1206 1326 1235 est
1347 1202 1502 1245 Rescripti
1521 1205 1643 1238 sensus:
1668 1205 1719 1238 sed
1736 1215 1775 1238 ne
1795 1212 1871 1247 quas
1892 1210 1954 1238 t'ur-

1081 1244 1137 1275 bas
1163 1244 1236 1283 det,
1261 1245 1381 1285 duplex
1396 1246 1577 1278 adhibenda
1595 1248 1702 1278 cautio
1721 1247 1784 1280 est:
1809 1257 1888 1287 una,
1913 1253 1955 1280 n‘e

1082 1293 1213 1327 putetur
1236 1286 1419 1328 integrum:
1451 1288 1550 1320 altera
1569 1312 1579 1327 ‚
1611 1295 1652 1320 ne
1685 1289 1748 1321 alio
1779 1288 1956 1328 referatur,

1083 1336 1179 1366 quam
1202 1327 1241 1358 ad
1268 1327 1454 1361 divisionem
1480 1338 1535 1370 per
1552 1329 1695 1362 fraudem
1713 1330 1763 1362 vel
1782 1331 1889 1363 dolum
1907 1330 1956 1362 fae

1081 1368 1162 1399 {tam
1182 1378 1191 1406 ;
1223 1369 1301 1400 licet
1322 1369 1420 1401 faciat
1444 1371 1643 1402 mentionem
1669 1371 1857 1404 divisionum
1883 1375 1954 1413 quae

1082 1409 1140 1440 fint
1156 1408 1247 1440 factae
1265 1419 1321 1450 pei·
1338 1409 1484 1443 fraudem
1496 1434 1506 1450 ‚
1518 1412 1568 1443 vel
1585 1413 1694 1444 dolum
1714 1414 1763 1444 vel
1776 1423 1953 1454 pei-peram.

1084 1459 1254 1491 utrumque
1272 1452 1360 1491 huius
1376 1451 1608 1485 observationis
1627 1454 1848 1495 caputjuvabo
1864 1454 1956 1496 ipsius

1083 1494 1235 1533 exemplo
1253 1492 1426 1534 Rescripti:
1450 1495 1537 1534 quod
1556 1504 1596 1526 ex
1614 1494 1737 1526 Codice
1750 1495 1953 1537 Gregoriano

1082 1533 1284 1566 Consultatio
1310 1531 1438 1567 Veteris
1463 1534 1683 1575 Juiisconsulti
1699 1560 1709 1577 ,
1740 1542 1833 1577 quam
1860 1537 1954 1570 nobis

1083 1574 1219 1607 servavit
1243 1576 1406 1618 diligentia
1431 1576 1500 1618 Viri
1526 1577 1710 1617 Clarissimi,
1733 1578 1844 1618 Jacobi
1863 1579 1955 1619 (tuja-

1084 1617 1124 1648 cii
1136 1640 1146 1655 ,
1171 1617 1299 1658 Consult.
1323 1627 1347 1649 1.
1375 1618 1414 1649 ad
1430 1617 1616 1659 sequent-em
1632 1619 1765 1651 exhibet
1782 1621 1928 1653 modum.
1945 1627 1953 1637 '

1126 1658 1179 1690 Ex
1206 1658 1326 1700 Corpore
1350 1659 1471 1701 Gregor.
1489 1660 1536 1691 lib.
1554 1670 1583 1702 3.
1612 1660 1817 1702 Imperatores,
1841 1662 1956 1693 Diocle-

1166 1701 1267 1732 tianus
1289 1700 1326 1735 ὅ)
1353 1700 1561 1733 Maximianus
1581 1701 1654 1734 AA.
1680 1702 1804 1734 Aureliae
1828 1702 1954 1735 Severa.

1166 1742 1219 1774 An
1243 1740 1345 1781 divisio
1368 1742 1581 1784 quamfaclam
1596 1743 1647 1784 effe
1657 1746 1809 1785 proponis,
1832 1744 1955 1776 convelli

1165 1785 1280 1823 debeat,
1304 1783 1395 1815 retior
1412 1786 1571 1825 provinciae
1595 1786 1729 1826 praesente
1742 1792 1823 1825 parte
1839 1786 1953 1826 diverssz

1167 1825 1321 1872 diligenter,
1344 1826 1543 1871 murmurabit,
1566 1825 1603 1861 ὅ)
1612 1825 1641 1864 fi
1647 1827 1809 1868 fraudibus
1824 1836 1885 1859 eam
1899 1836 1956 1858 non
2006 1821 2008 1829 ⁴

1164 1865 1286 1907 caruiffe
1306 1869 1508 1908 perspexerit,
1544 1869 1658 1909 quando
1689 1870 1776 1900 eiiam
1799 1869 1956 1911 majoribus

1162 1915 1314 1949 perperam
1332 1907 1427 1948 fciftis
1459 1907 1648 1947 divisionibus
1670 1909 1764 1949 soleat
1776 1910 1954 1950 subveniri,

1171 1950 1247 1991 quod
1268 1950 1426 1990 improbum
1448 1956 1534 1992 atque
1557 1951 1890 1992 inaequabiliterfoclum
1906 1949 1957 1991 ψ

1169 1989 1352 2031 constiterit,
1381 1992 1412 2022 in
1437 1992 1536 2022 melius
1559 1991 1735 2031 reformabit.
1768 1993 1834 2025 PF.
1857 2001 1954 2024 xv11.

1165 2030 1234 2062 Kal.
1255 2031 1322 2072 Jul.
1341 2030 1412 2073 Ipsis
1429 2042 1480 2063 v1.
1499 2032 1536 2066 ἐπ’
1556 2030 1722 2072 Corislantio
1743 2042 1808 2066 iii.
1827 2034 1900 2074 Coff.

1085 2071 1163 2105 Non
1188 2073 1360 2113 peccab03
1390 2072 1410 2105 fi
1434 2073 1548 2113 opiner
1563 2097 1573 2112 ,
1607 2074 1638 2105 in
1665 2073 1754 2106 versu
1771 2090 1787 2113 ,-
1806 2074 1955 2117 Quando,

1086 2113 1192 2145 deeffe
1220 2114 1335 2152 verba,
1358 2115 1390 2145 in
1409 2115 1485 2145 boriae
1501 2113 1573 2154 fidei
1590 2115 1710 2156 judiciis
1719 2138 1731 2155 ,t
1751 2125 1824 2147 cum
1841 2122 1955 2147 extent

1086 2156 1117 2187 in
1133 2156 1160 2187 d.
1176 2155 1196 2186 l.
1207 2165 1236 2196 3.
1258 2163 1355 2196 atque
1372 2164 1413 2187 ex
1429 2165 1465 2186 ea
1481 2155 1672 2187 restituenda
1690 2156 1751 2187 effe
1768 2157 1824 2188 illo
1838 2158 1869 2189 in
1886 2166 1955 2188 vei·-·

1085 2196 1136 2228 su:
1162 2195 1245 2237 quai}
1268 2196 1322 2235 iit,
1346 2197 1460 2237 quando
1490 2198 1522 2228 iu
1544 2198 1620 2228 bonoe
1638 2196 1711 2236 fidei
1729 2197 1851 2239 judiciis
1866 2199 1956 2229 etiam

1085 2238 1259 2279 majoribus:
1277 2238 1307 2269 Gt
1326 2238 1456 2278 reliqua.
1482 2237 1528 2269 Ita
1545 2238 1643 2270 fuerit
1661 2237 1814 2277 Rescripti
1832 2238 1956 2271 sensus:

1083 2279 1114 2311 Si
1141 2280 1211 2319 quis
1237 2279 1329 2311 dolus
1353 2280 1452 2311 malus
1473 2280 1503 2311 i’n
1525 2279 1678 2311 divisione
1695 2276 1892 2321 finejudicio
1908 2279 1955 2311 fa·
1995 2304 1996 2307 η

1084 2321 1150 2359 tta3
1173 2321 1205 2353 id
1221 2319 1283 2358 est,
1307 2320 1370 2352 (ine
1386 2321 1503 2361 judice.
1534 2319 1577 2352 fic
1598 2322 1682 2352 enim
1699 2322 1854 2362 accipitur
1867 2322 1955 2362 Judi-

1084 2363 1178 2394 cium.-
1200 2369 1234 2393 ut
1259 2363 1290 2393 in
1316 2362 1381 2393 hoc
1406 2362 1538 2393 Senecae
1563 2360 1689 2393 Hercule
1705 2363 1828 2403 furente
1844 2387 1854 2401 ‚
1877 2362 1952 2402 veis.

1084 2413 1154 2444 732.
1186 2404 1259 2435 Non
1280 2413 1357 2434 unus
1382 2403 1525 2442 altasede
1549 2402 1680 2445 quaesitor
1692 2406 1795 2443 sedens
1810 2427 1819 2442 ‚
1841 2404 1955 2445 judicia

1085 2445 1332 2486 trepidisstirtitur
1348 2446 1412 2476 reis.
1452 2445 1482 2476 Si
1498 2447 1569 2485 quis
1582 2468 1590 2483 ‚
1615 2446 1742 2485 inquam
1753 2469 1762 2482 ,
1787 2446 1878 2478 dolus
1893 2454 1953 2476 ma-

1089 2487 1134 2518 lus
1151 2487 1181 2517 in
1197 2485 1350 2518 divisione
1366 2485 1432 2517 fine
1446 2486 1566 2526 iudicio
1584 2485 1648 2519 five
1664 2486 1726 2518 fine
1739 2487 1845 2527 iudice
1854 2486 1953 2525 facta,

1088 2526 1233 2559 admiffus
1258 2526 1321 2559 effe
1345 2527 1548 2567 probabitur:
1571 2528 1737 2559 convellet
1758 2538 1827 2560 eam
1843 2526 1955 2560 Praeses

1087 2569 1164 2608 Jure
1179 2568 1273 2601 Civili
1290 2569 1412 2609 judicio
1428 2568 1555 2599 familia:
1570 2568 1780 2608 erciscundae,
1803 2577 1856 2601 aut
1871 2578 1955 2601 com-

1089 2611 1175 2642 muni
1187 2610 1382 2642 dividundo:
1399 2610 1429 2641 ὅ(
1445 2611 1532 2650 quod
1549 2611 1697 2650 improbe
1716 2613 1956 2651 atqueinaequa·

1089 2652 1162 2683 litei·
1176 2651 1296 2682 factum
1319 2650 1381 2689 est,
1406 2660 1442 2681 ea
1461 2652 1511 2682 via
1527 2650 1590 2682 line
1605 2651 1783 2684 discrimine
1798 2654 1829 2684 in
1848 2652 1955 2683 melius

1090 2692 1300 2731 reformabit,
1324 2691 1443 2723 etiamii
1467 2691 1503 2724 fis
1520 2694 1620 2732 major
1636 2694 1723 2725 annis
1739 2693 1850 2735 viginti
1865 2693 1954 2733 quin-

1090 2743 1163 2775 que.
1195 2742 1333 2773 nempe,
1354 2735 1425 2773 quia
1454 2735 1608 2765 convenit
1633 2733 1799 2773 clausulae‘,
1823 2734 1872 2766 Ex
1896 2732 1958 2764 fide·

1089 2776 1172 2806 bona
1184 2798 1193 2812 ,
1217 2774 1388 2806 secundum
1409 2783 1502 2814 quam
1517 2776 1648 2815 judicari
1667 2784 1799 2816 oportet
1815 2776 1846 2807 in
1863 2775 1955 2806 bonae

1096 2817 1170 2848 fidei
1184 2816 1330 2856 judiciis,
1349 2816 1472 2856 (qualia
1488 2816 1558 2848 sunt
1574 2816 1701 2849 famiiiae
1712 2815 1960 2853 erciscundae,&

1090 2859 1251 2889 communi
1277 2858 1475 2898 dividundo)
1496 2866 1532 2889 ut
1557 2858 1710 2890 divisione
1733 2867 1789 2898 per
1812 2857 1956 2888 fraudem

1091 2899 1175 2930 facta
1193 2907 1358 2939 perperam
1369 2922 1378 2937 ,
1397 2908 1488 2939 aeque
1503 2900 1692 2939 majoribus,
1709 2909 1746 2930 ac
1762 2896 1956 2942 minoribus,

1090 2940 1294 2972 subveniatur
1310 2940 1457 2972 adversus
1474 2940 1507 2972 id
1532 2942 1620 2981 quod
1642 2941 1787 2981 improbe
1801 2946 1895 2978 atque
1911 2946 1958 2968 in-

1091 2981 1254 3023 aequaiiter
1273 2980 1393 3013 factum
1408 2980 1464 3014 fit:
1487 2982 1573 3014 bona
1588 2981 1653 3014 fide
1667 2979 1895 3013 fraudulentam
1912 2978 1959 3009 di-

1911 3028 1959 3050 vi-

1090 3077 1106 3094 *
1126 3078 1157 3105 ln
1173 3076 1339 3113 quibusdam
1356 3077 1431 3105 libris
1446 3078 1484 3107 cst
1495 3100 1503 3114 ‚
1515 3079 1595 3108 Sevae.
1618 3080 1644 3108 iii
1660 3076 1763 3106 Codice
1776 3075 1955 3112 Gregoriano

1129 3116 1246 3146 lenitur,
1268 3115 1376 3143 Severoe.
1754 3128 1757 3130 ·

1091 3152 1104 3189 †
1126 3135 1206 3187 Afiud
1224 3153 1435 3187 Haioandruin,
1451 3152 1612 3182 Russar'dum
1626 3153 1650 3180 ἃ
1668 3151 1842 3181 Charondam
1859 3150 1955 3180 desunt

1129 3191 1206 3220 uncis
1221 3191 1322 3220 inclusa
1339 3193 1440 3226 vei-lia,
1461 3190 1497 3226 ὃ)
1512 3190 1652 3229 Constantio
1670 3198 1730 3219 ιιι.
