2036 3495
519 134 580 169 An
607 133 694 167 L113.
724 128 788 165 IV.
823 129 924 164 Tm.
955 128 1002 166 V.
1035 128 1086 166 De
1097 130 1195 175 capite
1212 128 1350 164 minutis.

43 229 145 273 joi-em
170 228 292 260 diceret
312 249 321 265 ‚
345 226 457 258 durare
480 219 687 255 restitutionis
711 218 917 251 beneficium.

46 271 154 315 Quid.
178 271 198 302 si
220 271 248 301 in
273 269 480 300 insti-umento
505 273 561 305 pei·
583 263 766 294 sacramenti
794 262 919 302 religio-

46 323 119 346 nem
136 311 342 348 asseveravit,
366 308 396 340 se
411 308 560 347 majorem
576 304 664 336 effe?
686 303 731 335 est
748 302 918 334 restitutio-

44 355 92 387 nis
108 353 269 385 beneficio
287 350 450 383 exclusus:
466 347 520 379 nisi
539 347 640 387 palam
653 345 860 376 &evidenter
877 353 918 375 ex

46 395 326 428 instrumentorum
343 391 551 431 probatione,
570 397 632 418 non
651 397 708 427 per
723 386 849 417 testium
865 386 918 416 de-

45 437 257 479 pofitionem,
279 433 310 465 se
327 434 483 465 minorem
501 428 592 461 fuiffe
611 428 798 460 ostenderit.
822 428 852 459 id
869 437 921 458 au-

46 487 113 511 tem
131 486 197 509 tum
213 477 243 508 in
267 476 376 516 primis
400 481 510 504 verum
535 470 597 502 est:
621 470 642 501 fi
663 471 693 501 in
712 469 922 500 instrumento

44 520 177 561 iuravit,
201 527 274 550 cum
295 516 460 552 crederet,
484 512 514 544 se
537 511 599 543 esse
617 512 767 552 majorem
781 534 790 548 ,
813 511 851 541 ab
869 511 921 541 ad-

46 561 185 593 versario
203 561 374 597 deceptus:
398 555 462 593 ipse
487 564 552 585 non
570 555 716 595 cogitans
732 553 852 584 dolum.
875 559 920 582 at-

46 607 111 643 que
128 602 211 639 hoc;
225 600 246 632 fi
263 599 394 639 simplex
411 596 446 628 fit
462 597 675 636 jusjurandum
687 619 695 633 ‚
714 594 860 626 constans
876 594 921 624 in·

47 651 94 676 tra
109 642 214 674 verba.
238 650 309 672 nam
329 638 350 671 fi
372 639 585 678 corporaliter
603 636 638 668 fit:
656 636 844 675 praestitum:
868 644 922 666 ne·

45 694 99 727 gat
110 686 137 716 d.
156 684 175 715 l.
189 693 217 724 3.
236 682 442 721 justinianus,
466 680 565 711 ullum
586 677 740 718 superesse
757 676 920 708 auxilium.

86 725 162 758 Hoc
183 725 257 756 loco
283 732 414 765 quoque
440 721 635 760 videndum
659 730 697 751 au
714 721 746 751 in
761 720 921 758 integrum

1800 134 1849 168 95

960 218 1120 250 restitutio
1131 218 1345 258 permittenda
1355 215 1392 248 fit
1408 214 1524 248 minori
1541 211 1688 246 adversus
1705 221 1780 255 eos,
1794 213 1846 244 ad-

963 260 1069 292 versus
1080 269 1160 300 quos
1177 258 1273 290 cessat
1290 260 1329 290 de
1347 258 1424 289 dolo
1444 258 1535 289 attio.
1560 256 1638 286 tales
1654 263 1844 285 enumeran-

963 310 1013 333 tur
1029 302 1046 332 ί.
1069 310 1113 332 11.
1141 300 1169 342 §.
1190 310 1214 331 1.
1242 300 1283 331 D.
1301 301 1335 330 de
1351 302 1411 331 dolo
1428 301 1511 331 malo.
1557 297 1618 329 Sed
1635 303 1725 336 putat
1742 294 1842 334 Gajus

961 343 980 375 l.
991 342 1077 384 27.§.
1088 342 1142 373 ult.
1159 342 1185 372 h.
1197 347 1218 372 t.
1237 343 1332 373 etiam
1349 341 1495 373 adversus
1511 350 1567 371 eos
1585 337 1730 378 praestari.
1757 337 1840 379 Quae

961 393 1069 416 tamen
1087 384 1206 414 ibidem
1224 383 1350 414 additui·
1373 381 1526 421 clausula,
1543 380 1614 419 Ntfi
1631 381 1760 421 quiedam
1773 385 1842 420 per-

956 426 1038 467 sonae
1052 425 1166 465 speciali
1183 425 1241 464 lege
1260 424 1379 464 fuerint
1401 430 1539 465 exceptas,
1565 432 1601 453 ea
1618 420 1755 453 clausula
1775 429 1843 451 non

966 468 1011 499 est
1029 466 1122 507 Gaji3
1141 465 1193 497 sed
1212 465 1422 504 Triboniani,
1441 466 1480 496 ab
1495 475 1536 497 eo
1551 463 1671 504 adjecta
1688 473 1729 494 ex
1745 462 1765 492 l.
1782 461 1840 492 ult.

966 510 1000 541 C.
1031 508 1095 554 Qui
1120 507 1155 542 {9⁹
1180 508 1291 547 adversi
1310 517 1388 548 quos.
1412 517 1427 538 a
1443 516 1505 548 qua
1523 515 1628 537 tamen
1647 503 1842 545 excipienda

964 551 1086 592 specius
1104 551 1122 580 l.
1139 549 1193 580 ult.
1212 548 1241 590 §.
1264 558 1289 580 1.
1312 549 1343 579 C.
1359 549 1392 579 de
1408 550 1470 580 bon.
1494 557 1556 589 quie
1572 547 1675 578 liberis.

1006 591 1081 623 Fuit
1097 592 1126 623 δὲ
1140 591 1200 622 alia
1215 590 1304 622 causa
1320 590 1514 631 denegandae
1533 591 1562 620 in
1581 596 1739 628 integrum
1756 584 1842 618 resti·

965 634 1099 665 tutionis
1111 656 1121 671 ‚
1141 632 1163 664 si
1179 632 1288 671 saepius
1306 640 1441 670 petatur.
1474 631 1524 662 sed
1542 631 1625 661 lianc
1642 630 1734 670 attigi
1752 628 1841 668 supra

963 674 1033 707 Tit.
1054 684 1080 706 1.
1098 675 1189 715 hujus
1205 674 1275 706 libri
1293 673 1339 704 De
1354 675 1385 704 in
1402 675 1505 715 integr.
1522 670 1613 713 restit.

708 799 1168 847 T1Tunusdv.

782 878 832 913 De
848 877 945 922 capite
960 875 1100 911 minutis.

72 995 73 998 =
99 974 159 1007 Uc
173 983 190 1004 c
203 981 306 1005 nni'r
325 977 434 1012 quai-ta
450 968 539 1001 causa
555 968 702 1011 petendae
719 968 750 999 in
765 968 924 1007 integrum

120 1015 344 1052 restitutionis,
369 1013 481 1053 capitis
496 1011 644 1044 minutio.
676 1010 721 1041 Ea
735 1019 751 1040 a
769 1007 853 1048 Gajo
870 1007 923 1053 de-

45 1058 156 1092 finitur
175 1057 270 1089 status
286 1057 421 1087 mutatio
436 1053 455 1083 l.
475 1063 500 1085 1.
521 1052 560 1083 D.
581 1053 609 1083 h.
628 1058 648 1083 t.
673 1051 824 1082 Minuere
839 1058 926 1080 enim

48 1100 95 1132 est
112 1107 243 1131 mutare.
268 1097 332 1128 hoc
348 1096 434 1127 sensu
455 1095 567 1127 Paulus
586 1094 604 1125 l.
626 1102 672 1133 17·
691 1092 734 1124 D.
754 1093 787 1122 (le
801 1099 875 1132 oper.
892 1090 925 1120 li·

48 1144 117 1174 bert.
146 1141 243 1175 dixit.
271 1138 349 1169 Vitae
371 1135 538 1176 institutum
559 1137 653 1166 minui
671 1144 729 1173 pro
747 1132 870 1164 mutari.
892 1131 925 1162 id

47 1182 238 1223 intelligitur
261 1179 488 1219 conjunctione
511 1178 530 1208 l.
552 1180 609 1222 16..
625 1176 654 1217 §.
676 1186 701 1206 1.
727 1174 763 1209 ὅ)
780 1175 800 1204 l.
817 1183 865 1214 50.
881 1171 925 1203 D.

47 1226 107 1256 eod.
123 1225 171 1254 tit.
208 1221 313 1262 Status
336 1221 390 1251 hic
407 1227 497 1250 notat
514 1219 739 1249 conditionem
755 1224 849 1255 quam
869 1213 925 1244 ho-

46 1276 102 1299 mo
120 1265 216 1296 habet
232 1272 247 1293 a
265 1262 404 1299 familia,
421 1261 572 1297 clinare,
586 1266 639 1290 aut
658 1258 816 1289 libertate.
841 1256 924 1286 adeo

49 1307 188 1339 strictior
205 1305 274 1341 hic,
293 1312 385 1342 quarn
403 1301 457 1332 sub
468 1300 584 1332 'I'itulo
604 1299 649 1330 De
657 1297 742 1339 statu
759 1299 925 1334 hominnm,

46 1348 93 1380 est
116 1348 209 1378 status
234 1344 431 1385 significatio.
455 1349 676 1383 argumentum
696 1341 725 1371 ei
749 1340 811 1371 rei:
835 1338 923 1379 quod

45 1390 254 1425 Senatorem‚
279 1395 352 1417 cum
370 1385 483 1416 ordine
506 1391 678 1420 movetur,
699 1389 850 1422 negamus
873 1388 922 1410 ca-

45 1432 114 1471 pite
129 1428 246 1466 minui,
271 1426 353 1468 quasi
378 1427 566 1467 dignitatem
583 1432 704 1461 mutet,
729 1432 792 1454 non
809 1421 923 1453 statum

44 1472 77 1515 §.
97 1482 125 1512 5.
143 1469 216 1510 lust.
236 1470 263 1501 b.
283 1474 305 1500 τ.
323 1469 408 1499 idem
426 1468 561 1498 dicimus
580 1468 619 1497 de
636 1464 746 1503 servo,
770 1473 843 1495 cuin
861 1472 924 1494 ma-

45 1513 243 1546 numittitur:
268 1519 337 1542 nam
363 1517 436 1540 eum
458 1517 589 1549 quoque
606 1516 758 1547 negamus
778 1506 926 1537 amittere

49 1562 164 1594 caput,
189 1553 220 1584 id
236 1551 301 1592 est,
320 1551 447 1582 statum:
470 1550 543 1589 quia
559 1557 732 1588 numquam
750 1547 862 1579 habuit
876 1555 926 1577 ca-

53 1605 132 1635 put:
155 1594 186 1625 id
203 1592 268 1632 est,
291 1601 462 1632 numquam
490 1591 599 1622 habuit
621 1591 670 1630 jus
693 1590 824 1630 aliquod
841 1588 893 1619 vel
910 1596 926 1618 a

52 1637 222 1672 libertate,
247 1634 298 1665 vel
322 1643 339 1664 a
355 1634 506 1670 civitate,
533 1632 615 1666 vela
632 1631 762 1663 familia.
787 1632 852 1662 imo
869 1629 927 1660 ho-

51 1679 125 1718 die,
142 1677 173 1708 id
189 1675 252 1713 est,
264 1684 303 1706 ex
320 1674 578 1709 manumissione,
595 1674 724 1705 demum
741 1680 856 1712 caput,
874 1669 928 1702 seu

51 1719 165 1752 statum
178 1741 186 1756 ‚
211 1717 329 1748 habere
345 1717 458 1755 incipit
473 1715 492 1746 l.
509 1725 539 1756 3.
556 1714 585 1756 §.
610 1723 634 1746 i.
653 1714 673 1745 l.
692 1724 722 1754 4.
743 1713 771 1745 b.
788 1719 810 1744 t.

93 1759 144 1792 Ex
163 1760 222 1790 hac
239 1758 326 1789 verbi
345 1758 514 1789 notatione
532 1755 685 1788 trifariam
709 1755 862 1787 dividitur
878 1763 926 1785 ca·

51 1802 128 1844 pitis
144 1801 288 1833 minutio.
326 1799 459 1831 Paulum
475 1798 546 1829 audi
562 1798 582 1829 l.
598 1798 654 1829 ult.
672 1798 700 1829 h.
716 1803 736 1828 t.
751 1797 866 1838 ‚Capitis
881 1797 927 1826 de-

52 1844 227 1876 minutionis
245 1843 302 1872 tria
314 1840 525 1882 generosum:
547 1841 693 1876 iiiaxima,
710 1839 820 1878 media,
843 1837 924 1869 mini-

51 1895 114 1917 ma.
139 1885 197 1916 tria
213 1885 288 1914 enim
295 1885 371 1923 sunt
386 1891 448 1923 quae
462 1881 806 1920 habemusstibertatem,
823 1880 926 1910 civita,-

52 1932 131 1966 ‹tem‚
148 1925 309 1964 familiam
341 1925 434 1966 igitur
458 1933 524 1954 cum
549 1923 613 1954 haecs
629 1924 725 1954 omnia
749 1922 927 1960 amittimus,

52 1969 106 2000 iboc
122 1966 179 2009 est,
194 1967 369 2003 libertatem,
394 1964 431 1999 ὃ)
445 1966 613 2004 civitatem,
635 1963 832 2003 &familiam
842 1985 851 2000 ‚
869 1972 927 1994 ma·

52 2011 166 2042 ximam
188 2008 239 2049 effe
261 2009 364 2048 capitis
387 2007 611 2037 deminutionem
634 2004 754 2046 constat.
779 2014 845 2036 cum
860 2013 928 2036 vero

54 2051 216 2082 amittimus
238 2050 405 2086 civitatem,
428 2048 586 2078 libertatem
609 2050 782 2085 retinemus,
805 2047 929 2077 mediam

56 2091 107 2132 effe
122 2092 223 2132 capitis
242 2091 472 2122 deminutionem.
497 2099 562 2119 cum
586 2088 622 2123 ὅ)
639 2089 754 2120 libertas
773 2087 809 2122 ἑὸ)
824 2089 931 2119 civitas

56 2134 216 2171 retinetur,
225 2132 347 2172 familia
363 2137 479 2162 tantum
494 2138 627 2161 mutatur
639 2154 648 2168 ‚
664 2132 812 2162 minimam
821 2128 871 2170 effe
885 2139 930 2160 cu—

55 2175 130 2215 pitis
143 2174 363 2205 deminutionem
375 2170 497 2213 ·constat.
538 2172 591 2204 Sic
610 2172 744 2204 Paulus:
769 2172 865 2203 etiam
882 2170 933 2210 Ju-

57 2215 208 2248 stinianus
226 2215 253 2246 h.
272 2220 293 2245 t.
312 2212 408 2253 Instit.
441 2223 502 2244 nec
521 2214 610 2245 aliter
628 2213 785 2245 Ausonius
804 2213 849 2244 his
865 2222 934 2244 vei·-

57 2257 109 2288 bis
126 2255 222 2297 Edgytt.
244 2263 297 2287 Χῖ.
326 2254 442 2295 Triplex
467 2255 601 2293 libertas,
627 2257 786 2296 capitisque
811 2255 933 2286 minutio

55 2297 173 2338 ‘triplex
201 2296 355 2337 Ulpianus
375 2305 479 2327 tamen
496 2297 515 2326 l.
534 2306 558 2328 1.
575 2296 642 2338 §.ss
662 2296 703 2327 D.
719 2297 824 2335 desitis
843 2295 879 2329 &²
898 2295 933 2326 le-

55 2340 152 2381 gitim.
172 2340 263 2370 hered.
289 2338 402 2379 capitis
421 2338 631 2369 minutionem
656 2337 734 2369 facit
752 2338 932 2377 duplicem,

56 2389 222 2422 magnam,
234 2380 443 2411 &minorem
467 2379 528 2410 Sed
547 2380 631 2411 nulla
645 2380 676 2410 iu
690 2389 727 2410 ‘re
744 2388 848 2420 pugna
867 2377 929 2411 est:

53 2422 159 2463 aliqua
183 2422 264 2454 licet*
284 2419 320 2452 fit!
343 2421 373 2452 in
389 2420 507 2452 verbis.
531 2430 601 2461 quie
618 2421 701 2451 enim
717 2419 860 2460 *Ulpiano
877 2420 931 2451 du-

56 2463 134 2504 plex
156 2463 200 2495 est
215 2463 356 2501 divisio,
379 2464 504 2503 optime
531 2462 637 2503 potest
654 2461 721 2493 fieri
740 2462 875 2502 triplex:
902 2461 931 2492 ἃ

56 2508 131 2543 'quae
146 2504 243 2535 Paulo
261 2504 306 2535 est
317 2504 454 2544 triplex,
472 2503 568 2535 facile
581 2503 617 2535 fit
633 2504 763 2544 duplex.
780 2512 845 2544 quo
865 2508 929 2534 mo<-

58 2545 131 2576 do?
145 2544 270 2583 Capitis
286 2546 463 2577 deminutio
480 2553 534 2576 aut
551 2555 663 2587 magna
680 2545 742 2583 est,
756 2554 809 2576 aut
826 2545 933 2576 ininor

61 2587 92 2616 d.
110 2585 174 2617 l.·-1.
191 2586 221 2627 ᾗ.
239 2596 268 2624 4.
287 2595 417 2627 magna,
434 2596 507 2618 cum
526 2587 652 2627 publica
669 2587 825 2618 amittitur
842 2586 932 2618 liber-

61 2635 129 2665 tas,
153 2626 216 2657 five
238 2628 403 2665 naturalis,
425 2627 490 2659 five
512 2629 633 2660 civilis:
657 2630 780 2666 minor,
805 2628 932 2666 quoties

60 2667 190 2699 familiae
212 2668 260 2707 jus
282 2674 438 2706 mutatur,
461 2669 542 2701 salva
568 2671 695 2709 publica
714 2670 880 2706 libertate,
905 2668 936 2699 &

62 2709 194 2741 naturali
213 2709 242 2739 δι
259 2709 356 2740 civili·
400 2709 491 2740 Hanc
508 2712 661 2742 indicavit
684 2710 839 2752 Ulpianus
857 2711 877 2741 i.
909 2718 935 2741 1.

58 2751 92 2793 >§.
111 2755 138 2785 8.
161 2750 199 2781 Ῑ).’
220 2750 269 2780 Ad
293 2749 445 2781 Senatum.
464 2751 583 2791 Tertyll.
616 2762 806 2792 quamquam
824 2761 936 2784 omnes

63 2793 134 2825 libri
153 2791 289 2822 habent:
308 2792 423 2831 Capitis
442 2793 564 2823 minutio
575 2793 659 2834 lelvo
669 2793 752 2833 statu
769 2794 937 2834 contingens

60 2834 162 2865 -liberis
177 2832 250 2863 nihil
266 2833 408 2863 nocetzad
423 2833 578 2873 legitimam
592 2836 788 2866 hereditatem.
835 2833 936 2866 Nullo

59 2876 158 2916 >plane
177 2873 275 2905 sensu.
305 2882 377 2905 cuin
397 2874 481 2904 enim
500 2883 603 2905 omnis
620 2878 732 2916 capitis
749 2877 886 2908 minutio
902 2875 938 2906 fit

63 2917 159 2949 status
183 2915 336 2953 mutatio;
359 2923 401 2945 an
416 2915 520 2955 potest
537 2917 827 2959 ullacontingere,
853 2917 937 2947 salvo

60 2957 172 2992 statu?
191 2966 256 2988 non
274 2956 392 2996 potest.
416 2965 481 2994 quo
491 2958 590 2987 modo
606 2958 701 2998 igitur
717 2968 759 2989 ait
771 2958 938 2998 Ulpianus³

63 3001 202 3041 aliquam
213 2999 404 3039 contingere
420 2997 504 3029 salvo
521 2997 625 3029 statu?
641 2999 671 3029 Si
683 3001 757 3039 quid
772 3000 939 3040 intelligog

61 3040 153 3076 ‘deest
174 3039 318 3080 Ulpiano
340 3039 493 3075 verbum,
519 3040 605 3078 quod
623 3039 665 3071 fic
682 3041 829 3077 restituo:
855 3041 939 3080 Capi-

64 3082 236 3116 tis-minutio
245 3081 329 3122 Jc'zlvo
337 3079 424 3120 statu
439 3089 464 3111 c,
483 3082 660 3121 contingens.
677 3082 844 3122 &explico
856 3106 866 3122 ,
884 3081 940 3112 Ca-

62 3127 132 3168 pitis
151 3124 274 3155 minutio
298 3123 378 3161 lirino
393 3119 480 3161 ,βαίη
495 3122 643 3153 civitatis
661 3124 840 3164 contingens.
885 3123 938 3154 Sic

65 3165 193 3206 conjeci>
205 3165 252 3195 lib.
272 3174 299 3196 2.
318 3165 438 3203 Observ.
455 3173 478 3194 c.
490 3173 546 3195 ω,
563 3162 759 3195 est&1ensus
777 3165 935 3205 optimus:

60 3208 135 3241 tiam
153 3206 265 3246 capitis
284 3206 427 3238 *minutio
457 3204 542 3237 salvo
561 3204 639 3237 statu
656 3206 794 3237 civitatis
811 3207 935 3238 contin-

59 3258 156 3295 gens,
171 3246 268 3280 solam
286 3255 387 3283 mutat
405 3246 579 3288 fainiliam⁴3
603 3256 665 3281 nec
683 3246 728 3281 est
744 3247 936 3290 alia,‚quam

968 965 1091 996 minor:
1108 964 1157 995 cui
1174 964 1213 995 ab
1227 963 1369 1004 Ulpiano
1385 962 1416 994 in
1434 961 1498 995 fine
1516 963 1544 993 d.
1563 962 1592 1003 §.
1603 966 1631 996 8.
1644 971 1722 994 mox
1739 968 1844 1001 oppo-

969 1007 1055 1037 nitur
1070 1015 1178 1047 magna
1193 1007 1297 1047 capitis
1314 1005 1456 1043 minutio,
1484 1013 1555 1043 quae
1574 1003 1621 1034 vet
1644 1005 1793 1035 civitatem
1811 1011 1844 1033 a·

969 1049 1072 1083 dimit,
1090 1053 1123 1078 ut
1135 1053 1229 1088 puta,
1242 1047 1269 1085 fi
1282 1048 1454 1087 deportetur.
1480 1046 1526 1077 Ea
1540 1045 1645 1077 forma
1659 1046 1689 1077 in
1708 1046 1726 1076 l.
1738 1055 1766 1077 2.
1784 1044 1845 1075 ha.

970 1088 1035 1130 ipse
1051 1088 1092 1120 sic
1108 1089 1169 1128 ait,
1195 1089 1327 1120 Pertinet
1343 1089 1393 1118 hoc
1410 1087 1547 1119 Ettritum
1563 1088 1600 1118 ad
1616 1096 1663 1117 eas
1678 1088 1781 1128 capitis
1796 1087 1845 1116 de-

969 1131 1142 1161 minutiones
1159 1140 1221 1171 quae
1241 1129 1328 1171 fiilva
1355 1130 1474 1160 civitate
1497 1130 1683 1169 contingunt.
1728 1128 1762 1159 ld
1780 1125 1845 1166 est,

970 1181 1041 1211 quae
1058 1172 1128 1203 sunt
1146 1183 1184 1204 ex
1196 1182 1315 1213 genere
1330 1172 1442 1210 capitis
1458 1171 1686 1202 deminutionis
1702 1168 1845 1201 minoris.

968 1214 1085 1254 quue
1101 1214 1199 1254 modo
1217 1215 1313 1245 etiarn
1331 1214 1472 1251 loquitur
1491 1211 1604 1243 Paulus
1621 1212 1640 1242 l.
1656 1223 1686 1251 5.
1705 1211 1848 1253 §.2.b.t.

966 1255 1013 1286 Sit
1031 1257 1144 1296 igitur,
1164 1255 1290 1293 utdixi‚
1310 1254 1423 1293 capitis
1434 1254 1614 1284 deminutio
1628 1253 1765 1292 duplex:
1783 1261 1848 1282 ma·-

967 1307 1049 1338 gna,
1068 1297 1118 1328 vel
1136 1298 1248 1328 minor.
1270 1296 1338 1327 haec
1355 1295 1473 1326 accidit
1492 1295 1576 1327 salvo
1594 1293 1673 1326 statu
1690 1294 1848 1325 civitatis:

967 1339 1019 1370 illa
1034 1338 1172 1369 civitatis
1190 1338 1363 1369 amiffione.
1401 1338 1499 1368 altera
1516 1337 1601 1368 tollit
1618 1337 1742 1376 privata
1757 1334 1849 1367 fami-

968 1381 1015 1411 liae
1027 1381 1144 1417 ,altera
1161 1381 1287 1420 publica
1304 1380 1391 1419 jura:
1409 1378 1540 1409 auctore
1556 1378 1656 1409 Paulo
1666 1379 1694 1408 d.
1705 1378 1722 1407 l.
1734 1387 1762 1416 5.
1774 1376 1803 1419 §
1814 1386 1845 1408 2.

967 1422 1004 1456 ὅ)
1022 1422 1040 1452 l.
1061 1432 1088 1461 7.
1105 1422 1132 1452 h.
1151 1428 1172 1452 t.
1190 1421 1278 1453 Idem
1297 1422 1402 1452 firmat
1420 1419 1616 1452 Callistratus
1633 1419 1652 1449 l.
1670 1430 1698 1459 5.
1716 1418 1735 1460 §
1755 1428 1784 1459 3.
1804 1418 1847 1448 D.

968 1466 1003 1495 de
1015 1464 1275 1504 extraordaeognit.
1292 1463 1428 1503 primum
1438 1461 1480 1492 ait
1491 1485 1500 1499 ,
1518 1461 1851 1502 Consumiexijtimatio-

969 1515 1034 1537 nem
1046 1529 1054 1544 ‚
1071 1506 1199 1546 quotiens
1209 1514 1318 1544 magna
1333 1504 1435 1543 capitis
1452 1503 1574 1533 minutio
1589 1504 1758 1533 intervenit.
1775 1511 1852 1534 cum

969 1554 1076 1578 autem
1092 1547 1188 1587 quaeri
1201 1546 1321 1587 posset,
1338 1555 1408 1586 quae
1419 1544 1453 1576 fit
1464 1553 1594 1586 magna:
1607 1544 1724 1575 deinde
1739 1544 1850 1582 addit,

969 1590 999 1619 id
1009 1586 1065 1628 eft,
1082 1598 1147 1619 cum
1156 1588 1270 1619 libertas
1280 1588 1442 1618 adimitur.-
1459 1585 1676 1625 appellatione
1693 1586 1852 1616 libertatis

970 1640 1036 1662 non
1064 1630 1208 1671 privata,
1233 1630 1284 1661 sed
1309 1629 1437 1669 publica
1462 1628 1620 1664 civitatiS,
1642 1627 1709 1666 jura
1734 1625 1851 1667 fignifi-

968 1681 1055 1704 cans.
1087 1672 1150 1702 hoc
1167 1680 1298 1711 quoque
1315 1671 1407 1711 (cum
1427 1668 1520 1710 posfit
1537 1667 1709 1699 obscurum
1727 1668 1850 1708 videri,

972 1713 1100 1754 duplice
1125 1722 1162 1744 ea
1180 1713 1344 1751 libertate,
1369 1712 1428 1743 alia
1441 1710 1593 1748 naturali,
1619 1710 1676 1741 alia
1694 1710 1801 1751 civili)
1817 1719 1852 1741 u-

972 1763 1115 1795 triusque
1127 1755 1279 1794 exemplo
1297 1752 1437 1785 illustrat.
1456 1761 1553 1783 unum
1564 1750 1630 1791 est3
1648 1751 1767 1790 Veluti,
1782 1762 1851 1783 cum

971 1807 1050 1838 aqua
1067 1795 1103 1831 ὅ)
1119 1797 1184 1838 igni
1199 1796 1401 1833 interdicitur,
1418 1804 1479 1836 quie
1495 1792 1626 1834 [capitis
1643 1794 1798 1838 minutio]
1816 1794 1850 1826 in

966 1839 1092 1880 persona
1114 1841 1326 1879 deportatorum
1350 1837 1442 1868 venit.
1474 1837 1610 1867 alterum
1629 1833 1693 1874 est;
1715 1836 1763 1870 vel
1782 1845 1851 1867 cnm

967 1880 1094 1922 plebejzis
1103 1880 1135 1911 in
1149 1886 1219 1920 opus
1233 1879 1342 1910 metalli
1357 1878 1404 1909 vel
1420 1879 1451 1909 z‘n
1465 1876 1612 1908 metallum
1626 1877 1726 1908 datur.
1743 1876 1852 1917 poste-

972 1924 1033 1954 rius
1051 1922 1235 1962 exemplum
1255 1919 1456 1952 manifestum
1477 1918 1539 1949 est:
1564 1918 1696 1950 datione
1715 1919 1800 1950 enim
1818 1920 1854 1951 in

970 1964 1157 2002 metallum,
1183 1964 1233 1995 vel
1260 1964 1291 1994 iu
1310 1971 1391 2001 opus
1410 1961 1548 1998 metalli,
1574 1968 1709 2001 utraque
1728 1960 1854 1993 tollitur

971 2006 1119 2042 libertas,
1137 2014 1200 2036 tarn
1216 2005 1384 2041 naturalis,
1401 2012 1493 2043 quam
1508 2002 1626 2034 civilis:
1645 2004 1763 2043 quippe
1778 2011 1857 2035 cum

970 2057 1008 2079 ea
1036 2047 1202 2087 contingat
1228 2055 1331 2086 pcenae
1357 2045 1500 2076 servitus.
1526 2045 1611 2083 prius
1635 2043 1857 2076 obscuriorem

974 2089 1073 2120 habet
1092 2090 1247 2119 rationem
1262 2099 1269 2119 :
1286 2088 1459 2127 deportato
1478 2086 1660 2117 libertatem
1671 2089 1854 2126 retinente,

977 2130 1032 2162 etsi
1049 2131 1173 2161 amittat
1191 2130 1367 2160 civitatem.
1394 2137 1455 2159 nec
1479 2127 1544 2158 hoc
1567 2126 1739 2159 confundit
1758 2125 1858 2159 Calli:

977 2172 1124 2204 stratum:
1148 2171 1178 2202 ἃ
1201 2171 1328 2202 merito.
1353 2179 1422 2200 nam
1447 2169 1500 2209 qui
1525 2169 1691 2200 civitatem
1716 2171 1854 2208 amittit,

978 2223 1012 2245 ut
1025 2213 1269 2253 deportatus,is
1288 2212 1417 2252 quidem
1430 2211 1503 2249 *lure
1518 2208 1676 2242 Gentium
1693 2211 1772 2241 liber
1790 2209 1856 2242 est:

977 2256 1094 2287 retinet
1115 2256 1198 2285 enim
1219 2263 1288 2293 quae
1305 2253 1385 2292 Juris
1412 2251 1569 2283 Gentium
1598 2252 1678 2282 sunt.
1701 2259 1858 2283 caeterum

972 2297 1094 2328 amittit
1113 2305 1181 2335 quae
1196 2295 1263 2326 sunt
1279 2295 1360 2333 juris
1377 2294 1489 2326 Civilis
1506 2293 1525 2324 l.
1541 2303 1588 2333 15.
1601 2293 1644 2324 D.
1662 2295 1694 2323 de
1710 2293 1856 2326 interdibi.

976 2338 1013 2372 ἐξ
1030 2338 1113 2379 νεὶες.
1140 2346 1202 2367 nec
1225 2337 1299 2368 ideo
1323 2336 1366 2367 est
1385 2336 1458 2375 jure
1477 2334 1572 2366 Civili
1592 2335 1691 2373 liber3
1716 2335 1802 2373 quod
1819 2334 1858 2367 fic

973 2380 1056 2413 ,liber
1071 2379 1145 2418 Jure
1161 2377 1330 2409 Gentium.
1374 2377 1449 2408 Hoc
1466 2377 1571 2407 voluit
1588 2375 1799 2408 Callistratus:
1825 2377 1858 2409 &

975 2428 1048 2452 ante
1066 2420 1247 2451 observavit
1266 2419 1373 2451 Livius
1384 2419 1432 2449 lib.
1451 2428 1502 2457 45,
1520 2428 1545 2449 c.
1564 2427 1610 2457 15.
1637 2416 1745 2448 Verba
1761 2417 1857 2450 Livii.

973 2463 1121 2500 ,Omnibus
1144 2463 1271 2502 quinque
1295 2460 1332 2495 δ’
1357 2461 1481 2501 triginta
1508 2460 1641 2489 tribubus
1659 2469 1802 2491 emovere:
1825 2461 1856 2491 id

975 2502 1013 2544 est
1025 2526 1033 2541 ‚
1045 2504 1203 2534 libertatem
1212 2504 1416 2541 civitatemque
1431 2504 1545 2541 eripere.
1570 2500 1687 2532 Cicero
1703 2510 1856 2542 quoque,

978 2546 1035 2578 Pro
1054 2544 1168 2576 Ccecirza
1186 2550 1248 2584 cap.
1268 2554 1315 2584 33.
1351 2544 1401 2580 Si,
1427 2543 1551 2582 inquit,
1565 2542 1654 2581 semel
1670 2543 1776 2574 civitas
1796 2544 1858 2574 atli-

976 2587 1017 2618 mi
1036 2584 1143 2627 potest,
1166 2587 1285 2616 retineri
1308 2585 1425 2615 libertas
1446 2594 1503 2614 non
1519 2582 1621 2624 potest,
1646 2586 1699 2626 qui
1716 2587 1792 2614 enim
1805 2593 1857 2624 po-

973 2625 1031 2668 ¹tesi
1055 2628 1133 2668 Jure
1160 2626 1327 2671 Qniritium
1342 2626 1411 2655 liber
1432 2625 1483 2665 effe
1499 2627 1550 2667 qui
1567 2627 1599 2656 in
1615 2636 1733 2656 numero
1751 2625 1856 2671 Quiri-

980 2673 1055 2700 tium
1069 2679 1125 2700 non
1140 2670 1189 2710 est.
1234 2666 1288 2698 Est
1307 2667 1400 2708 igitur
1417 2667 1535 2707 duplex
1558 2669 1672 2707 capitis
1698 2668 1854 2706 minutio,

979 2711 1140 2750 magna&
1158 2710 1279 2741 minor:
1303 2718 1337 2738 ut
1355 2708 1400 2740 est
1414 2709 1532 2749 duplex
1551 2709 1678 2740 libertas
1691 2732 1701 2748 ,
1725 2719 1784 2740 una
1801 2718 1856 2749 pu·

980 2752 1062 2783 blica
1088 2751 1246 2787 civitatis,
1271 2750 1368 2780 altera
1391 2751 1512 2791 privata
1536 2749 1676 2782 familiae.
1722 2751 1791 2782 imo
1808 2748 1854 2780 est

981 2793 1098 2832 triplex
1117 2793 1231 2832 capitis
1250 2792 1405 2829 minutio,
1430 2792 1584 2829 maxima,
1610 2793 1713 2824 media
1727 2815 1736 2828 ,
1761 2790 1855 2821 mini-

981 2844 1042 2866 ma.
1065 2843 1119 2872 ac,
1142 2844 1182 2865 ne
1199 2834 1238 2864 de
1252 2832 1424 2873 Justiniano
1441 2834 1471 2865 δε
1489 2832 1588 2865 Paulo
1599 2835 1701 2865 dicam
1719 2834 1856 2870 iterum,

980 2875 1022 2907 fic
1033 2875 1116 2906 clare
1133 2874 1288 2916 Ulpianus
1304 2875 1334 2906 iii
1350 2873 1464 2917 Fragm.
1484 2876 1531 2907 tit.
1550 2884 1601 2906 Xi.
1618 2875 1647 2915 ᾗ.
1668 2883 1712 2906 io.
1726 2871 1856 2913 &L63-

978 2917 1011 2958 ὃ.
1032 2926 1076 2948 10.
1094 2916 1136 2948 D.
1153 2917 1297 2957 Prosocio
1310 2941 1319 2953 ,
1345 2925 1442 2957 atque
1458 2917 1611 2956 exemplo
1630 2914 1783 2945 libertatis
1802 2914 1857 2945 tri-

978 2958 1094 2997 plicis,
1118 2966 1152 2989 ut
1177 2968 1217 2990 ex
1234 2957 1376 2997 Ausonio
1393 2959 1471 2990 dixi.
1515 2958 1578 2989 Sed
1595 2957 1713 2987 nullum
1731 2955 1856 2995 pericu-

982 3000 1059 3045 lum.
1084 3009 1156 3032 cum
1175 3002 1259 3032 enim
1278 3000 1395 3041 triplex
1412 3000 1474 3031 ess‘e
1493 2999 1608 3030 dicitur
1624 2996 1737 3036 capitis
1754 2996 1857 3029 minu·

974 3049 1044 3072 tio:
1070 3043 1205 3074 maxima
1228 3050 1367 3073 mutatui·
1391 3050 1527 3077 naturae,
1552 3039 1676 3069 minore
1695 3038 1856 3078 civitatis,

982 3083 1108 3114 minima
1124 3082 1272 3121 famiIiae,
1295 3082 1401 3114 status.
1433 3083 1476 3113 ita
1492 3089 1563 3111 cum
1584 3086 1646 3110 tres
1665 3078 1724 3111 fint
1740 3080 1856 3121 gradus

981 3124 1154 3164 libertatis,
1180 3134 1244 3158 tres
1260 3124 1330 3156 sunt
1346 3124 1466 3164 species
1484 3121 1596 3161 capitis
1611 3121 1854 3155 deminutionis.

973 3174 1051 3197 icum
1069 3176 1147 3198 vero
1160 3167 1320 3207 duplicem
1339 3175 1407 3196 eam
1424 3161 1679 3201 facimus,aliam
1691 3172 1856 3204 magnam,

973 3208 1068 3242 aliam
1085 3209 1260 3241 minorem:
1277 3209 1345 3238 haec
1361 3205 1502 3246 pertinet
1518 3204 1556 3235 ad
1572 3204 1694 3243 privata
1706 3203 1855 3245 familiae,

973 3249 1030 3284 -illa
1048 3250 1087 3282 ad
1105 3251 1235 3291 publica
1251 3248 1409 3286 civitatis,
1431 3247 1497 3286 jura
1513 3245 1628 3286 partim
1644 3247 1771 3285 civilia,
1788 3256 1856 3287 par-

1799 3296 1858 3322 tim
