2036 3495
140 140 227 193 ‘aas

160 246 282 280 patrem
296 234 448 276 judicium
465 229 611 263 constare
628 237 693 261 non
712 226 810 268 posse.
852 224 905 258 Sic
919 223 1029 256 Mure-

159 288 221 312 tus.
260 277 324 310 Sed
347 274 506 306 blanditur
538 271 617 303 sibi:
654 278 720 301 non
751 268 835 300 enim
864 266 1028 308 probanda

157 320 227 352 sunt
243 326 314 359 quae
338 317 426 347 dicit.
453 315 608 355 primum,
635 309 792 351 Rescripti
813 308 909 341 verba
925 305 1025 339 consi-

157 362 325 396 meremus,
351 357 481 388 Murete
497 365 508 387 ’;
541 363 572 386 te
597 353 683 384 enim
700 351 854 392 alloquor.
878 350 931 391 ubi
949 348 1027 380 dici-

157 410 207 433 tur
225 400 338 432 mulier
354 405 427 429 ante
446 420 456 435 ‚
486 405 580 436 quani
603 392 706 435 nupfit
724 416 734 431 ,
764 402 805 424 ex
824 385 893 423 viro
908 391 1028 422 liberos

154 439 320 482 suscepisse
335 449 345 477 3
374 446 427 470 aut
443 438 495 470 ubi
514 436 636 469 mentio
655 434 842 465 naturalium
858 431 995 464 filiorum
1010 429 1028 461 ’ἒ

153 483 273 519 deinde
289 482 357 522 quis
373 488 405 511 te
423 478 552 516 docuit,
576 475 733 508 naturales
750 474 869 506 liberos
887 472 941 513 qui
959 480 1026 503 non

154 530 245 556 erant
262 524 294 554 in
313 522 410 562 patris
425 520 573 554 naturalis
589 517 749 560 potestate
760 539 769 555 ,
789 516 833 547 ob
850 515 1027 546 insecutum

153 566 223 606 ejus
237 563 477 596 matrimonium
501 570 574 593 curn
600 568 712 591 eorum
736 561 861 596 matre,
885 555 948 587 effe
972 554 1026 585 hic

149 608 183 639 in
204 607 301 648 patris
320 603 479 646 potestate
498 597 628 643 coepisse
646 601 663 633 *ἓ
694 608 761 631 non
777 598 861 630 enim
877 597 1025 638 ignorare

149 657 186 680 te
202 648 351 690 praeciara
368 655 420 680 tua
437 645 507 677 finit
522 643 660 674 eruditio
679 664 690 681 ,
721 640 905 672 servandam
928 640 1026 669 inter-

151 697 319 731 pretaturo
337 689 424 730 leges
440 694 566 718 veteres
583 682 774 717 omnimodo
790 680 852 712 effe
866 678 1026 711 historiam

152 730 437 772 Jurisprudentiae‚
458 736 522 760 non
539 735 604 757 uno
621 725 674 758 die
690 724 731 757 de
746 722 833 755 coelo
850 720 940 762 lapsae
957 729 1026 751 mo·

151 782 187 806 re
209 771 341 810 imbris,
369 770 422 802 sed
446 770 643 801 incrementa
666 764 717 797 sua
738 764 888 806 paulatim
909 762 1028 793 sortitae

150 815 200 854 'ex‘
219 813 272 846 usu
298 812 467 845 hominum
495 810 524 841 δι
559 814 743 850 temporum
767 804 1025 846 opportunitate.

151 856 233 888 adeo
249 854 277 888 fi
296 861 404 887 veram
427 851 587 894 sequimur
612 849 782 882 rationem.
808 846 885 889 quid
903 844 999 879 restat
1012 866 1025 884 ,

565 130 639 190 sl,
719 132 1070 174 ‘bn'mnnx
1117 132 1353 171 N‘oonr

1071 222 1205 270 Murete
1221 221 1239 254 ‘2
1273 222 1330 255 nisi
1346 245 1357 262 ,
1386 227 1422 254 ut
1445 228 1515 261 quaa
1539 225 1708 252 vertuntur
1722 220 1754 252 in
1774 219 1839 251 hot:
1854 219 1940 254 Gor-

1071 265 1154 296 diani
1169 262 1350 311 *Rescripto
1367 287 1377 303 ‚
1408 264 1574 304 exigamus
1599 263 1638 294 ad
1661 270 1766 294 mores
1785 264 1941 302 temporis

1071 305 1240 337 Gordiani.
1264 305 1354 346 atqui
1385 305 1416 336 id
1452 304 1541 344 quod
1568 303 1645 335 dicis
1663 325 1672 341 ‚
1709 302 1788 333 nulli
1811 309 1878 334 tum
1906 304 1943 337 in

1070 355 1213 379 mentem
1236 347 1325 379 venit
1341 354 1418 378 nato
1434 345 1568 377 homini.
1592 346 1689 385 quid,
1710 341 1732 374 fi
1756 351 1816 374 nec
1832 347 1941 383 potuit

1070 388 1206 421 venire?
1228 389 1371 420 nondum
1396 387 1525 429 cognita
1544 386 1779 428 legitimatione
1800 393 1855 425 per
1872 384 1940 417 sub·

1071 429 1205 476 sequens
1229 429 1480 462 matrimonium.
1521 429 1641 468 primus
1674 435 1744 458 eam
1774 425 1938 467 formam,

1069 470 1125 503 nifi
1138 470 1254 510 fallor,
1272 470 1456 502 'introduxit
1474 468 1701 502 Constantinus
1717 477 1728 508 ς
1761 467 1939 510 &abroga-

1069 521 1133 544 tam
1157 513 1274 544 deinde
1305 521 1323 543 a
1344 510 1481 543 Zenone
1518 510 1654 543 restituit
1678 518 1775 551 atque
1804 509 1940 542 absolvit
1967 517 1969 519 ’

1070 553 1199 585 tandem
1225 553 1412 593 justinianus
1434 553 1454 583 l.
1470 562 1500 591 5.
1524 552 1544 584 l.
1566 561 1610 585 10.
1636 552 1656 583 l.
1676 561 1723 584 11.
1749 552 1781 584 C.
1801 555 1835 583 de
1850 559 1939 585 natu-

1068 595 1178 640 ralibus
1196 594 1309 632 liberis,
1333 593 1370 629 ὅ)
1387 594 1505 625 Novell.
1523 599 1573 631 89.
1622 592 1687 636 Qui
1714 595 1812 635 igitur
1830 599 1940 638 potuit

1069 635 1227 682 Gordiani
1244 643 1393 676 tempore
1408 635 1543 676 cogitari
1563 635 1607 667 de
1625 636 1858 677 legitimatione
1881 649 1939 680 pei·

1068 677 1327 715 matrimonium,
1350 685 1391 707 eo
1416 675 1563 718 Principe
1584 677 1689 709 adhuc
1702 678 1883 720 incognita,
1907 681 1940 714 &

1069 718 1126 750 sub
1150 717 1363 749 Constantino
1384 717 1514 749 demum
1530 718 1671 750 inventa
1692 719 1710 751 ⁴?
1756 719 1817 753 Sed
1842 723 1940 754 mani-

1069 759 1167 792 festus
1183 760 1299 791 erroris
1322 758 1369 790 est
1391 758 1561 800 MuretuS,
1581 759 1809 803 immeritoque
1829 772 1939 805 repre.

1070 801 1225 834 henditur
1240 800 1280 833 ab
1297 808 1340 833 eo
1356 799 1532 832 Accursius.

840 957 1054 993 emur
1113 952 1271 991 XXIV.

473 1054 644 1091 Gordianus
669 1049 843 1088 emendatus
868 1048 889 1084 l.
909 1049 942 1083 6.
971 1046 1003 1083 C.
1028 1046 1062 1082 de
1079 1043 1286 1093 solutionibus
1312 1040 1354 1083 &³
1378 1043 1620 1080 liberationibus.

242 1153 296 1185 uid
322 1152 391 1184 vult
415 1151 594 1191 Imperator
618 1146 802 1179 Gordianus
825 1144 844 1176 l.
872 1147 917 1175 6.·
934 1143 968 1175 C.
991 1144 1024 1174 de

145 1152 234 1249 Q
247 1193 442 1236 solutionibus
467 1191 504 1227 δ’
525 1188 742 1223 liberationibus
758 1210 769 1227 ,
791 1185 832 1218 fic
849 1184 1023 1218 rescribens

250 1235 437 1268 Alexandro
453 1233 469 1265 ’ἓ

191 1278 229 1310 Si
245 1279 319 1309 inter
330 1282 443 1317 patrem
452 1281 537 1307 tuum
545 1281 644 1314 eosque
657 1281 727 1314 quos
741 1270 875 1301 debitores
889 1267 940 1308 effe
949 1268 1022 1299 dice-

152 1357 156 1363 ,
171 1342 175 1345 -
212 1331 214 1333 ’
228 1320 292 1358 bas,
301 1328 359 1349 non
368 1318 401 1348 de
412 1317 500 1348 dubia
510 1315 557 1346 lite
567 1310 815 1352 transatiiofatia
825 1308 862 1351 est
871 1311 1023 1350 ,sedparte

234 1359 431 1392 tantummodo
447 1363 612 1397 recuperata
626 1378 637 1394 ,
660 1355 826 1393 universum
845 1352 874 1388 se
895 1349 1023 1391 recepiffe

228 1403 329 1440 cavit,
352 1410 403 1432 nec
426 1401 460 1430 de
470 1395 616 1439 superfluo
641 1405 685 1426 eos
705 1403 775 1435 quos
797 1393 892 1424 verbis
914 1393 1021 1433 obliga-

231 1444 295 1482 vit,
316 1449 369 1483 per
379 1439 623 1480 acceptilationem
638 1435 773 1468 liberavit
788 1457 798 1472 ,
822 1442 874 1465 nec
892 1434 1020 1464 donatio-

232 1486 281 1515 nis
300 1486 387 1522 causa
401 1483 433 1513 id
440 1478 560 1521 fotium
575 1477 614 1519 est
631 1501 641 1517 ‚
674 1475 860 1509 exuberantis
874 1474 961 1506 debiti
977 1475 1021 1506 in·

231 1530 313 1566 tegra
330 1524 356 1554 ei
369 1524 496 1564 repetitio
510 1521 651 1561 competit.

145 1567 227 1608 Meo
235 1565 376 1606 judicio,
389 1572 448 1595 una
463 1569 580 1604 peccat
595 1561 696 1593 litera.
720 1568 780 1601 pro
790 1581 800 1597 ,
823 1566 876 1589 nec
891 1556 1022 1589 donatio·

148 1609 195 1649 nis
211 1607 298 1646 causa
317 1606 346 1636 id
362 1603 480 1644 fastum
494 1601 556 1647 esp,
567 1609 657 1645 *puto
674 1625 685 1642 ,
707 1610 758 1635 nec
773 1599 936 1633 donationis
954 1608 1023 1630 cau·

138 1650 179 1692 so
200 1649 230 1689 id
248 1646 373 1689 patiam
397 1644 449 1689 qli,
478 1644 542 1689 ‚lta
564 1650 687 1679 mutata
709 1643 804 1677 litera
818 1664 832 1683 ,
860 1640 964 1673 facilis
985 1639 1024 1672 fit

1065 1140 1168 1173 sensus
1180 1162 1190 1180 ,
1212 1149 1312 1186 usque
1329 1139 1434 1172 adhuc
1454 1139 1690 1173 incommodus.
1714 1151 1831 1184 nempe
1848 1150 1936 1184 pater

1066 1182 1239 1229 Alei-<andri
1257 1183 1297 1213 ad
1313 1190 1410 1223 quem
1429 1182 1614 1222 rescriptum
1630 1182 1693 1222 est,
1719 1193 1904 1226 recuperata
1918 1188 1937 1219 ‘a

1067 1223 1269 1269 debitoribus
1285 1230 1374 1263 parte
1395 1223 1493 1254 debiti
1512 1246 1522 1261 ‚
1553 1225 1639 1255 cavit
1653 1247 1664 1263 ,
1692 1224 1755 1256 sive
1779 1226 1936 1266 professus

1067 1265 1113 1297 est
1131 1274 1161 1296 in
1179 1263 1303 1305 apocha
1317 1287 1326 1302 ,
1350 1263 1526 1295 universum
1553 1263 1583 1295 se
1605 1265 1757 1307 recepisse
1780 1267 1936 1301 debitum.

1065 1308 1149 1339 idem
1166 1305 1283 1337 deinde
1295 1306 1363 1336 vult
1382 1313 1493 1346 petere
1508 1305 1674 1345 reliquum.
1697 1316 1789 1349 rogat
1799 1308 1936 1342 Alexan·

1065 1349 1122 1380 dei·
1146 1345 1347 1378 Gordianum
1373 1355 1429 1387 per
1459 1345 1619 1379 Libellum
1644 1371 1655 1387 ,
1691 1357 1729 1379 an
1755 1350 1820 1389 ejus
1853 1351 1935 1390 patri

1064 1396 1232 1435 competat
1257 1388 1461 1419 exuberantis
1485 1388 1585 1419 debiti
1610 1389 1732 1430 integra
1756 1391 1935 1431 repetitio?

1064 1430 1208 1463 rescribit
1224 1428 1423 1475 imperator,
1447 1437 1653 1470 competere:
1683 1430 1704 1462 fi
1721 1440 1786 1463 non
1803 1432 1844 1464 de
1862 1433 1935 1465 reli-

1066 1481 1133 1513 quo
1163 1470 1275 1517 debito
1292 1493 1302 1509 ,
1331 1479 1403 1502 cum
1430 1471 1470 1502 de
1493 1480 1535 1502 eo
1564 1471 1658 1502 dubia
1687 1472 1723 1503 lis
1755 1471 1833 1504 ess'et
1851 1497 1860 1513 ,
1896 1473 1934 1506 fit

1066 1511 1442 1558 transactio—interposita
1459 1522 1468 1551 ;
1498 1519 1552 1543 aut
1569 1513 1710 1553 alioquin
1730 1514 1762 1545 id
1779 1523 1845 1546 non
1861 1514 1898 1546 fit
1914 1525 1934 1548 a
1953 1520 1957 1522 ’

1064 1563 1155 1596 patre
1170 1561 1267 1595 gratis
1288 1552 1447 1585 remissum
1465 1562 1521 1594 per
1537 1554 1837 1596 acceptilationem‚
1862 1565 1935 1596 per-

1065 1606 1107 1627 ve
1125 1600 1244 1627 nudum
1261 1594 1385 1635 paetum
1402 1595 1584 1626 donationis
1603 1594 1703 1630 causa.
1725 1595 1767 1629 fic
1787 1596 1904 1631 censeo
1921 1606 1931 1615 ¹

1065 1646 1127 1672 nec
1144 1645 1225 1678 opus
1241 1634 1531 1670 demonstratione:
1552 1636 1665 1678 liquet.
1920 1621 1932 1640 ¹

831 1754 1046 1792 Carti-r
1104 1748 1238 1787 XXV.

147 1952 284 2028 Impp.
301 1948 498 1984 Diocletiani
512 1949 546 1982 ,ὅτ
569 1946 760 1981 Maximiani
773 1944 873 1978 verba
895 1941 967 1976 sunt
987 1942 1021 1974 in

147 2005 151 2009 ·
208 1993 228 2024 l.
251 2002 297 2025 12.
323 1993 357 2025 C.
374 1993 408 2024 de
429 1994 472 2024 tei
486 1991 696 2023 vindicatione.

147 2046 160 2063 ’ἓ
187 2040 312 2073 lncivile
333 2047 418 2082 atque
439 2038 612 2079 inufttatum
632 2037 672 2079 ⁶st
689 2060 700 2077 ,
749 2036 805 2068 uod
816 2031 963 2076 postulas,
986 2037 1021 2063 ut

225 2083 421 2123 mancipium,
445 2083 520 2125 quod
536 2078 700 2120 tradidisti,
723 2046 761 2113 Z?
784 2086 814 2108 eo
837 2075 1022 2107 modo-domi-

224 2125 307 2154 nium
326 2124 389 2165 ejus
407 2120 582 2167 transtulisti
593 2145 603 2161 ‚
626 2122 720 2153 invito
737 2129 792 2157 eo,
808 2127 845 2149 ex
858 2113 951 2157 nostro
963 2114 1018 2146 Ra-

218 2166 329 2204 scripio
349 2166 402 2196 tibi
418 2164 586 2206 offignetur.
639 2162 726 2194 Unde
751 2159 909 2199 intingis,
931 2155 1020 2188 ancil-

150 2219 162 2228 «
180 2220 206 2251 -Ξ
223 2204 351 2252 loessmel
372 2210 505 2246 emptoris
526 2204 618 2245 foeta:
638 2203 717 2244 filios
738 2203 826 2233 eiiam
844 2198 941 2240 postea
966 2207 1019 2229 na·

149 2267 156 2277 .-
227 2251 293 2285 τος,
319 2255 382 2288 ejus
404 2247 562 2278 dominium
578 2246 678 2286 sequi,
704 2244 789 2285 cujus
810 2247 904 2273 mater
925 2248 1021 2271 eorum

174 2307 176 2311 ι
224 2296 255 2318 eo
276 2293 394 2328 temporo
402 2289 510 2328 fuerit.
556 2287 634 2319 Sane
654 2287 688 2317 cle
705 2285 797 2326 pretio
813 2307 823 2323 ,
839 2281 868 2321 fi
889 2290 947 2313 non
971 2281 1020 2312 hoc

225 2335 293 2360 ante
311 2330 466 2369 probatum
480 2329 579 2370 fuerit
604 2333 630 2359 te
654 2325 802 2368 recepiffi‘,
829 2323 950 2356 conveni
967 2322 1019 2354 ad-

224 2370 386 2411 versarium
404 2378 500 2403 tuum.

146 2425 235 2468 Quid
250 2426 440 2459 denuntiant
456 2426 555 2458 verba
566 2449 575 2466 ,
590 2427 684 2458 invito
703 2434 750 2464 eo,
766 2433 832 2466 quo
848 2420 1021 2466 speciant?

144 2466 210 2513 sine
232 2467 332 2515 dubio
355 2469 394 2501 ad
413 2468 563 2500 traditum
582 2468 787 2507 mancipium.
811 2465 853 2498 fic
878 2473 957 2496 vero
974 2461 1021 2494 est

143 2510 329 2549 lssCQnditus
353 2509 458 2550 sensus
482 2518 578 2550 atque
603 2508 780 2550 insipidus:
804 2507 1019 2549 supervacuo,

142 2552 181 2594 ut
206 2549 265 2581 stet
288 2551 341 2583 ‘v'el
362 2551 446 2582 irrita
474 2551 510 2583 fit
532 2551 698 2589 venditio,
722 2549 842 2581 venditi
869 2545 1020 2586 mancipii

146 2590 315 2639 consensu.
338 2593 477 2632 cogitavi
495 2592 608 2633 igitur,
630 2600 668 2623 an
689 2590 816 2632 praestet
833 2589 907 2631 legi.
939 2587 1020 2619 Inci-

145 2632 206 2685 fnle
222 2638 310 2673 utque
326 2633 498 2672 inusitatum
514 2631 571 2672 cll,
595 2634 671 2675 quod
688 2630 817 2674 postulas
829 2655 839 2670 ,
862 2636 895 2662 ut
911 2628 1020 2661 manci-

140 2681 228 2723 pium
243 2681 318 2720 quod
333 2679 496 2725 tradidisti,
519 2682 612 2713 invito
628 2688 698 2722 emp.
721 2681 800 2722 (vel
818 2680 925 2719 forte,
947 2671 1019 2722 εἷ.)

143 2731 182 2767 ex
207 2719 301 2762 nostro
337 2721 484 2762 Rescripto
517 2724 570 2753 tibi
600 2721 766 2764 affignetur.
818 2722 906 2764 Siglo
931 2722 1017 2760 hoc,

146 2769 218 2804 emp.
245 2763 331 2810 apud
364 2762 499 2794 Veteres
519 2772 562 2794 em
583 2770 627 2794 tor
653 2763 854 2805 designatur:
886 2763 1016 2795 auctore

146 2805 280 2837 Valerio
299 2802 429 2843 Probo,
453 2803 544 2835 Notis
572 2804 709 2835 Veterum.
735 2815 776 2836 eo
796 2815 836 2836 ex
853 2804 940 2846 Siglo
957 2814 1015 2845 pro

144 2852 267 2887 emptore
297 2844 395 2877 facile
428 2843 574 2885 surrepsit
599 2854 639 2877 eo.
694 2846 745 2877 Sic
776 2846 1015 2878 divin—averam:

144 2896 219 2920 cum
243 2885 313 2925 post
336 2886 452 2918 deinde
478 2886 509 2916 in
535 2884 632 2917 Notis
658 2887 880 2928 marginalibus
903 2887 1011 2919 Ludo-

143 2929 208 2961 vici
227 2928 426 2965 Charondae,
452 2925 493 2958 V.
513 2925 573 2958 CL.
597 2926 732 2967 politum
751 2929 853 2968 reperi
880 2929 1012 2960 incentis

145 2970 247 3005 literis
263 2975 404 3010 emptore.-
427 2967 553 3006 nescio,
576 2976 680 2999 utrum
703 2968 742 2998 ab
766 2970 832 3009 ejus
859 2954 1011 3011 ingenio,

147 3015 186 3044 an
209 3021 250 3043 ex
268 3010 484 3051 manuscripto
500 3009 602 3041 libro:
625 3009 669 3040 nil
686 3010 770 3041 enim
786 3003 923 3043 additur.
954 3010 1011 3043 ΙΕ-

147 3062 211 3093 que
229 3052 360 3084 venuste
383 3051 597 3091 conjecerim,
618 3050 714 3081 invito
736 3059 780 3081 ero
792 3061 804 3082 :s
824 3051 856 3081 id
880 3052 941 3091 est,
966 3053 1011 3084 in-

129 3097 218 3134 >nito
235 3094 385 3134 mancipii
405 3093 506 3131 hero,
531 3091 582 3123 seu
605 3090 747 3122 domino.
773 3090 903 3131 quaestio
928 3095 1013 3125 enim

148 3136 220 3183 dl
242 3144 287 3167 12.
310 3135 356 3166 est
373 3135 413 3166 de
431 3133 598 3166 voluntate
613 3132 679 3164 non
697 3132 873 3172 mancipii,v
889 3132 940 3164 scd
955 3135 1012 3165 do-

125 3177 246 3221 ‘niiniz
270 3185 365 3215 quem
384 3184 449 3208 non
465 3176 566 3207 minus
582 3183 678 3213 erum,
697 3182 792 3213 quam
808 3174 907 3204 berum
926 3174 1012 3205 dixe-

144 3219 219 3254 runt
234 3216 382 3260 Veteres.
408 3226 444 3248 ea
468 3216 594 3256 ratione
619 3215 649 3246 iu
675 3214 694 3246 l.
717 3223 762 3246 11.
786 3213 815 3255 ᾗ.
842 3218 872 3245 6.
900 3213 939 3244 1).
964 3215 1014 3246 Aa

139 3259 229 3316 [egeln
250 3258 404 3299 'Aquiliam
429 3257 602 3291 Flbrcntiae
626 3263 716 3289 extat
737 3255 948 3298 Legtsmiem
963 3256 1008 3286 A·

159 3327 254 3341 bama„-

670 1846 852 1895 Em'endatio
877 1846 898 1884 l.
921 1850 990 1882 12.'
1003 1843 1036 1880 C.
1061 1842 1096 1879 de
1121 1842 1166 1878 rei
1191 1840 1406 1877 vindicatione.
1432 1872 1449 1881 „

1062 1939 1158 1982 quiliae
1190 1934 1264 1970 αὲἶὶὸ
1288 1946 1345 1970 ero
1366 1935 1499 1979 competit
1514 1960 1526 1978 ,
1559 1937 1610 1970 boc
1628 1934 1669 1979 qli
1694 1937 1815 1970 domino.
1855 1934 1933 1971 Hoc

1063 1980 1216 2027 exemplo
1233 1989 1307 2025 cuin
1331 1977 1409 2010 css'et
1425 1980 1456 2011 in
1479 1979 1509 2012 d.
1531 1979 1552 2011 l.
1576 1980 1622 2011 12.
1640 1978 1851 2012 scribendum
1865 1989 1932 2017 ero,

1063 2023 1215 2063 proclivis
1235 2020 1297 2052 fuit
1312 2020 1402 2052 error
1423 2018 1558 2052 Librarii
1574 2042 1584 2058 ‚
1607 2019 1773 2053 scribentis
1788 2030 1827 2053 eo.
1874 2018 1936 2052 Est

1063 2063 1169 2095 similis
1192 2061 1295 2103 lapsus
1311 2061 1343 2093 in
1369 2061 1435 2092 lioc
1456 2060 1588 2103 Ulpiani
1611 2070 1652 2093 ex
1675 2061 1694 2092 l.
1713 2064 1761 2103 23.
1783 2062 1813 2104 §.
1831 2072 1861 2104 3.
1885 2061 1930 2094 D.

1062 2106 1121 2136 eod.
1142 2106 1189 2135 iit.
1206 2138 1209 2139 ⁷
1234 2102 1314 2134 Idem
1335 2101 1481 2143 Julianus
1496 2103 1602 2142 scribit
1615 2125 1625 2140 ,
1648 2099 1861 2142 (estimationem
1880 2103 1928 2133 ho·

1061 2146 1148 2177 minis
1177 2142 1260 2182 occifi
1280 2144 1318 2175 ad
1340 2145 1370 2175 id
1392 2149 1501 2185 tempus
1523 2143 1651 2183 referri,
1683 2153 1738 2184 quo
1756 2145 1878 2184 plurimi
1896 2139 1936 2175 in'

1062 2197 1092 2218 eo
1110 2196 1186 2233 anno
1202 2185 1288 2232 suit,
1312 2184 1349 2220 Β
1377 2185 1436 2216 ioco
1459 2184 1496 2220 ὅ)
1512 2183 1542 2223 fi
1570 2184 1810 2226 pretioso-pinon
1830 2184 1928 2226 pollex

1057 2228 1156 2269 fuerit
1172 2230 1330 2269 precisus,
1351 2225 1388 2260 ὅ)
1412 2227 1493 2258 intra
1510 2235 1692 2267 annumquo
1705 2228 1929 2266 praecideretur,

1062 2269 1155 2309 fuerit
1175 2270 1281 2309 occisus
1297 2290 1308 2307 ,
1335 2266 1556 2309 pqffeseum]
1590 2267 1714 2307 Aquilia
1736 2277 1838 2309 agere.-
1864 2272 1928 2308 pre·

1062 2313 1156 2353 tioque
1172 2319 1201 2342 eo
1218 2308 1432 2351 aefiimanclum,
1476 2308 1637 2348 uomifuit
1656 2309 1755 2349 prius,
1778 2318 1866 2350 quam
1880 2318 1927 2340 ar-

1061 2358 1118 2384 tem
1142 2358 1207 2383 cum
1228 2350 1327 2391 pollice
1352 2349 1434 2389 amzfi
1457 2356 1514 2382 et:
1547 2349 1603 2385 Sic,
1623 2348 1794 2382 Florentiae
1819 2350 1934 2382 editui*¹

1060 2393 1195 2435 pessimo
1215 2391 1314 2424 sensu.
1337 2400 1378 2439 at·
1392 2394 1453 2424 erit
1475 2392 1642 2437 optimus:
1667 2392 1936 2429 emendantibus„

1057 2433 1541 2522 ’ξὲέῖἔῑρῗὲἰὲωΑῗ-ἒὲῗὲοᾝζῧὼ
1558 2431 1693 2513 iqi‘iii
1715 2432 1818 2515 5332.
1833 2432 1935 2515 2553}

1061 2516 1244 2558 feliciffime
1271 2514 1526 2548 animadvertisse
1555 2514 1720 2555 jacobum,
1736 2516 1898 2556 CuJacium
1916 2537 1928 2554 ,

1063 2559 1112 2591 lib.
1138 2568 1188 2599 27.
1213 2557 1332 2598 Observ.
1356 2567 1382 2589 c.
1406 2559 1457 2589 xi.
1486 2557 1549 2597 jam
1579 2556 1745 2596 indicavi,
1780 2558 1827 2588 liln
1844 2555 1932 2598 sing„

1062 2599 1114 2632 Ad
1132 2600 1222 2642 legem
1236 2598 1389 2641 Aquiliam
1405 2608 1430 2630 c.
1447 2607 1484 2629 xi
1497 2607 1520 2629 i.
1555 2595 1633 2629 Non
1653 2598 1787 2639 ignoro,
1810 2598 1928 2637 verba,

1062 2642 1154 2682 ipsum
1175 2640 1206 2673 ἀ
1224 2641 1315 2681 &isam
1331 2649 1390 2680 pro
1407 2640 1471 2671 bero
1489 2639 1518 2670 δι
1541 2638 1610 2673 bera
1625 2639 1687 2670 dici
1704 2649 1722 2671 a
1737 2639 1849 2678 servis,
1872 2648 1929 2671 vo-

1061 2692 1116 2714 ces
1148 2692 1202 2714 eas
1226 2681 1449 2722 usurpantibus
1478 2680 1555 2712 loco
1593 2681 1796 2721 propriorum
1827 2679 1930 2713 nomi·

1060 2732 1155 2769 num3
1179 2723 1278 2764 idque
1294 2721 1415 2754 notasse
1434 2720 1574 2753 isaacum
1595 2721 1839 2761 Casaubonum,
1861 2720 1929 2753 No-

1058 2772 1098 2797 tis
1115 2765 1154 2797 ad
1166 2762 1383 2803 Theophrasti
1396 2762 1584 2794 characteres
1598 2763 1722 2803 ethicos,
1736 2770 1805 2805 pots.
1817 2773 1865 2805 39.
1889 2769 1930 2793 ex

1057 2805 1173 2852 Plauto
1192 2805 1222 2837 &
1241 2804 1414 2837 Terentio.
1439 2813 1545 2844 eoque
1571 2805 1743 2845 exemplo,
1768 2796 1837 2836 fnea
1861 2803 1931 2843 opi-

1057 2857 1176 2886 nione,
1201 2846 1325 2886 Apollo
1342 2845 1384 2878 fic
1400 2846 1461 2885 ait,
1481 2844 1566 2888 apud
1581 2843 1837 2883 Ovidiumliba.
1861 2842 1928 2879 Me·

1056 2889 1199 2929 tamorpb.
1216 2888 1282 2927 fab.
1307 2898 1339 2928 5.
1835 2911 1852 2918 ,,

1067 2962 1070 2965 ⁴
1095 2929 1227 2974 Quilibet
1245 2929 1318 2961 alter
1341 2934 1414 2970 agat
1436 2934 1586 2969 portantes
1602 2928 1715 2960 lumina
1734 2936 1847 2960 currus.

1092 2972 1231 3054 Zilnemo
1253 2968 1314 3011 est,
1343 2978 1495 3012 omnesque
1512 2969 1569 3001 Dei
1582 2979 1638 3001 non
1655 2968 1729 3011 poffe
1737 2969 1892 3008 fatentur,

1147 3022 1160 3043 e
1174 3023 1192 3044 a
1214 3018 1257 3044 at.

1056 3051 1119 3100 lpse
1139 3021 1210 3094 est?
1224 3053 1352 3096 Jupiter
1377 3051 1528 3086 Deorum
1552 3061 1608 3084 rex
1640 3051 1669 3083 &
1691 3049 1847 3082 dominus.
1888 3048 1932 3081 At

1055 3105 1081 3127 is
1097 3094 1175 3127 usus
1202 3094 1259 3127 etfi
1282 3095 1314 3126 in
1340 3094 1479 3127 vocibus
1494 3117 1506 3132 ,
1535 3093 1591 3133 ipse
1614 3090 1748 3133 &*ipfh,
1770 3089 1824 3122 sit:
1847 3089 1878 3121 in
1902 3099 1933 3122 eo

1055 3135 1086 3167 &
1113 3145 1168 3176 ea,
1192 3144 1346 3177 quantum
1363 3134 1427 3176 scio
1446 3159 1455 3173 ‚
1482 3136 1552 3167 -n'on
1575 3136 1723 3174 apparet:
1745 3139 1782 3162 ac
1805 3130 1825 3162 si
1841 3129 1937 3171 appa-

1059 3186 1147 3223 reret
1168 3201 1178 3217 ‚
1208 3178 1248 3210 ad
1269 3175 1523 3219 jurisconsultos
1538 3176 1602 3208 *aut
1629 3173 1845 3215 Imperatores
1867 3181 1934 3214 nqn

1059 3225 1257 3259 pertineret.

1851 3292 1938 3328 CA-
