2108 3479
239 125 262 159 6
847 110 1433 150 GERARanoon'r

239 210 323 241 ciem
347 215 440 248 quam
461 206 612 242 sollicite,
643 208 705 235 tam
726 203 957 235 convenienter
976 199 1100 232 Labeo-

240 251 293 287 ni,
324 248 434 280 tractat
452 249 471 281 l.
493 258 518 280 1.
544 247 572 288 §.
592 249 636 276 16.
659 244 700 275 D.
725 245 757 274 de
781 253 858 284 aqua
879 242 1047 284 quotidiana
1065 241 1102 276 {3⁹

241 289 348 330 ‹elii-va.
374 290 460 328 quod
485 298 524 319 eo
547 285 725 326 diligentius
744 293 881 315 moneo:
904 292 944 314 ne
962 283 1031 322 quis
1049 284 1102 314 vel

239 332 294 362 hic
318 336 537 369 corrumpatur
562 326 747 369 auctoritate
774 324 893 364 CuJacii
916 323 945 355 δι
962 322 1100 362 Labitti;

237 371 479 403 existimantium
499 393 509 405 ‚
524 377 526 379 ·
540 368 698 398 Labeonis
721 366 907 397 iententiam
925 363 978 395 usu
1001 363 1099 396 Vete-

234 422 306 444 rum
331 410 421 442 fuiffe
437 409 609 450 neglectam
630 417 639 446 3
670 407 808 445 ideoque
830 406 966 446 proponi
991 403 1098 437 saltem

236 453 320 492 apud
340 451 532 491 Ulpianum3
561 457 631 479 cum
659 456 676 477 a
701 447 840 478 Proculo
859 447 941 486 apud
959 446 1096 485 Pompo-

237 494 323 525 nium
345 493 374 524 d.
402 492 421 522 l.
447 501 496 529 24.
521 488 780 528 reprehendatur.
833 486 939 519 Verba
969 485 1097 527 Ulpiani

236 544 277 566 ex
297 535 325 565 d.
343 533 361 563 l.
384 541 406 562 i.
425 532 452 572 ᾗ.
473 535 516 563 16.
541 531 608 561 haec
624 529 703 560 sunt.

273 575 354 607 Illud
376 573 468 604 Labeo
485 573 554 602 dicit
566 594 576 611 ,
599 579 691 601 omnes
704 574 802 610 partes
818 569 896 599 illius
908 568 1004 608 fundi
1020 591 1029 607 ‚
1060 569 1092 599 in

293 624 377 656 quem
399 614 453 644 loci
475 622 551 653 aqua
574 613 714 648 ducitur,
743 611 866 651 ejusdem
893 619 1009 640 munero
1032 609 1091 650 effe.

294 656 374 697 Ergo
399 654 435 689 ὅ)
451 653 479 693 fi
494 655 574 692 forte
591 652 669 683 actor
693 651 829 691 confinem
852 661 955 691 agrum
976 653 1095 690 emerit,

298 697 336 731 δ’
350 706 385 727 ex
408 705 476 736 agro
489 718 498 734 ‚
521 696 552 725 in
568 703 649 735 quem
670 693 718 723 hoc
742 702 817 723 anno
835 702 941 732 uquam
956 692 1093 730 auxerit,

287 735 385 779 postea
404 735 494 776 fundi
513 736 597 775 empti
615 734 727 764 nomine
750 733 820 763 velit
845 742 952 774 aquam
971 734 1093 765 ducere:

293 781 337 810 ita
358 780 467 808 demum
483 786 545 807 eum
560 774 632 806 reue
652 774 702 805 hoc
724 772 891 812 Ῑηιενάίὲἶο,
915 775 994 805 utde
1009 774 1093 804 itine-

291 829 322 850 re
343 818 465 859 astuque
480 840 489 855 ‚
519 818 564 847 uti
577 821 687 856 putant
703 826 713 846 .·
743 821 776 846 ut
789 815 877 855 semel
901 815 933 845 in
945 817 1034 854 suum
1050 816 1094 845 in-

291 859 402 901 grqffus
418 882 428 897 ‚
457 859 522 889 inde
540 858 652 898 egredi,
680 866 737 897 qua
753 857 843 894 velit,
862 854 964 897 poffit,
994 854 1049 894 nisi
1069 857 1096 887 ei

293 902 418 931 nocitum
424 897 466 936 fit
476 922 485 937 ‚
508 908 544 929 ex
560 908 614 939 quo
632 908 736 939 uqumu
754 898 845 929 ducit.

235 940 389 981 Ulpianus
408 948 576 979 utramque
603 938 770 980 Pomponii
794 936 931 979 speciem
947 962 956 977 ‚
988 947 1095 978 quam-

234 992 327 1023 quam
344 980 552 1018 subobscure,
585 987 690 1011 tamen
717 979 947 1011 convenienter
966 989 1045 1011 meae
1065 980 1095 1011 ὃ(

230 1023 392 1055 Labeonis
416 1021 580 1053 sententiae
606 1023 855 1062 interpretatur:
888 1021 917 1052 δε
942 1020 1095 1061 posterio-

230 1074 297 1096 rem
321 1064 475 1104 quidc1n3
506 1071 578 1093 cum
601 1062 643 1093 sic
672 1062 789 1095 scribit.
833 1061 912 1093 Illud
936 1062 1030 1093 Labeo
1052 1063 1094 1093 di-

231 1107 289 1143 cit,
313 1113 405 1135 omnes
424 1109 522 1143 partes
547 1103 626 1134 illius
640 1104 734 1143 fundi
751 1126 761 1143 ,
792 1105 823 1134 in
841 1112 924 1143 quem
947 1103 999 1134 loci
1019 1113 1095 1144 aqua

230 1147 350 1177 ducitur
365 1169 375 1183 ‚
408 1146 532 1186 ejusdem
549 1154 665 1175 numero
682 1144 742 1185 effe.
784 1143 895 1175 Sensus
920 1152 1003 1175 enim
1030 1144 1094 1183 est,

229 1186 418 1218 Labeonem
436 1186 537 1224 velle,
567 1184 714 1224 Titium,
745 1185 832 1216 verbi
856 1186 974 1226 gratia,
998 1184 1018 1216 fi
1042 1185 1094 1216 ha-

230 1228 306 1259 beat
330 1227 549 1267 aquaeductum
568 1234 688 1258 tantum
712 1227 751 1258 ad
769 1233 889 1258 certam
915 1225 1005 1258 fundi
1026 1235 1095 1267 par-

231 1277 317 1304 te1n3
340 1267 427 1309 posse
443 1267 538 1299 etiarn
558 1269 597 1300 ad
613 1269 703 1299 aliam
719 1267 810 1300 fundi
826 1274 949 1308 partem
968 1267 1017 1298 cui
1036 1266 1094 1298 ser—

229 1310 313 1341 vitus
337 1309 487 1350 adquisita
512 1318 578 1340 non
604 1308 659 1349 sit,
691 1318 803 1349 aquam
827 1309 964 1349 ducere3
994 1309 1093 1340 modo

228 1351 271 1389 si,
294 1358 328 1382 ut
344 1351 374 1382 in
393 1349 457 1381 fine
475 1350 642 1390 adjicitur,
666 1349 769 1382 fundo
787 1349 934 1381 servienti
954 1359 1018 1381 non
1038 1359 1094 1381 no-

228 1399 327 1423 ceat:
364 1392 472 1432 itaque
500 1391 532 1422 in
557 1391 624 1422 hoc
650 1390 720 1422 casu
745 1400 856 1423 ornnes
884 1398 987 1431 partes
1010 1391 1094 1423 illius

229 1433 320 1464 fundi
339 1433 369 1464 in
392 1442 487 1473 quem
507 1433 634 1464 ducitur
651 1441 732 1473 aqua
751 1433 813 1464 loci
827 1456 835 1472 ‚
866 1432 898 1463 id
915 1432 960 1464 est
974 1455 983 1471 ,
1013 1441 1093 1472 aqua

228 1473 338 1506 saltem
356 1474 463 1505 debita
478 1473 574 1512 loco,
608 1474 659 1504 seu
685 1473 825 1514 portioni
848 1472 940 1505 fundi
962 1473 1092 1513 (distin-

228 1516 335 1556 guitur
356 1515 440 1546 enim
458 1515 549 1547 locus
566 1524 581 1545 a
600 1514 722 1554 fundo,
745 1522 780 1546 ut
800 1515 872 1553 hic,
896 1516 939 1545 ita
958 1516 988 1546 in
1004 1515 1022 1546 l.
1043 1518 1091 1546 26.

226 1556 272 1589 D.
301 1557 334 1587 de
355 1557 534 1597 adquirenda
552 1554 710 1596 poffiffi'one
731 1555 749 1586 l.
769 1559 810 1593 64
839 1555 868 1597 §.
882 1554 931 1596 fin
955 1555 995 1588 D.
1011 1557 1044 1587 de
1065 1565 1091 1586 e-

228 1597 421 1632 victionibum
445 1596 530 1629 &est
547 1597 655 1635 locus,
687 1595 767 1629 teste
792 1595 931 1635 Ulpiano
953 1596 984 1629 in
1002 1597 1021 1628 l.
1039 1600 1090 1629 όω.

225 1638 272 1671 D.
295 1640 328 1670 de
342 1640 490 1670 verborum
508 1636 719 1679 fignificatione
733 1661 743 1678 ‚
774 1647 839 1669 non
862 1636 982 1669 fundus
999 1661 1009 1677 ‚
1040 1637 1092 1669 sed

226 1681 337 1721 portio
363 1680 468 1720 aliqua
496 1678 615 1718 fundi3
647 1679 766 1711 fundus
796 1688 902 1711 autem
933 1680 1092 1720 integrum

226 1721 375 1762 aliquid)
398 1730 533 1759 omnes,
563 1720 713 1761 inquam,
746 1728 851 1761 partes
874 1720 954 1752 illius
979 1719 1090 1759 fundi,

224 1762 261 1794 in
293 1763 386 1803 quern
416 1761 480 1793 fine
508 1762 624 1793 damno
644 1761 742 1793 fundi
778 1760 942 1793 servientis
966 1762 1092 1792 ducitur

225 1813 308 1843 aqua
326 1827 335 1842 ,
367 1804 443 1835 loco
468 1803 596 1842 quidem
617 1826 627 1841 ,
659 1802 710 1833 scd
736 1811 800 1833 non
831 1801 933 1834 fundo
962 1803 1090 1839 debita,

227 1845 369 1885 ejusdem
397 1853 530 1876 numero
554 1841 640 1875 esse:
673 1843 737 1874 hoc
763 1842 807 1874 est
825 1865 834 1880 ‚
866 1843 1007 1883 ejusdem
1028 1843 1091 1874 loci

226 1895 263 1916 ac
287 1886 442 1924 portionis
457 1886 526 1924 jure
541 1908 550 1922 ,
575 1884 763 1915 conditione
777 1907 786 1921 ‚
818 1884 847 1914 <St
866 1885 963 1915 modo
988 1885 1090 1914 conti-

226 1927 315 1963 neri;
339 1926 392 1956 etii
409 1926 548 1964 alioquin
571 1924 723 1956 universa}
741 1931 845 1964 partes
868 1934 930 1955 non
955 1924 1092 1955 habeant

227 1967 421 1998 servitutem.
466 1965 628 1998 Hactenus
654 1965 806 2006 Ulpianus
823 1974 862 1996 ex
883 1965 1032 1996 Labeone
1050 1966 1091 1995 de

228 2017 307 2048 aqua
323 2008 387 2039 loci
399 2019 406 2039 :
418 2008 457 2038 de
476 2016 536 2048 qua
554 2008 583 2038 in
600 2008 628 2038 d.
645 2007 665 2038 l.
685 2017 733 2046 24.
749 2008 812 2046 agit
831 2005 987 2047 posterior
1000 2005 1091 2037 Pom-

226 2049 316 2090 ponii
341 2048 470 2088 species.
511 2048 618 2087 Atque
637 2048 710 2079 inde
725 2048 755 2079 in
771 2049 799 2078 d.
816 2048 833 2077 i.
859 2056 882 2078 i.
902 2047 929 2088 §.
951 2050 995 2079 16.
1017 2057 1089 2086 por-

226 2100 267 2122 ro
289 2089 454 2126 fic‘infert
480 2089 572 2119 etiam
608 2090 645 2120 ad
672 2089 800 2120 alteram
827 2087 996 2129 Pomponii
1023 2087 1089 2128 spe·

228 2132 322 2163 ciem.
364 2131 444 2171 Ergo
462 2130 498 2165 {²3⁹
513 2129 632 2170 fiforte
648 2130 726 2162 attor
747 2129 887 2169 confinem
901 2139 1004 2171 agrum
1022 2138 1090 2160 eme-

229 2174 287 2207 rit,
312 2171 348 2206 {5⁹
367 2182 403 2202 ex
420 2181 488 2212 agro
499 2195 508 2209 ,
525 2173 556 2202 iu
572 2181 655 2213 quem
671 2172 721 2202 boc
737 2180 812 2201 anuo
832 2180 937 2212 aquam
954 2171 1090 2208 duxerit,

222 2212 320 2254 postea
334 2213 428 2252 fundi
453 2214 538 2252 empti
554 2213 667 2243 nomine
683 2212 753 2243 velit
767 2222 874 2252 uquam
890 2213 990 2243 ducere
1006 2235 1017 2251 ,
1049 2213 1091 2242 ita

226 2256 340 2286 denium
360 2262 424 2284 eum
445 2253 517 2284 reete
532 2253 582 2284 hoc
599 2252 766 2292 ιἠῐενάὶἑῖο,
790 2259 823 2283 ut
841 2253 874 2283 de
897 2254 999 2284 itinere
1012 2251 1092 2284 auu-

227 2304 281 2337 que
295 2318 305 2333 ‚
337 2296 383 2326 uti
402 2301 509 2334 putant
526 2317 535 2333 ‚
567 2301 599 2324 ut
615 2294 695 2331 semel
710 2296 740 2324 in
755 2295 842 2333 suum
864 2293 1004 2372 ingssus
1026 2295 1092 2325 iude

227 2337 342 2378 egredi,
365 2345 424 2376 qua
440 2336 531 2374 velit,
551 2334 653 2375 poffit,
676 2334 731 2373 nifi
749 2337 773 2366 oi
789 2336 914 2366 nocitum
940 2343 964 2366 it
980 2344 1016 2366 ex
1038 2345 1091 2376 quo

225 2387 334 2418 aquam
351 2379 443 2409 ducit.
487 2376 598 2408 Sensus
618 2375 744 2416 Ulpiani
768 2375 830 2408 est:
854 2376 885 2407 Si
903 2385 983 2417 aqua
1005 2377 1088 2415 l‹.ci‚

228 2420 262 2450 id
279 2417 324 2450 est
342 2441 351 2456 ,
382 2418 403 2450 si
418 2427 497 2459 aqua
513 2427 576 2449 non
597 2418 723 2459 integro
741 2416 821 2448 Titii
842 2416 945 2449 fundo
963 2417 1089 2457 debita,

228 2459 282 2491 sed
299 2467 389 2490 certo
412 2460 477 2499 ejus
498 2458 588 2490 fundi
609 2459 703 2497 loco,
734 2457 838 2498 potest
856 2468 872 2488 a
890 2457 982 2490 Titio
1002 2468 1089 2490 com-

227 2501 352 2533 modari
375 2501 469 2531 etiam
496 2501 545 2531 alii
570 2500 645 2531 loco
665 2524 675 2538 ‚
700 2509 793 2540 quam
816 2499 902 2539 cujus
925 2500 969 2532 est
986 2509 1090 2539 aquae-

228 2542 360 2574 ductus:
386 2551 419 2572 er
443 2551 463 2571 0
480 2539 587 2573 Titius
604 2564 613 2579 ‚
643 2540 665 2572 fi
689 2541 907 2580 aquaeuutrum
925 2550 1088 2581 compara·-

228 2584 276 2614 vit
300 2582 402 2613 fundo
456 2581 603 2613 ul'culano
618 2605 628 2621 ,
661 2583 748 2613 verbi
772 2582 894 2622 gratia3
926 2582 956 2614 δι
974 2583 1089 2614 deinde

228 2631 315 2655 emat
332 2623 467 2655 fundum
485 2622 711 2654 Cornelianum
729 2623 757 2654 ei
783 2623 962 2654 confinem:
993 2625 1090 2656 ctiam

227 2665 352 2706 poterit
373 2664 447 2695 huic
464 2663 566 2695 fundo
583 2673 693 2704 aquam
718 2664 833 2695 cedere
857 2674 897 2696 ex
920 2666 1089 2705 aquaeduc-

228 2715 282 2744 tu,
305 2705 359 2737 etfi
376 2706 514 2745 alioquin
531 2706 569 2736 ad
586 2715 658 2737 eum
678 2715 741 2736 non
762 2706 944 2745 pertinente
960 2716 967 2736 :
990 2708 1089 2739 modo

227 2756 290 2779 nec
311 2746 353 2778 fic
369 2754 485 2778 noceat
508 2746 653 2779 servienti
676 2746 788 2778 fundo.
821 2747 1090 2786 quemadmodum

224 2789 287 2820 iter
311 2787 456 2819 actumve
479 2787 598 2820 habens
620 2788 658 2819 ad
682 2795 802 2818 certum
829 2787 963 2820 fundum
978 2811 988 2827 ,
1017 2798 1091 2821 cum

227 2838 302 2861 eum
316 2828 466 2870 ingress'us
484 2828 548 2866 est,
573 2828 678 2869 potest
699 2829 773 2860 inde
790 2837 855 2868 quo
873 2829 968 2868 velit,
1000 2840 1087 2870 egre-

227 2871 259 2902 di
277 2871 371 2902 etiam
387 2871 426 2900 ad
442 2870 521 2901 alios
539 2868 676 2908 fundos,
699 2870 737 2901 ad
754 2878 834 2909 quos
854 2871 914 2900 iter
931 2879 984 2901 aut
1002 2871 1088 2902 auus

226 2912 366 2952 alioquin
387 2920 451 2942 non
473 2911 629 2950 pertinet:
654 2909 750 2951 usque
767 2912 864 2948 aden,
889 2918 923 2941 ut
945 2911 964 2942 fi
991 2913 1089 2952 impe·

228 2952 330 2983 diatur
352 2951 393 2983 fic
415 2952 460 2983 ire
485 2961 578 2993 agere
594 2975 604 2990 ,
635 2961 707 2983 cum
736 2952 861 2983 interim
896 2961 962 2983 non
990 2960 1088 2984 nocet

227 2992 372 3024 servienti
392 2992 515 3032 fund03
539 2993 633 3024 etiam
649 2993 733 3024 recte
748 2993 918 3024 interdicto
935 2995 976 3024 de
986 2995 1087 3024 itine-

227 3043 263 3064 re
279 3034 412 3073 actuque
430 3037 475 3065 uti
494 3033 596 3073 poffit.
621 3035 709 3074 quod
729 3033 750 3066 fi
769 3032 812 3064 est
832 3045 840 3065 :
871 3034 952 3065 idem
978 3035 1087 3066 dicen-

227 3074 305 3105 dum
331 3076 370 3105 de
394 3075 562 3106 interdicto
585 3074 625 3106 de
647 3084 727 3114 aqua
750 3075 935 3115 quotidiana
961 3074 990 3105 &
1011 3076 1087 3106 aeili-

226 3123 285 3145 va:
310 3114 451 3154 prorsus,
475 3124 509 3146 ut
532 3115 619 3147 attor
635 3117 687 3156 qui
704 3116 767 3147 hoc
782 3125 865 3146 anno
879 3124 989 3156 aquam
1010 3116 1086 3147 dux-

226 3154 287 3186 erit
312 3156 341 3185 in
365 3154 498 3187 fundum
521 3155 607 3188 suurn
623 3180 633 3194 ,
663 3157 684 3189 fi
710 3157 825 3189 deinde
847 3157 960 3188 emerit
980 3166 1087 3197 agrum

220 3196 258 3227 ei
277 3194 455 3234 confinem,
477 3197 505 3229 ἂ
524 3207 564 3229 ex
579 3207 654 3239 agro
672 3221 683 3238 ,
714 3198 745 3230 in
763 3206 859 3241 quem
876 3197 940 3229 hoc
956 3206 1040 3230 anno
1058 3207 1087 3229 a·

1145 208 1237 240 quarn
1251 198 1378 231 duxerit
1393 222 1403 238 ‚
1437 197 1545 241 postea
1564 198 1658 230 ettam
1675 198 1765 232 fundi
1785 200 1884 239 empti
1900 202 2001 234 nomi-

1144 250 1184 272 nc
1202 241 1281 271 velit
1303 250 1413 279 aquarn
1438 243 1554 272 ducere
1572 265 1581 280 ‚
1612 241 1705 280 possit
1727 242 1895 274 interdicto
1916 242 1955 274 de
1971 252 2001 274 a-

1144 291 1205 321 qua
1221 282 1404 321 quotidiana
1424 282 1581 322 experiri3
1603 282 1624 313 fi
1643 283 1866 322 prohibeatur,
1889 291 2003 324 aquam

1144 332 1184 353 ex
1200 321 1302 366 fundo
1313 345 1322 360 ,
1337 322 1418 362 quafi
1435 323 1611 363 poffidente
1627 324 1846 363 aquaeouuum
1859 348 1869 364 ,
1885 326 2003 356 ducere

1142 364 1179 394 ad
1192 365 1325 394 fundum
1335 364 1466 395 alterum
1479 364 1531 404 qui
1542 373 1612 395 eum
1624 373 1689 396 non
1701 365 1852 406 poffideat
1862 377 1869 398 :
1879 367 2007 406 utique,

1140 403 1196 435 nili
1211 404 1354 436 nocitum
1372 404 1407 435 fit
1423 404 1525 435 fundo
1543 405 1590 443 ei,
1612 415 1653 437 ex
1672 414 1736 446 quo
1754 412 1864 446 aqi-iam
1881 407 1980 438 ducit.

1177 454 1206 483 4.
1230 445 1304 476 Scio
1320 468 1330 484 ,
1360 446 1437 477 alios
1460 446 1522 477 alio
1538 455 1670 487 pergere
1692 448 1805 478 itinere
1824 458 1834 487 ;
1863 448 2003 488 ideoque

1139 485 1208 516 haec
1225 485 1352 527 Ulpiani
1374 487 1465 517 verba
1477 510 1485 525 ,
1510 486 1589 518 Illud
1606 488 1698 518 Labeo
1716 489 1807 526 dicit,
1831 498 1925 519 omnes
1937 495 2005 529 par-

1138 535 1180 557 tes
1201 527 1279 558 illius
1297 528 1411 566 fundi,
1443 529 1473 558 in
1497 538 1579 568 quern
1601 528 1655 560 loci
1676 539 1752 569 aqua
1772 531 1907 567 ducitur,
1930 530 2005 570 ejus-

1138 569 1200 598 dem
1215 577 1330 599 numero
1346 568 1396 609 effe
1414 591 1424 605 ,
1454 570 1574 600 referre
1598 571 1636 601 ad
1653 570 1674 601 l.
1693 581 1721 606 9·
1743 570 1786 601 D.
1806 572 1838 601 de
1852 571 2002 607 servituti-

1138 610 1208 647 hm,
1233 610 1262 640 <St
1285 610 1304 641 l.
1334 618 1378 650 13.
1404 609 1433 651 §
1461 619 1484 640 1.
1511 609 1554 641 D.
1579 611 1612 641 de
1625 612 1818 651 servitutibus
1832 612 2005 651 prcetiiorum

1135 650 1315 687 rusticorum.
1360 650 1463 681 Etiam
1488 649 1571 688 scio,
1595 661 1636 683 ex
1652 652 1757 683 verbis
1777 675 1786 690 ‚
1817 651 1945 690 utsemel
1969 653 2002 683 in

1127 692 1219 731 suum
1243 690 1381 733 ingreffus
1396 693 1462 722 inde
1477 694 1590 733 egredi,
1621 702 1678 734 quu
1695 693 1765 724 velit
1782 716 1792 732 ,
1820 692 1901 734 poffit
1918 715 1928 731 ,
1959 692 2002 724 fic

1137 732 1273 772 colligi,
1313 732 1395 772 quasi
1426 733 1616 765 dominantis
1645 733 1734 765 fundi
1767 734 1913 766 dominus
1934 743 2002 765 non

1139 773 1231 813 poffit
1248 774 1375 813 quidem
1398 774 1570 815 quidquam
1588 784 1629 806 ex
1652 775 1838 815 aquaeduetu
1857 775 1924 806 aliis
1948 783 2002 806 aut

1137 813 1191 845 fibi
1209 814 1400 854 gratificari,
1423 823 1592 856 antequam
1609 816 1639 847 in
1664 816 1749 847 suum
1769 816 1902 847 fundum
1923 825 2004 856 aqua

1137 856 1302 895 pervenit3
1334 855 1386 886 sed
1404 863 1510 888 tamen
1533 856 1627 896 posfit
1647 856 1701 888 sibi
1721 865 1773 888 aut
1795 858 1861 888 aliis
1885 858 2003 888 cedere

1136 905 1250 935 aquarn
1269 919 1277 933 ‚
1308 896 1510 936 posteaquam
1537 899 1576 929 ad
1593 897 1728 930 fundum
1747 898 1831 929 suum
1856 906 2003 939 pcnetra-

1137 938 1194 968 vit.
1241 937 1358 969 Verum
1377 938 1453 969 mihi
1477 947 1587 969 neutra
1611 939 1715 978 placet
1740 938 1903 971 sententia.
1934 949 2001 971 non

1137 979 1242 1018 prior:
1266 979 1356 1018 quia,
1379 978 1399 1010 fi
1417 988 1453 1009 ea
1473 981 1569 1010 verba
1582 978 1623 1010 fic
1639 981 1858 1021 interpreteris
1877 1004 1886 1019 ‚
1918 979 2002 1020 quasi

1138 1027 1259 1051 tantum
1277 1020 1356 1051 velit
1381 1019 1491 1051 Labeo
1509 1043 1519 1058 ,
1550 1019 1732 1053 servitutem
1752 1044 1762 1060 ,
1793 1021 1896 1054 fundo
1914 1022 2003 1053 debi-

1138 1067 1202 1092 tam
1218 1084 1229 1100 ,
1260 1061 1408 1092 omnibus
1433 1062 1498 1100 eJ'us
1522 1061 1660 1101 partibus
1684 1062 1819 1094 deberi:
1851 1072 1916 1094 non
1941 1063 2003 1094 erit:

1137 1100 1239 1133 sensus
1268 1102 1437 1133 verborum
1469 1103 1526 1142 (in
1553 1111 1634 1143 quem
1659 1103 1713 1132 loci
1736 1113 1813 1143 aqua
1836 1105 2002 1144 duritiam:

1137 1152 1197 1173 nec
1218 1142 1375 1174 constabit
1393 1142 1524 1183 sequens
1549 1144 1646 1174 illatio
1665 1144 1694 1174 in
1719 1143 1808 1174 versu
1823 1167 1832 1180 .,
1863 1144 1942 1185 Ergo
1964 1145 2003 1178 ὅ)

1129 1183 1159 1222 fi
1179 1185 1280 1225 forte.-
1310 1193 1381 1215 cum
1408 1194 1442 1215 ea
1471 1185 1570 1215 illatio
1589 1185 1627 1215 ab
1646 1183 1786 1225 Ulpiano
1811 1185 1853 1215 ibi
1871 1185 2002 1224 perinde

1137 1223 1191 1257 fiat
1208 1234 1224 1256 a
1241 1233 1329 1264 parte
1352 1226 1390 1256 ad
1410 1233 1512 1256 totum
1529 1235 1538 1264 3
1562 1233 1596 1256 ut
1611 1235 1627 1256 a
1647 1226 1785 1257 Proculo
1807 1227 1836 1257 6:
1862 1226 2002 1267 Pompo·

1137 1267 1192 1297 nio
1219 1266 1264 1297 est
1290 1265 1372 1298 facta
1395 1266 1425 1297 in
1448 1267 1475 1297 ci.
1495 1267 1513 1297 l.
1534 1277 1582 1306 24.
1607 1275 1711 1306 eoque
1733 1267 1873 1307 pertinet
1896 1268 1935 1300 ad
1954 1268 2002 1299 in-

1136 1307 1335 1348 fringendam
1359 1317 1412 1338 aut
1434 1308 1638 1340 molliendam
1655 1308 1730 1348 juris
1755 1309 1916 1349 regulam:
1948 1309 2003 1341 cui
2037 1340 2041 1345 ,

1135 1349 1166 1380 in
1184 1350 1210 1379 d.
1229 1349 1249 1380 l.
1271 1359 1320 1388 24.
1344 1349 1488 1380 inhcereri
1510 1350 1639 1380 volebat
1655 1350 1683 1380 ἃ
1700 1349 1893 1381 Proculus&
1908 1349 2003 1381 Pom-

1135 1391 1271 1430 ponius,
1293 1389 1346 1421 nisi
1371 1400 1411 1421 ex
1429 1389 1582 1422 sententia
1604 1388 1764 1421 Labeonis
1790 1390 1874 1422 aliud
1897 1390 2003 1422 suade-

1136 1439 1185 1462 ret
1201 1439 1253 1462 aut
1271 1432 1420 1464 innoxius
1443 1431 1532 1466 usus,
1557 1439 1611 1462 aut
1634 1431 1759 1471 paetum
1783 1439 2000 1464 conventum:

1135 1479 1171 1503 ut
1196 1471 1285 1512 supra
1310 1472 1437 1505 (lictum.
1482 1473 1558 1503 Non
1585 1474 1682 1513 magis
1706 1473 1812 1512 placet
1839 1473 1917 1504 mihi
1945 1483 2003 1514 po-

1134 1512 1246 1544 sterior
1263 1512 1435 1545 sententia:
1453 1514 1524 1554 quia
1540 1520 1575 1544 ut
1590 1514 1718 1552 demus,
1739 1523 1853 1553 aquam
1874 1515 2001 1546 demum

1133 1553 1222 1595 posse
1248 1555 1359 1586 vicinis
1388 1554 1487 1595 cedi,
1518 1563 1590 1586 cum
1614 1556 1653 1586 ad
1679 1554 1813 1586 fundum
1837 1555 2003 1586 dominan-

1136 1604 1201 1627 tem
1224 1596 1387 1636 pervenit:
1412 1605 1447 1626 ea
1472 1603 1575 1627 tamen
1600 1596 1789 1637 gratificatio
1814 1605 1877 1627 non
1903 1597 2001 1637 magis

1135 1637 1172 1668 ad
1192 1637 1299 1677 praedii
1312 1636 1397 1668 usum
1415 1646 1452 1667 ac
1467 1637 1684 1668 neceffitatem
1696 1637 1892 1678 pertineret,
1905 1645 2000 1678 quam

1134 1677 1187 1708 ubi
1212 1687 1291 1717 aqua
1310 1678 1348 1708 ad
1366 1678 1500 1710 fundum
1521 1680 1662 1710 nondum
1685 1679 1841 1718 pervenit.
1886 1679 1947 1710 Sed
1970 1680 2002 1715 ἃ.

1134 1719 1317 1750 tralatitium
1345 1719 1389 1750 cst
1411 1743 1421 1758 ‚
1451 1729 1515 1750 non
1543 1718 1605 1750 effe
1628 1720 1658 1750 in
1677 1720 1739 1751 illis
1761 1719 2002 1759 jurisconsulto-

1133 1769 1200 1791 rum
1218 1759 1418 1799 Fragmentis
1435 1767 1555 1792 temere
1582 1761 1865 1801 argumentandum
1890 1770 1905 1792 a
1923 1770 1999 1792 con-

1135 1801 1230 1831 trario
1255 1801 1352 1832 sensu.
1386 1801 1427 1831 ita
1458 1811 1522 1832 non
1557 1801 1586 1832 se
1614 1808 1719 1840 uitur,
1759 1801 1911 1840 Ulpianus
1937 1802 2000 1840 ait,

1133 1850 1264 1880 aquam,
1290 1843 1319 1873 in
1341 1841 1474 1872 fundum
1501 1843 1588 1882 ingre
1616 1851 1664 1872 arn
1682 1864 1691 1879 ,
1724 1842 1837 1874 vicinis
1855 1851 2001 1874 commo-

1135 1882 1199 1912 dari
1218 1881 1323 1922 poss'e:
1348 1883 1503 1922 proinde,
1527 1891 1696 1923 antequam
1721 1882 1851 1924 ingr-effa
1871 1883 1906 1914 lit
1929 1883 2001 1915 fuu-

1135 1923 1209 1953 dum
1224 1945 1233 1959 ,
1264 1923 1462 1954 commodari
1486 1933 1550 1955 non
1573 1923 1689 1963 potest.
1716 1933 1786 1955 nam
1806 1924 1924 1964 adjecta
1946 1934 2001 1956 ex-

1134 1964 1262 2002 ceptio,
1284 1962 1340 2001 nisi
1364 1966 1490 1995 nocitum
1504 1964 1546 2001 fit
1566 1965 1660 2002 fundo
1673 1964 1840 2004 servienti,
1870 1975 2001 2006 genera-

1133 2003 1194 2034 lior
1219 2004 1263 2035 est
1283 2027 1293 2043 ,
1330 2013 1423 2043 quam
1452 2012 1487 2035 ut
1515 2014 1583 2036 eam
1610 2004 1693 2036 ferat
1722 2004 1995 2046 consequentiam.

1132 2052 1285 2084 praeterea
1302 2045 1400 2076 refert
1419 2045 1551 2084 Paulus,
1574 2053 1669 2087 atque
1684 2055 1725 2077 ex
1743 2046 1912 2085 Pomponii
1931 2047 1999 2079 sen-

1133 2088 1231 2117 tentia
1248 2109 1257 2124 ,
1288 2087 1319 2117 in
1338 2087 1356 2117 l.
1376 2097 1405 2118 2.
1428 2086 1468 2118 1).
1487 2087 1519 2117 de
1539 2088 1613 2117 rivis
1629 2110 1638 2125 ‚
1671 2086 1756 2126 poll'e
1776 2097 1888 2125 aquam
1906 2089 1935 2120 &
1958 2099 1999 2121 ex

1132 2126 1203 2158 rivo
1226 2127 1286 2168 (id
1302 2127 1365 2165 est,
1383 2137 1422 2159 ex
1440 2128 1554 2160 itinere
1569 2137 1659 2168 aquae
1673 2128 1692 2159 l.
1716 2137 1760 2164 19.
1782 2128 1822 2160 D.
1849 2128 1998 2172 Quemad-

1132 2169 1247 2199 modum
1261 2168 1421 2207 servitutes
1447 2171 1653 2209 amittuntur)
1683 2169 1816 2200 domino
1844 2171 1934 2202 fundi
1965 2172 1997 2203 in

1134 2217 1198 2248 quo
1221 2212 1305 2241 rivus
1320 2208 1383 2248 est,
1407 2210 1470 2241 dari
1489 2219 1505 2240 a
1527 2211 1659 2241 domino
1682 2210 1772 2242 fundi
1792 2211 1995 2245 dominantis.

1133 2249 1209 2281 Non
1229 2251 1322 2291 igitur
1336 2251 1466 2283 dubium
1484 2251 1546 2283 est:
1571 2252 1645 2291 quin
1663 2260 1742 2291 aqua
1768 2252 1879 2284 vicinis
1901 2253 1998 2286 etiam

1133 2291 1221 2332 prius·
1244 2293 1439 2323 commodari
1467 2293 1559 2332 poffic
1577 2315 1585 2331 ‚
1640 2302 1708 2323 uam
1726 2293 1763 2324 ad
1781 2292 1915 2325 fundum
1940 2295 1998 2325 do-

1133 2333 1306 2375 minantem
1323 2332 1492 2373 profluxit:
1518 2334 1580 2364 boc
1598 2343 1616 2365 e
1651 2357 1660 2372 ‚
1694 2334 1770 2373 quin
1792 2335 1931 2375 regulam
1948 2335 1998 2375 Ju-

1133 2375 1174 2405 ris
1195 2373 1394 2406 consuetudo
1416 2374 1566 2416 mitigarit
1582 2397 1592 2413 ,
1623 2375 1673 2406 vel
1692 2375 1872 2414 Pomponio
1897 2376 1995 2407 teste:

1133 2414 1222 2454 cujus
1251 2414 1295 2446 est
1319 2417 1347 2447 d.
1375 2416 1393 2447 l.
1420 2425 1469 2455 24.
1497 2415 1538 2448 D.
1567 2417 1600 2447 de
1615 2416 1811 2457 servitutibus
1822 2418 1997 2455 praediorum

1131 2455 1312 2497 rusticorum.

1171 2508 1201 2538 5.
1226 2497 1259 2529 In
1281 2498 1387 2537 primis
1412 2507 1484 2530 curn
1511 2498 1541 2530 δε
1563 2497 1729 2530 Africanus
1753 2497 1808 2538 ipfi
1829 2498 1996 2539 adstipule-

1133 2545 1183 2570 tur
1211 2538 1230 2570 ὶ.
1245 2548 1293 2580 33.
1310 2538 1337 2580 §.
1360 2548 1382 2570 1.
1400 2539 1441 2570 D.
1460 2541 1492 2570 de
1508 2540 1702 2580 servitutibus
1717 2541 1892 2581 praediorum
1908 2539 1994 2582 rusti-

1132 2589 1247 2616 corum;
1272 2581 1324 2611 ubi
1344 2579 1384 2612 fic
1401 2579 1518 2612 scribit.

1171 2621 1229 2653 Per
1244 2621 1372 2660 plurium
1384 2623 1493 2661 proedia
1508 2632 1525 2653 α
1547 2630 1613 2652 uam
1635 2623 1716 2653 ducis
1737 2623 1925 2664 quoquomodo
1943 2623 1995 2653 im=

1186 2661 1280 2703 positu
1289 2664 1452 2702 servitute3
1483 2631 1666 2703 nisilpatzum
1683 2663 1729 2694 vel
1739 2661 1890 2704 stipulatio
1908 2665 1994 2694 etiam

1193 2705 1226 2734 de
1241 2704 1290 2734 hoc
1298 2704 1473 2745 subsequuta
1487 2703 1544 2744 eft,
1555 2713 1643 2745 neque
1660 2713 1755 2735 eorum
1773 2705 1886 2743 cuivis,
1903 2713 1994 2745 neque

1193 2745 1245 2776 aliz·
1258 2745 1354 2776 vicino
1374 2747 1480 2785 poteris
1495 2743 1630 2785 haustum
1644 2755 1680 2776 ex
1698 2747 1761 2776 rivo
1779 2746 1891 2776 cedere.-
1908 2744 1993 2785 patio

1193 2787 1269 2817 enim
1285 2787 1331 2816 vel
1331 2783 1519 2826 stipulatione
1534 2787 1806 2824 intervenientibus,
1817 2785 1853 2820 ἑῇο
1863 2786 1913 2817 hoc
1928 2796 1995 2817 con-

1194 2828 1254 2858 cedi
1267 2827 1334 2864 solet
1352 2839 1359 2859 :
1388 2829 1522 2868 quamvis
1542 2827 1653 2858 nullum
1696 2829 1813 2858 roedium
1836 2829 1925 2867 ipsum
1935 2825 1994 2865 fibi

1182 2868 1314 2907 servire,
1336 2877 1425 2909 neque
1441 2868 1589 2905 servitutis
1604 2833 1727 2907 fruAEus
1748 2866 1880 2908 constitui
1890 2866 1991 2909 potest.

1171 2908 1253 2940 Haec
1271 2908 1460 2941 Africanus:
1485 2908 1649 2941 manifeste
1663 2909 1851 2947 ostendens,
1875 2909 1993 2950 regulis

1130 2948 1209 2989 Juris
1227 2959 1330 2990 neque
1346 2949 1405 2980 suae
1420 2959 1463 2980 rei
1482 2949 1663 2981 servitutem
1675 2973 1683 2989 ‚
1715 2960 1819 2990 neque
1836 2949 1992 2982 servitutis

1129 2989 1266 3023 fruetum
1283 2990 1334 3021 seu
1356 2990 1559 3029 servitutem,
1589 2991 1738 3022 constitui
1762 2991 1873 3033 poss'e:
1903 2990 1993 3022 ideo-

1130 3041 1192 3072 que
1216 3042 1272 3071 per
1294 3032 1428 3069 plurium
1451 3032 1567 3071 praedia
1589 3041 1669 3073 aqua
1683 3033 1774 3065 ducta
1791 3055 1800 3070 ,
1822 3031 1993 3071 aliquando

1129 3072 1302 3104 haefitatum
1317 3072 1399 3112 esse3
1424 3072 1558 3104 liceatne
1575 3075 1603 3104 ei
1621 3074 1671 3105 cui
1688 3072 1889 3113 aquaeductus
1905 3082 1993 3104 com-

1129 3115 1233 3154 petit,
1257 3114 1448 3154 praediorum
1472 3115 1631 3153 dominu,
1655 3115 1807 3147 vicinisve
1822 3114 1913 3150 aliis,
1951 3122 1991 3144 ex

1128 3155 1313 3194 aquaeductu
1338 3153 1537 3196 gratificari3
1567 3154 1650 3194 five,
1688 3163 1721 3186 ut
1746 3154 1912 3186 Africanus
1943 3153 1990 3184 lo-

1130 3196 1237 3236 quitur
1252 3219 1263 3235 ‚
1295 3195 1437 3229 haustum
1466 3205 1506 3229 ex
1530 3197 1600 3229 rivo
1623 3197 1764 3230 cedere:
1793 3206 1864 3229 nam
1887 3194 1907 3227 fi
1929 3195 1990 3226 illis

1915 3245 1988 3267 con·
