2036 3495
243 71 310 108 An
335 71 384 105 Li
397 81 428 106 11.
455 66 571 106 XXV.
598 66 698 112 T11f.
725 64 773 102 V.
803 66 840 103 Si
861 68 980 102 ventris
1001 67 1119 103 nomine
1135 69 1262 104 muliere
1276 70 1309 105 in
1319 69 1522 120 piffiffionem
1542 75 1586 109 mi
1612 88 1648 120 a,
1674 75 1743 117 &a

754 164 1105 200 Tri-utus

1814 85 1888 125 4110

1163 165 1211 201 V.

309 257 345 293 Si
360 257 477 291 ventris
495 256 614 291 nomine
631 253 755 289 muliere
773 254 805 288 in
815 251 1019 301 poffi’ffionem
1035 253 1137 299 miffiz,
1163 255 1267 290 eadem
1281 254 1417 302 pqffiffio
1434 257 1498 294 dolo
1513 256 1592 295 malo
1607 260 1650 297 ad

748 313 844 346 alium
864 311 1015 356 translata
1031 311 1086 358 affe
1103 313 1234 349 dicacur.

149 414 240 446 oluto
263 410 468 444 matrimonio
498 403 551 439 vel
577 413 681 439 morte
716 406 769 439 'vel
803 407 962 446 divortio,

95 414 146 491 S
170 464 242 487 cum
279 452 525 525 intellifferetur,
560 455 755 489 praegnatem
792 448 962 480 effermu-

398 504 406 524 1

90 499 201 529 lierem
210 519 220 535 ,
243 495 272 527 ὅ(
292 493 372 540 aequi

89 621 208 652 sionem
234 617 361 649 mittere
391 615 410 647 l.
433 623 458 646 1.
551 615 583 645 de
599 618 695 645 ventr.
719 613 750 643 in
771 612 877 653 poffeffi
894 613 958 644 mit-

89 663 164 692 tend.
188 658 238 690 sed
255 667 318 689 non
336 667 375 688 eo
389 657 491 689 minus
514 663 696 694 cavere3ne
712 655 822 686 mulier
842 655 956 694 inpos-

89 702 252 734 seffionem
277 696 362 731 missa
381 698 500 729 ventris
518 696 664 733 nomine,
688 695 754 736 ejus
785 695 956 735 providen-

76 743 129 780 tia
150 741 314 779 abutatur,
344 737 559 784 poffeffionem
585 737 618 768 in
640 737 734 768 alium
759 735 954 768 transferens

409 500 494 524 muni
517 491 698 528 videretur,
735 489 861 522 interim
885 496 962 521 ven-

91 538 147 570 tris
164 545 269 568 curam
283 543 367 576 geri:
384 532 502 574 placuit
519 531 648 563 Praetori
660 554 669 568 ,
680 538 802 571 partum
819 530 874 563 etfi
884 539 961 562 non-

91 580 167 611 dum
191 585 313 613 natum,
337 582 469 615 propter
485 573 569 646 sssem
596 571 761 610 nascendi,
783 573 816 603 in
841 571 960 612 poffes-

1006 406 1083 438 dolo
1101 407 1193 439 malo.
1218 415 1278 448 qua
1296 408 1336 440 de
1352 418 1388 441 re
1404 418 1475 455 quap
1489 410 1552 444 fuit
1567 413 1671 447 Edisti
1688 414 1812 458 forma,
1828 416 1876 452 vi-

1005 448 1097 479 detur
1116 458 1156 480 ex
1172 447 1302 481 Rubrica
1322 450 1351 481 &
1367 450 1387 482 l.
1409 460 1434 482 1.
1457 458 1500 483 ita
1518 462 1582 487 non
1598 456 1678 488 male
1705 460 1877 500 repraesen⁴

1006 490 1062 520 tari
1075 489 1125 520 :Si
1140 492 1250 520 ventris
1266 492 1378 522 nomine
1392 491 1509 524 muliere
1524 496 1556 526 in
1567 496 1754 537 poffeffionem
1773 501 1854 542 mzffa
1865 523 1876 540 ,
1909 516 1912 519 ·

1003 531 1099 561 eadem
1111 530 1311 576 poſjeffioxdolo
1328 532 1400 564 malo
1422 535 1460 565 ad
1476 535 1567 567 alium
1588 537 1731 575 translata
1754 540 1806 582 effe
1831 543 1876 575 di·

1002 578 1103 610 cetur,
1132 574 1270 610 adversus
1293 583 1372 611 eam,
1401 583 1504 606 eumve
1527 577 1559 607 in
1583 579 1667 619 cujus
1687 582 1824 621 potestate
1840 594 1873 615 ea

994 612 1223 654 fuerit,quami
1237 613 1340 644 afforis
1356 615 1542 655 interfuerit,
1559 617 1698 652 aaronem
1713 625 1795 655 dabo.
1806 626 1872 656 Nec

999 655 1095 700 nimus
1111 664 1174 685 eum
1190 657 1241 696 qui
1249 662 1301 695 per
1317 656 1412 687 dolum
1427 658 1458 687 in
1472 657 1658 699 poffeffionem
1672 665 1771 701 venit,
1795 667 1830 696 ab
1838 675 1872 697 ea

999 696 1136 731 dzscedere
1155 705 1264 737 cogam.
1309 695 1388 728 Haec
1412 696 1513 731 Edisti
1529 699 1651 733 forma:
1674 703 1872 739 intellectum

998 737 1106 768 datura
1124 737 1349 778 interpretatio
1371 739 1389 769 l.
1414 747 1441 771 1.
1460 739 1497 775 ξεῖ
1519 750 1547 773 2.
1565 741 1594 774 b.
1613 748 1636 775 t.

736 814 1087 855 T1Tutu's
1138 817 1209 854 VI.

390 899 425 934 Si
442 898 548 933 mulier
566 896 680 932 ventris
695 897 812 931 nomine
828 896 860 929 in
873 892 1045 942 pfffflone
1061 895 1222 930 calumnia?
1237 892 1329 941 causa
1347 894 1402 942 ff
1421 898 1552 934 dicatur.

89 990 92 993 '
173 997 215 1019 on
231 994 403 1020 contentus
418 985 478 1017 fuit
495 984 614 1017 Praetor
631 983 780 1026 superiori
799 983 954 1015 occurris-

90 988 171 1066 N
195 1031 225 1060 se
257 1026 359 1061 fraudi
391 1026 529 1061 mulieris
561 1028 592 1058 in
617 1025 836 1067 poffeffioncm
859 1024 952 1057 iniss'ae

88 1072 210 1102 ventris
228 1071 375 1103 nomine:
398 1070 451 1101 hic
467 1069 560 1100 etiarn
578 1066 752 1099 remedium
768 1066 856 1097 dedit
877 1065 953 1098 alte-

86 1113 122 1144 ri.
167 1110 272 1143 Verba
296 1110 416 1150 Εάἰξὶί,
445 1117 538 1150 prout
563 1108 651 1141 licuit
673 1117 713 1139 ex
738 1108 892 1146 Rubrica,
922 1107 952 1138 &

88 1152 224 1193 subjecta
241 1153 309 1194 lege
337 1152 364 1194 ἓ.
383 1162 409 1183 2.
426 1160 453 1192 3.
477 1149 514 1185 ἔθ’
529 1159 558 1188 4.
583 1149 761 1190 conjicere,
785 1148 852 1180 fere
880 1148 953 1179 talia

88 1193 203 1226 fuere:
227 1194 259 1225 Si
280 1195 380 1225 mulier
403 1193 512 1223 ventris
536 1192 649 1222 nomine
671 1192 701 1221 in
724 1188 884 1230 paffeffione
905 1199 949 1220 ca-

90 1235 205 1267 lumniae
228 1236 314 1273 causa
335 1234 385 1275 effe
408 1234 534 1271 dicetur,
566 1232 700 1272 adversus
727 1241 788 1262 eam
805 1254 814 1269 ,
846 1231 953 1272 quanti

78 1278 201 1317 tegentis
222 1274 355 1314 interest,
385 1274 464 1306 intra
487 1283 596 1304 annum
619 1282 673 1313 quo
697 1274 823 1316 primum
847 1272 952 1312 agendi

86 1315 211 1358 potestas
231 1318 285 1347 erit
299 1339 309 1354 ‚
331 1315 467 1347 (taionem
483 1315 563 1347 dabo.
585 1317 671 1344 etiam
694 1315 831 1348 adversus
846 1320 950 1353 paren-

89 1363 145 1388 tem
158 1380 168 1396 ,
185 1355 276 1397 fiper
291 1354 480 1396 cumfatium
490 1353 531 1392 fit
541 1377 551 1393 ,
575 1362 608 1386 ut
622 1355 654 1385 in
665 1351 850 1395 poffefflonem
868 1355 949 1384 veni-

87 1403 150 1436 ret,
173 1397 309 1428 astionem
330 1398 411 1428 dabo.
433 1395 583 1436 Ulpianus
606 1395 634 1436 §.
663 1404 689 1426 1.
717 1395 775 1425 ‘Et
801 1394 884 1433 hoc,
906 1395 949 1426 in-

83 1438 170 1478 quit,
193 1437 337 1470 Edictum
356 1447 395 1469 ex
410 1436 520 1468 eadem
537 1438 626 1468 causa
640 1434 870 1478 proficiscitur,
888 1444 949 1476 qua

84 1479 243 1520 superius:
273 1479 370 1510 debet
394 1477 479 1509 enim
504 1476 624 1508 Praetor
640 1500 650 1514 ‚
680 1477 950 1516 quemadmodum

84 1519 187 1551 facilis
211 1519 256 1550 est
277 1520 360 1551 circa
390 1519 546 1550 bonorum
578 1516 793 1559 poffeffionem
817 1518 949 1550 dandam

83 1561 206 1593 mulieri
223 1561 345 1591 ventris
359 1559 488 1591 nomine
502 1580 512 1598 ‚
535 1560 578 1590 ita
593 1558 779 1591 calumniam
804 1558 871 1600 ejus
893 1560 947 1591 im-

85 1603 228 1641 punitam
246 1609 307 1631 non
325 1600 512 1641 relinquere.
555 1600 694 1642 Quando
716 1607 822 1644 autem
840 1600 947 1632 locum

83 1643 200 1674 habeat
217 1642 286 1673 haec
301 1642 401 1680 aCti'03
423 1642 522 1681 prima
547 1640 687 1672 indicant
712 1640 813 1672 EdiCti
830 1641 946 1674 Verba:

84 1683 118 1714 δι’
134 1683 235 1714 mulier
249 1685 361 1713 ventris
375 1683 486 1713 nomine
500 1683 531 1712 in
543 1680 701 1722 poffefflone
718 1682 869 1713 calumnioe
881 1691 948 1714 cau-

77 1728 114 1764 sa
131 1723 181 1764 effe
203 1725 323 1755 dicetur.
368 1723 427 1754 Per
441 1722 626 1754 calumniam
652 1730 756 1754 autem
773 1722 802 1754 in
829 1722 946 1763 poffes-

84 1764 171 1797 lione
193 1764 283 1796 fuisse
312 1764 438 1797 videtur
469 1773 538 1805 quae
562 1763 660 1796 sciens
690 1764 893 1804 prudensque
917 1765 946 1796 se

714 1846 1060 1883 T1TuLus

995 985 1267 1066 praeggatem'non
1286 984 1364 1025 effe,
1390 985 1492 1018 voluit
1517 987 1548 1019 in
1574 989 1791 1029 poss'effionem
1817 1003 1870 1026 ven»

995 1033 1064 1056 nire
1105 1035 1161 1057 .2.

1036 1065 1134 1106 Igitur
1152 1073 1302 1110 apparet,
1324 1068 1407 1099 lianc
1428 1068 1587 1101 actionem
1611 1082 1627 1104 a
1647 1073 1794 1107 ,Praetore
1815 1076 1868 1107 ad-

996 1108 1099 1138 versus
1116 1108 1282 1140 mulierem
1299 1108 1374 1140 dari.
1398 1109 1450 1140 sed
1468 1109 1590 1145 Praetor
1605 1119 1675 1146 eam
1696 1117 1868 1156 pollicetur

994 1152 1126 1188 quoque
1157 1149 1301 1180 adversus
1331 1156 1515 1190 parentem;
1553 1153 1572 1184 fi
1591 1157 1692 1188 modo
1720 1166 1867 1197 pereum

994 1189 1112 1221 faCtum
1128 1188 1184 1228 fit,
1208 1197 1243 1221 ut
1259 1191 1371 1223 mulier
1387 1192 1418 1222 in
1438 1191 1659 1229 posseffionem
1674 1205 1733 1238 per
1749 1199 1866 1231 calum—

993 1231 1078 1262 niam
1095 1229 1219 1262 veniret
1234 1231 1263 1262 d.
1278 1231 1297 1262 l.
1315 1229 1345 1274 §.
1362 1243 1393 1273 5.
1417 1231 1454 1266 &³
1472 1242 1518 1265 12.

1033 1271 1201 1312 Competit
1218 1280 1316 1312 porro
1333 1273 1402 1304 haec
1426 1273 1509 1305 acuo
1532 1276 1562 1307 ei
1586 1277 1674 1317 quus
1697 1279 1864 1320 interfuit,

991 1312 1156 1344 mulierem
1172 1313 1204 1343 in
1220 1313 1437 1354 poffeffionem
1454 1321 1517 1347 non
1533 1316 1595 1348 effe
1609 1319 1746 1353 rniss'am:
1771 1330 1864 1362 utpu-

992 1362 1042 1392 ta,
1066 1355 1116 1386 vel
1133 1353 1284 1399 coheredi
1301 1355 1437 1397 speranti
1452 1364 1576 1397 partum
1588 1381 1597 1396 ,
1615 1362 1667 1392 vel
1687 1362 1740 1402 qui
1756 1362 1865 1394 substi-

984 1402 1078 1437 tutus
1103 1394 1181 1432 fuit,
1212 1396 1264 1426 vel
1284 1397 1336 1436 qui
1361 1397 1400 1428 ab
1425 1397 1595 1439 intestato,
1625 1401 1647 1433 fi
1668 1410 1776 1443 partus
1798 1412 1864 1436 non

991 1435 1119 1475 fuiffet,
1141 1435 1310 1468 succedere
1327 1438 1432 1479 potuit
1448 1440 1476 1469 d.
1496 1439 1515 1470 l.
1534 1439 1563 1481 §.
1583 1443 1613 1472 6.

1032 1476 1093 1509 His
1129 1476 1327 1517 consequens
1356 1477 1401 1510 est
1417 1501 1426 1517 ‚
1463 1479 1545 1512 hanc
1580 1482 1739 1516 actionem
1776 1485 1862 1525 dari,

993 1519 1101 1558 quanti
1115 1517 1228 1550 actoris
1239 1518 1396 1551 interfuit.
1421 1520 1448 1552 d.
1471 1520 1491 1552 l.
1516 1520 1546 1562 §.
1568 1531 1598 1560 4.
1640 1523 1791 1557 intereffe
1808 1535 1864 1557 au*

991 1566 1059 1631 ίεἶξαι]
1086 1559 1252 1601 quomodo
1280 1560 1479 1601 accipiatur,
1517 1564 1650 1596 traditur
1670 1565 1699 1608 §.
1723 1575 1751 1607 7.
1776 1566 1814 1602 ὅ)
1832 1572 1863 1603 8.

1031 1640 1105 1673 Nec
1122 1641 1333 1674 ‘omittendum
1356 1642 1440 1682 fuit,
1470 1642 1640 1678 Praetorem
1662 1647 1745 1679 lianc
1768 1643 1862 1681 afflo-

989 1692 1062 1714 nem
1080 1684 1245 1715 dumtaxat
1261 1683 1341 1721 intra
1358 1694 1472 1716 annum
1492 1687 1660 1729 polliceri;
1679 1689 1759 1722 ultra
1775 1698 1859 1724 noni

989 1723 1161 1765 videlicet,
1184 1724 1268 1766 quafi
1284 1725 1443 1767 poenalem
1463 1726 1491 1769 §.
1507 1737 1535 1769 3.
1558 1729 1586 1759 d.
1603 1728 1625 1762 1.

1120 1849 1213 1886 VII⁶

837 1922 886 1958 De
911 1924 1089 1959 concubinis.

78 2010 290 2087 Postquam
321 2010 361 2042 de
388 2011 505 2051 nuptiis
522 2011 551 2042 ἃ
580 2007 785 2043 matrimonio
808 2009 945 2051 dictum,

168 2061 231 2083 nori
247 2052 357 2083 debuit
382 2052 503 2083 silentio
527 2053 681 2091 praeteriri
708 2053 947 2084 concubinatus.

79 2102 152 2125 nam
169 2095 193 2125 is
210 2092 413 2124 matrimonio
429 2094 510 2125 adeo
527 2093 630 2126 fimilis
648 2093 791 2125 habitus:
816 2102 848 2124 ut
873 2094 903 2125 in
925 2094 946 2124 l.

83 2144 114 2176 3.
142 2134 175 2165 C.
204 2137 237 2165 de
258 2134 414 2165 naturalih.
440 2135 516 2166 liber.
540 2135 693 2173 inaequale
712 2136 947 2166 matrimonium

82 2175 275 2216 appelletur:
300 2175 329 2206 &
346 2176 523 2207 concubina
547 2175 715 2208 definiatur
738 2177 850 2207 mulier
873 2186 946 2207 cuin

81 2225 142 2256 qua
174 2217 221 2247 vii·
244 2216 304 2247 siiie
332 2216 432 2248 forma
463 2216 654 2248 matrimonii
684 2216 945 2248 consuetudinem

82 2257 166 2298 quasi
183 2266 254 2288 curn
271 2266 368 2288 uxore
384 2258 506 2289 habeat.
549 2257 593 2289 Ira
610 2258 791 2289 concubina
812 2265 875 2289 non
901 2258 945 2290 est

78 2307 163 2330 uxor
178 2321 187 2337 ,
209 2298 327 2339 quippe
349 2307 418 2338 quse
435 2308 498 2330 non
518 2299 652 2331 habetur
668 2299 793 2330 bonore
811 2300 839 2330 ἀ
866 2297 940 2330 affe·

80 2340 187 2371 {tione
204 2339 335 2371 maritali
357 2341 376 2370 l.
393 2348 443 2378 3¹-
462 2341 509 2371 I).
533 2342 566 2371 cle
588 2342 685 2372 donat.
710 2340 770 2380 l.3.
796 2339 824 2381 §.
844 2349 869 2372 i.
894 2341 940 2372 D.

80 2382 113 2411 de
128 2383 225 2411 donat.
249 2381 305 2411 int.
326 2382 385 2412 vir.
408 2380 445 2415 ἐξ
463 2391 552 2412 uxor.
576 2380 627 2412 sed
652 2381 682 2412 in
705 2382 805 2412 domo
829 2382 941 2412 nihilo-

78 2422 180 2452 minus
197 2421 287 2452 instai·
304 2422 407 2453 uxoris
425 2421 488 2459 est,
511 2423 549 2453 ab
567 2432 667 2462 eaque
689 2421 751 2453 sola
771 2422 864 2453 animi
890 2423 941 2454 de-

78 2462 244 2493 stinatione
261 2461 458 2503 distinguitur
472 2464 492 2493 l.
511 2473 542 2502 4.
558 2464 604 2495 I).
621 2464 648 2495 b.
670 2469 691 2494 t.
734 2464 795 2494 Sed
821 2464 884 2494 hoc
907 2471 942 2494 ut

73 2501 200 2541 *plenius
221 2502 429 2544 intelligatur;
453 2503 612 2536 sciendum
632 2504 675 2535 est
688 2504 863 2544 ,duplicem
880 2504 942 2535 effe

80 2542 308 2575 concubinam:
332 2545 382 2575 vel
400 2545 484 2576 enirn
501 2546 544 2576 est
568 2545 744 2576 concubina
761 2555 790 2576 in
819 2546 941 2585 specie,

78 2583 131 2614 vel
150 2583 263 2623 pellex.
285 2584 351 2616 haec
371 2595 484 2627 corpus
500 2587 611 2618 miscet
630 2596 703 2618 cuni
722 2588 790 2617 viro
807 2592 940 2618 ‘uxorem

77 2623 227 2655 habente.
252 2624 301 2655 illa
316 2627 396 2665 apud
409 2628 557 2659 coelibem
574 2629 681 2659 uxoris
704 2627 780 2659 loco
797 2628 827 2658 in
844 2629 942 2660 domo

80 2665 124 2709 est
141 2665 201 2696 sine
219 2666 336 2704 nuptiis
351 2667 370 2698 l.
392 2676 457 2707 ¹44·
473 2670 519 2699 D.
535 2671 568 2699 a'e
583 2670 662 2699 verb.
678 2667 779 2710 fignif.
805 2668 856 2700 De
874 2670 940 2710 pel-

75 2705 138 2738 lice
166 2707 207 2737 ita
233 2706 344 2738 Paulus
368 2707 415 2739 lib.
433 2718 460 2740 2.
486 2710 614 2742 sentent.
638 2711 683 2741 tit.
710 2720 758 2742 20.
788 2709 817 2751 ἓ.
840 2719 864 2741 1.
896 2710 940 2741 Eo

77 2753 197 2787 tempore
211 2757 265 2787 quo
280 2748 345 2788 quis
367 2757 483 2779 uxorem
509 2751 607 2789 habet,
630 2753 816 2781 concubinam
836 2752 937 2782 habere

75 2797 133 2818 non
150 2787 250 2827 potest.
301 2787 388 2820 Idem
409 2789 524 2821 deinde
559 2791 662 2823 statuit
694 2791 938 2824 Constantinus:

72 2830 216 2860 moribus
241 2828 359 2867 seculi,
396 2831 486 2861 nimis
510 2832 599 2864 ancia
621 2834 671 2864 illa
689 2856 699 2872 ,
730 2841 765 2864 ut
789 2834 934 2871 videtur,

72 2870 234 2907 mollitie,
265 2878 437 2901 occurrens
465 2871 550 2912 Lege
571 2874 684 2914 stripta
710 2876 748 2905 ad
778 2873 934 2914 Populum

72 2920 144 2951 quae
162 2910 206 2942 est
219 2910 239 2941 l.
256 2913 341 2942 unica
356 2911 388 2942 C.
405 2912 432 2942 h.
448 2918 470 2944 it.
513 2913 669 2946 Caeterum
688 2915 825 2946 hominis
843 2915 935 2946 liberi

67 2952 132 2985 five
151 2951 274 2983 coeiibis
291 2952 486 2984 consuetudo
500 2962 572 2986 cum
588 2957 784 2995 concubina,
808 2965 823 2986 a
846 2955 934 2994 Justi-

69 2994 166 3025 niano
179 2994 264 3024 licita
282 2994 455 3034 appellatur
469 2995 487 3025 l.
498 3005 527 3034 5.
548 2996 642 3028 &Aa
653 2997 802 3028 Senatusc.
816 2997 933 3037 Orphic.

68 3043 134 3066 non
151 3033 234 3074 quasi
252 3035 410 3066 laudetur:
441 3034 490 3067 secl
515 3037 618 3076 (quod
647 3038 685 3068 ab
716 3039 854 3077 Ulpiano
878 3039 934 3069 ob-

65 3075 220 3107 servatum
244 3075 263 3107 l.
281 3085 310 3117 3.
329 3075 362 3116 ᾗ.
378 3085 403 3107 1.
422 3076 467 3106 I).
481 3077 508 3107 h.
526 3079 565 3118 z.)
588 3080 685 3119 magis
702 3087 790 3109 extra
808 3088 933 3119 poenain

68 3117 161 3156 Legis
183 3117 270 3156 Juliae
285 3117 498 3155 relinquatur:
523 3128 556 3149 ut
577 3121 674 3150 multa
698 3120 775 3157 alia,
809 3121 932 3160 majoris

988 2009 1052 2044 tavi
1076 2008 1164 2054 supra
1187 2014 1242 2046 sub
1258 2012 1389 2055 Titulo,
1411 2016 1459 2048 De
1473 2017 1591 2059 legibus.
1635 2017 1767 2059 Aliquos
1793 2026 1857 2051 tor-

989 2062 1066 2093 quet
1083 2054 1148 2086 hoc
1165 2056 1310 2088 Marcelli
1332 2058 1351 2088 l.
1369 2067 1418 2096 41.
1437 2058 1465 2099 ᾗ.
1489 2067 1513 2090 1.
1531 2059 1574 2091 D.
1593 2060 1627 2091 de
1640 2061 1701 2091 ritu
1715 2067 1798 2102 nupt.
1817 2061 1855 2093 Ec

983 2095 1012 2134 fi
1034 2105 1090 2135 qua
1102 2099 1133 2135 le
1148 2098 1179 2128 in
1195 2099 1388 2130 concubinatu
1404 2100 1537 2135 alterius,
1563 2110 1649 2141 quum
1662 2103 1779 2140 patrum·
1796 2109 1859 2134 tra-

991 2136 1102 2177 didiffet
1112 2160 1121 2176 ‚
1135 2139 1365 2178 matrisfamilias
1381 2138 1552 2180 honestatem
1569 2151 1627 2172 non
1642 2141 1768 2183 habiiiffe
1783 2145 1855 2176 dico,

984 2177 1052 2208 ,Seu
1070 2179 1128 2210 hos
1144 2179 1220 2210 scire
1235 2186 1385 2220 oportet,
1408 2180 1579 2221 honestatem
1594 2191 1611 2212 a
1629 2182 1787 2216 Marcello
1812 2185 1858 2216 su·

990 2227 1031 2250 ini
1059 2227 1117 2259 pro
1141 2221 1315 2261 dignitate,
1339 2231 1400 2253 nec
1424 2231 1496 2253 cum
1521 2222 1649 2255 infamia
1674 2225 1857 2264 committi,

988 2259 1040 2290 sed
1064 2269 1136 2292 cum
1168 2261 1362 2297 humilitate:
1386 2264 1552 2303 quomodo
1575 2264 1604 2294 in
1628 2263 1657 2305 ᾗ.
1674 2274 1705 2305 4.
1728 2264 1800 2307 Inst.
1823 2269 1858 2298 de

981 2300 1088 2341 public,
1100 2302 1194 2342 judic.
1219 2304 1248 2334 ἀ
1266 2304 1285 2335 l.
1302 2309 1354 2344 38.
1372 2304 1402 2345 §.
1419 2314 1447 2345 3.
1465 2304 1506 2335 D.
1524 2306 1557 2335 de
1567 2308 1669 2345 poenz‘s.
1693 2307 1853 2340 honestio-

985 2351 1033 2373 res
1047 2351 1252 2382 opponuntui·
1268 2345 1458 2383 humilibus,
1481 2345 1509 2375 <St
1526 2346 1555 2376 in
1574 2347 1593 2376 l.
1617 2355 1640 2377 1.
1664 2346 1693 2389 §.
1714 2353 1740 2379 1.
1759 2348 1800 2380 D.
1821 2352 1855 2381 de

984 2381 1155 2422 effraflorib.
1180 2385 1322 2425 plebejis.
1364 2386 1451 2416 Ess'e‘t
1474 2385 1549 2417 milii
1572 2388 1685 2428 copia,
1715 2390 1811 2422 etiam
1836 2397 1855 2422 a

983 2424 1138 2455 Petronio
1162 2427 1294 2465 aliisque
1318 2434 1427 2466 petere
1454 2426 1632 2459 testimonia
1649 2453 1660 2468 ‚
1697 2430 1751 2462 nisi
1785 2432 1855 2463 liaec

983 2464 1174 2498 sufficerent.
1196 2473 1300 2498 tamen
1324 2476 1390 2498 non
1408 2468 1553 2500 omittam
1578 2469 1713 2503 Plinium
1735 2471 1784 2503 lib.
1803 2483 1852 2512 ¹35.

984 2506 1062 2538 Nar.
1078 2505 1142 2546 hist.
1159 2517 1183 2538 c.
1203 2517 1249 2540 10.
1272 2508 1312 2538 de
1336 2509 1455 2548 pictura
1471 2508 1512 2540 ita
1530 2507 1850 2550 pulcre'scibentein:

984 2547 1097 2588 Semper
1113 2549 1243 2588 quidem,
1266 2549 1387 2588 inquit,
1419 2550 1503 2580 bonos
1525 2552 1550 2580 εἰ
1569 2552 1653 2591 fuit,
1685 2555 1850 2594 mingentii

984 2598 1046 2620 eam
1063 2596 1244 2628 exercerent,
1260 2600 1325 2621 mox
1342 2596 1374 2621 ut
1389 2588 1512 2631 honesti:
1533 2599 1663 2632 perpetuo
1679 2594 1826 2625 internicio
1837 2616 1849 2631 ,

984 2639 1020 2660 ne
1032 2630 1151 2665 servitia
1169 2632 1346 2662 doceremur.
1371 2631 1549 2664 Secundum
1570 2634 1635 2665 liaec
1652 2635 1746 2676 igitur
1762 2635 1850 2666 Mai·-

983 2671 1179 2711 cello(qu0d
1195 2673 1343 2713 praeclare
1359 2674 1580 2706 animadvertit
1593 2675 1723 2716 Collega
1738 2684 1845 2713 meus,

981 2711 1093 2743 Petrus
1116 2712 1312 2744 Burmannus
1331 2713 1370 2744 V.
1395 2714 1453 2745 CL.
1483 2723 1576 2754 quern
1603 2716 1732 2747 honoris
1757 2716 1847 2747 causa

981 2753 1127 2797 appello,
1151 2753 1240 2784 Notis
1256 2756 1294 2785 ad
1310 2755 1478 2786 Petronium
1493 2766 1518 2788 c.
1533 2767 1583 2797 55.
1602 2763 1671 2797 pag.
1690 2756 1780 2795 266.)
1803 2757 1847 2787 in-

978 2793 1069 2824 famis
1088 2803 1151 2824 non
1176 2794 1220 2825 est
1236 2797 1431 2835 concubina,
1453 2798 1655 2838 quantumvis
1679 2797 1721 2827 illi
1749 2805 1845 2838 neget

979 2834 1167 2875 dignitatem
1195 2835 1454 2870 matrisfamilias:
1483 2847 1520 2869 ac
1541 2838 1628 2877 Juvat
1653 2835 1843 2870 Marcellum

979 2875 1132 2920 Ulpianus
1147 2877 1167 2908 l.
1190 2887 1240 2913 49-
1263 2877 1291 2919 §.
1310 2889 1338 2917 4.
1364 2878 1405 2910 D.
1424 2880 1456 2910 de
1479 2879 1563 2919 legat.
1587 2876 1636 2909 lib.
1653 2885 1684 2918 3.
1714 2877 1844 2910 arbitra-

978 2924 1137 2954 tus,inter
1151 2920 1363 2951 concubinam
1384 2919 1415 2952 &
1433 2927 1584 2956 uxorem,
1601 2920 1655 2949 nili
1669 2918 1821 2959 dignitate
1833 2942 1844 2958 ‚

976 2957 1052 2989 nihil
1071 2959 1227 2991 interesse.
1252 2961 1348 3001 quid,
1371 2960 1393 2992 fi
1411 2960 1474 2991 boc
1492 2958 1649 2990 Marcello
1665 2961 1692 2990 d.
1708 2960 1727 2990 l.
1743 2969 1792 2998 41.
1811 2959 1839 3002 §.

980 3007 1005 3030 1.
1029 2999 1133 3040 placet
1150 3000 1297 3041 demum,
1314 3001 1335 3034 ii
1352 3002 1463 3033 liberta
1485 2999 1515 3030 se
1533 2999 1563 3029 in
1577 2999 1703 3031 alterius
1715 3023 1724 3039 ,
1746 3009 1841 3042 quam

977 3042 1120 3081 patroni,
1145 3043 1393 3074 concubinatum
1409 3039 1597 3071 tradidisset:
1621 3040 1760 3081 alioquin
1783 3051 1841 3083 per

977 3081 1096 3114 causam
1113 3083 1209 3115 officii
1228 3081 1644 3115 excusariabimrninutione
1659 3084 1841 3117 matronalis

974 3121 1157 3156 honestatis.
1209 3124 1327 3163 Estque
1350 3123 1414 3160 ejus
1437 3121 1668 3155 observationis
1692 3125 1839 3157 notabilis

63 3159 134 3190 mali
152 3160 290 3191 evitandi
313 3159 430 3199 gratia,
452 3159 484 3192 in
508 3161 669 3201 republica
689 3160 849 3202 permitti,
872 3171 930 3194 no-
970 3163 1026 3198 hic
1040 3164 1297 3207 effectus,quem
1314 3163 1450 3194 indicant
1467 3162 1626 3202 sequentia
1638 3164 1763 3205 Ulpiani
1774 3175 1843 3197 ver-

103 3197 180 3231 Tam.
205 3199 248 3231 II.

1248 3204 1331 3244 Get
1352 3212 1372 3234 2
1799 3208 1839 3238 ba
