2036 3495
340 94 406 130 An
443 94 532 128 [ΑΒ.
566 87 713 125 XXVII.
749 87 849 123 Tir.
886 87 968 123 VII.

89 185 272 228 diligentius
297 181 463 224 prospexit
485 182 515 215 in
539 182 559 213 l.
576 190 623 221 25.
653 177 688 213 &³
713 179 731 209 l.
755 187 802 227 27.
829 178 867 227 C..
887 179 913 210 hv
941 184 962 209 t.

88 229 128 260 ad
153 236 229 268 quas
250 224 379 266 respicit
400 224 427 266 ἓ.
446 224 500 256 ult.
529 221 596 264 lnsti
623 220 715 266 Qgizh.
742 221 827 252 alzeii.
845 221 891 251 lic.
919 221 965 251 vel

111 279 158 301 on.

87 279 108 302 n
125 311 308 351 Sequuntur
329 308 551 349 erogationes:
592 313 663 336 nam
691 303 720 335 &
742 302 791 335 hae
814 302 965 343 permiffie

86 355 188 384 tutori
203 351 274 382 sunt
295 350 333 381 ad
351 349 587 391 providentiam
612 345 741 385 pupilli;
765 354 837 376 cum
861 344 964 376 hacke-

86 403 145 427 nus
169 402 229 433 pro
252 392 386 423 domino
411 390 563 421 habeatur
588 396 677 418 tutor
706 387 724 417 l.
745 396 782 426 27
823 386 861 417 D.
886 387 914 418 b.
941 392 964 417 c.

84 433 196 468 Potest
212 434 306 475 igitur
329 440 419 464 tutor
444 431 566 461 solvere
590 428 700 469 pupilli
726 430 889 473 debitum;
914 427 964 465 ἀ,

83 475 108 509 fi
131 477 271 516 liqueat,
301 483 366 506 non
392 481 519 503 tenetur
545 471 736 512 expectare3
767 477 800 501 ut
826 477 961 509 primum

83 518 207 558 iudicio
227 515 445 548 conveniatur.
472 522 586 544 conii-a
610 513 639 543 ei
666 511 713 542 fas
738 511 802 549 est,
827 511 912 541 ultro
929 519 962 541 a·

85 557 241 599 gnoscere
258 558 373 588 bonam
399 553 511 586 fidem:
535 563 569 585 ut
593 562 668 585 ante
692 553 757 585 dixi
784 561 825 583 ex
843 552 872 583 d.
888 553 908 583 l.
932 561 962 589 9,

110 624 116 631 .
155 624 163 632 .
196 620 198 622 v
251 608 264 629 e
305 622 311 628 .
330 597 357 628 h.
378 602 398 627 t.

85 600 107 642 ἓ
128 598 302 673 ὖοτῗῑζιξὲ
317 637 478 679 quaerendi
506 637 615 675 locus,
645 642 683 668 an
707 634 805 667 tutori
827 634 875 675 ius
905 629 961 673 fit,

85 682 127 715 de
143 682 238 714 rebus
254 681 366 721 pupilli
387 679 573 720 transigere,
597 685 649 709 aut
669 677 881 717 jusjurandum
907 676 962 722 de-

83 723 187 755 ferre:
209 722 264 755 nisi
283 723 322 753 de
343 721 390 752 his
409 720 484 752 ess‘et
513 720 600 761 supra
619 720 722 751 actum
749 718 803 749 sub
825 726 962 758 propriis

82 763 215 797 Titul1s.
258 763 468 795 Remiffiones
495 769 584 792 certe
611 763 783 802 gratuitae,
815 760 962 791 donatio-

81 816 204 848 nesque
229 815 246 836 a
269 812 377 836 tutore
395 804 638 843 sactae‚pupillo
655 812 719 833 non
740 807 861 833 nocent
878 801 896 830 l.
911 809 960 831 22.

81 847 126 881 D.
142 849 171 879 h.
188 853 210 879 t.
234 848 308 887 quia
333 846 430 886 inagis
459 847 498 876 ad
530 845 745 884 perditionem
778 841 962 879 accedunt,

81 898 177 931 quam
193 890 232 921 ad
248 887 560 920 administrationem.
598 884 765 917 Missurum
783 891 888 914 tamen
907 891 963 923 pu-

109 932 152 962 illi
176 929 361 971 parentibus
384 928 595 969 cognatisque
621 926 772 958 solemnia
803 933 935 956 munera
950 946 960 962 ,

81 940 198 1004 gaulus
223 973 266 1003 ait
290 972 309 1002 l.
331 978 366 1002 12
396 969 425 1012 ᾗ.
443 979 472 1011 3.
495 968 533 999 D.
559 969 586 1000 b.
609 974 631 999 t.
656 967 709 999 sed
734 974 847 1007 negat,
872 965 960 996 datu-

82 1023 153 1046 rum
181 1015 294 1045 dotem
319 1011 439 1049 sorori,
462 1011 525 1042 alio
543 1019 633 1051 pati-e
657 1018 754 1041 natae:
787 1006 959 1055 praesatus,

82 1056 117 1087 id
135 1054 190 1086 etsi
208 1053 361 1092 honeste,
385 1059 490 1084 tamen
514 1061 554 1083 ex
578 1050 767 1084 liberalitate
793 1049 881 1087 fieri,
907 1057 958 1095 pu-

82 1096 153 1138 pilli
188 1095 319 1127 arbitrio
347 1095 505 1126 servanda.
536 1092 589 1124 sed
620 1093 659 1125 de
691 1092 750 1124 hac
780 1098 958 1123 accuratius

84 1137 151 1170 dixi
169 1138 209 1169 ad
230 1135 397 1175 Titulum,
425 1135 467 1166 De
477 1135 545 1176 jure
562 1136 671 1167 dorium
707 1133 785 1165 illud
801 1141 866 1164 non
877 1141 954 1171 prae-

84 1179 280 1217 tei-mittam,
303 1179 390 1219 quod
420 1176 560 1209 {imiliter
577 1178 620 1208 ait
638 1174 736 1216 Gajus
760 1175 779 1206 l.
802 1182 847 1214 13.
870 1173 899 1215 §.
919 1182 954 1220 ,2.

82 1219 128 1253 D.
145 1221 174 1251 h.
192 1226 214 1251 t.
230 1228 370 1251 tutorem
388 1228 427 1249 ne
446 1218 588 1259 nuptiale
605 1217 737 1259 quidem
755 1224 867 1248 munus
885 1223 958 1261 mis7

81 1261 187 1293 surum
206 1261 315 1302 pupilli
332 1262 423 1292 matri
440 1268 492 1291 aut
510 1258 630 1291 sorori:
654 1258 711 1290 etsi
734 1259 772 1304 ad
788 1256 906 1303 victu-m
926 1265 956 1287 ei

81 1302 252 1336 necessaria
269 1311 332 1333 non
352 1301 435 1332 male
453 1301 598 1341 praestet;
621 1300 640 1332 si
665 1298 729 1340 ipsa
753 1300 784 1330 ie
809 1297 958 1329 sustinere

83 1354 151 1377 non
173 1344 282 1384 poffit:
306 1343 336 1373 δι
356 1343 436 1373 lianc
454 1341 559 1373 adfert
576 1340 698 1373 causam
717 1339 836 1380 Gajus:
867 1339 956 1380 quod

81 1394 147 1418 non
165 1393 314 1425 perquam
339 1382 507 1414 necessaria
532 1383 562 1414 ei
582 1383 650 1414 haec
674 1381 890 1414 remuneratio
913 1380 959 1412 est

82 1426 103 1458 1.
122 1436 148 1458 1.
165 1425 193 1467 §.
210 1436 239 1466 5.
257 1424 297 1456 D.
313 1426 346 1455 cle
363 1425 444 1455 rutel.
463 1423 500 1458 {5⁹
516 1429 575 1457 rat,
592 1422 709 1465 distrahi.
720 1423 812 1464 quale
830 1423 958 1454 interim

80 1466 119 1500 fit
141 1467 206 1498 hoc
238 1466 379 1506 nuptiale
403 1473 515 1497 munus
532 1489 542 1504 ‚
574 1466 604 1497 &
629 1474 700 1505 quse
722 1465 781 1497 sint
805 1463 960 1496 solemnia

81 1517 214 1541 munera
238 1507 421 1546 pai-entibus
440 1508 653 1547 cognatisque
675 1506 738 1538 dai-i
761 1505 870 1544 solita,
899 1513 959 1537 tra-

84 1549 172 1582 &ant
195 1547 263 1579 Viri
288 1547 478 1586 Clarissimi,
501 1547 639 1587 ‚lacobus
662 1546 832 1579 Raevardus
856 1547 902 1578 lib.
927 1557 957 1588 3.

84 1589 252 1632 ConJ'estan.
271 1599 295 1621 c.
312 1599 340 1628 4.
358 1588 394 1624 ἐξ
415 1598 460 1621 ιι.
484 1589 515 1621 &
530 1588 688 1623 Barnabas
710 1587 884 1622 Briffonius
906 1588 957 1622 lib.

81 1641 116 1674 4.
139 1631 238 1663 Selebi.
254 1633 345 1672 antiq.
363 1641 387 1662 c.
405 1641 434 1671 3.

126 1673 178 1705 Ad
199 1673 503 1704 administrationem
534 1670 699 1713 postremo
721 1669 862 1713 spectant
884 1671 959 1704 alie-

82 1717 252 1747 nationes:
276 1714 329 1745 sed
357 1715 397 1746 de
422 1714 470 1746 his
494 1721 536 1746 ex
559 1712 702 1755 profeffo
726 1721 836 1756 agetur
863 1712 959 1746 Titulo

79 1757 241 1797 penultimo
258 1756 297 1786 lib
325 1764 374 1796 27.

124 1796 297 1830 Discedam
313 1807 329 1828 a
354 1798 454 1835 prima
470 1797 618 1830 Rubricae
632 1804 740 1838 parte,
764 1798 817 1830 ubi
834 1796 961 1830 addide-

82 1848 142 1878 ro,
165 1839 253 1878 quod
272 1840 354 1878 apud
375 1836 546 1879 Ulpianum
562 1840 579 1871 l.
597 1850 626 1880 5.
643 1839 671 1881 §.
690 1844 718 1874 8.
739 1838 778 1870 D.
798 1840 826 1871 h.
843 1845 863 1870 t.
895 1847 962 1870 mo-

83 1889 142 1913 net
166 1881 374 1920 Papinianus,
398 1880 418 1912 si
442 1890 531 1918 pater
554 1881 689 1912 tutelam
713 1880 852 1914 filiorum
875 1890 958 1912 man-

84 1922 175 1954 davit
192 1923 256 1961 geri
275 1921 408 1953 consilio
431 1924 561 1961 matris,
585 1922 615 1954 ὅ(
634 1931 757 1955 tutores
773 1932 814 1954 eo
827 1923 959 1954 nomine

81 1963 248 1995 liberavit:
270 1972 334 1994 non
358 1964 482 1995 idcirco
505 1964 608 1995 minus
628 1964 786 2005 integrum
809 1962 882 1996 fore
910 1971 958 1995 tu·

82 2011 190 2036 torum
216 2003 377 2043 officium
401 2005 524 2037 tametsi
546 2005 620 2037 viris
645 2006 738 2038 bonis
763 2007 959 2044 conveniat,

79 2044 202 2078 salubre
219 2046 325 2078 matris
342 2045 507 2078 consilium
523 2047 703 2079 admittere.
713 2046 756 2079 fic
771 2056 849 2079 vero
865 2046 956 2087 fieri3

78 2094 116 2119 ut
132 2096 236 2127 neque
260 2087 407 2119 liberatio
425 2089 563 2127 tutoris,
587 2097 695 2128 neque
722 2088 871 2120 voluntas
901 2097 957 2129 pa-

82 2129 156 2167 tris,
180 2136 233 2159 aut
251 2130 431 2161 interceffio
447 2131 576 2168 matris,
601 2130 718 2161 tutoris
740 2129 883 2162 officium
909 2131 958 2161 in-

81 2169 212 2210 fringat.
257 2169 333 2202 Hoc
351 2171 539 2211 Papinianus
558 2171 589 2202 in
606 2171 634 2213 §.
653 2175 682 2206 8.
698 2174 727 2204 d.
744 2171 764 2204 l.
784 2182 815 2212 5.
834 2172 863 2203 δι
878 2171 908 2203 in
924 2171 954 2213 ἓ.

82 2220 112 2248 9.
137 2211 259 2251 subjicit
273 2211 443 2251 Ulpianus:
466 2221 567 2252 usque
582 2215 665 2245 adeo
685 2213 781 2244 licere
798 2214 957 2244 tutoribus

106 2253 178 2284 atris
196 2261 391 2292 pracceptum
408 2254 572 2294 negligere
587 2263 597 2293 3
621 2262 656 2285 ut
673 2254 696 2286 fi
713 2262 803 2295 pater
818 2255 958 2294 caverit,

79 2261 137 2328 {Ie
162 2295 239 2335 quid
264 2296 310 2327 rei
334 2293 395 2326 suae
418 2294 664 2335 distraheretur;
693 2295 765 2335 vel,
794 2294 848 2328 Ne
874 2305 960 2329 man-

702 2378 1051 2418 Tirutus

1006 88 1056 124 De
1083 88 1349 136 adiiii'iii‘stmti'one
1367 89 1409 133 ὅ*
1422 94 1558 140 periculo
1580 91 1648 137 &ci
1824 114 1899 150 439

1008 179 1091 218 cipia
1110 178 1351 228 distrahantur-r,-
1366 183 1417 215 vel
1433 193 1473 216 ne
1487 185 1610 226 ¹vestis,
1636 186 1687 218 vel
1705 196 1745 218 ne
1761 187 1889 232 domus,

1008 221 1058 252 vel
1078 231 1117 253 ne
1134 222 1201 252 aliae
1220 231 1268 253 res
1286 227 1431 263 periculo
1447 226 1612 268 subjectam
1637 229 1733 261 liceat
1750 232 1793 262 eis
1810 241 1887 265 con-

1008 270 1153 294 temnere
1171 263 1253 294 hanc
1269 267 1366 304 pati-is
1393 268 1605 302 voluntatem.
1651 270 1819 304 Postremo
1843 277 1888 307 ait

1008 304 1165 350 Ulpianus
1190 306 1217 335 d.
1236 305 1255 336 l.
1273 317 1302 346 5.
1328 306 1358 348 §.
1381 316 1409 346 5.
1437 317 1577 344 tutorem
1607 312 1699 345 sacris
1724 312 1887 347 Constitu-

1008 347 1151 377 tioni'ous
1164 345 1289 386 juberi,
1303 348 1456 387 pupillum
1475 351 1562 384 suum
1583 355 1736 393 puberem
1753 355 1888 396 factum,

1007 389 1204 426 admonere3
1227 395 1262 418 ut
1280 388 1335 420 sibi
1354 398 1519 423 curatores
1537 403 1625 433 petat
1643 406 1650 427 :
1675 396 1703 428 ὅ(
1720 395 1739 428 si
1763 407 1826 429 non
1837 399 1890 431 ad·

1006 431 1299 467 monuerit3teneri
1318 433 1665 476 tutelaejudiciozquasi
1683 439 1765 478 hoc,
1780 448 1890 480 quam·

1005 471 1052 501 vis
1079 470 1149 510 post
1172 470 1374 510 pubertatem
1400 475 1605 516 admittatur,
1638 479 1746 511 tutela:
1773 480 1886 514 officio

1005 510 1042 543 fit
1060 520 1258 544 connexum.

1048 553 1155 585 Altera
1177 553 1327 585 Rubricae
1341 564 1413 596 pars
1432 556 1478 588 est
1494 557 1546 590 De
1571 561 1717 600 periculo
1742 570 1887 599 tutorum

1005 594 1036 626 ἁ
1063 603 1256 626 curatorum.
1281 605 1318 626 ac
1337 597 1478 630 consistit
1495 599 1561 631 hoc
1585 603 1615 634 in
1635 613 1694 635 eo:
1725 613 1758 637 ut
1778 613 1886 646 tutor,

1006 636 1096 668 verbi
1113 637 1230 677 gratia,
1255 645 1320 669 non
1347 639 1524 673 observatis
1543 651 1614 682 quae
1639 644 1725 684 dixi,
1757 656 1797 678 ex
1828 648 1885 680 illo

1004 683 1154 719 ternpore
1169 688 1233 718 quo
1250 679 1278 709 ei
1297 679 1458 721 innotuit,
1483 681 1512 714 se
1530 691 1672 717 tutorem
1690 687 1797 719 datum
1809 711 1817 727 ‚
1835 697 1886 721 tu-

1005 720 1077 750 telae
1098 720 1221 759 Judicio
1241 728 1389 753 teneatur
1411 723 1431 754 l.
1463 732 1488 755 1.
1512 724 1540 766 §.
1568 735 1592 757 i.
1617 727 1662 758 D.
1682 729 1710 759 h.
1730 734 1750 760 t.
1792 729 1888 762 Inno-

1005 761 1128 792 tescere
1143 770 1250 793 autern
1267 764 1406 802 qualiter
1424 766 1561 804 qualiter
1577 767 1711 808 sufficit,
1733 779 1798 802 non
1825 773 1886 804 uti-

1006 811 1069 841 quc
1087 802 1202 834 testato
1219 813 1292 835 eum
1309 807 1477 838 conveniri
1497 817 1641 848 oportet.
1666 820 1738 843 nam
1762 811 1818 844 etsi
1840 814 1887 845 ci-

1006 850 1052 874 tra
1070 843 1293 884 testationem,
1316 846 1437 879 scilicet
1462 851 1689 893 undecumque
1704 856 1887 894 cognovit,

1005 884 1090 931 nulla
1114 886 1272 933 dubitatio
1295 887 1359 926 est,
1390 889 1465 929 quin
1489 892 1606 924 debeat
1637 895 1815 935 periculum
1848 897 1887 930 ad

1005 925 1104 967 ipsum
1139 927 1298 968 respicere
1323 929 1342 960 l.
1361 940 1392 970 5.
1419 931 1448 972 §.
1478 942 1522 965 10.
1547 935 1577 967 b.
1600 941 1623 968 t.
1675 936 1751 969 Hoc
1776 938 1887 971 autem

1004 969 1092 1008 quod
1109 971 1270 1016 cognovit.
1283 978 1395 1010 tutor,
1421 975 1559 1013 pupillus
1586 977 1724 1017 probare
1751 980 1887 1012 debebit

1003 1009 1022 1040 l.
1039 1013 1070 1056 ὁἰ
1089 1011 1117 1040 ά,
1135 1016 1156 1041 t.
1195 1009 1305 1043 Facile
1321 1013 1418 1054 igitur
1440 1015 1650 1059 intelligitur,
1681 1019 1743 1052 effe
1768 1022 1886 1054 tutoris

1003 1051 1199 1090 periculum,
1223 1052 1287 1084 sive
1314 1055 1493 1096 commisit,
1525 1058 1589 1090 five
1615 1061 1720 1093 omifit
1745 1063 1885 1103 aliquid,

1003 1094 1091 1133 quod
1116 1092 1288 1140 sitofficio
1306 1096 1415 1129 tutelae
1441 1101 1659 1135 contrarium:
1691 1103 1722 1135 in
1747 1113 1814 1145 quo
1837 1114 1888 1137 ar·

999 1143 1113 1175 guatui·
1137 1144 1203 1174 ejus
1229 1137 1322 1169 dolus
1343 1146 1396 1170 aut
1421 1141 1515 1181 culpa
1540 1142 1602 1174 lata
1633 1143 1683 1175 vel
1709 1146 1789 1177 levis
1813 1146 1832 1177 l.
1855 1155 1883 1179 1.

1001 1176 1049 1221 L).
1067 1177 1100 1222 (ie
1116 1176 1199 1207 rutel.
1218 1176 1255 1211 {⁵2⁹
1271 1180 1378 1211 ration.
1396 1179 1516 1217 dillrah.
1541 1185 1637 1225 quid,
1662 1185 1683 1217 fi
1707 1196 1747 1218 ex
1766 1187 1814 1221 his
1838 1188 1883 1220 ni—

999 1216 1043 1248 hil
1063 1217 1210 1265 liqueat?
1242 1219 1363 1253 nullum
1392 1221 1437 1253 est
1462 1225 1528 1264 ejiis
1553 1226 1731 1265 periculum
1756 1229 1775 1260 l.
1793 1239 1821 1269 4.
1850 1230 1885 1262 C.

999 1258 1116 1290 Arbitr.
1134 1259 1217 1292 rutel.
1240 1261 1324 1293 adeo
1344 1271 1409 1295 non
1431 1266 1532 1297 inodo
1549 1268 1593 1298 ob
1612 1268 1700 1300 casus
1728 1269 1884 1303 fortuitos

1000 1309 1066 1331 non
1084 1307 1212 1333 tenetur
1229 1301 1248 1334 l.
1264 1311 1293 1340 4.
1322 1304 1356 1336 C.
1379 1306 1413 1335 de
1423 1308 1514 1346 peric.
1531 1313 1623 1340 tutor.
1648 1310 1700 1342 sed
1718 1320 1758 1342 ne
1781 1312 1825 1344 ob
1841 1313 1886 1344 le-

1000 1342 1153 1374 viffimam
1170 1344 1300 1383 quidem
1318 1346 1446 1386 culpam
1462 1348 1482 1380 l.
1500 1357 1528 1390 7.
1545 1349 1578 1381 C.
1601 1351 1717 1384 Arbitr.
1740 1354 1820 1386 rutel.
1843 1354 1884 1386 ab

1001 1383 1061 1414 hac
1078 1393 1151 1415 eum
1168 1385 1340 1428 excusante
1363 1391 1503 1422 muneris
1526 1393 1723 1425 necessitate.
1766 1394 1821 1427 Est
1839 1403 1885 1427 ta-

1000 1434 1076 1472 men
1094 1425 1182 1457 casus
1198 1426 1379 1468 singularis,
1402 1430 1435 1462 in
1454 1440 1521 1472 quo
1545 1439 1635 1465 tutor
1651 1435 1748 1467 etiam
1773 1437 1814 1469 de
1839 1438 1886 1469 le·

1001 1467 1121 1499 viffima
1137 1467 1232 1509 culpa
1252 1475 1397 1502 tenetur:
1419 1471 1445 1504 is
1462 1473 1550 1506 casus
1572 1474 1617 1506 est
1634 1475 1665 1507 in
1688 1477 1706 1508 l.
1729 1487 1780 1519 53.
1805 1479 1834 1521 §.
1852 1488 1885 1519 3.

1002 1508 1051 1539 D.
1068 1510 1102 1540 de
1118 1509 1226 1548 furtis.
1268 1509 1325 1542 Est
1346 1512 1442 1545 etiam
1467 1514 1554 1547 casus
1579 1515 1612 1548 in
1628 1525 1694 1558 quo
1713 1525 1803 1552 tutor
1818 1528 1886 1554 tan-

1002 1556 1069 1581 tum
1092 1551 1132 1582 ad
1163 1550 1294 1591 dolum,
1318 1552 1349 1585 &
1379 1554 1506 1596 culpam
1525 1557 1621 1590 latam
1645 1559 1848 1603 adstringitur
1863 1562 1885 1597 l.

1001 1601 1030 1624 2.
1052 1591 1085 1623 C.
1101 1591 1217 1625 Arhicr.
1243 1594 1326 1625 curel.
1352 1595 1430 1628 item
1453 1598 1531 1630 alius
1548 1599 1569 1631 l.
1586 1608 1615 1640 7.
1632 1599 1660 1642 §.
1679 1610 1707 1632 2.
1732 1603 1780 1634 D.
1804 1604 1831 1635 h.
1861 1611 1885 1637 t.

999 1639 1099 1682 atque
1120 1634 1206 1666 hunc
1229 1634 1292 1667 effe
1313 1634 1501 1679 singularem
1525 1649 1657 1682 apparet
1674 1651 1717 1674 ex
1745 1643 1795 1676 his
1814 1646 1884 1687 eJus

999 1675 1129 1714 verbm,
1153 1675 1192 1708 In
1219 1676 1273 1708 hac
1286 1684 1383 1718 parte.
1407 1680 1459 1712 sed
1481 1691 1542 1714 nec
1565 1684 1714 1724 ignotum
1733 1685 1799 1726 est,
1832 1697 1888 1728 ge-

1003 1719 1147 1764 neri-per
1172 1719 1313 1765 speciem
1338 1721 1485 1764 derogari
1509 1724 1530 1756 l.
1547 1728 1596 1759 80.
1617 1726 1663 1757 D.
1686 1727 1720 1757 de
1743 1737 1801 1770 reg.
1819 1720 1885 1771 jur.

1003 1758 1148 1806 Pertinet
1169 1767 1266 1801 igitur
1292 1763 1468 1802 periculum
1502 1767 1540 1797 ad
1567 1774 1737 1800 tutorem:
1773 1779 1886 1810 quate-

1005 1809 1064 1832 nus
1081 1800 1207 1833 achone
1234 1804 1342 1836 tutela:
1366 1812 1495 1839 tenetur
1521 1807 1550 1839 ἀ
1576 1810 1735 1842 rationem
1758 1811 1788 1843 ἃ
1814 1812 1887 1845 reli·

1004 1851 1068 1889 qua
1084 1841 1241 1889 praestare.
1283 1844 1327 1878 Et
1350 1846 1371 1878 fi
1390 1848 1493 1887 plures
1511 1848 1569 1881 fint
1594 1856 1719 1884 tutores
1735 1875 1745 1891 ,
1769 1862 1884 1886 omnes

1003 1893 1035 1916 in
1057 1882 1191 1917 solidum
1214 1886 1283 1926 jure
1305 1887 1415 1920 striCto
1441 1898 1592 1923 tenentur
1612 1892 1632 1923 l.
1658 1903 1710 1934 55.
1737 1894 1784 1926 D.
1809 1896 1835 1927 b.
1860 1901 1884 1928 t.

1001 1934 1063 1957 nec
1081 1932 1186 1958 tamen
1207 1927 1320 1961 desunt
1344 1933 1554 1971 exceptiones
1580 1933 1697 1973 quibus
1722 1944 1762 1967 ex
1787 1945 1882 1978 aequo

1003 1967 1033 1998 δι
1049 1967 1139 1999 bono
1155 1969 1356 2009 adjuvantur.
1380 1982 1440 2004 una
1455 1974 1500 2006 est
1520 1975 1641 2007 ordinis
1656 1976 1676 2007 l.
1697 1976 1762 2019 53.§.
1781 1988 1810 2010 2.
1833 1979 1881 2011 D.

1001 2008 1031 2040 h.
1056 2014 1077 2039 t.
1101 2009 1200 2041 altera
1225 2010 1387 2045 divisionis
1409 2014 1429 2045 l.
1456 2023 1482 2048 1.
1508 2015 1537 2057 §.
1566 2025 1611 2048 ιι.
1638 2016 1675 2051 &²
1694 2027 1739 2049 12.
1778 2021 1824 2051 l).
1848 2021 1883 2051 de

999 2050 1082 2122 Ξιιτῗί.
1099 2047 1210 2134 ὣέται.
1227 2050 1348 2094 distrah.
1371 2055 1466 2087 tertia
1488 2058 1702 2091 cedendaruin
1720 2060 1881 2094 actionum

1021 2115 1029 2123 .
1059 2115 1065 2122 .
1085 2101 1110 2124 1.
1155 2116 1162 2124 .
1180 2102 1227 2135 13.

1040 2130 1156 2165 Tertia
1181 2143 1251 2175 pars
1275 2135 1422 2170 Rubricae
1449 2138 1495 2171 est
1511 2162 1520 2178 ‚
1552 2139 1607 2171 De
1634 2143 1803 2182 agentibus
1828 2145 1881 2177 vel

1001 2177 1232 2208 conveniendis
1249 2186 1314 2210 uno
1331 2180 1380 2211 vel
1398 2180 1551 2220 pluribus.
1584 2182 1623 2213 ad
1649 2191 1741 2223 quam
1769 2186 1883 2219 consu·

1002 2217 1050 2262 le,
1073 2216 1095 2249 fi
1118 2218 1243 2258 placet,
1267 2219 1381 2261 scripta
1400 2231 1416 2253 a
1434 2221 1513 2254 Viro
1531 2223 1727 2263 Clariffimo‚
1754 2225 1877 2269 Gipha-

1002 2267 1078 2298 nio,
1096 2259 1135 2292 ad
1157 2260 1178 2292 ι.
1195 2270 1224 2292 2.
1242 2260 1275 2293 C.
1294 2261 1342 2293 De
1357 2264 1451 2296 divid.
1469 2264 1551 2297 curel.
1565 2271 1638 2306 pag.
1654 2269 1726 2309 463.
1748 2268 1786 2304 ξφ
1795 2275 1880 2312 seqq.

1112 2383 1231 2420 VIII.

534 2454 586 2491 De
604 2455 786 2490 auctoritate
806 2453 848 2495 δέ’
865 2455 1004 2503 corgfeiffu
1019 2465 1154 2494 tutorum
1175 2458 1217 2500 E?
1230 2469 1419 2499 curatorum.

100 2541 114 2615 Ι
149 2541 162 2615 Ι
178 2539 344 2574 icTitulus
360 2543 390 2574 in
408 2541 576 2575 pandectis
598 2543 628 2574 ὅ(
646 2542 773 2576 Codice
790 2544 835 2576 est
854 2544 958 2577 diver-

198 2580 245 2612 sus
261 2591 278 2612 a
291 2580 422 2623 Titulo‚
440 2585 480 2616 de
499 2584 775 2617 administratione
794 2592 957 2626 tutorum,

82 2633 158 2655 cum
175 2622 269 2663 poffit
286 2624 349 2662 ejus
369 2634 436 2664 pars
451 2627 562 2658 videri.
607 2626 670 2658 Sed
687 2625 824 2658 Veteres
848 2629 957 2660 aucto-

82 2665 212 2697 ritatem
230 2664 378 2704 separasse
393 2667 432 2697 ab
451 2667 956 2710 administrationenegotiorum,

84 2706 205 2739 indicio
221 2705 266 2737 est
283 2706 414 2745 sequens
432 2708 556 2748 Ulpiani
575 2710 664 2741 locus
680 2719 721 2741 ex
739 2710 892 2752 Τέλης.
906 2721 955 2751 25.

83 2747 267 2788 ,Pupillorum
283 2747 516 2789 pupillarumque
533 2755 638 2782 tutores
656 2750 692 2785 &²
708 2753 822 2792 negotia
835 2758 954 2793 gerum,

84 2788 124 2823 ὅ)
141 2787 340 2819 ααέἶοτίῑηῐεηι
363 2790 558 2829 interponunt.
603 2791 768 2823 Mulierum
790 2800 886 2825 autem
909 2799 954 2824 tu-

81 2837 155 2862 tores
184 2828 384 2861 austeritatem
414 2830 568 2863 dumtaxat
597 2835 793 2873 interponunt.
844 2833 953 2867 Tene-

82 2871 200 2904 bantur
222 2877 326 2902 tamen
351 2879 471 2904 tutores
490 2874 530 2904 de
545 2875 735 2907 auctoritate
751 2884 842 2915 aeque
859 2885 896 2906 ac
912 2877 953 2908 de

82 2911 367 2945 administratione.
396 2913 586 2958 *Auctoritas
603 2925 700 2957 porro
719 2917 750 2948 in
773 2917 913 2948 Rubrica
934 2926 951 2948 a

81 2952 236 2987 consensu
258 2953 468 2993 distinguitur.
500 2956 529 2987 δι
553 2956 598 2988 est
619 2958 790 2989 auctoritas
817 2959 950 2991 tutoris:

80 2994 250 3028 consensus
272 2996 438 3026 curatoris.
461 2997 630 3030 auctoritas
651 2999 883 3032 solemnitatem
901 3000 952 3032 ha-

79 3037 155 3069 bet:
178 3035 348 3068 consensus
374 3037 503 3069 nullam.
519 3039 538 3069 l.
561 3048 584 3070 1.
608 3040 636 3082 ς.
661 3049 697 3081 13
730 3040 772 3072 D.
791 3042 843 3072 Aci
864 3042 951 3073 Seria-

79 3078 249 3116 tusconlult.
267 3077 385 3109 Trebell.
401 3078 422 3110 1.
443 3088 489 3116 19.
507 3079 549 3110 D.
574 3081 600 3113 h.
622 3087 634 3112 t
689 3081 741 3113 De
765 3091 885 3114 caetero
908 3085 952 3115 ait

76 3118 193 3152 Paulus
210 3119 230 3151 l.
249 3129 278 3159 3.
297 3120 343 3150 D.
357 3119 385 3152 h.
403 3125 424 3151 t.
441 3128 581 3154 tutorem
596 3122 663 3154 fieri
681 3123 841 3156 auctorem
858 3134 949 3158 :cum

78 3161 178 3199 dicit,
201 3160 232 3191 se
249 3161 384 3200 probare
399 3162 431 3193 id
452 3164 538 3203 quod
563 3165 672 3205 agitur.
713 3164 768 3196 Est
792 3166 886 3207 igitur
902 3175 947 3198 tu-

75 3202 157 3234 toris
172 3201 358 3243 auctoritas,
384 3203 525 3245 expressa
541 3205 732 3247 approbatio
748 3206 832 3249 ejus,
855 3209 945 3252 quod

1000 2548 1138 2595 pupillus
1160 2550 1253 2590 gerit.
1276 2551 1466 2591 Justinianus
1483 2554 1503 2587 l.
1521 2564 1551 2595 4.
1568 2556 1602 2588 C.
1627 2558 1661 2589 de
1680 2560 1758 2594 aubi.
1780 2560 1872 2602 proefl„

1001 2589 1079 2621 dicit
1089 2591 1250 2637 sulmonem
1261 2592 1504 2635 perfebiifflmam.
1539 2596 1656 2632 Verum
1673 2602 1730 2634 alia
1748 2603 1792 2634 est
1808 2605 1872 2634 iua-

993 2630 1045 2662 ,fio
1061 2654 1070 2670 ‚
1100 2632 1159 2678 alia
1182 2633 1352 2666 auctoritas
1370 2659 1380 2674 ‚
1411 2639 1640 2679 proprietatem
1672 2643 1871 2675 sectantibus.

1000 2671 1192 2721 Suetonius,
1239 2675 1349 2709 Tiberio
1379 2687 1402 2709 c.
1435 2688 1483 2720 27.
1507 2681 1609 2713 Alium
1638 2685 1791 2721 dicentem,
1820 2685 1873 2724 fiz-

996 2723 1060 2745 cras
1075 2724 1137 2756 ejus
1153 2718 1369 2757 occupationes,
1396 2720 1433 2755 ὅ)
1448 2723 1550 2755 rursus
1572 2725 1680 2762 alium,
1703 2725 1729 2762 se
1753 2724 1868 2756 ιιιιὲῗονε

996 2763 1025 2785 eo
1048 2755 1189 2788 Senatum
1211 2758 1327 2799 adiiffe,
1351 2763 1439 2793 verba
1463 2771 1576 2795 mutare
1591 2788 1600 2803 ,
1624 2764 1660 2798 ὣς
1677 2772 1729 2804 pro
1752 2765 1869 2797 auclore

986 2797 1158 2844 suasorem,
1183 2805 1237 2840 pro
1257 2803 1348 2837 sacris
1368 2804 1519 2842 laboriosas
1534 2807 1624 2836 dicere
1646 2806 1746 2845 coegit.
1796 2806 1864 2846 Ipse

993 2836 1202 2885 justinianus,
1232 2842 1354 2875 Proaem.
1384 2844 1480 2885 Instit.
1519 2847 1545 2887 §.
1578 2855 1608 2885 3.
1646 2845 1864 2879 Mandavimur

985 2879 1151 2950 {penaliter
1166 2904 1176 2920 ‚
1206 2889 1240 2914 ut
1256 2883 1310 2923 ipsi
1332 2883 1429 2926 nostra
1456 2887 1643 2918 auctoritate
1660 2910 1670 2926 ,
1708 2887 1868 2930 nostrisque

1007 2919 1188 2967 uafionibus
1218 2924 1421 2965 Institutione
1451 2932 1654 2967 componerent.
1697 2928 1760 2961 Sed
1793 2940 1867 2970 pro-

993 2970 1161 3001 prietatem
1187 2974 1251 2998 non
1278 2968 1398 3009 ubique
1423 2968 1544 2999 servant
1571 2967 1725 3002 Veteres:
1757 2972 1868 3005 Aucto-

994 3012 1052 3034 rem
1075 3013 1135 3045 pro
1163 3006 1303 3049 suasore,
1334 3011 1363 3042 δι
1396 3009 1596 3040 ααέῖονίῑαιενη
1621 3018 1679 3048 pro
1705 3011 1865 3054 suasione,

994 3044 1104 3085 saepius
1127 3056 1297 3088 ponentes.
1320 3050 1465 3089 exempla
1496 3050 1585 3081 dedit
1611 3049 1866 3095 Freinshemius,

995 3087 1092 3118 Indice
1108 3092 1146 3120 ad
1170 3089 1295 3123 Florum.
1341 3091 1498 3130 Pupillum
1522 3091 1573 3122 hic
1595 3093 1765 3131 praesertirn
1788 3098 1868 3128 dici-

992 3136 1062 3161 mus
1079 3139 1150 3163 eum
1174 3134 1228 3173 qiii
1245 3133 1302 3164 sari
1320 3131 1443 3171 potest3
1467 3142 1538 3164 nam
1554 3133 1659 3165 infans
1675 3145 1740 3168 non
1758 3147 1797 3169 ex
1813 3148 1864 3169 au-

991 3170 1137 3204 ctoritate
1165 3175 1303 3210 tutoris,
1336 3182 1445 3212 verum
1477 3183 1534 3214 per
1559 3181 1720 3214 tutorem,
1752 3188 1865 3219 gerere

986 3219 1084 3255 atque
1101 3223 1195 3256 agere
1212 3215 1327 3248 dicitur
1343 3215 1363 3247 l.
1383 3223 1409 3247 ι.
1434 3214 1462 3255 §.
1478 3225 1508 3249 2.
1526 3215 1569 3249 D.
1585 3219 1619 3249 de
1640 3221 1748 3253 namin,
1772 3226 1864 3291 cultor.
