2052 3487
439 179 503 213 De
554 176 920 223 JURISDICT10NE

972 185 1021 210 er
1072 174 1272 213 IMPER10.
1324 177 1413 214 [ΑΒ.
1441 171 1466 214 l.
1796 185 1841 230 89
1872 185 1881 189 “

112 270 299 319 dispositione
319 269 431 305 dierum
457 276 621 303 conminus
640 294 648 308 ‚
682 264 724 306 ἐξ
747 267 849 302 ordine
873 268 1103 314 cognitionum,
1145 268 1235 314 deque
1257 269 1452 304 humanitate.
1471 297 1480 313 ‚
1516 275 1572 305 aut
1600 272 1772 317 peregrinis
1799 268 1841 311 ’ἐξ

113 323 200 368 longe
232 320 447 360 venientibus,
480 324 536 352 aut
568 316 744 360 militibus,
777 324 869 351 extra
901 317 1033 352 ordinem
1065 318 1242 354 exhibenda.

112 372 202 407 locus.

151 484 270 523 stcndr,
290 481 513 524 jurisdictionis
534 481 585 512 seu
601 481 691 514 mixti
717 481 841 522 imperii
859 486 926 522 pal·-

66 486 140 562 O
165 535 212 558 tes
229 527 303 559 <luas
325 524 403 562 effe,
428 525 590 555 decretum
605 547 613 562 ,
639 524 668 554 ἃ
685 522 804 562 Judicis
827 523 926 554 datio-

62 575 158 599 nem:
183 569 361 608 proximum
382 564 444 602 est,
470 574 502 596 ut
520 574 695 605 exponam,
716 565 924 608 quemadmo-

63 609 140 640 dum
165 609 328 640 decretum
345 608 513 646 ,interponi
530 630 539 646 ,
572 615 624 637 aut
643 607 746 645 judex
766 606 924 651 dari-cou-

60 649 208 681 sueverit.
251 648 389 680 Primum
411 649 498 688 quod
522 649 560 679 ad
588 649 754 679 decretum
787 655 922 686 attinet,

57 691 259 722 monendum
276 689 339 728 est,
363 690 394 721 id
413 690 465 720 vel
485 690 545 720 late
568 690 690 730 accipi,
724 689 775 719 vel
800 688 922 734 stricte:

59 740 133 763 nam
163 739 217 763 aut
240 733 271 763 in
297 731 400 772 specie
422 731 587 762 decretum
607 754 615 769 ‚
648 738 701 761 aut
725 729 924 769 subscriptio-

61 782 154 812 nem,
178 773 347 814 appellari3
370 772 568 811 alterumque
588 773 628 803 de
646 773 758 812 plano,
790 771 924 801 alterum

60 822 121 855 pro
144 815 308 853 tribunali,
341 814 407 845 fieri
429 814 448 844 l.
466 825 493 854 3.
518 814 546 855 ᾗ.
566 818 594 847 8.
619 812 661 844 D.
687 814 719 843 de
744 813 839 857 bonor.
859 818 922 857 pos-

52 854 194 897 Jeffionib.
227 856 246 887 l.
269 866 297 888 2.
328 855 356 897 §.
378 865 402 887 1.
428 855 470 886 D.
497 856 574 898 Quis
598 855 658 884 ord.
684 855 715 884 in
735 851 920 898 poſjeffionzli.

54 901 191 938 servetur
209 916 231 934 ,ν
251 897 287 932 &2⁹
306 899 383 928 alibi.
428 897 560 928 Planum
586 904 665 926 vero
687 895 753 926 alto
776 901 920 939 opponi,

61 948 101 969 ex
118 938 176 969 isto
197 939 337 970 Cornelii
360 938 530 969 Frontonis
548 937 681 968 constat.
727 936 866 967 Cattimus
889 944 920 964 tn

52 980 140 1020 plano
155 1004 165 1019 ,
188 981 291 1011 decidit
307 980 415 1021 aliquid
430 990 466 1011 ex
480 980 545 1010 alto.
590 977 677 1009 Idem
693 976 847 1017 Ulpianus
866 977 921 1023 do-

60 1027 115 1052 cet
136 1021 153 1052 l.
174 1031 200 1052 2.
225 1021 254 1063 §.
270 1031 318 1062 32.
344 1021 385 1052 L).
410 1022 459 1052 Ne
475 1022 545 1063 quid
563 1021 594 1050 in
611 1019 668 1050 loco
679 1019 792 1060 publico
807 1018 854 1063 ‘uel
871 1023 918 1047 iti-

57 1061 209 1102 nerefiat3
233 1072 304 1094 cum
327 1064 407 1093 viam
422 1064 543 1102 planam
569 1061 678 1100 clivoste
705 1066 862 1104 opponit:
887 1058 917 1088 &

53 1102 90 1134 in
113 1103 132 1133 l.
150 1115 179 1144 5.
203 1104 231 1145 §.
252 1113 280 1143 7.
306 1103 345 1134 D.
364 1104 539 1134 Commodotz'
555 1103 600 1133 vel
617 1108 735 1136 contra3
754 1109 826 1145 cum
842 1099 915 1138 ista,

58 1145 93 1174 de
107 1144 194 1184 plano
208 1154 288 1184 opus
306 1144 431 1182 facere,
456 1145 484 1175 i&
500 1146 531 1174 in
548 1143 679 1174 niacbina
693 1146 815 1186 operari
827 1164 835 1178 ‚
857 1149 914 1180 op-

59 1188 165 1226 ponit.
208 1185 283 1217 Hoc
295 1185 426 1226 planum.
468 1185 554 1226 Quid
573 1181 727 1213 tribunal?
757 1182 851 1213 altior
869 1182 914 1212 lo-

47 1234 117 1257 ·cus
146 1227 208 1257 fuit
226 1250 236 1265 ,
266 1227 333 1257 fere
357 1227 524 1266 hemicycli
561 1224 719 1254 schemate
744 1222 916 1254 introrsum

47 1275 226 1299 ‹cui-vatus:
243 1275 276 1298 ut
296 1266 457 1297 Vitruvius
475 1265 581 1296 scribit
596 1265 683 1305 lib.5.
708 1263 790 1296 Eum
808 1264 916 1296 locum

60 1308 177 1339 Cicero
188 1309 362 1348 superiorem
379 1308 535 1347 appellat,
567 1306 663 1346 eique
684 1315 798 1347 <equum
814 1314 918 1346 oppo-

56 1349 105 1380 nit
120 1349 204 1389 lib.3.
229 1349 278 1380 Ad
291 1347 477 1388 Etmiliares,
500 1345 578 1388 epist.
597 1352 625 1381 8.
650 1347 695 1378 his
714 1347 829 1378 verbis.
877 1346 917 1378 Il-

57 1388 108 1420 lud
123 1392 236 1430 quioem
253 1391 315 1430 scio
331 1412 339 1428 a
371 1399 443 1420 meos
464 1391 567 1421 multos
585 1412 594 1427 ‚
627 1387 662 1423 ὅ)
686 1387 821 1429 illustreis
837 1411 847 1427 ,
879 1387 915 1423 &⁹

54 1440 92 1462 ex
104 1432 268 1471 superiore,
292 1430 329 1465 &³
346 1439 380 1462 ex
394 1439 470 1473 aequo
497 1432 705 1467 locosermones
722 1431 829 1461 habitos
851 1439 915 1460 cum

56 1477 111 1503 tua
125 1475 241 1512 Jzunma
268 1472 351 1502 laude
374 1472 435 1506 &a
479 1471 647 1504 Tribunali
679 1481 776 1511 porro
808 1471 913 1502 sellam

55 1514 197 1545 curulem
211 1514 331 1554 imponi
351 1512 473 1545 solitam
486 1538 495 1553 ,
520 1514 603 1544 idem
623 1513 741 1544 Cicero
765 1513 809 1545 lib.
829 1523 857 1544 2.
881 1515 912 1544 in

55 1555 141 1587 Verr.
166 1565 190 1585 c.
209 1559 256 1596 38.
281 1555 416 1594 indicat3
439 1565 511 1587 cum
535 1554 576 1586 fic
593 1555 696 1595 inquit
711 1578 719 1592 ‚
754 1555 857 1585 Palam
880 1556 913 1584 tle

45 1596 121 1637 Jella
143 1602 229 1637 atque
252 1597 393 1627 tribunali
413 1598 626 1636 pronuntiavit.
674 1596 755 1627 ltem
778 1595 912 1628 Tacitus

53 1637 101 1668 lib.
123 1645 147 1668 1.
178 1637 290 1668 Annal.
316 1644 377 1678 cap.
408 1648 455 1679 75.
488 1638 594 1670 Verba
616 1636 749 1676 Taciti,
780 1637 913 1677 Jutliciis

51 1677 187 1718 afficiebat
204 1680 338 1717 mixtim,
362 1680 467 1711 autin
485 1689 573 1710 cornu
588 1678 761 1717 tribunalis,
780 1689 815 1708 ne
833 1679 911 1710 Prte-

51 1726 142 1792 Ξὲνευι
158 1721 252 1751 curuli
270 1721 424 1761 depelleret.
467 1720 624 1754 ulai-tiolis
643 1729 774 1762 quoque
795 1721 910 1762 [ilum.

76 1769 156 1802 P‘gr·
174 1772 224 1798 99-

135 1804 236 1834 Sedeas
253 1805 284 1834 in
298 1804 354 1835 alto
371 1810 404 1834 zu
422 1805 484 1835 licet
499 1805 658 1844 tribunali,

132 1843 173 1874 Et
190 1854 202 1874 e
219 1845 313 1875 curuli
325 1846 398 1886 jura
410 1847 544 1887 gentibus
558 1848 667 1877 reddas.

52 1884 154 1926 Igitur
173 1886 227 1916 illo
246 1889 274 1916 in
300 1887 445 1918 tribunali
464 1911 472 1924 ,
504 1887 618 1927 illaque
634 1888 665 1918 in
683 1885 774 1923 sella,
799 1885 851 1917 ubi
869 1884 910 1916 se-

51 1927 130 1958 dens
149 1926 351 1967 Magistratus
364 1929 409 1967 J'us
428 1928 575 1965 dicebat,
599 1927 682 1960 hassa
698 1926 796 1968 posita
819 1931 911 1967 (nam

54 1968 83 1998 ἃ
102 1968 170 1998 haec
184 1969 260 2008 poni
283 1968 380 2006 solet)
398 1976 451 2009 pro
475 1970 615 2000 triomzalz·
632 1993 642 2007 ‚
671 1970 701 2000 id
725 1972 789 2006 elt,
813 1969 844 1998 in
859 1969 911 1999 tri-

52 2009 154 2039 bunali
170 2032 180 2047 ,
212 2008 304 2040 Festo
331 2011 504 2049 interprete
524 2011 553 2041 in
579 2012 680 2041 verbo
694 2016 768 2050 pro,
792 2018 912 2050 cogno-

51 2048 140 2081 scere
163 2058 216 2080 aut
233 2051 406 2082 decernere
424 2051 599 2082 dicebatur.
625 2050 721 2082 More
738 2060 754 2081 a
771 2049 911 2082 Romulo

50 2090 253 2122 introduclo:
270 2093 310 2122 de
329 2101 394 2131 ouo
416 2093 456 2123 ita
474 2091 644 2133 Dionysius
661 2091 911 2123 Halicarnass‘eus

53 2131 101 2163 lib.
119 2142 147 2163 2.
171 2143 192 2163 c.
210 2143 239 2169 4.
264 2135 293 2163 in
304 2133 375 2173 fine.
409 2134 450 2164 Et
465 2144 554 2175 quum
571 2136 681 2164 videret
697 2135 788 2173 ipsum
806 2140 912 2164 metum

53 2172 177 2204 homines
198 2176 233 2205 alr
258 2177 335 2205 omni
352 2176 488 2214 facinore
511 2178 649 2206 deterrere
673 2176 799 2206 maxime
818 2175 911 2216 pr‘ffe,

51 2215 143 2246 multa
168 2217 204 2245 ad
226 2225 286 2246 eam
309 2226 366 2246 rem
379 2219 498 2256 paravit
513 2239 522 2256 ,
556 2215 591 2250 ἐξ
615 2216 743 2247 tribunal
762 2239 771 2254 ,
802 2219 852 2246 ubi
876 2226 909 2248 [ει

53 2257 121 2286 dens
130 2257 300 2297 judicabat,
310 2258 410 2297 infori
425 2259 480 2288 laco
495 2259 619 2289 maxime
636 2259 792 2298 conspicuo.
812 2257 913 2299 Quod

53 2296 76 2328 fi
94 2300 147 2336 qui
170 2298 209 2328 de
234 2298 378 2329 tribunali
395 2299 426 2329 in
446 2300 572 2339 planum
597 2298 847 2330 descendentem
864 2309 912 2331 re·

55 2338 214 2375 fluerent,
238 2340 325 2378 quod
347 2340 386 2370 de
408 2341 543 2372 Claudio
566 2340 737 2372 Suetonius
764 2339 863 2372 refert
881 2342 912 2372 in

57 2379 123 2419 ejus
147 2380 210 2410 vita
227 2403 236 2418 ,
264 2389 317 2411 aut
338 2381 477 2421 alioquin
506 2382 535 2413 &
560 2382 590 2413 in
619 2384 668 2413 via
685 2406 694 2421 ‚
731 2390 785 2412 aut
806 2383 912 2421 dorni,

56 2419 243 2452 desiderium
277 2421 362 2453 suum
389 2432 614 2463 exponerent:
647 2433 688 2455 co
714 2423 809 2462 casu,
843 2424 915 2464 quia

55 2461 117 2493 hos
134 2463 164 2493 in
182 2472 275 2503 aequo
295 2463 463 2495 consistens
479 2464 566 2503 solo,
590 2466 832 2506 proccdensve,
864 2475 914 2496 au—

56 2503 189 2542 diebat,
222 2505 387 2536 dicebatur
411 2507 443 2536 de
460 2506 546 2546 plano
578 2507 773 2548 cognoscere
793 2516 802 2546 ;
838 2507 917 2538 item

50 2546 201 2585 procedens
220 2546 267 2585 jus
286 2547 410 2585 dicere3
435 2548 600 2580 dicebatur
624 2550 653 2580 ά
666 2549 805 2588 planaria
826 2549 914 2579 inter-

55 2587 171 2625 pellatio
191 2598 198 2618 :
229 2595 265 2617 ut
293 2596 422 2627 apparet
443 2599 482 2620 ex
507 2589 522 2620 l.
544 2600 572 2628 4.
598 2590 630 2621 C.
654 2593 686 2621 de
713 2589 915 2628 dilationibus,

60 2635 152 2666 quam
170 2627 353 2661 Haloander
370 2630 412 2660 ita
427 2640 502 2662 vere
519 2631 664 2663 restituit.
705 2633 916 2672 Aprocedente

59 2668 157 2708 judice
180 2669 343 2701 dilationem
366 2681 422 2702 nou
455 2674 588 2704 convenit
609 2671 751 2714 postulari
767 2697 776 2711 ,
808 2671 918 2710 etiarnsi

63 2712 184 2749 utraque
195 2716 277 2750 parte
287 2713 421 2752 prasente
435 2715 600 2752 tribuatur,
612 2725 676 2745 cum
692 2725 748 2745 non
758 2714 849 2752 alias,
861 2712 918 2750 nisi

65 2751 152 2783 caula
171 2753 281 2791 cognita
294 2776 303 2790 ,
338 2754 483 2795 indulgeri
497 2762 582 2796 queat
598 2767 606 2787 .·
635 2755 671 2790 &³
689 2757 809 2797 cognitio
827 2758 917 2794 causae

65 2797 123 2819 non
140 2791 357 2830 interpellatione
370 2795 528 2834 planaria,
561 2798 685 2838 <vulgo
704 2797 838 2837 legitur,
858 2796 917 2835 ple-

60 2830 177 2901 znaria)
191 2833 244 2871 Jed
261 2833 413 2872 considente
437 2839 529 2878 magis
539 2839 638 2880 judice
658 2839 782 2880 legitime
804 2837 918 2879 colliga-

76 2880 121 2902 ur.

102 2912 150 2959 At
173 2915 437 2961 quemeclmodum
461 2919 596 2952 tribunal
622 2920 651 2951 (ἵε
675 2920 803 2960 planum
833 2929 920 2952 corn-

64 2961 253 2993 rmttuntur,
275 2964 319 2986 ita
337 2959 468 2991 tribunal
491 2961 519 2991 &
537 2962 661 2993 libellus
677 2962 696 2993 l.
713 2971 741 2993 2.
761 2962 792 2993 C.
847 2971 921 2992 uem-

64 2996 217 3026 admodum
238 2996 401 3037 testamenta
417 3003 585 3040 aperiantur
600 3026 609 3041 ,
641 3003 717 3034 item
742 3003 865 3034 libellus
890 3002 920 3034 &

63 3036 208 3076 cognitio
227 3036 278 3068 seu
305 3039 488 3080 decretum,
514 3051 719 3083 opponuntur
743 3044 762 3075 l.
777 3048 807 3075 6.
833 3044 865 3074 C.
889 3045 922 3075 de

62 3078 179 3118 praetliz's
204 3077 241 3112 ἃ
265 3080 329 3110 aliis
353 3082 434 3111 relius
460 3083 610 3118 minorum.
633 3085 652 3115 l.
670 3094 698 3122 9.
723 3084 752 3126 §.
774 3094 798 3117 1.
824 3085 864 3116 D.
889 3087 922 3116 de

65 3117 154 3157 officio
174 3119 357 3161 Proconsulis
384 3122 420 3156 &⁹
438 3122 562 3165 Legati:
588 3134 652 3156 non
677 3126 767 3157 aliam
785 3126 828 3156 ob
851 3136 921 3158 cau-

63 3159 144 3197 sam,
169 3169 261 3200 quarn
282 3163 367 3202 quod
388 3165 426 3194 de
444 3165 537 3204 plano
553 3165 710 3206 postulans
727 3190 735 3206 ,
760 3167 923 3207 Magistra·

67 3206 135 3232 tum
157 3210 213 3241 per
236 3203 377 3234 libellum
401 3206 505 3236 adibat
524 3230 532 3243 ‚
565 3207 595 3239 cz
616 3208 793 3247 ,postulanti
819 3209 921 3251 Magi-

65 3240 178 3273 stratus
211 3252 267 3281 per
305 3244 564 3286 subscriptionem
604 3248 814 3289 respondebat
832 3261 840 3281 :
876 3251 922 3283 uti

63 3291 178 3356 prssgyeaer
193 3285 270 3358 allios
291 3287 388 3319 docet
406 3288 519 3322 Paulus
535 3290 553 3322 l.
572 3299 616 3331 15.
638 3290 680 3324 D.
700 3293 733 3323 de
757 3293 786 3324 in
805 3292 857 3334 jus
872 3303 922 3326 vo-

1306 318 1434 365 Ulpiani
1468 316 1509 358 &
1544 320 1661 355 Senecae
1701 327 1839 356 tentatus

967 480 1056 514 cando
1075 507 1085 521 ,
1115 482 1145 514 ἃ
1170 481 1371 515 Modestinus
1393 484 1411 514 l.
1430 486 1479 520 ἐς).
1504 482 1546 516 D.
1570 485 1603 516 de
1619 485 1676 527 lege
1700 480 1833 518 Cornelia

968 526 1001 554 de
1013 524 1102 564 falfis
1120 535 1130 555 .·
1160 533 1192 556 at
1217 533 1287 565 quae
1313 526 1479 556 decretum
1505 527 1533 557 o'c
1555 526 1653 557 causae
1673 529 1834 568 cognitio·

967 574 1039 596 nem
1060 565 1278 597 desiderabant
1293 589 1303 604 ,
1326 576 1390 597 non
1414 574 1563 606 poterant
1588 578 1643 607 per
1668 569 1829 607 libellum,

967 616 1019 637 aut
1037 608 1130 644 alibi,
1155 617 1247 646 quam
1266 616 1324 645 pro
1342 608 1507 646 tribunali,
1540 610 1682 648 expediri
1709 611 1727 641 l.
1747 620 1773 646 9-
1799 611 1829 651 ᾖ.

969 657 995 679 1.
1021 648 1062 679 D.
1087 650 1119 679 de
1136 648 1225 689 officio
1249 649 1431 689 Proconsulis
1455 648 1491 683 ξῡ9
1516 649 1631 690 Legati.
1656 651 1672 681 l.
1696 662 1723 692 3.
1748 652 1776 692 §.
1797 658 1827 686 8.

967 688 1009 720 D.
1032 691 1066 720 de
1082 691 1216 720 bonorum
1235 689 1454 730 poſjeffiortibtts.
1497 690 1614 730 quue
1640 691 1752 724 referri
1776 694 1830 724 de-

967 730 1023 760 bet
1050 731 1081 762 id
1107 731 1239 762 Achillis
1263 730 1348 762 Tatii
1372 731 1420 762 lib.
1440 737 1468 766 8.
1504 731 1549 762 De
1578 732 1766 772 Clitophontis
1791 733 1828 768 δέ*

966 771 1123 811 Leucippes
1139 774 1296 803 amoribus·
1337 772 1392 803 Sed
1408 782 1497 814 neque
1511 774 1669 814 quidquam
1685 773 1724 815 est
1735 775 1828 816 ‚quod

965 817 998 841 tu
1019 812 1174 852 (l'rael‘es)
1193 821 1244 853 pro
1266 820 1318 844 tua
1336 813 1507 845 austeritate
1524 812 1654 854 statuere
1666 823 1752 856 prius
1775 824 1830 847 au-

964 854 1050 891 deus,
1074 863 1161 894 quam
1179 854 1229 884 hoc
1245 855 1355 894 infolio
1372 855 1514 893 confidens
1543 856 1602 888 His
1618 857 1717 897 adde,
1738 859 1827 897 quod

964 902 1000 924 ea
1026 903 1095 934 quae
1120 893 1240 926 fiebant
1262 903 1318 936 per
1343 896 1482 928 libellum
1500 920 1510 935 ,
1544 899 1688 937 quamvis
1718 899 1826 939 paffim

964 936 1192 975 expedirentur
1212 937 1251 967 de
1276 938 1392 977 plano,
1423 945 1528 969 tamen
1548 939 1577 969 ἃ
1594 948 1653 980 pro
1677 941 1825 972 tribunali

963 976 1210 1016 postulationum
1226 978 1278 1009 die
1294 978 1377 1010 refte
1393 979 1603 1019 petebantur,
1624 990 1730 1021 eoque
1747 981 1826 1013 sum-

962 1019 1070 1048 matim
1096 1020 1224 1059 cognita
1243 1042 1252 1057 ,
1285 1018 1546 1059 subscriptionem
1572 1021 1675 1053 statim
1699 1031 1751 1054 aut
1779 1022 1826 1054 se·

961 1066 1080 1098 querite
1102 1062 1152 1090 die
1168 1060 1377 1100 recipiebant.
1400 1070 1532 1100 contra,
1555 1062 1606 1094 illa
1620 1072 1691 1104 quae
1714 1065 1824 1105 cogni-

960 1101 1057 1130 tionis
1086 1109 1174 1131 erant
1192 1124 1201 1138 ,
1239 1109 1430 1142 quamquam
1462 1104 1673 1144 cognitione,
1714 1105 1824 1138 saltem

958 1139 1139 1179 summaria,
1163 1142 1361 1183 indigerent,
1385 1153 1449 1175 non
1470 1152 1575 1176 tamen
1597 1147 1637 1177 de
1655 1147 1751 1187 plano
1768 1145 1823 1179 fie-

957 1191 980 1213 ri
1006 1192 1165 1222 poterant.

999 1224 1091 1254 Adeo
1121 1225 1162 1255 de
1193 1224 1288 1265 plano
1318 1221 1545 1259 &summatim
1578 1225 1731 1269 cognosci
1756 1233 1824 1262 non

959 1262 1082 1305 semper
1100 1265 1184 1297 idem
1203 1267 1267 1298 fuit
1284 1277 1292 1298 ε
1322 1267 1420 1299 mulsa
1439 1277 1528 1300 certe
1550 1279 1620 1309 quae
1646 1270 1823 1303 summatim

960 1306 1254 1347 cognoscebantur,
1278 1318 1337 1349 pro
1358 1309 1527 1349 tribunali,
1556 1320 1621 1341 non
1644 1313 1683 1342 de
1707 1314 1824 1352 plano,

960 1348 1104 1387 expediri
1129 1350 1285 1389 oportuit.
1327 1349 1520 1391 Exemplum
1541 1353 1570 1383 in
1596 1353 1747 1396 decretali
1767 1354 1822 1384 bo·

958 1397 1072 1420 norum
1091 1390 1279 1429 posseffione
1297 1400 1368 1432 quae
1394 1402 1432 1423 ex
1457 1392 1659 1425 Carboniano
1683 1394 1823 1434 Edicto,

959 1431 1009 1461 vel
1035 1431 1074 1461 ad
1093 1433 1275 1472 exemplum
1303 1433 1369 1473 eJ‘us
1388 1457 1397 1472 ‚
1433 1435 1551 1466 datur:
1585 1445 1621 1466 ea
1646 1437 1730 1468 enim
1749 1445 1823 1468 cum

956 1471 1111 1503 desideret
1134 1472 1235 1504 causae
1261 1475 1484 1516 cognitionem
1504 1500 1512 1515 ‚
1552 1475 1659 1508 saltem
1690 1477 1823 1510 summa-

956 1522 1032 1544 riam
1055 1514 1073 1544 l.
1093 1523 1117 1546 1.
1143 1515 1161 1545 l.
1181 1525 1208 1556 3.
1232 1515 1260 1556 ἕ.
1279 1525 1308 1555 4.
1334 1514 1378 1548 D.
1403 1518 1436 1547 de
1454 1517 1632 1548 Carboniano
1654 1519 1784 1558 Editio,
1799 1520 1821 1551 l.-

958 1564 983 1585 1.
1009 1554 1037 1596 §.
1059 1563 1105 1594 14.
1131 1555 1172 1587 D.
1195 1558 1228 1587 [le
1244 1562 1346 1588 ventre
1362 1559 1395 1588 in
1407 1557 1597 1598 poffeffionern
1613 1561 1768 1597 mittendo,
1792 1571 1823 1592 a·

955 1597 1028 1634 libi,
1053 1606 1146 1636 quam
1166 1607 1224 1637 pro
1244 1598 1412 1638 tribunali,
1438 1601 1500 1631 dari
1522 1601 1633 1638 nequit
1655 1601 1674 1633 l.
1693 1612 1720 1640 ξς.
1767 1625 1772 1631 .
1791 1607 1822 1636 8.

955 1637 997 1669 D.
1023 1639 1054 1668 tle
1080 1640 1217 1669 hortorum
1230 1638 1447 1680 poffeffionibus.
1471 1642 1489 1672 l.
1511 1652 1539 1673 2.
1571 1641 1601 1683 §.
1625 1651 1650 1673 1.
1675 1642 1718 1675 D.
1777 1645 1823 1674 uis

954 1680 1019 1710 ordo
1037 1681 1067 1709 in
1081 1680 1154 1720 poffe
1178 1682 1290 1711 ionibus
1304 1685 1450 1721 servetur.

994 1722 1101 1760 Atque
1119 1721 1187 1752 haec
1207 1729 1241 1753 ut
1263 1723 1359 1762 paulo
1377 1724 1500 1764 plenius
1517 1721 1823 1766 intelliganturfflb‘

954 1761 1141 1794 servandum
1162 1772 1314 1802 praeterea
1340 1765 1383 1795 est
1400 1775 1439 1796 ex
1463 1765 1653 1807 'l'heophilo
1672 1770 1708 1798 acl
1739 1767 1767 1809 §.
1787 1778 1819 1807 4.

954 1801 1028 1844 Iuli.
1061 1803 1125 1847 Qui
1149 1804 1185 1838 &⁹
1213 1807 1315 1846 quihus
1338 1815 1374 1836 ex
1403 1805 1495 1844 causis
1529 1810 1732 1839 manumittere
1761 1819 1821 1840 non

948 1845 1084 1885 poffunt,
1109 1847 1197 1885 quod
1215 1848 1245 1876 in
1268 1845 1355 1877 Urbe
1373 1847 1513 1885 Praetor,
1550 1849 1578 1880 δι
1602 1850 1632 1881 in
1651 1851 1821 1891 provincia

953 1885 1087 1924 Praeses,
1113 1895 1204 1918 certo
1228 1888 1300 1919 anni
1318 1896 1464 1929 tempore
1491 1887 1570 1921 solet
1587 1890 1821 1931 Conventum,

953 1926 1016 1958 five
1036 1927 1153 1958 Forum
1178 1929 1336 1960 indicere:
1368 1932 1398 1961 id
1418 1929 1482 1968 est,
1515 1932 1570 1970 (ut
1586 1932 1671 1972 ipse,
1695 1933 1726 1964 ὅ(
1747 1932 1820 1964 Ser·

953 1970 1021 1999 vius
1040 1971 1079 2000 ad
1099 1968 1265 2010 Virgilium
1280 1969 1369 2011 lilr.5.
1389 1971 1506 2002 AEneid.
1531 1974 1606 2009 verli
1627 1978 1696 2013 758.
1722 1975 1820 2006 inter-

954 2011 1124 2049 pretatur)
1155 2019 1280 2050 tempus
1310 2012 1340 2043 ὅ(
1376 2013 1483 2044 locum
1523 2014 1822 2055 distinguendorum

955 2053 1161 2092 negotiorum
1177 2052 1320 2084 definire.
1367 2053 1518 2085 Meminit
1534 2056 1640 2087 talium
1668 2056 1820 2089 Conven-

956 2101 1043 2123 tuum
1060 2093 1229 2126 Suetonius
1245 2095 1275 2124 ῐη
1295 2093 1380 2134 Julio
1402 2105 1425 2126 c.
1444 2105 1471 2136 7.
1499 2096 1626 2135 dicens,
1644 2097 1819 2138 Caellarem,

955 2144 1028 2165 cum
1053 2135 1082 2165 ei
1105 2133 1263 2176 Quaestori
1290 2136 1422 2167 ulterior
1450 2137 1599 2177 Hispania
1620 2139 1821 2179 obvenisset,

956 2176 1103 2208 mandatu
1128 2177 1275 2208 Praetoris
1299 2177 1368 2217 jure
1393 2179 1534 2209 dicundo
1554 2189 1736 2211 conventus
1762 2182 1823 2213 cir-

956 2217 1106 2248 cumiiffe.
1150 2216 1192 2248 Hi
1222 2217 1412 2250 Conventus
1442 2220 1546 2251 Plinio
1563 2222 1712 2253 dicuntur
1730 2222 1821 2262 Juri-

955 2260 1013 2289 dici
1029 2259 1193 2290 Conventus
1216 2259 1264 2290 lib.
1286 2269 1314 2300 3.
1340 2260 1453 2291 Natur.
1482 2258 1578 2301 histor.
1612 2273 1636 2294 c.
1662 2272 1686 2294 1.
1719 2274 1791 2295 cum
1809 2286 1820 2304 ,

955 2300 1102 2340 Juridici,
1122 2300 1243 2341 inquit,
1254 2309 1413 2332 conventus
1429 2303 1454 2332 ei
1471 2310 1606 2343 quatuor.
1631 2304 1821 2345 Gaditanus,

957 2340 1166 2380 Cordubensis,
1188 2341 1394 2383 Astigitanus,
1427 2343 1616 2383 Hispalenfis.
1659 2345 1821 2379 Dicuntur

957 2392 1086 2423 quoque
1107 2384 1136 2414 ei
1157 2382 1339 2423 simpliciter
1358 2384 1523 2415 Conventus
1549 2386 1579 2416 in
1603 2385 1652 2417 his
1673 2388 1776 2419 verbis
1794 2399 1819 2419 c.

957 2435 985 2465 3.
1010 2425 1104 2456 Nunc
1120 2425 1258 2463 universa
1269 2426 1423 2465 provincia
1447 2426 1591 2457 dividitur
1608 2429 1640 2457 in
1664 2435 1822 2460 conventus

950 2471 1083 2508 septem:
1115 2466 1399 2506 Carthaginiensem,
1427 2466 1687 2507 Tarraconensem,
1712 2469 1820 2509 Coesar-

958 2505 1155 2548 augustanum
1172 2529 1181 2544 ,
1216 2507 1422 2547 Cluniensem,
1454 2506 1618 2548 Asturum,
1644 2509 1821 2551 Lucerum,

958 2549 1129 2580 Bracarum.
1172 2546 1214 2579 Et
1232 2548 1263 2578 in
1282 2547 1435 2588 sequente
1453 2549 1576 2591 Lapide
1599 2552 1682 2592 apud
1706 2551 1821 2585 Reine·

958 2590 1057 2628 smum
1082 2588 1168 2629 Claff.
1182 2599 1212 2630 3.
1239 2588 1373 2630 Inscript.
1391 2600 1439 2622 22.
1492 2630 1501 2638 .

1288 2639 1365 2663 xlx-11».
1391 2640 1482 2663 cAEs.

1090 2681 1122 2703 T.
1146 2680 1413 2705 AEL10.HAD.
1437 2682 1691 2709 ANTONINQ.

1119 2721 1214 2745 Auo.
1239 2723 1320 2745 1³10.
1344 2724 1370 2745 P.
1400 2725 1428 2746 P.
1455 2725 1653 2748 cos.1111.

1093 2762 1214 2786 PONT.
1238 2763 1476 2789 MAX.TR1B.
1500 2767 1679 2790 POTEST.

1206 2805 1473 2831 coquNTvs.
1497 2808 1578 2831 cAR

1311 2847 1461 2873 TAGIN.

1156 2887 1366 2912 CVRANTE.
1391 2891 1628 2915 POSTVMIO.

1286 2930 1498 2955 FLAMINE.
1741 2958 1743 2961 .

962 2958 1090 2993 Deinde
1113 2961 1369 3003 observandum,
1401 2967 1488 3005 quod
1514 2965 1720 2997 inchoaturus
1737 2963 1823 2997 huna

966 3003 1173 3035 conventum
1199 3004 1316 3036 Praeses
1334 3028 1344 3044 ,
1377 3006 1542 3038 Praetorve
1560 3029 1569 3044 ,
1601 3005 1709 3037 solitus
1738 3004 1823 3045 fuit,

964 3054 1037 3076 eum
1055 3046 1097 3076 ita
1118 3046 1261 3077 dividere
1279 3069 1288 3084 ,
1320 3054 1355 3077 ut
1380 3048 1475 3080 alium
1496 3048 1578 3079 diem
1605 3046 1824 3086 postulationi-

963 3087 1020 3118 bus
1038 3109 1047 3124 ‚
1078 3087 1171 3119 alium
1189 3087 1428 3129 cognitionibus
1445 3112 1455 3127 ,
1483 3089 1576 3119 aliurn
1597 3087 1736 3119 decretis
1751 3111 1761 3127 ,
1792 3097 1824 3118 a-

963 3128 1039 3159 lium
1055 3129 1344 3161 manumiffionibus
1356 3152 1365 3167 ,
1382 3131 1476 3160 alium
1493 3129 1558 3159 aliis
1573 3129 1734 3168 partibus,
1758 3128 1827 3161 affi-

964 3176 1091 3211 gnaret3
1116 3172 1161 3201 uti
1185 3170 1268 3202 idem
1291 3169 1497 3210 Theophilus
1517 3170 1615 3200 docet
1630 3171 1670 3202 ad
1691 3172 1719 3202 d.
1743 3170 1773 3211 §.
1791 3181 1821 3209 4.

964 3210 1036 3248 Inli.
1063 3212 1092 3243 ὅτ.
1114 3221 1154 3243 ex
1171 3210 1313 3252 Ulpiano
1340 3210 1523 3251 intelligitur
1544 3210 1562 3242 l.
1580 3221 1606 3243 2.
1630 3210 1659 3252 §.
1682 3221 1706 3243 1.
1732 3211 1769 3246 &²
1791 3222 1821 3242 2.

964 3251 1006 3284 D.
1027 3253 1105 3298 Quis
1122 3254 1186 3284 ordo
1204 3254 1236 3283 in
1247 3250 1453 3292 poffeffionibus
1462 3254 1606 3292 servetur.
1628 3253 1709 3293 apud
1727 3261 1825 3293 quem-

965 3301 1092 3335 tamen,
1115 3302 1149 3327 ut
1165 3293 1228 3326 hoc
1246 3293 1351 3365 obbiier
1367 3293 1498 3334 addam,
1523 3294 1554 3326 iu
1572 3294 1619 3326 his
1638 3293 1782 3378 νεὼὶεὲ.
1797 3302 1826 3364 1¹⁵3

1301 3344 1305 3354 ‘
1774 3344 1801 3364 ul
