2036 3495
455 95 521 130 AD
547 94 640 130 Lm.
669 91 716 127 V.
754 90 855 126 Ttr.
886 90 927 125 11.
963 89 1013 123 De
1029 87 1193 136 inofficiofh
1212 91 1401 141 testamento.

25 198 94 226 retr·
108 196 145 223 ut
159 196 195 224 ut
211 189 362 222 liberatus
376 185 528 218 oneribus
539 181 743 228 hereditariis⁴
762 179 780 210 l.
792 189 843 220 532.
857 180 900 227 D.-

23 236 58 267 de
72 216 235 273 thanumiff.
255 230 364 272 testam.
387 227 544 260 Viderunt
564 226 627 271 boc
643 225 696 263 (ut
715 225 800 261 dix1)
819 229 901 260 opti-

24 284 77 308 me
102 274 208 306 Graeci
226 273 273 304 lib.
293 280 342 317 39:
360 272 405 302 tit.
429 279 454 300 i.
478 267 610 299 Scholio
636 266 674 297 ad
694 266 722 295 d.
739 264 757 294 ι.
775 267 802 297 8.
828 263 856 304 §.
871 272 900 300 9.

22 318 65 350 lit.
81 316 112 348 S.
125 322 156 357 p.
178 324 247 355 240.
265 313 301 348 ὅ)
312 316 372 358 seq.
391 319 456 341 tom.
473 320 502 349 5.
534 350 540 355 ·
670 347 675 352 .
741 346 746 351 ⁴

63 358 190 390 Vereor
231 365 271 387 ne
292 353 449 386 fastidium
476 356 575 390 pariat
591 348 717 388 longior
740 354 895 393 interpre-

24 400 124 432 tatio·
150 380 208 429 sed'
218 405 281 428 non
298 394 342 426 est
362 398 453 434 longa
471 400 562 432 quam
579 399 627 421 res
643 387 806 419 desiderat.
839 395 901 418 uti--

25 450 90 482 que
105 423 387 479 i’nvestigaiitibus,
405 433 531 475 quando
550 428 826 476 quartanisalvain
846 429 896 459 ha-

21 481 100 514 beat
126 479 354 513 exheredatus,
378 486 415 507 an
440 481 571 514 oportet
596 481 725 509 omitti,
752 479 896 510 quaenam

24 525 54 555 ei
72 519 294 563 imputentur?
318 518 403 559 Ergo
419 518 449 548 i'n
467 523 610 554 quartam
628 515 840 559 imputantur,
857 514 901 542 de

25 563 139 606 quibus
182 571 215 593 ut
240 567 452 600 imputentur,
478 557 600 597 legibus
618 554 797 593 expressum
815 553 859 584 est
875 552 898 599 13>

17 587 185 649 pen.‘C.’de
202 602 407 633 collationibus.
442 598 514 629 talia
538 607 577 628 ex
602 605 728 637 propria
754 594 900 626 defunCtii

23 641 191 679 substantia
215 643 312 679 accipi
333 667 339 675 .
370 640 556 680 justinianus
587 638 685 669 refert
708 637 830 682 Novem
851 640 899 669 185

23 699 48 720 c.
67 697 92 720 1.
130 686 170 718 Et
190 687 218 716 in
236 684 254 715 l.
275 688 300 717 8.
317 683 350 725 §.=
368 692 410 722 15.
430 683 458 712 h.
477 688 497 711 t.
521 680 706 720 exemplum
731 688 760 709 in
788 683 899 724 quarta)

23 729 70 762 D.
83 729 124 760 Pii
143 736 211 766 quae
227 726 266 756 ab
284 725 448 763 impubere
464 722 531 754 filio
547 730 715 761 arrogato,
731 720 760 751 &
776 718 838 750 fine
851 727 897 764 Ju-

23 770 67 803 sta
95 773 181 800 caula
213 775 416 806 emancipato
435 788 445 803 ,
479 764 719 795 exheredatove
737 785 746 800 ‚
778 761 895 806 PrinCi-

23 812 72 852 pis
104 809 319 851 providentia,
355 808 384 837 id
411 806 474 844 est,
499 805 572 849 ipso
596 805 691 845 jure,
722 809 897 843 percipitur

22 854 108 886 hunc
123 861 152 882 in
171 850 265 882 finem
283 850 298 879 l.
322 859 369 881 22.
387 848 415 891 ᾗ,
433 857 458 879 r.
479 848 523 877 l).
541 848 573 878 de
583 846 789 890 adoptionibus.
808 843 896 888 Ideni

24 894 89 928 est,
107 893 127 924 fi
147 893 221 932 quid
241 901 278 922 ex
295 890 436 921 defuncti
457 889 550 920 bonis
568 888 633 928 ejus
652 887 773 927 J'udicio
791 885 895 915 obtin-

22 929 110 976 gat'l.
130 939 156 968 8.
176 934 208 964 C.
227 934 253 963 h.
273 938 293 963 t.
312 940 345 962 ut
365 932 483 970 legata,
502 927 760 966 fideicommissa,
779 927 806 957 ὅ(
820 935 895 972 ’ᾳιιω

21 977 92 1009 haec
120 976 281 1007 imitantur
298 997 307 1011 ,
335 974 524 1003 donationes
550 972 660 1002 moi-tis
686 971 794 1006 caula,
819 975 895 998 item

24 1018 212 1050 donationes
233 1016 315 1046 inter
331 1015 443 1052 vivos,
468 1013 605 1045 maxime
629 1011 719 1042 fattae
746 1010 804 1040 hac
820 1018 894 1038 con-

24 1059 235 1090 temulatione
254 1079 262 1093 ‚
285 1065 316 1086 ut
342 1055 371 1086 in
397 1063 539 1095 quartam
567 1054 763 1091 imputentur
790 1050 817 1091 §.
838 1049 892 1080 ult.

24 1090 100 1137 lviii]
117 1102 124 1128 l
152 1110 199 1139 ²5-
225 1098 260 1127 l).
276 1097 339 1131 &L
359 1107 406 1138 35.
425 1096 443 1138 §
464 1106 491 1127 2.
510 1096 541 1126 C.
558 1096 584 1126 b.
598 1101 618 1125 t.
637 1094 811 1138 imperator
827 1091 892 1137 dt§·

25 1138 80 1173 tiit,
100 1150 156 1170 nrt.
183 1139 243 1171 esse
261 1140 289 1170 ὁὶ
306 1139 382 1169 alios
401 1139 515 1169 modos
531 1137 582 1175 qui
600 1136 665 1176 ejus
684 1133 894 1179 Constitutio-

24 1185 117 1216 miluc
136 1182 351 1211 ςηῃτίηεῃωτ.
378 1179 443 1222 Qui
460 1178 505 1209 iiii
518 1178 534 1209 ἱ)
553 1179 664 1208 mortis
683 1176 770 1207 caula
787 1183 893 1214 capio-

25 1234 39 1256 ι
52 1235 101 1253 ez,
121 1234 209 1262 aeqiie
220 1232 234 1252 a
249 1223 366 1261 iudicio
377 1220 518 1252 defuncti
532 1217 789 1262 proficiscentes,
801 1224 894 1256 quam

23 1275 135 1297 nimiis
148 1263 232 1294 causa
243 1263 451 1299 donationes3
467 1261 661 1300 imputantur
670 1266 759 1289 certe
769 1266 798 1288 in
809 1266 897 1303 quai-3

30 1316 89 1337 tant
112 1305 327 1343 Planasianam‘l
347 1312 397 1340 91.
414 1304 459 1333 l).
479 1302 528 1332 Aa
537 1302 624 1341 legem
641 1299 747 1331 Falcid.
772 1300 847 1338 quid
865 1307 897 1329 ni

28 1351 58 1379 in
79 1338 246 1388 legitimam
258 1346 274 1375 ‘i’
292 1346 342 1375 led
361 1354 408 1375 res
424 1350 554 1383 apparet
572 1352 610 1373 ex
623 1340 820 1386 Noveii.115.
835 1350 855 1370 c.
869 1349 897 1380 3.

28 1390 61 1421 1η
79 1390 194 1419 eodem
213 1396 344 1418 numero
361 1385 405 1417 est
423 1385 499 1421 dos,
519 1385 595 1415 item
613 1385 744 1414 donatio
762 1388 898 1422 propter

24 1431 149 1470 nuptia<
168 1430 186 1460 l.
204 1439 249 1464 29
272 1428 304 1458 C.
322 1427 348 1458 b.
367 1434 388 1457 t.
413 1435 474 1457 nec
490 1426 593 1457 minus
609 1425 728 1455 lucrum
742 1425 829 1469 quod
844 1432 898 1454 oc·

26 1473 151 1503 catione
170 1471 288 1502 militiae
304 1479 341 1500 ex
362 1467 502 1499 defunsti
521 1467 664 1508 pecuniis
682 1466 837 1512 quaeiitae,
858 1464 898 1495 ad

28 1517 255 1545 exheredatum
273 1512 667 1551 praeteritumveternpore
682 1514 793 1539 mortis
806 1504 896 1552 testa-

28 1555 106 1585 toris
125 1554 289 1593 pervenire
307 1553 414 1591 potuit
429 1551 445 1581 l.
465 1560 514 1583 20.
530 1550 562 1581 C.
589 1551 622 1580 de
636 1548 850 1580 collationibus.-
876 1556 897 1578 i-

29 1595 112 1630 deo,
130 1595 214 1632 quud
231 1593 299 1623 talis
315 1593 348 1623 iit
367 1592 494 1629 militia,
511 1599 544 1622 ut
562 1592 737 1629 vendatur,
750 1590 800 1636 vel
816 1598 899 1620 mor-

32 1643 90 1667 tuo
109 1636 260 1665 militante
278 1643 364 1664 ceria
384 1634 514 1672 pecunia
537 1633 574 1663 ad
592 1632 726 1663 heredes
750 1640 815 1671 ejus
832 1640 900 1669 pei·-

30 1677 147 1707 veniat.
173 1685 208 1706 ea
232 1677 311 1705 ratio
336 1675 475 1705 adfertur
490 1673 509 1704 l.
529 1683 575 1714 30.
594 1673 622 1715 §.
643 1672 720 1718 2·.C·
735 1672 762 1703 b.
780 1679 801 1703 t.
831 1672 899 1704 Soli

31 1718 75 1750 ibi
92 1717 295 1754 excipiuntur
310 1716 475 1747 Silentiarii
492 1714 563 1745 saci-i
583 1715 698 1755 palatii.
730 1713 801 1745 Nec
817 1723 899 1755 opus

33 1759 125 1795 addi,
143 1759 210 1789 talis
224 1758 339 1789 inilitiae
350 1757 563 1798 appellatione
581 1756 688 1787 venire
700 1764 828 1787 omnem
847 1764 900 1795 pu·

29 1800 146 1831 blicam
163 1798 466 1838 t›p‹1ramstipendiis
480 1798 606 1838 publice
617 1796 794 1828 constitutis
812 1804 899 1828 exer-

32 1842 98 1872 ceri
117 1841 249 1872 solitam.
272 1848 382 1871 notum
401 1841 431 1871 id
450 1840 565 1879 vulg03
583 1839 611 1869 δε
626 1848 664 1869 ex
684 1838 824 1878 professo
843 1847 901 1869 tra-

33 1883 135 1914 ditum
147 1891 164 1912 a
178 1882 299 1921 lambo
312 1881 467 1912 Raevardo
485 1881 530 1911 lib.
543 1890 570 1920 3.
589 1880 711 1921 Conjeei.
728 1880 900 1923 c.3.&An-

31 1925 125 1955 tonio
147 1922 336 1962 Augustino,
360 1923 407 1953 lib.
431 1923 479 1953 De
494 1922 577 1952 milit.
594 1931 630 1952 ex
643 1921 722 1962 casii.

71 1964 176 1995 Cessat
195 1966 287 2000 initur
306 1963 469 1995 inofficiosi
481 1964 626 2002 querela,
642 1962 660 1994 fi
673 1962 804 1994 testator
820 1962 900 2002 filio,

30 2006 121 2036 verbi
140 2014 254 2046 gratia,
278 2005 403 2044 reliquit
427 2014 567 2044 quartam
588 2005 778 2045 legitimam:
802 2006 900 2036 modo

29 2046 205 2085 fitintegra.
224 2056 294 2078 nani
310 2046 328 2077 fi
348 2056 382 2077 ea
403 2048 504 2077 minus
520 2046 703 2085 reliquerit3
722 2045 824 2077 auhuc
840 2046 900 2077 fuit

31 2089 167 2128 querelae
186 2089 291 2118 locus:
316 2096 523 2127 praeterquam
542 2088 667 2118 duobus
685 2087 812 2119 casibus
839 2089 900 2128 pri-

30 2138 69 2161 or
85 2138 151 2160 erat
164 2153 173 2167 ,
189 2128 207 2159 fi
226 2129 292 2160 filio
308 2130 431 2161 minore
447 2139 487 2160 ex
504 2137 592 2169 parte
605 2128 722 2160 herede
738 2129 901 2168 institutO,

32 2170 147 2202 fratres
164 2169 458 2202 esstntcoheredes.
476 2171 594 2202 Auctor
612 2170 818 2210 Pauluslib.4.
830 2171 900 2201 Sciz-

31 2217 93 2242 teni:
122 2214 165 2242 iit.
184 2222 211 2250 5.
232 2211 259 2253 §.
281 2221 309 2250 7.
332 2211 371 2242 sic
400 2211 548 2243 scribens.
573 2210 664 2242 Filius
682 2213 835 2253 injudicio
849 2219 900 2253 pa·

30 2252 124 2290 crissi
137 2255 231 2284 minus
249 2260 354 2293 quarta
366 2255 496 2294 portione
512 2257 674 2288 consecutus
684 2253 741 2291 fit,
762 2260 795 2284 vt
813 2264 899 2295 quar-

29 2299 61 2325 ta
77 2293 130 2330 sibi
149 2305 165 2324 a
183 2294 361 2325 coheredibus
371 2295 518 2335 fratribus
540 2297 613 2326 cz'tra
630 2294 781 2335 inofficiofi
803 2305 900 2337 quere-

29 2335 87 2367 lam
112 2335 284 2376 impleatur,
303 2336 371 2377 jure
395 2334 538 2372 desiderat.
583 2337 672 2367 Alter
697 2338 783 2367 caius
802 2336 896 2368 estin

28 2377 51 2409 l.
67 2387 95 2415 4.
116 2377 183 2407 Coa.
203 2376 304 2407 Theoti.
322 2378 349 2407 h.
370 2384 391 2408 t.
430 2377 479 2409 Ad
503 2386 673 2417 utrumque
698 2378 825 2416 respicit
844 2377 897 2410 Ui-

27 2418 137 2458 pianus
151 2418 169 2449 l.
187 2428 235 2457 25.
262 2420 303 2448 l).
322 2420 349 2449 d.
367 2425 387 2449 t.
412 2419 445 2450 Si
455 2428 512 2449 nrm
522 2421 621 2449 irionis
637 2419 833 2460 caiisafueri't
850 2422 897 2450 do·

28 2465 147 2496 natum,
167 2462 219 2496 ¹led
244 2461 319 2490 inter
333 2461 436 2497 vivos;
460 2461 513 2492 hac
533 2467 629 2491 tamen
646 2461 895 2500 contemplatione,

28 2505 63 2530 at
78 2501 109 2532 in
125 2506 260 2541 quartam
275 2503 431 2532 habeatur:
450 2500 539 2542 potest
557 2503 613 2533 diez·
630 2501 781 2541 inofliciosi
795 2513 894 2544 quere-

28 2540 87 2571 lam
113 2541 230 2582 efflare,
247 2541 275 2579 fi
298 2549 431 2583 quartam
453 2545 483 2574 in
508 2545 658 2574 donatione
681 2545 783 2579 baim,-
807 2550 858 2574 aut
868 2543 897 2582 fi

29 2582 127 2613 minus
150 2583 266 2621 habeat,
289 2586 363 2623 quod
387 2583 457 2623 deest
477 2586 536 2616 viri
552 2586 615 2615 boni
631 2586 775 2616 arbitratu
792 2587 895 2626 replea-

31 2628 100 2658 tur3
115 2629 165 2653 aut
182 2631 253 2654 cerie
268 2626 393 2663 conferri
408 2632 531 2666 oportere
547 2628 596 2664 id,
612 2628 686 2667 qaod
695 2629 832 2658 donatum
844 2625 893 2667 est.

29 2661 173 2695 Iudicavi
189 2665 236 2703 jus
252 2673 360 2696 vetus:
377 2668 462 2704 quod
479 2667 508 2698 se
527 2668 673 2705 mutaffe,
690 2668 788 2699 refert
807 2668 897 2707 justi-

28 2705 142 2736 nianus
156 2704 184 2745 §.
196 2715 222 2744 3.
240 2704 308 2745 Inst.
325 2707 351 2736 b.
368 2713 387 2735 t.
413 2708 441 2738 ὅ(
458 2717 545 2739 εκῑεη
556 2709 753 2740 Constitutio
770 2711 799 2741 in
818 2710 835 2741 l.
847 2720 895 2750 30.

29 2745 68 2781 ὅ)
83 2755 133 2785 31.
151 2747 184 2776 C.
204 2747 260 2776 eod.
296 2745 436 2791 Utraque
453 2748 515 2780 huc
533 2750 652 2788 tendit,
679 2760 710 2781 ut
727 2750 747 2782 fi
764 2759 896 2791 quanta-

29 2795 171 2826 cumque
189 2796 257 2826 pars
274 2787 459 2820 hereditatis
477 2791 526 2821 vel
543 2801 591 2821 res
610 2791 676 2823 filio
693 2791 727 2823 fit
739 2802 754 2822 a
768 2793 896 2824 testato-

28 2837 63 2860 re
86 2827 211 2866 rehem,
235 2829 275 2858 de
291 2827 470 2860 inofficioso
494 2832 620 2870 querela
639 2837 843 2872 quiescente,
867 2833 899 2865 id

30 2871 118 2915 quod
142 2871 170 2900 ei
197 2869 303 2908 decit,
327 2879 426 2906 usque
445 2871 483 2902 ad
501 2881 642 2910 quartam
659 2874 810 2914 legicimae
828 2885 897 2915 por.

30 2913 126 2942 tionis
144 2910 320 2949 repleatur,
345 2911 420 2942 licet
438 2921 499 2943 non
520 2913 617 2944 fuerit
633 2915 805 2954 adjettum,
830 2926 899 2947 earn

29 2952 148 2983 debere
168 2952 224 2982 viri
245 2951 321 2983 boni
338 2951 469 2983 arbitrio
485 2955 650 2993 compleri.
676 2955 778 2988 Valde
794 2966 900 2989 autem

27 2993 154 3033 probo,
179 2993 266 3032 quod
292 2994 316 3024 d.
344 2993 362 3034 §
388 3003 416 3033 3.
448 2994 491 3025 ait
516 2994 710 3036 Imperator,
736 2998 797 3029 sese
817 2999 900 3029 hanc

27 3033 300 3066 Constitutionein
328 3035 532 3067 introduxisse
556 3038 593 3067 ad
611 3039 832 3071 verecundiam
850 3050 901 3070 na-

29 3085 117 3107 turae.
152 3074 226 3106 Erat
247 3078 330 3106 enim
350 3086 466 3116 grave,
490 3077 586 3109 filium
606 3079 649 3109 ob
665 3082 826 3112 modicum
847 3082 898 3111 ali-

28 3117 117 3157 quod
128 3118 214 3156 quod
232 3116 310 3148 defit
326 3126 462 3156 quartae,
479 3120 777 3160 parentisjudicium
790 3122 899 3161 impie-

29 3157 103 3189 tatis
125 3158 289 3198 accusare;
313 3159 463 3198 idemque
481 3159 534 3190 sub
552 3161 663 3192 colore
680 3161 804 3193 insaniae
822 3173 897 3195 con-

28 3198 165 3232 vellere:
181 3208 252 3233 cum
264 3199 435 3241 praesertim
452 3203 668 3244 pateraliquid
680 3204 708 3235 ei
720 3203 899 3246 relinquen-

1760 109 1825 143 ¹35

944 178 1006 224 do,
1030 179 1127 220 magis
1145 190 1272 221 errore,
1297 192 1390 224 quam
1405 185 1614 218 malo'animo
1626 208 1634 224 ‚
1659 187 1762 219 minus
1780 187 1824 219 le-

942 228 1050 265 gitima
1069 223 1221 266 portione
1238 224 1395 265 reliquilse
1421 226 1521 265 videri
1547 228 1650 268 poffit.
1697 230 1738 260 At
1756 236 1823 260 noti

944 260 1008 291 hoc
1026 263 1089 292 hnc
1108 263 1243 296 iubstitit
1257 266 1466 304 Justinianus:
1486 269 1537 300 sed
1554 269 1574 301 fi
1592 270 1720 311 quidem
1738 271 1820 302 inte-

939 310 994 342 gra
1005 311 1115 348 quarta
1126 303 1192 335 filio
1210 316 1225 336 a
1237 316 1326 347 patre
1342 309 1378 340 fit
1396 311 1520 350 relista;
1538 321 1648 343 verum
1660 311 1820 354 adjectum

940 351 1059 386 quai-tce
1078 344 1112 374 [it
1128 354 1300 385 gravamen
1321 351 1370 381 vel
1387 351 1582 384 conditionis
1595 377 1604 392 ,
1623 353 1672 385 vel
1692 354 1820 385 dilatio-

940 393 1008 431 pis‚
1033 385 1082 430 vel
1108 395 1224 427 morae,
1251 391 1300 420 vel
1326 391 1408 424 aliud
1427 394 1677 434 qualecumque:
1700 394 1822 427 deinde.

937 425 1019 465 Juffit
1037 435 1067 456 in
1086 426 1103 457 l.
1117 429 1244 467 3202).
1259 436 1279 461 t.
1296 432 1388 471 ipsam
1406 436 1649 475 conditionem,
1672 438 1725 468 vel
1746 437 1822 468 dila-

941 475 1082 505 tionem,
1108 469 1158 499 vel
1184 470 1276 502 aliam
1302 474 1565 515 dispositionem,
1588 478 1725 518 aliquam
1749 487 1821 517 ino,-

941 516 1024 556 ram,
1037 509 1086 540 vel
1104 513 1335 554 quodcumque
1352 526 1432 549 onus
1449 518 1709 551 introducentem
1728 518 1821 559 tolli3

940 550 970 580 ot
988 558 1054 595 rem
1068 558 1108 593 ita
1126 556 1414 597 procedere,quaii
1432 560 1509 590 nihil
1521 569 1632 591 eorum
1650 561 1821 593 testamen⁴

940 598 975 620 to
1001 592 1158 640 adjectum
1183 594 1280 634 ess'et3
1305 598 1441 630 debetur
1466 601 1561 641 igitur
1583 609 1692 642 quarta
1710 603 1819 634 liberis

940 641 1036 676 pure,
1053 634 1082 663 ὁ(
1095 632 1158 678 sine
1173 640 1366 675 gravamine.
1391 640 1614 683 Quamquam,
1632 643 1740 674 uthoc
1757 644 1822 675 cla·

940 683 1003 703 rius
1024 675 1242 720 intelligatur,
1267 680 1498 714 observandum
1517 683 1581 722 est,
1604 686 1692 724 quod
1710 682 1819 725 portio'

941 715 1101 761 ‚legi-tima,
1126 726 1219 764 quam
1238 729 1379 760 quartam
1396 724 1615 765 indigitamus,
1640 735 1705 758 non
1724 735 1786 757 tam
1802 736 1820 757 a

937 760 1060 801 judicio
1078 757 1236 803 testatoris
1254 763 1485 805 proficiscitur,
1503 776 1596 806 quam
1612 776 1626 797 a
1644 768 1821 808 providen-

941 806 983 843 tia
1002 798 1098 837 legis:
1123 801 1263 845 ideoque
1279 805 1399 845 refert,
1426 816 1530 839 utrum
1556 817 1637 840 onus
1657 810 1763 840 veniat
1779 817 1823 840 ex

937 848 1005 882 jure
1019 838 1231 881 hereditario,
1256 854 1293 876 an
1311 855 1351 878 ex
1368 849 1539 881 voluntate
1563 850 1731 883 testatoris.
1754 850 1821 881 hoe

939 882 1008 926 calu
1023 890 1085 926 vpro
1113 892 1177 913 nou
1202 885 1362 928 adscripto
1382 890 1536 929 habetur,
1560 892 1589 922 &
1607 893 1736 932 quidem
1753 892 1819 923 fine

939 922 1137 967 discrimine,
1163 933 1266 958 utrum
1292 930 1496 970 obtineatur,
1521 941 1554 963 ut
1573 943 1641 972 pars
1659 934 1820 965 heredita-

939 970 997 1001 tis,
1021 973 1059 1010 an
1083 972 1117 994 ut
1143 974 1212 1004 pars
1237 970 1407 1003 bonorum.
1440 973 1496 1005 illo
1523 975 1593 1005 casu
1619 983 1733 1007 contra
1750 975 1819 1008 est:

938 1006 1046 1050 nautii
1065 1014 1135 1051 qua:
1153 1017 1249 1053 onera
1264 1011 1319 1050 ipfi
1338 1011 1512 1046 inhaereant
1527 1015 1595 1055 jure
1620 1017 1819 1049 hereditaria-

938 1055 1115 1085 portionis,
1134 1057 1170 1095 ea
1192 1052 1365 1092 lequuntur
1381 1057 1567 1095 portionem
1587 1057 1781 1099 legitimam,
1797 1057 1822 1090 fi

938 1089 1065 1133 quando
1076 1089 1260 1124 obtineatur
1278 1093 1372 1126 titulo
1388 1097 1613 1138 institutionis3
1630 1100 1730 1131 veluti
1745 1107 1820 1132 cum

938 1129 1022 1175 tilius
1040 1139 1080 1161 ex
1098 1140 1153 1170 ea,
1170 1141 1222 1163 aut
1233 1144 1322 1174 parte
1339 1138 1504 1179 aliquasest
1516 1140 1818 1182 institutus:quam-

940 1180 987 1201 vis
1005 1170 1160 1218 secus'fit,
1185 1183 1257 1207 cuni
1281 1187 1317 1208 ea
1336 1179 1472 1211 obvenit
1497 1190 1530 1212 ut
1549 1191 1618 1221 pars
1635 1183 1818 1223 bonorum;

940 1220 993 1250 ut,
1009 1212 1028 1243 fi
1048 1214 1155 1245 relicta
1172 1215 1206 1247 fit
1224 1217 1292 1249 filio
1309 1221 1529 1260 exheredato,
1547 1231 1600 1254 aut
1616 1224 1761 1256 instituto
1777 1233 1819 1257 ex

941 1263 974 1284 re
994 1263 1100 1294 certa,
1123 1257 1188 1302 alio
1211 1261 1238 1290 ei
1265 1261 1428 1294 coherede
1456 1264 1532 1295 dato
1559 1265 1621 1296 fine
1646 1273 1761 1304 parte:
1785 1273 1820 1298 ut

941 1303 1064 1334 optime
1091 1296 1131 1328 D.
1152 1299 1285 1345 ymnius
1303 1303 1351 1334 lib.
1374 1313 1397 1336 1.
1422 1304 1593 1347 Selebljur.
1609 1305 1707 1348 quaest.
1725 1317 1749 1337 c.
1768 1317 1821 1339 22.

940 1336 993 1368 Ne
1019 1338 1082 1368 hoc
1107 1343 1234 1379 quidem
1260 1346 1452 1386 praeteribo,
1477 1349 1566 1388 quod
1581 1349 1661 1388 Imp.
1678 1348 1821 1389 justinia-

942 1388 1023 1425 nus,
1040 1387 1113 1411 curn
1137 1382 1287 1424 pleraque
1315 1386 1382 1417 baec
1405 1388 1473 1419 inl.
1493 1393 1541 1429 ,¹36-
1564 1390 1594 1421 C.
1611 1389 1641 1421 h.
1656 1395 1679 1420 t.
1702 1389 1821 1422 confir·

942 1420 1068 1459 mallet,
1086 1431 1239 1470 praeterea
1253 1427 1360 1466 jubet,
1377 1428 1590 1470 repletionem
1609 1429 1676 1462 fieri
1696 1441 1736 1462 ex
1754 1431 1819 1470 ipsa

943 1461 1111 1494 substantia
1131 1473 1245 1505 patris,
1262 1478 1326 1500 non
1345 1469 1365 1501 fi
1386 1472 1462 1510 quid
1482 1481 1522 1503 ex
1539 1474 1606 1504 aliis
1623 1472 1719 1506 caufis
1736 1473 1821 1506 filius

940 1503 1080 1536 lucratus
1097 1505 1160 1551 est,
1178 1509 1228 1539 vel
1245 1518 1286 1541 ex
1300 1510 1540 1553 substitutione,
1558 1514 1608 1545 vel
1627 1523 1667 1546 ex
1679 1514 1749 1555 jure
1766 1525 1820 1546 ac-

941 1544 1122 1584 crescendi,
1146 1556 1180 1579 ut
1198 1559 1272 1593 puta
1289 1552 1493 1586 ususfructus.

980 1586 1062 1618 Haec
1078 1589 1131 1619 ille
1147 1590 1177 1621 in
1196 1592 1310 1625 liberis.
1328 1604 1399 1625 nam
1423 1595 1481 1628 hos
1501 1595 1690 1628 nominatim
1707 1596 1822 1639 indigi·

941 1635 988 1659 tat
1003 1629 1067 1674 dil.
1086 1634 1134 1669 36.
1155 1633 1187 1663 in
1203 1640 1247 1671 pr.
1279 1636 1354 1675 quin
1371 1637 1480 1675 addit,
1504 1636 1534 1668 se
1551 1636 1610 1669 illis
1629 1638 1659 1668 id
1675 1639 1820 1678 indulge·

941 1680 996 1708 re,
1020 1671 1171 1719 suadente
1190 1674 1403 1709 humanitate:
1427 1677 1535 1710 Verba
1552 1678 1726 1718 justiniani.
1750 1679 1820 1711 Hu-

941 1715 1096 1743 manitatis
1119 1718 1224 1747 etenim
1245 1719 1343 1757 gratia
1350 1721 1522 1759 sancimus,
1546 1729 1579 1751 ea
1593 1722 1706 1762 quidem
1724 1724 1822 1754 omnia

943 1752 1025 1795 quast
1037 1756 1105 1795 jure
1122 1759 1283 1789 adventitio
1306 1759 1401 1803 [eum]
1425 1762 1551 1793 lucrari:
1573 1763 1753 1801 repletionem
1768 1773 1823 1794 au—

943 1802 998 1826 tem
1012 1806 1048 1841 ex
1065 1799 1146 1828 rebus
1156 1798 1422 1842 szcbflczntz'oepatrz's
1435 1802 1514 1842 fieri.
1539 1803 1633 1834 Aliud
1653 1804 1749 1845 igitur
1766 1804 1820 1837 hic

945 1839 975 1868 in
999 1837 1105 1884 liberis
1123 1840 1242 1879 placuit
1257 1843 1325 1882 jure
1343 1843 1506 1884 singulari:
1532 1845 1614 1876 aliud
1633 1844 1663 1877 in
1683 1847 1822 1886 parenti-

943 1879 1186 1925 buS‚‘itemque
1214 1881 1364 1915 frati-ibus
1390 1886 1419 1917 ἀ
1446 1885 1624 1924 sororibus,
1646 1887 1716 1927 jure
1733 1896 1824 1919 com-

942 1929 1049 1952 muni:
1075 1932 1140 1962 quo
1164 1925 1194 1954 in
1216 1932 1359 1964 quartam
1376 1926 1574 1967 imputantur
1592 1930 1700 1960 omnia
1718 1938 1758 1960 ex
1774 1930 1821 1970 ju·

943 1962 1028 1993 dicio
1055 1964 1214 1996 testatoris
1240 1967 1466 2005 obvenientia,
1492 1968 1553 2000 five
1575 1969 1643 2008 jure
1663 1969 1821 2002 heredita-

942 2004 1008 2041 rio,
1035 2004 1097 2036 five
1110 2006 1178 2045 jure
1196 2007 1309 2048 legati,
1336 2009 1400 2040 sive
1417 2010 1508 2041 aliter
1523 2011 1541 2041 l.
1560 2015 1587 2044 8.
1609 2011 1641 2041 C.
1661 2013 1687 2042 h.
1705 2019 1725 2042 t.

985 2044 1063 2077 Non
1087 2047 1182 2087 igitur
1205 2050 1273 2080 vult
1298 2049 1503 2089 justinianus,
1534 2052 1756 2085 testamentum
1780 2054 1820 2085 ab

942 2088 1142 2120 exheredato
1159 2089 1291 2121 rescindi
1312 2101 1368 2132 pei·
1383 2094 1543 2131 querelam
1555 2118 1563 2133 ,
1581 2103 1653 2126 curn
1669 2096 1696 2126 ei
1717 2094 1820 2126 minus

942 2129 1084 2170 legitima
1096 2132 1247 2171 poi-tione
1265 2131 1309 2163 est
1329 2134 1491 2173 relicuum
1510 2135 1560 2167 sed
1575 2138 1624 2176 agi
1643 2137 1681 2168 ad
1699 2135 1822 2177 supple-

943 2180 1086 2202 mentum
1111 2174 1176 2212 ejus
1202 2176 1290 2213 quod
1308 2175 1457 2215 legitiinae
1477 2178 1618 2217 portioni
1639 2177 1736 2210 deest.
1762 2178 1823 2209 uti-

943 2222 1027 2253 que,
1043 2212 1063 2244 fi
1079 2214 1102 2244 is
1123 2214 1192 2253 post
1211 2223 1347 2247 mortem
1367 2219 1536 2256 patrisnon
1554 2220 1746 2260 adgnoverit
1762 2218 1821 2251 sibi

942 2254 1098 2286 relictum.
1124 2256 1188 2286 imo
1209 2256 1239 2288 ἀ
1264 2256 1283 2288 fi
1309 2260 1489 2299 acceperit,
1512 2258 1600 2291 forte
1626 2261 1655 2291 δι
1673 2260 1820 2292 securita-

944 2304 1008 2327 tem
1033 2296 1204 2329 hei-edibus
1228 2297 1362 2338 fecerit,
1388 2302 1476 2339 quod
1502 2301 1528 2332 ei
1555 2303 1662 2333 datum
1682 2303 1733 2334 vel
1751 2302 1821 2334 reli-

942 2338 1026 2368 ctum
1043 2338 1087 2369 est
1106 2338 1269 2380 accepiss'e.
1303 2341 1406 2372 adhuc
1424 2344 1509 2374 enim
1527 2341 1596 2374 finit
1611 2342 1821 2382 justinianus,

940 2388 1013 2410 eum
1038 2389 1148 2420 petere
1164 2403 1173 2418 ,
1199 2382 1369 2422 legitimam
1397 2384 1580 2423 portionem
1606 2385 1738 2425 repleri:
1763 2385 1818 2417 nist

941 2420 1119 2460 specialiter
1142 2421 1204 2453 five
1228 2425 1258 2454 in
1282 2424 1425 2464 apocha,
1450 2424 1514 2456 five
1537 2427 1566 2457 in
1587 2425 1816 2466 transactione;

940 2463 991 2503 (id
1015 2462 1077 2500 est,
1102 2463 1131 2494 in
1156 2463 1366 2496 instrumento
1387 2465 1624 2507 transactionis)
1641 2467 1816 2509 scripserit,

941 2504 991 2534 vel
1009 2504 1116 2544 paetus
1135 2504 1252 2542 fuerit,
1272 2507 1360 2546 quod
1378 2515 1550 2540 contentus
1571 2509 1679 2541 reiitta
1699 2511 1749 2542 vel
1766 2512 1819 2542 da·

940 2554 970 2576 ta
986 2554 1097 2585 parte,
1121 2547 1160 2577 de
1176 2556 1216 2577 eo
1235 2548 1322 2587 quod
1341 2548 1446 2587 deest,
1463 2550 1578 2582 nullam
1597 2550 1711 2582 habeat
1730 2561 1816 2592 quaeu

940 2586 1092 2618 stionem:
1117 2596 1193 2618 tunc
1209 2590 1294 2619 enim
1315 2589 1424 2630 jubet,
1448 2592 1535 2623 omni
1561 2592 1687 2624 exclusa
1705 2603 1819 2633 quere·

939 2629 985 2666 la,
1012 2638 1083 2659 eum
1101 2630 1274 2669 compelli,
1289 2638 1456 2669 paternum
1473 2633 1619 2674 amplcCti
1635 2634 1800 2674 judicium.

978 2670 1040 2701 Sed
1065 2678 1214 2710 apparet,
1237 2679 1390 2711 oportere
1407 2673 1504 2706 filium
1517 2698 1526 2713 ,
1552 2683 1585 2706 ut
1603 2677 1731 2716 querela
1750 2686 1817 2707 ces-

941 2711 1003 2749 set,
1029 2711 1145 2742 habere
1169 2712 1342 2753 legitimam
1367 2715 1574 2755 portionem;
1597 2727 1734 2758 eamque
1750 2716 1815 2748 effe

941 2761 1082 2791 quai-tam
1107 2754 1265 2793 portionis
1290 2755 1328 2785 ab
1352 2755 1500 2788 intestato
1519 2758 1648 2790 debitae.
1694 2758 1816 2789 Verum

941 2793 1023 2824 hanc
1048 2795 1134 2825 auxit
1159 2793 1235 2835 lmp.
1256 2795 1443 2836 Justinianus
1468 2808 1527 2838 pro
1547 2810 1681 2832 numero
1700 2799 1814 2830 libero-

942 2844 1010 2866 rum
1024 2835 1141 2866 Novell.
1158 2840 1278 2870 18.c.1.
1302 2839 1343 2869 ita
1362 2847 1396 2870 ut
1413 2839 1431 2871 fi
1451 2840 1508 2872 fint
1525 2850 1662 2882 quatuor
1671 2849 1723 2871 aut
1742 2847 1814 2879 pau-

943 2877 1065 2915 ciores,
1090 2877 1126 2907 iis
1142 2886 1201 2917 pro
1218 2888 1326 2918 quarta
1347 2881 1502 2913 debeatur
1525 2883 1641 2913 triens:
1666 2880 1706 2912 fin
1725 2881 1815 2920 quin·

943 2927 1004 2955 que
1021 2918 1070 2949 vel
1084 2919 1187 2958 plures
1203 2919 1276 2958 sitit,
1296 2930 1352 2961 pro
1370 2932 1479 2963 quarta
1491 2925 1525 2954 iis
1542 2923 1694 2953 debeatur
1712 2920 1814 2952 semis.

944 2959 996 2990 Sic
1012 2960 1139 2999 quidem
1157 2961 1185 2992 in
1210 2961 1417 3003 inscriptione
1440 2967 1467 2995 d.
1486 2965 1614 3004 Capitis:
1637 2962 1686 2992 sed
1704 2963 1732 2992 in
1749 2961 1814 2994 fine

944 3001 1009 3040 ejus
1027 3001 1168 3033 additur:
1187 3001 1252 3034 Hoc
1267 3005 1437 3043 observando
1453 3007 1483 3035 in
1500 3005 1627 3035 omnibus
1638 3005 1766 3043 personis
1781 3005 1815 3035 in

944 3043 1047 3083 quibus
1064 3044 1100 3073 ab
1116 3044 1197 3074 initio
1213 3046 1340 3087 antiquae
1353 3054 1464 3088 quarite
1479 3049 1551 3076 ratio
1566 3047 1599 3075 cle
1610 3044 1765 3084 inofficiofii
1777 3045 1814 3075 le-

941 3092 978 3125 ge
993 3085 1103 3115 decreta
1118 3084 1166 3124 est.
1193 3085 1276 3118 Puto
1293 3097 1398 3119 autern
1410 3111 1418 3125 ‚
1443 3087 1501 3117 hac
1517 3086 1694 3125 adjectione
1711 3085 1813 3117 effici:

944 3132 978 3155 ut
995 3124 1057 3156 hoc
1072 3135 1275 3167 augmentum
1295 3138 1358 3160 non
1377 3129 1474 3159 modo
1493 3127 1598 3157 liberis
1619 3125 1735 3167 profit3
1762 3128 1812 3159 sed

942 3167 1121 3206 parentibus
1139 3177 1289 3209 quoque3
1313 3179 1373 3201 nce
1389 3169 1491 3199 minus
1506 3167 1657 3199 fratribus
1681 3169 1711 3215 ξ(
1730 3168 1814 3200 soro-

940 3208 1033 3241 ribus.
1057 3218 1130 3241 nain
1149 3212 1180 3241 in
1207 3210 1255 3241 bis
1280 3211 1428 3242 omnibus
1454 3208 1594 3242 habitam
1617 3209 1709 3242 fuisse
1733 3211 1812 3241 anti·

1742 3261 1809 3283 0¹}ae
