2052 3487
223 144 293 180 170
827 119 1095 158 Genann

224 228 341 253 utatur.
364 217 488 262 prorsus
503 236 514 254 ‚
543 217 579 245 ut
599 209 717 243 nomina
725 206 870 250 soliturus
882 218 941 240 non
965 207 1086 250 diligen-

226 269 269 294 ter
286 264 318 294 in
329 259 536 303 patrimonium
550 253 587 289 ὅ)
604 252 676 290 vasa
690 253 822 283 debitoris
836 252 980 296 inquirat.
997 249 1087 290 quod

225 303 366 344 alioquin
392 297 556 342 prudentis
572 293 741 326 creditoris
756 292 838 331 effe,
867 291 975 324 icriblt
990 291 1087 323 Sene-

223 354 262 375 ca
277 367 287 382 ,
316 343 363 373 lib.
386 351 412 373 1.
443 339 491 371 De
515 335 630 376 benefic.
655 344 680 366 c.
701 344 730 366 2.
761 334 859 366 etiarn
876 333 1087 371 Plutarchus,

224 384 272 416 De
294 384 412 414 vitando
439 390 492 412 aere
512 379 614 410 alieno.
638 376 735 408 verba
750 375 821 407 sunt
835 398 846 414 ,
878 374 1085 422 ligem-pecu-

223 427 302 456 niam
318 434 397 455 nenio
420 423 508 454 credit
525 443 535 459 ,
557 420 611 460 sed
627 420 662 449 iis
687 418 740 459 qui
751 415 808 456 fibi
829 422 940 457 copiam
956 416 1086 458 aliquam

217 472 325 507 parare
341 466 462 503 volunt,
486 460 636 502 testemque
654 458 691 495 &⁹
704 459 869 506 sponsorem
889 458 1012 496 babent,
1035 456 1086 496 effe

213 508 249 547 Je
271 508 375 548 quibus
398 512 460 537 tuto
482 511 618 535 mutuum
642 506 851 532 committatur.
893 498 957 531 Sed
981 498 1012 530 &
1030 497 1087 529 Ul-

221 557 333 589 pianus
357 548 376 578 l.
394 558 444 587 42.
467 545 510 578 D.
534 544 678 576 Mandati
697 542 745 574 vel
768 547 878 573 contra.
903 540 1002 572 verba
1027 538 1085 571 Ul-

221 589 304 630 piani
321 612 330 627 ‚
362 588 553 621 Tantumdem
579 584 616 620 &⁹
633 583 663 623 fi
687 585 738 614 tibi
756 582 923 621 mandavi,
952 588 988 613 ut
1009 585 1087 628 vires

218 636 362 662 excuteres
383 631 446 672 ejus
474 629 524 660 cui
546 636 624 658 eram
649 626 836 664 crediturus,
869 623 906 658 ὅ)
935 629 1087 654 renuntia-

218 674 315 711 veris,
338 682 402 704 eum
418 672 551 703 idoneum
566 667 626 709 effe.
651 666 813 707 johannes
830 674 962 713 quoque
982 663 1086 705 Chry-

218 713 394 753 sostomus,
416 712 547 744 Homilia
562 720 613 751 57.
636 710 669 739 in
681 714 743 745 cap.
766 707 907 739 Mattbaet
927 716 977 747 17.
1004 714 1088 753 tom..

220 764 250 787 1.
272 765 344 797 pag.
361 765 433 797 503.
457 753 540 798 Quid
564 751 639 782 enim
664 748 813 790 difficilius
837 758 930 795 quaml
941 748 1087 789 faenerarz

220 796 257 831 ὅ)
278 806 330 838 ρνο
347 797 443 837 usuris
463 795 509 826 vel
531 793 695 833 hujusmodi
711 791 984 822 commutationibus
1003 789 1087 836 ‘uehe-

219 845 327 869 menter
339 838 497 879 sollicitum
515 836 605 866 vades
620 842 763 874 quaerere,
788 831 825 866 ἐξ
840 832 920 878 modo
937 832 971 862 de
980 836 1085 871 pigno-

218 882 297 912 ribus
313 902 324 918 ‚
355 880 433 910 modo
456 879 490 909 de
502 880 601 916 sorte,
632 884 714 906 nunc
737 875 770 905 de
788 873 894 904 tabulis
908 895 919 911 ,
955 881 1033 920 nunc
1055 872 1089 919 de

218 923 314 961 usuris
330 943 341 959 ,
372 929 452 951 nunc
475 919 508 949 de
531 918 656 949 vadibus
679 914 746 956 ipsis
771 915 929 954 formidare
943 913 960 945 ‚9
989 923 1020 959 tn
1045 914 1090 960 bis

219 964 295 995 enim
313 961 495 1003 secularibus
517 960 604 990 etiam
617 957 743 998 subtilis
751 954 968 998 fidejuffionum
976 955 1088 1001 securi-

217 1011 264 1036 tas
278 1003 412 1044 suscepta
426 1001 552 1043 fragilis
571 998 620 1041 est.
638 1040 644 1045 -
664 998 788 1044 Sed-eo
811 1020 821 1036 ‚
852 997 937 1041 unde
958 1004 1061 1038 coepit
1077 1019 1088 1035 ,

172 1050 174 1053 “
217 1046 300 1079 redit
317 1043 554 1085 interpretatio.
579 1042 646 1073 dim
664 1039 781 1072 Christi
800 1038 921 1070 senium
938 1037 1000 1069 effe
1014 1061 1025 1077 ,
1055 1047 1089 1068 o-

216 1096 348 1127 portere
372 1085 536 1126 Judaeum,
559 1082 583 1115 fi
612 1090 708 1123 quem
730 1080 876 1121 Judaeum
897 1088 1012 1111 mutuo
1036 1079 1089 1111 ad-

213 1130 322 1170 juvare
347 1128 468 1169 possit,
501 1126 530 1157 ei
558 1124 589 1156 se
610 1132 755 1168 paratum
781 1122 953 1167 praeberel,
981 1129 1088 1161 quam-

217 1173 265 1203 vis
294 1169 440 1211 periculo
465 1166 582 1199 sortis:
616 1165 682 1196 hoc
704 1172 789 1196 enim
813 1163 951 1194 hominis
977 1162 1007 1194 &
1033 1162 1087 1193 be-

217 1213 303 1253 nigni
326 1211 356 1243 &
379 1209 518 1242 liberalis
535 1206 618 1246 esse,
642 1214 715 1237 cum
738 1205 817 1252 illud
842 1203 960 1237 morofi
986 1203 1016 1235 &
1034 1203 1088 1252 du-

216 1255 241 1286 ri
258 1253 306 1285 fit.
332 1253 372 1284 de
390 1259 530 1291 utroque
555 1248 676 1280 Seneca
691 1270 701 1286 ,
725 1244 805 1287 episi.
825 1255 892 1283 119.
917 1245 1015 1292 verba
1032 1245 1088 1276 be-

216 1304 319 1327 necae.
364 1293 447 1333 Opus
470 1292 525 1323 erit
542 1291 595 1321 tibi
618 1290 755 1320 creditore
773 1311 783 1327 ,
812 1294 847 1318 ut
869 1293 1012 1329 negotiari
1024 1292 1090 1334 pos-

210 1335 255 1376 fis
272 1359 283 1376 ,
311 1345 347 1366 aes
371 1335 496 1366 alienum
515 1332 637 1373 facias,
661 1335 776 1371 oportet.
790 1329 844 1369 sed
860 1329 923 1360 nolo
941 1351 951 1367 ‚
976 1334 1029 1368 per
1046 1336 1090 1358 zn-

217 1376 388 1417 tercefforem
408 1375 569 1411 mutueris,
597 1372 678 1410 nolo,
706 1376 870 1412 proxeneta:
890 1374 1091 1415 nome-rituum

211 1418 335 1461 jactent.
356 1423 499 1458 paratum
520 1415 573 1446 tibi
589 1414 756 1444 creditorem
776 1412 857 1442 dabo.
901 1410 1053 1456 Similiter
1069 1410 1092 1440 11

219 1460 308 1501 quod
331 1459 439 1490 datum
466 1457 503 1488 fit
527 1463 694 1491 mutuum,
724 1452 825 1492 recipi
845 1451 939 1493 poffit
962 1450 1027 1496 fine
1044 1460 1090 1483 in-

218 1501 394 1534 commodo
410 1497 567 1529 debitoris
579 1519 589 1534 ‚
609 1495 712 1526 voluit
731 1492 895 1533 Christus,
912 1500 948 1525 ut
963 1501 1086 1533 recipe-

216 1551 303 1577 retur
314 1552 323 1579 3
334 1540 376 1572 fin
387 1541 489 1571 minus
499 1560 508 1575 ,
519 1536 624 1569 noluit
634 1544 669 1567 ut
678 1535 851 1566 inhumane
867 1542 1082 1575 repeteretur.

258 1583 367 1615 Habes
394 1579 509 1612 Christi
526 1577 667 1616 sensum,
698 1576 868 1617 pulchrum
894 1577 924 1607 &
943 1575 1083 1607 clarum:

215 1626 346 1665 utique,
369 1622 391 1654 fi
412 1622 524 1653 addam
539 1643 549 1658 ‚
573 1629 665 1658 eum,
689 1627 763 1649 cum
781 1618 842 1656 ait,
867 1617 1016 1649 Mutuum
1033 1618 1084 1647 da-

216 1674 261 1705 te,
284 1664 357 1696 nibil
381 1665 447 1694 inde
465 1662 636 1703 sperantes,
659 1668 725 1691 non
747 1658 877 1700 proprie
896 1659 1005 1705 loqui3
1029 1657 1083 1689 sed

214 1706 409 1750 Hyperbole
427 1706 492 1735 uti:
515 1712 580 1735 non
598 1710 632 1733 ut
650 1701 798 1732 obtineat
812 1700 901 1741 quod
926 1709 958 1731 111
976 1709 1011 1731 re
1030 1708 1083 1731 ex-

215 1757 351 1783 tremum
367 1748 422 1778 lit:
444 1745 549 1777 sed'ut
566 1743 656 1786 quod
672 1743 754 1774 intra
764 1741 897 1773 modum
914 1739 1084 1780 consistat,

212 1790 410 1831 assequatur:
432 1787 559 1819 ratione
585 1783 792 1826 praecipiendi
816 1781 1011 1824 sapientibus
1026 1781 1084 1813 usi-

215 1841 298 1866 tata:
322 1839 416 1872 quam
440 1829 564 1860 Seneca
587 1826 724 1866 indicat,
746 1825 795 1856 lib.
819 1833 848 1865 7.
870 1822 919 1855 De
941 1821 1085 1863 beneficiis

214 1881 276 1916 cap.
294 1883 344 1905 22.
368 1871 405 1907 δέ)
420 1880 469 1911 23.
494 1870 584 1911 cujris
608 1866 707 1899 verba
722 1889 732 1905 ,
756 1864 813 1912 etsi
831 1865 923 1906 plura
937 1864 1013 1904 sint,
1031 1864 1085 1912 ad-

214 1914 340 1956 scripfi;
363 1923 397 1945 ut
416 1922 466 1944 res
484 1912 634 1953 elegans,
657 1917 718 1940 nec
733 1906 805 1939 satis
820 1905 1008 1946 observata,
1030 1906 1084 1938 ali-

214 1965 335 2001 quanto
353 1953 556 1995 conspectior
569 1951 617 1984 sit.
639 1949 738 1982 verba
757 1948 899 1980 Senecae.
929 1947 1025 1980 Errat
1041 1953 1086 1979 ta-

215 2009 279 2031 men
290 2021 299 2036 ,
315 1996 344 2035 fi
359 1998 422 2038 quis
439 1992 603 2035 existimat,
627 2002 692 2023 cnm
709 1991 838 2022 diximus
854 1998 919 2021 eum
935 1991 988 2037 qui
1004 1991 1085 2036 bene-

210 2039 316 2082 ficium
333 2039 427 2075 dedit,
451 2036 580 2076 oblivisci
598 2041 741 2075 oportere,
763 2036 895 2064 excutere
911 2040 961 2062 nos
978 2031 1084 2079 illime-

218 2083 337 2114 moriam
352 2081 393 2110 rei
403 2078 560 2120 prasertim
578 2072 685 2116 honesti
708 2083 779 2105 inice.
802 2073 933 2114 quadam
950 2078 1084 2113 praeczpi-

214 2133 279 2156 mus
304 2122 383 2152 ultra
405 2121 540 2156 modum,
563 2124 596 2148 ut
619 2119 656 2148 ad
673 2125 776 2147 verum
794 2113 830 2149 δ’
844 2115 938 2155 suum
954 2115 1082 2146 redeant.

219 2175 283 2196 cum
310 2164 452 2199 dicimus,
484 2157 649 2199 Meminiffie
678 2167 735 2188 non
761 2158 849 2187 debet.
873 2156 923 2186 hoc
948 2155 1083 2186 vol-umus

220 2205 363 2244 intelligi,
382 2202 539 2243 pradicare
552 2210 610 2231 non
628 2200 726 2236 debet,
743 2208 793 2228 nec
804 2196 937 2239 justam,
952 2206 1003 2227 nec
1013 2206 1085 2238 gra-

219 2250 266 2279 vis
285 2246 347 2285 effe.
394 2243 524 2287 Quidam
539 2242 614 2272 enim
637 2239 804 2279 beneficium
825 2239 901 2280 quod
924 2239 1085 2275 dederunt,

217 2282 348 2320 omnibus
369 2284 485 2316 circulis
502 2286 638 2314 narrant.
664 2281 713 2311 hoc
720 2281 810 2320 sobrii
832 2280 1014 2320 loquuntur,
1035 2280 1085 2309 boc

219 2330 291 2361 ebrii
306 2337 363 2358 non
382 2326 548 2357 continent.-
570 2324 620 2354 hoc
643 2323 749 2363 ignotis
767 2322 922 2362 ingerunt,
946 2321 996 2351 boc
1011 2321 1084 2352 ami·

219 2373 261 2403 cis
278 2368 470 2401 committunt.
516 2364 561 2396 Ut
582 2365 639 2395 haec
654 2364 745 2395 nimia
762 2362 798 2397 ὅ*
813 2363 1015 2402 exprobratrix
1030 2371 1085 2393 me-

218 2413 310 2444 moria
319 2407 495 2451 subfideret,
519 2405 648 2445 oblivisci
669 2415 733 2436 eum
748 2404 800 2445 qui
814 2404 910 2440 dedit,
930 2402 1084 2450 juffimus,

221 2454 257 2489 ἐξ
278 2452 347 2493 plus
363 2449 545 2490 imperando,
569 2456 656 2488 quam
674 2445 807 2487 praestari
825 2451 957 2485 poterat,
973 2444 1085 2483 filentz-

220 2505 269 2526 um
276 2491 435 2534 suasimus.
466 2489 588 2534 Quoties
599 2495 709 2529 parum
720 2488 838 2527 fiduciae
855 2484 893 2527 est
912 2486 943 2516 in
960 2486 1004 2517 bis
1021 2487 1084 2533 qui-

218 2538 273 2568 bus
295 2535 435 2574 imperas,
463 2531 585 2572 amplius
608 2527 646 2567 eli
671 2529 870 2571 exigendum,
901 2537 988 2568 quam
1014 2533 1085 2565 latis

220 2575 279 2618 eft,
300 2581 333 2606 ut
349 2571 496 2614 praeJletur
510 2577 652 2614 quantum
664 2572 744 2610 satis
772 2567 823 2608 eli.
866 2568 905 2600 In
921 2569 972 2599 hoc
994 2570 1085 2600 omnis

219 2615 365 2659 hyperbole
382 2615 570 2652 extenditur,
592 2619 627 2645 ut
649 2612 686 2643 ad
708 2621 812 2644 verum
833 2611 977 2641 mendacio
1000 2610 1083 2642 verzi-

218 2667 260 2693 at.
285 2659 382 2697 itaque
402 2656 453 2696 qui
475 2655 561 2685 dixit.

258 2699 325 2740 Qui
349 2697 488 2728 candore
510 2695 599 2727 nives
619 2694 802 2733 anteirent,
826 2692 965 2724 cursibus
981 2701 1080 2723 auras.

219 2742 294 2786 quod
316 2748 373 2769 non
386 2742 499 2778 poterat
521 2736 607 2775 fieri,
630 2737 724 2766 dixit:
749 2741 781 2766 at
803 2736 964 2766 crederetur
989 2743 1082 2775 quan-

220 2791 285 2816 tum
296 2780 454 2822 plurimum
474 2776 568 2818 poffit.
610 2776 652 2808 Et
669 2777 720 2818 qui
743 2778 841 2814 dixit,
1076 2799 1079 2800 γ

260 2823 319 2857 His
334 2819 530 2853 immobilior
546 2818 704 2858 scopulis,
728 2817 902 2849 violentior
919 2826 1021 2849 amne.
1046 2826 1081 2848 ne

219 2867 270 2898 boc
295 2864 409 2905 quidem
432 2861 459 2898 fit
476 2861 682 2901 persuasurum
709 2860 848 2898 putavit.
871 2858 995 2900 aliquem
1020 2864 1081 2890 tam

219 2905 386 2940 immobilem
415 2901 485 2943 effe,
508 2910 594 2942 quam
609 2899 772 2942 scopulum.
814 2900 982 2941 Nunquam
1013 2906 1079 2931 tan-

219 2947 283 2981 tum
295 2947 396 2988 sperat
411 2943 574 2986 hyperbole,
597 2948 740 2982 quantum
761 2942 864 2972 audet:
878 2942 933 2980 sed
956 2942 1079 2972 incredi-

217 2991 287 3022 bilia
303 2986 449 3028 affirmat,
472 2990 506 3016 ut
522 2984 561 3016 ad
582 2981 725 3014 credibilia
737 2983 901 3021 perveniat.
944 2982 1018 3013 Cum
1037 2983 1078 3013 di-

219 3033 328 3068 cimus,
350 3029 402 3070 qui
417 3025 584 3066 beneficium
600 3024 696 3062 dedit,
720 3023 924 3060 obliviscatur:
946 3024 996 3055 boc
1009 3024 1077 3055 dici-

217 3083 301 3110 mus,
318 3069 423 3109 similis
433 3067 475 3107 fit
489 3067 591 3098 oblito.-
612 3065 747 3096 memoria
762 3065 822 3104 ejus
845 3073 903 3094 non
922 3071 1077 3104 appareat,

217 3123 268 3147 nec
291 3115 433 3143 incurrat.
477 3109 550 3140 Cum
564 3108 685 3139 dicimus
700 3127 710 3143 .,
732 3103 897 3144 beneficium
916 3107 1003 3144 repeti
1019 3116 1077 3137 non

218 3159 361 3193 oportere,
385 3161 441 3183 non
457 3161 493 3183 ex
510 3155 566 3181 toto
587 3148 779 3189 repetitionem
802 3146 946 3176 tollimus:
961 3146 1037 3192 sape
1051 3157 1076 3177 e.

216 3195 277 3225 nim
296 3201 363 3232 opus
380 3192 417 3231 eJl
426 3192 510 3224 malis
526 3189 673 3230 exactore,
695 3190 780 3230 etiam
796 3188 874 3218 bonis
893 3187 1075 3219 admonitore.

217 3235 298 3283 Quid
313 3234 402 3275 ergo?
424 3232 593 3273 occafionem
608 3229 759 3275 'ignoranti
774 3238 832 3261 non
847 3226 1015 3270 ostendam?
1030 3237 1076 3261 ne-

1118 129 1135 158 ι
1183 115 1414 156 NoonT

1128 203 1265 247 ceffitates
1278 206 1321 239 illi
1334 217 1410 240 meas
1426 216 1483 240 non
1496 208 1643 250 detegam,
1667 218 1757 251 quare
1773 209 1883 251 nesciffe
1891 212 1925 252 se
1938 217 1991 244 aut

1128 250 1290 280 mentiatur
1313 256 1367 281 aut
1383 249 1500 282 doleat?
1522 251 1700 282 interveniat
1720 251 1877 292 aliquando
1899 254 1992 284 admo-

1129 290 1220 329 nitio,
1234 292 1290 331 Jed
1310 293 1493 331 verecunda,
1516 301 1579 333 quae
1604 302 1662 323 non
1680 292 1798 333 poscat,
1820 302 1871 323 nec
1892 293 1923 324 in
1941 294 1992 335 jus

1129 337 1221 363 vocet.
1264 332 1366 364 Vides
1393 332 1608 374 Hyperbolen
1626 342 1689 374 qua
1711 334 1743 365 in
1770 333 1922 365 docendo
1949 333 1991 366 sa-

1127 373 1253 414 pientes
1271 373 1337 413 uti,
1363 374 1450 414 dixi;
1473 384 1651 415 eorumque
1669 375 1821 415 exemplo
1835 374 1991 409 Christum

1127 413 1217 446 usum
1235 414 1308 446 effe.
1334 424 1428 456 quam
1452 425 1525 448 cum
1550 426 1616 448 non
1639 418 1908 448 animadverteret
1929 416 1991 448 Au-

1110 456 1288 497 gustinus,
1309 464 1464 498 apparet,
1487 458 1565 498 quid
1582 458 1764 489 habendum
1782 457 1819 489 fit
1843 458 1883 490 de
1912 457 1993 497 illo,

1127 496 1261 529 Homilia
1281 502 1332 538 48.
1375 498 1472 541 Quem
1491 500 1613 540 quaeris3
1636 501 1712 531 unde
1730 502 1835 539 crescat
1845 499 1994 540 pecunia?

1129 537 1287 570 Hominem
1315 544 1447 581 quaeri53
1483 542 1535 582 qui
1562 542 1677 582 quando
1708 541 1832 581 accipit,
1865 542 1993 582 gaudet3

1128 581 1244 621 quando
1267 582 1381 620 reddit,
1401 582 1537 623 plangit3
1560 588 1594 613 ut
1615 583 1738 623 accipiat
1759 587 1897 622 precatur
1920 591 1930 618 3
1958 590 1993 612 ne

1128 622 1286 660 recidatur,
1301 623 1507 661 calumniatur.
1534 623 1586 655 Da
1601 625 1715 665 quidem
1732 623 1859 661 bomini,
1884 621 1921 658 ὅ)
1937 623 1993 654 noli

1128 668 1258 694 avertere
1266 664 1380 703 faciem
1395 671 1477 696 taam
1494 665 1529 696 ab
1544 675 1572 696 eo
1594 667 1645 706 qui
1659 670 1758 696 mutuo
1771 666 1865 704 petit,
1880 665 1934 705 sed
1947 673 1994 695 ac-

1129 705 1207 745 cipe,
1229 710 1374 746 quantum
1397 705 1516 747 dedisti:
1540 717 1607 737 nam
1631 705 1668 741 ὅ)
1690 705 1856 746 beneficium
1868 706 1994 747 perdidi-

1122 744 1175 787 Jti.
1199 744 1242 777 Et
1250 744 1280 784 fi
1295 746 1346 778 hoc
1361 747 1452 788 ipsum
1469 749 1544 789 quod
1558 748 1684 780 daturus
1700 747 1996 789 es,exigatur,forte

1129 789 1168 819 ad
1190 797 1309 819 manum
1323 798 1381 819 non
1398 789 1481 820 habet
1496 792 1574 820 unde
1596 791 1711 821 reddere
1730 787 1832 830 poffit:
1851 786 1996 829 pertulisti

1125 835 1287 870 petentem,
1308 829 1425 870 expecta
1449 840 1506 862 non
1529 831 1685 862 habentem.
1728 830 1803 862 Noli
1818 830 1941 862 clamare
1958 828 1995 864 δ’

1131 871 1233 902 dicere.
1256 870 1415 913 Numquid
1421 872 1525 912 foenus
1539 871 1656 914 quaro?
1682 871 1809 904 Tantum
1821 877 1885 913 peto
1902 880 1995 913 quan-

1132 917 1195 943 tum
1210 912 1293 949 dedi,
1317 912 1368 943 hoc
1381 914 1527 954 recipiam.
1578 913 1652 946 Non
1668 923 1697 944 es
1716 915 1873 952 mentitus,
1895 921 1999 944 verum

1133 954 1221 984 dicis:
1244 963 1301 984 non
1324 963 1352 984 es
1366 954 1548 994 foenerator,
1571 955 1608 989 &²
1636 956 1683 986 vis
1705 957 1754 987 cui
1769 953 1871 995 dedisti
1887 958 1997 996 quierat

1127 995 1355 1035 foeneratorem,
1377 1002 1411 1026 ut
1435 997 1488 1027 tibi
1509 997 1621 1028 reddat.
1666 996 1722 1028 Sed
1730 995 1760 1035 fi
1778 1002 1926 1037 propterea
1937 995 1996 1035 foe-

1134 1046 1191 1067 nus
1217 1045 1275 1067 non
1298 1037 1411 1077 exigis,
1436 1046 1471 1068 ne
1499 1043 1525 1068 te
1541 1038 1746 1078 foeneratorem
1762 1038 1877 1079 judicet
1896 1036 1998 1076 Deus,

1129 1079 1255 1118 premis,
1269 1077 1418 1118 suffocas,
1439 1079 1551 1120 exigis.-
1565 1078 1593 1117 fi
1609 1085 1725 1111 tantum
1745 1080 1838 1121 exigis
1853 1084 1997 1120 quantum

1130 1116 1248 1158 dedisti,
1263 1119 1437 1160 suffocando
1454 1125 1550 1151 tamen
1566 1120 1602 1155 &2⁹
1619 1122 1652 1152 in
1668 1118 1812 1162 angustiis
1833 1120 2000 1158 retinendo,

1130 1159 1298 1199 beneficium
1316 1170 1373 1191 non
1384 1159 1544 1201 praestitisti
1554 1185 1562 1201 ,
1579 1162 1633 1202 sed
1647 1162 1768 1203 majores
1786 1159 1938 1203 angustias
1955 1161 1999 1191 in·

1131 1200 1234 1239 tulilli.
1277 1201 1332 1232 Sed
1340 1202 1422 1240 forte
1444 1204 1532 1239 dicim
1556 1203 1654 1235 Habet
1676 1204 1754 1234 unde
1774 1204 1888 1234 reddere
1902 1200 1994 1243 poffit.

1131 1242 1231 1274 Habet
1247 1242 1455 1283 poffeffionem,
1477 1245 1596 1276 vendat.
1641 1244 1745 1276 Frater
1766 1250 1836 1276 tuus
1850 1245 1964 1286 quando
1979 1252 1998 1274 a

1132 1290 1159 1315 te
1172 1285 1274 1324 petiit,
1299 1285 1357 1315 ideo
1369 1286 1476 1325 petiit,
1498 1295 1533 1316 ne
1549 1287 1702 1323 venderet,
1719 1291 1869 1327 propterea
1885 1295 1943 1317 non
1949 1285 1998 1325 fe-

1133 1326 1192 1396 aith,
1215 1328 1285 1398 unDia
1291 1324 1474 1367 subvenisti,
1496 1336 1532 1357 ne
1542 1326 1637 1367 fieret.
1662 1327 1730 1359 Hoc
1744 1327 1811 1358 vult
1829 1327 1933 1367 Deus,
1949 1327 1998 1358 hoc

1146 1376 1164 1397 u
1184 1374 1211 1396 et
1262 1376 1321 1398 eus.

1126 1376 1141 1408 J
1173 1405 1334 1439 Caeterum
1358 1415 1392 1439 ut
1412 1408 1554 1441 Christus
1573 1409 1658 1442 inter
1695 1409 1802 1442 udaeos
1820 1418 1886 1441 non
1904 1406 2004 1439 sustu-2

1132 1448 1170 1480 lit
1186 1457 1353 1488 mutuum3
1376 1449 1417 1481 fic
1433 1451 1515 1481 inter
1534 1460 1591 1481 eos
1612 1451 1640 1482 ἃ
1692 1451 1807 1483 entiles
1822 1460 1888 1481 non
1906 1449 1999 1481 sustu-

1131 1490 1168 1521 lit
1194 1489 1321 1522 foenus:
1346 1491 1418 1531 quia
1446 1500 1552 1531 neque
1580 1492 1664 1524 inter
1694 1502 1752 1524 eos
1778 1491 1873 1523 solvit
1895 1491 1998 1531 legem

1128 1541 1221 1572 quam
1246 1531 1356 1564 Moses
1379 1533 1416 1563 iis
1441 1532 1545 1573 posuit
1561 1543 1601 1565 ex
1622 1535 1690 1574 jure
1714 1532 1881 1565 Gentium.
1903 1533 1998 1573 quin,

1128 1582 1202 1604 cum
1221 1572 1324 1604 serrno
1344 1573 1373 1605 ei
1391 1573 1435 1605 est
1455 1575 1496 1606 de
1513 1575 1600 1613 aliis,
1625 1585 1719 1615 quam
1736 1574 1870 1615 judaeis,
1893 1583 1999 1614 neque

1125 1614 1288 1655 improbat
1314 1615 1473 1647 rationem
1496 1616 1647 1656 augendae
1678 1617 1724 1648 rei
1750 1615 1914 1647 familiaris
1941 1625 1998 1656 per

1125 1654 1252 1687 foenus:
1275 1664 1309 1687 ut
1332 1656 1433 1697 liquet
1462 1667 1502 1689 ex
1526 1657 1690 1689 Matthaeo
1714 1663 1775 1698 cap.
1796 1668 1845 1698 25.
1864 1657 1894 1688 ἃ
1911 1655 2000 1695 Luca

1125 1703 1188 1738 cap.
1214 1706 1262 1734 19·
1289 1697 1404 1729 Adhuc
1421 1698 1518 1739 igitur
1538 1700 1647 1739 potuit
1671 1707 1737 1730 tum
1756 1698 1882 1738 Judaeus
1900 1721 1910 1737 ,
1932 1707 2000 1730 non

1126 1738 1228 1770 invita
1247 1737 1363 1770 Christi
1385 1739 1527 1771 doctrina
1543 1763 1552 1778 ,
1575 1739 1682 1772 foenus
1705 1739 1831 1771 Gentili
1851 1740 1945 1779 dare,
1969 1740 1999 1771 δι

1125 1778 1239 1820 Judaeo
1266 1779 1408 1811 Gentilis
1428 1781 1479 1811 seu
1497 1789 1687 1821 extraneus;
1709 1781 1837 1820 saltem,
1859 1779 1882 1812 fi
1903 1781 1999 1812 civile

1127 1820 1224 1859 ess'et,
1247 1830 1309 1853 nec
1331 1821 1463 1854 modum
1484 1822 1687 1859 humanitatis
1711 1823 1888 1864 egrediens.
1913 1822 1946 1855 id
1967 1831 1998 1854 e-

1128 1863 1194 1894 nim
1212 1869 1286 1894 ante
1312 1862 1424 1903 licuit,
1448 1873 1514 1895 non
1534 1863 1636 1896 solum
1656 1864 1814 1896 Gentium
1832 1864 1920 1905 jure,
1943 1862 1994 1896 sed

1128 1903 1159 1935 &
1180 1902 1282 1936 Mofis
1306 1904 1397 1946 lege:
1421 1914 1492 1947 quae
1511 1905 1567 1937 etsi
1582 1905 1690 1938 foenus
1705 1907 1790 1938 inter
1809 1916 1866 1938 eos
1884 1905 2003 1946 pei-mii

1126 1945 1183 1985 fit,
1211 1953 1318 1978 tamen
1338 1947 1541 1987 peregrinum
1560 1957 1576 1978 a
1593 1947 1703 1987 Judaeo
1720 1948 1860 1989 opprimi
1874 1947 1996 1984 vetum

1128 1987 1159 2018 δι
1177 1986 1301 2018 necess'e
1318 1996 1423 2019 autem
1441 1988 1521 2028 fuit,
1550 1990 1719 2029 perdurare
1735 1990 1784 2031 jus
1804 1989 1892 2031 quod
1909 1989 1996 2021 dein-

1127 2029 1168 2059 de
1185 2036 1342 2060 mutatum
1359 2039 1423 2061 non
1441 2030 1495 2061 est.
1514 2029 1655 2062 similiter
1672 2031 1846 2063 dicendum
1863 2029 1927 2070 est,
1947 2030 1997 2061 his

1126 2070 1179 2110 qui
1199 2068 1364 2102 salutarem
1389 2070 1505 2103 Christi
1522 2071 1637 2103 seuam
1659 2072 1912 2113 amplestuntur,
1938 2071 1997 2103 ho-

1126 2112 1178 2142 die
1207 2120 1272 2144 non
1289 2112 1453 2152 prohiberi
1471 2112 1603 2153 foenus;
1627 2114 1727 2145 modo
1751 2113 1772 2145 fi
1791 2113 1930 2153 ipsorum
1952 2114 1997 2144 ci-

1127 2152 1183 2184 vili
1203 2153 1275 2193 lege
1302 2162 1367 2184 non
1385 2154 1602 2195 improbetur:
1627 2156 1701 2196 quia
1727 2164 1839 2186 verum
1860 2153 1925 2193 est,
1949 2154 1993 2186 le-

1126 2203 1183 2234 ges
1208 2194 1319 2225 civiles
1344 2204 1420 2235 quas
1446 2195 1630 2236 reipublicae
1646 2196 1788 2237 Judaicae
1804 2194 1910 2236 posuit
1927 2194 1994 2227 De-

1129 2245 1184 2273 uS‚
1209 2236 1249 2267 ad
1270 2236 1343 2268 alias
1368 2246 1498 2277 quarum
1530 2237 1588 2268 alia
1611 2239 1647 2269 fit
1671 2237 1811 2276 utilitas,
1835 2246 1900 2268 non
1923 2245 1994 2277 per-

1128 2277 1241 2308 tinere.
1267 2276 1403 2317 Quodsi
1429 2278 1492 2317 est3
1516 2288 1648 2318 vereor,
1671 2288 1712 2310 ne
1734 2278 1838 2320 fugiat
1860 2278 1994 2310 Ambro-

1127 2317 1205 2349 fium
1232 2321 1332 2358 ratio,
1355 2318 1402 2350 De
1432 2319 1518 2350 Tobia
1535 2327 1595 2360 cap.
1624 2330 1671 2361 14.
1696 2329 1769 2352 eum
1794 2320 1826 2352 in
1851 2318 1993 2351 Romana

1128 2359 1292 2398 republica
1310 2361 1433 2401 &apud
1450 2360 1647 2394 Christianos
1665 2362 1708 2393 ita
1726 2361 1845 2393 disserit
1860 2359 1992 2402 Audistis

1119 2401 1328 2440 faeneratores!
1350 2403 1421 2443 quid
1436 2402 1483 2433 lex
1498 2403 1595 2441 dicat,
1616 2404 1649 2434 de
1674 2413 1733 2444 qua
1748 2404 1826 2434 dixit
1843 2403 1993 2435 dominus:

1127 2442 1201 2474 Non
1214 2444 1283 2474 veni
1301 2443 1388 2484 legem
1404 2443 1531 2483 firi-vere,
1553 2445 1599 2481 sed
1615 2445 1775 2484 adimplere.
1819 2443 1921 2487 Quam
1944 2445 1992 2476 do-

1127 2493 1225 2514 minus
1249 2494 1306 2515 non
1321 2485 1435 2524 solvit,
1458 2495 1509 2516 vos
1516 2485 1636 2525 solvitis
1650 2485 1666 2517 ἔ)
1690 2486 1791 2525 item,
1814 2485 1889 2518 Noli
1904 2488 1938 2518 ab
1957 2494 1987 2517 eo

1127 2527 1240 2567 exigere
1264 2526 1407 2566 amplius,
1431 2536 1448 2558 a
1470 2536 1526 2568 quo
1546 2527 1651 2558 durum
1667 2526 1705 2567 est
1721 2533 1843 2568 repetere
1857 2529 1932 2568 quod
1945 2529 1991 2559 de-

1126 2567 1218 2605 deris,
1241 2566 1298 2605 mfi
1318 2577 1384 2598 cum
1405 2568 1555 2605 babuerit,
1580 2569 1656 2599 unde
1670 2568 1781 2608 solvat.

1166 2607 1279 2640 Verius
1292 2608 1498 2648 &sapientius
1511 2608 1884 2649 ImperatorJustinianus
1895 2632 1904 2646 ‚
1914 2619 1988 2643 cum

1125 2647 1230 2680 usuras
1245 2648 1304 2681 suis
1314 2648 1432 2682 Titulis
1450 2649 1585 2682 servavit
1602 2650 1634 2681 in
1651 2649 1828 2691 Digestis&
1847 2651 1989 2683 Codice:

1124 2690 1178 2722 sed
1204 2700 1270 2722 non
1296 2690 1459 2729 effrenes,
1488 2700 1550 2722 nec
1580 2691 1718 2731 liberas3
1747 2690 1800 2724 sed
1833 2691 1988 2733 probabili

1123 2732 1225 2764 modo
1252 2741 1290 2763 ac
1305 2732 1368 2764 fine
1391 2731 1663 2773 circumscriptas,
1687 2734 1825 2774 denique
1842 2744 1858 2765 a
1876 2741 1988 2765 tenore

1122 2773 1203 2815 Juris
1221 2772 1378 2806 Gentium
1397 2773 1427 2805 ὃς
1445 2775 1608 2806 communi
1628 2774 1766 2806 utilitate
1777 2785 1840 2806 non
1860 2775 1987 2807 alienas.

1123 2815 1152 2847 ei
1169 2814 1240 2847 sane
1263 2816 1310 2847 rei
1335 2816 1423 2856 quod
1445 2816 1557 2847 melius
1579 2815 1721 2847 adferam
1744 2824 1988 2856 argumentum,

1122 2866 1218 2898 quam
1248 2856 1356 2895 usum,
1388 2857 1547 2898 optimum
1580 2858 1687 2898 legum
1717 2857 1900 2889 censorem:
1932 2856 1987 2898 qui

1120 2898 1226 2930 usuras
1242 2899 1390 2937 reduxit,
1413 2897 1580 2939 postquam
1598 2898 1717 2931 Leonis
1736 2897 1919 2938 Philosophi
1936 2906 1986 2939 pa-

1122 2947 1172 2971 ter
1194 2949 1245 2971 eas
1273 2940 1497 2979 damnaverat3
1522 2948 1629 2972 motus
1655 2941 1739 2972 inani
1765 2940 1891 2981 pietatis
1917 2938 1983 2980 spe-

1120 2982 1171 3013 cie
1198 2990 1259 3022 qua
1281 2991 1353 3013 eum
1378 2982 1551 3021 deceperat
1578 2982 1704 3020 levior,
1735 2990 1829 3022 quam
1852 2980 1982 3012 deceret

1117 3023 1193 3063 Juris
1209 3023 1432 3062 conditorem,
1455 3032 1527 3055 cum
1546 3023 1751 3056 humanarum
1767 3030 1891 3059 rerum,
1914 3029 1982 3053 tum

1118 3064 1278 3096 sacrorum
1312 3065 1530 3103 voluminum,
1560 3063 1805 3105 contemplatio.
1836 3061 1889 3094 sed
1915 3071 1981 3095 nou.

1118 3107 1182 3138 alio
1197 3114 1333 3144 eventu,
1357 3115 1452 3146 quam
1470 3115 1504 3138 ut
1523 3116 1599 3138 mox
1618 3106 1714 3147 patris
1730 3104 1834 3145 legem
1851 3104 1982 3144 abroga-

1116 3157 1153 3179 re
1169 3155 1340 3188 cogeretur
1357 3148 1439 3180 filius
1455 3158 1464 3185 ;
1488 3147 1647 3186 causatus,
1671 3155 1735 3177 non
1750 3146 1850 3177 modo
1866 3155 1932 3177 non
1947 3153 1979 3175 u-

1117 3189 1225 3228 tilem,
1242 3190 1331 3227 quod
1350 3190 1530 3221 intenderat
1550 3189 1729 3230 legislator,
1753 3185 1807 3219 sed
1828 3190 1981 3224 noxiam,

1116 3229 1207 3263 fuisse
1224 3230 1353 3263 Novella
1369 3230 1474 3262 Leonis
1500 3234 1548 3270 83.
1938 3265 1966 3302 ss
