2052 3487
381 99 461 135 DE
509 98 818 133 FoENonvn
868 105 939 133 Ετ
990 98 1252 136 Usz1s.

71 187 151 223 Illud
175 191 230 222 vix
253 189 298 223 est
322 196 434 223 notatu
461 185 706 234 dignum-quod
724 185 890 234 Accursius

29 233 220 270 arbitratur,
244 234 281 263 acl
298 232 379 263 auth.
401 231 503 262 adbaec.
528 229 560 259 C.
578 229 611 259 de
626 232 739 268 usuris,
762 229 890 275 ethrin-

33 275 138 306 tonius
164 274 282 312 Faber,
305 272 377 304 adl.
404 281 448 311 13.
474 270 502 312 §.
524 272 570 301 26.
594 268 638 300 l).
665 270 698 299 de
729 268 889 315 achoni-bus

22 317 118 355 empti
136 315 172 349 ἐξ)
193 315 323 352 venditi,
345 321 398 344 aut
415 317 529 352 probat
545 335 554 348 ,
577 319 630 341 aut
656 319 720 341 non
740 310 884 349 refellit,

1305 100 1335 136 L
1351 108 1408 136 11³.
1438 97 1464 137 I.
1745 113 1810 150 171

934 194 966 219 ta
984 186 1127 228 Synodi‚
1151 189 1283 230 ejusque
1305 190 1482 231 dogmata,
1512 187 1592 222 ficut
1617 188 1715 224 sacras
1736 192 1808 225 scri·-

933 236 1058 269 pturas,
1082 230 1250 269 accipere,
1271 232 1300 262 ὅ(
1319 233 1462 272 regulas,
1479 230 1557 263 ficut
1574 232 1682 274 leges,
1699 233 1806 265 obser·

933 279 1024 301 vare:
1050 279 1120 301 nam
1137 293 1146 309 ,
1172 281 1206 302 ut
1230 273 1318 312 supra
1345 274 1536 312 111011ui‚-ea
1565 274 1711 316 Synodus
1737 275 1806 306 usu-

930 320 979 342 ras
1004 314 1136 342 coercet
1162 322 1225 344 non
1256 317 1397 345 omnium
1419 315 1603 354 bominum,
1628 316 1681 347 sed
1700 315 1801 348 Cleri-

32 359 127 388 etiam
145 357 348 396 justinianum
366 354 490 384 tandem
508 351 810 397 piggiilleulurarum
823 350 884 382 No·
927 361 1039 383 corum
1056 364 1064 384 z
1081 354 1269 400 fluibus&
1302 356 1360 387 alia
1388 355 1556 402 Ca-nonico
1587 357 1801 397 prohibentur

23 392 96 428 ‘veli
120 406 268 443 131.c·.¹1.
285 396 335 428 ubi
347 394 534 438 profitetur,
558 396 589 425 le
605 392 748 426 Nicaenae
772 393 882 424 decre-
926 393 1022 433 Jure,
1048 394 1116 426 aliis
1141 394 1325 436 hominibus
1342 406 1406 429 non
1430 398 1608 431 interdiCta.

297 507 301 516 ,
648 508 651 511 .
730 472 1099 510 CAPUT-XII.

141 533 248 568 More,-
272 532 404 578 rigorem
420 517 515 577 Juris
536 531 773 576 Canoniciycirca
791 530 901 575 usuras
918 529 1071 578 inflex-yse
1086 533 1128 565 ad
1141 535 1317 578 nequitatem
1336 533 1432 579 Jztris
1450 535 1593 571 Gentium
1604 562 1613 579 ,
1641 546 1699 571 non

346 593 354 598 ‘
507 582 626 615 omnino
644 580 883 625 improbantibus
903 581 965 626 cjas
983 579 1078 624 Juris
1103 581 1333 628 Interpretibus.

83 642 166 673 otius
198 639 369 679 addiderim
384 663 394 679 ‚
430 649 537 672 mores
570 642 665 672 etiam
703 640 889 674 Pontificias

30 642 78 718 P
103 680 374 720 Constitutiones‚
399 683 512 723 quibus
532 690 595 714 tam
615 682 723 714 severe
749 683 889 724 prohibi-

31 731 78 754 tas
96 721 186 754 fuiss'e
210 722 333 762 usuras,
360 721 447 764 supra
473 725 607 763 monui,
641 725 672 756 in
697 725 889 764 potestatem

28 764 113 796 suam
137 763 310 804 redegiss'e:
333 764 472 797 inventis
502 765 674 797 verborum
701 765 864 798 fraudibus
880 790 890 806 ,

32 806 162 846 quibus,
186 805 311 837 remiss'o
326 805 401 846 juris
423 806 547 847 rigore,
572 816 620 838 res
645 808 684 838 ad
707 816 828 839 naturae
852 817 890 839 ae-

31 847 184 887 quitatem
201 847 416 880 reduceretur.
441 857 482 879 ex
506 846 613 880 multis
637 858 728 880 unam
748 857 801 880 aut
816 850 891 881 alte-

32 898 95 920 ram
111 911 120 927 ,
144 888 283 929 exempli
304 887 410 928 causa,
433 888 568 928 attulisse
586 898 759 922 contentus
783 900 849 922 ero·

73 929 250 966 Homines,
273 930 395 962 credita
420 931 575 970 pecunia,
598 940 639 962 ne
672 932 748 972 quid
779 941 892 964 contra

31 970 215 1004 Pontificias
231 970 376 1002 facerent
393 970 664 1011 Constitutiones‚
689 983 748 1004 nec
765 973 892 1004 interim

33 1011 169 1044 sterilem
188 1012 242 1044 fibi
259 1011 321 1043 effe
339 1012 474 1045 finerent
498 1014 683 1053 pecuniam,
707 1015 794 1055 cujus
806 1014 891 1046 usum

33 1054 100 1090 aliis
123 1053 340 1095 indhlgerent‚
379 1064 444 1086 non
466 1053 590 1094 foenus,
613 1064 719 1095 neque
751 1055 890 1101 usuram,

33 1093 276 1134 stipulabantur;
299 1095 444 1136 (quippe
463 1097 535 1136 quia
553 1105 611 1136 pro
632 1097 740 1128 officio
760 1096 890 1129 sinealia

33 1135 111 1175 justa
127 1134 215 1166 causa
234 1136 421 1168 credebatur
438 1137 520 1176 dari,
543 1146 654 1169 contra
672 1137 808 1169 formam
828 1147 891 1169 mu-

38 1177 84 1207 tui
101 1177 187 1216 quod
203 1185 310 1208 natura
325 1179 495 1218 gratuitum
512 1178 573 1209 effe
592 1180 747 1219 voluerit)
772 1179 822 1210 sed
842 1179 890 1210 sti-

36 1218 246 1261 pulabantur,
275 1219 441 1259 pecuniam
463 1219 517 1250 fibi
532 1220 596 1250 dari
618 1228 676 1260 pro
693 1220 891 1260 repensando

36 1260 152 1296 damno
177 1258 263 1300 quod
283 1260 364 1299 pati,
396 1260 472 1291 item
489 1269 547 1300 pro
569 1261 660 1292 lucro
680 1270 744 1302 quo
764 1271 890 1302 carere,

37 1297 242 1337 videbantur,
264 1300 307 1330 ob
330 1300 361 1331 id
386 1302 472 1340 quod
491 1302 640 1333 utendam
661 1302 816 1335 dediss‘eflt
838 1313 891 1344 pe-

34 1341 167 1372 cuniam.
193 1341 278 1380 quod
304 1341 373 1381 quia
394 1351 458 1374 non
482 1343 520 1374 ad
545 1342 662 1382 officii,
687 1343 738 1376 sed
763 1346 800 1377 ad
825 1346 891 1386 ejus

34 1381 121 1420 quod
148 1380 293 1420 interest,
316 1382 568 1420 repensationem
596 1384 784 1425 respiciebat
804 1410 814 1426 ‚
845 1388 891 1426 ju-

29 1421 155 1459 stiffime
171 1421 319 1462 defendi,
336 1423 570 1458 Couvarruvias
586 1424 692 1457 scribit
710 1427 758 1459 lib.
771 1438 800 1470 3.
817 1428 891 1460 Var.

32 1463 109 1503 refhl.
133 1472 158 1495 c.
175 1472 202 1495 1.
226 1473 254 1495 n.
280 1474 307 1496 2.
325 1468 398 1502 vers.
422 1466 498 1498 hinc.
515 1466 675 1509 justiffime.
700 1469 788 1500 addit
811 1479 892 1510 quo-

32 1513 94 1544 que
111 1514 134 1535 c.
151 1514 179 1545 4.
198 1514 227 1536 n.
249 1515 279 1545 5.
302 1507 494 1540 creditorem
509 1509 539 1540 in
558 1509 693 1550 ingressu
711 1511 892 1544 contractus

32 1545 133 1578 mutui
156 1544 242 1585 poss‘e
266 1556 338 1579 cum
364 1548 511 1581 debitore
536 1552 650 1590 pacisci
679 1553 718 1582 de
741 1562 781 1583 eo
800 1554 889 1593 quod

31 1585 84 1617 sua
108 1596 172 1618 non
192 1588 221 1618 in
252 1588 367 1620 damno
395 1598 537 1628 tantum,
563 1591 614 1622 sed
640 1592 670 1624 in
696 1594 787 1625 lucro
812 1604 889 1635 quo-

31 1626 95 1668 que
109 1651 118 1666 ‚
141 1628 280 1667 interiit,
298 1630 394 1663 etiam
419 1640 492 1663 ante
510 1642 640 1664 moram.
666 1643 801 1674 eamque
820 1636 888 1676 opi-

30 1669 178 1708 nionem,
202 1669 278 1702 licet
296 1672 422 1712 quidam
445 1673 643 1714 dissentiant,
667 1676 802 1715 plurium
827 1678 889 1708 cal-

29 1710 105 1741 culo
135 1709 260 1742 firmari.
310 1722 370 1744 nec
398 1713 550 1747 abhorret
580 1716 619 1747 ab
652 1716 711 1747 hac
736 1717 891 1749 sententia

27 1750 131 1791 Hugo
148 1750 284 1783 Grotius
300 1753 347 1785 lib.
366 1763 394 1785 2.
414 1756 537 1797 Dejure
552 1758 615 1787 belli
638 1757 674 1791 δ’
688 1760 768 1798 pacis
790 1769 814 1790 c.
842 1768 888 1791 12.

30 1792 59 1833 ὃ.
85 1801 133 1823 21.
157 1793 199 1823 ait
216 1801 324 1831 certe,
349 1794 410 1826 effe
431 1805 500 1836 quae
519 1798 556 1828 ad
575 1798 671 1829 usurae
688 1799 824 1839 speciem
842 1809 891 1831 ac-

30 1832 171 1872 cedant,
195 1842 232 1865 ac
265 1835 363 1876 vulgo
396 1836 493 1867 usurae
516 1837 577 1869 effe
602 1839 786 1876 videantur;
818 1850 891 1873 cum

32 1880 138 1906 tamen
163 1873 221 1906 fint
245 1875 334 1915 pacta
358 1878 484 1917 generis
503 1880 640 1911 alterius.
660 1881 689 1912 dt
708 1883 891 1922 exemplum

30 1916 124 1956 ponit
142 1916 173 1947 in
191 1917 411 1950 conventione
421 1920 460 1950 de
471 1920 664 1960 repensando
675 1922 792 1953 damno
804 1924 892 1963 quod

30 1956 127 1988 faciat
147 1958 200 1998 qui
225 1959 392 1997 pecuniam
419 1961 474 1992 det
491 1970 661 2001 mutuam,.
676 1972 716 1994 eo
732 1965 819 2003 quod
839 1965 891 1995 diu

30 2000 164 2039 pecunia
180 2006 302 2030 careat:
326 2000 402 2031 item
429 2002 468 2033 dc
486 2002 576 2034 lucro
593 2004 638 2034 ob
661 2005 761 2036 mutui
789 2006 890 2036 datio-

30 2048 104 2070 nem
122 2039 275 2079 cessante,
287 2041 424 2073 dedufto
443 2043 565 2075 scilicet
579 2045 704 2077 incerto
721 2044 785 2086 spei
803 2047 831 2077 ἀ
849 2047 890 2077 la-

29 2080 110 2111 bore
128 2082 179 2120 qui
200 2081 378 2114 subeundus
395 2083 504 2116 fuerit:
526 2085 567 2117 fic
584 2087 679 2118 etiam
699 2088 889 2127 proimpc-n-

29 2121 66 2153 fis
84 2122 149 2162 ejus
167 2123 218 2162 qui
237 2123 343 2154 multis
361 2125 414 2155 det
430 2133 573 2158 mutuam
592 2130 759 2167 pecuniam
778 2153 787 2167 ‚
812 2129 841 2159 dt
860 2130 890 2160 in

31 2161 94 2193 hoc
114 2172 251 2203 paratam
270 2164 384 2196 habeat
396 2189 405 2205 ,
421 2167 449 2197 ὅ(
468 2176 526 2207 pro
544 2169 688 2208 periculo
705 2171 889 2202 amittendae

29 2202 139 2242 sortis,
158 2204 209 2235 ubi
227 2206 345 2237 idonee
360 2216 424 2238 non
436 2217 594 2241 caveatur.
619 2210 761 2242 obtinuit
776 2212 889 2252 igitur,

30 2246 279 2277 conventionem
304 2248 342 2278 de
369 2248 465 2281 usuris
483 2250 627 2292 distingui
643 2252 681 2282 ab
706 2262 742 2283 ea
759 2262 828 2292 quaz
852 2255 890 2284 ad

31 2284 61 2316 id
79 2286 165 2325 quod
182 2287 310 2319 interest
327 2288 479 2321 refertur:
502 2292 633 2324 alteram
648 2293 822 2325 Pontificio
837 2295 891 2325 im-

30 2327 156 2367 probari
172 2328 262 2366 jure:
285 2329 412 2361 alteram
433 2341 497 2363 non
515 2343 615 2374 aeque.
643 2336 685 2365 At
704 2334 758 2366 sub
776 2336 888 2367 colore

30 2368 96 2408 ejus
112 2369 199 2408 quod
216 2369 343 2401 interest
360 2372 436 2411 quid
455 2374 556 2413 aliud,
581 2384 673 2415 quani
699 2375 835 2408 foenoris
856 2387 887 2407 u-

29 2407 168 2449 suraeque
187 2410 280 2442 visae
298 2412 455 2451 potestas,
480 2417 790 2457 comprehenditur?
814 2427 887 2450 cum

30 2449 199 2491 praesertim
217 2462 325 2484 verum
343 2452 397 2492 iit,
421 2454 542 2488 usuram
560 2467 597 2489 ac
613 2458 719 2491 foenus
739 2469 804 2491 non
815 2469 888 2492 cum

30 2491 159 2529 officio,
183 2501 215 2523 ut
232 2502 272 2524 ex
289 2495 421 2526 adverso
440 2497 571 2537 dicitur,
600 2497 652 2531 sed
668 2509 739 2531 cum
756 2500 810 2532 usu
826 2500 889 2533 sor·

30 2533 90 2571 εἰς,
113 2535 299 2573 permutari:
331 2536 385 2567 etsi
411 2535 531 2579 fatear,
556 2550 592 2572 ea
611 2541 694 2572 inter
718 2550 889 2574 extraneos

30 2581 141 2614 agere,
163 2574 318 2607 foenerata
335 2579 492 2619 pecunia,
516 2583 603 2620 quod
627 2583 656 2614 in
674 2592 787 2614 mutuo
808 2585 891 2616 inter

32 2614 216 2647 necessarios
234 2617 313 2648 facit
330 2618 490 2654 officium:
515 2622 592 2655 ficut
609 2633 731 2656 merces
750 2626 782 2657 in
802 2626 888 2657 loca·

35 2654 121 2700 tione
138 2656 391 2691 &conduffiooe
409 2663 491 2695 inter
507 2672 677 2697 extraneos
694 2666 776 2706 agit,
800 2667 889 2706 quod

34 2703 65 2740 in
88 2700 291 2743 commodato
311 2709 364 2731 aut
382 2704 531 2736 mandato
550 2706 633 2738 inter
653 2706 841 2740 necessarios
860 2717 889 2739 a·

35 2743 81 2776 git
102 2737 255 2771 officium:
279 2747 338 2772 nec
362 2743 482 2776 idcirco
502 2748 667 2788 quisquam
687 2749 820 2787 dixerit,
843 2750 889 2780 lo-

37 2783 107 2820 eata
129 2786 161 2807 re
180 2787 231 2809 aut
256 2790 369 2821 opera,
393 2789 573 2820 mercedem
595 2798 654 2829 pro
679 2790 788 2822 officio
806 2791 889 2827 dari,-

37 2817 90 2861 ¹Cd
107 2826 163 2856 ΡΓΟ
182 2820 232 2849 usu
250 2823 291 2852 rei
310 2832 362 2854 aut
384 2834 499 2865 operae.
522 2828 575 2861 sed
592 2830 657 2861 hoe
675 2840 714 2862 ex
737 2830 826 2872 supra
843 2832 889 2863 di-

38 2857 93 2889 Ctis
120 2867 264 2905 apparet:
287 2862 393 2903 fimul,
416 2867 498 2900 inani
516 2869 595 2909 Juris
624 2872 890 2913 interpretatione

36 2898 148 2945 servari
169 2899 356 2950 Pontificum
381 2908 496 2949 verba,
518 2920 659 2944 mentem
685 2923 721 2944 ac
741 2913 889 2945 sententi-

35 2948 84 2970 am
113 2950 345 2985 Plrcumvemrl-
377 2956 563 2991 quamquam
587 2964 647 2985 nec
672 2954 713 2986 fic
737 2954 892 2995 adspirare

35 2989 143 3027 potuit
160 2981 214 3029 jus
232 2984 428 3019 canonicum
446 2993 483 3022 ad
503 2992 731 3027 humanitatem
746 2996 828 3036 Juris
840 2996 892 3028 Ci-

36 3023 115 3053 vilis.
140 3030 247 3070 potius
264 3025 317 3057 sub
339 3036 375 3059 ea
391 3028 500 3063 fraude
518 3035 637 3068 lucrum
654 3036 749 3068 usuris
770 3038 892 3069 invenit

35 3063 129 3109 longe
140 3073 247 3105 majus.
267 3066 361 3113 'Jure
378 3071 461 3103 enim
481 3074 574 3106 Civili
593 3077 690 3109 usurae
709 3088 771 3110 non
791 3079 820 3109 in
847 3080 890 3110 in-

33 3103 157 3150 finitum
175 3107 327 3153 permiss'ae
342 3109 452 3152 fuere;
468 3123 508 3145 ne
527 3114 581 3147 sub
599 3118 701 3158 specie
718 3120 848 3160 quidem
861 3130 890 3152 e-

29 3154 79 3184 Jus
102 3147 189 3186 quod
211 3150 360 3183 interest:
383 3151 433 3184 scd
451 3155 612 3189 dumtaxat
638 3170 737 3200 usque
763 3162 801 3192 ad
824 3171 889 3194 cer-

35 3194 156 3260 turqnbpazc
171 3190 371 3262 probabilem
387 3196 536 3231 modurn:
553 3207 586 3232 ut
603 3200 683 3234 infra
699 3202 890 3243 demonstra-

935 641 979 671 bo
1002 642 1049 673 lib.
1077 652 1105 674 2.
1129 654 1154 676 c.
1173 655 1201 686 3.
1225 656 1255 686 5.
1281 646 1318 681 &⁴
1340 651 1369 679 6.
1397 657 1470 680 cum
1497 656 1611 681 contra
1638 649 1805 682 aestimatio

935 683 999 722 ejus
1025 686 1114 723 quod
1142 686 1291 726 interest,
1317 690 1438 721 credita
1465 692 1600 730 pecunia
1616 714 1625 730 ‚
1652 691 1725 731 jure
1747 691 1807 724 Ca-

934 724 1054 755 nonico
1084 727 1177 758 nullis
1211 728 1327 761 finibus
1359 733 1582 764 coerceretur.-
1613 741 1647 763 ut
1679 734 1806 774 egregie

935 765 1117 798 observavit
1135 768 1269 802 Carolus
1284 770 1458 804 Molinaeus
1478 772 1564 804 ιναὲῗ.
1591 773 1806 808 Cononem&

934 812 1050 842 usurczr.
1073 818 1103 839 n.
1123 819 1172 849 75.
1197 810 1322 853 &seqq
1350 814 1379 844 ὅτ.
1397 822 1471 845 ante
1492 824 1565 846 eum
1586 815 1730 846 Andreas
1752 815 1806 846 Al-

933 848 1034 880 ciatus
1049 850 1086 879 ad
1101 850 1119 880 L.
1144 861 1210 883 121.
1240 852 1281 883 D.
1310 855 1342 884 de
1358 856 1510 887 verborum
1520 855 1745 897 figniftccicione.
1770 856 1807 887 ld

935 897 1041 920 tamen
1062 900 1102 922 ne
1119 892 1230 924 liceret
1247 896 1405 935 avaritiae,
1431 898 1549 937 placuit
1567 898 1690 938 legibus
1711 899 1806 929 mori·

935 930 1059 970 busque
1077 934 1266 975 regionum,
1290 938 1384 968 etiam
1405 938 1434 969 in
1462 939 1522 969 bac
1547 947 1637 979 parte
1662 939 1805 970 humano

934 973 1042 1018 generi
1063 974 1248 1015 consulere,
1272 977 1380 1017 pofitis
1400 978 1515 1010 finibus
1534 981 1649 1021 quibus
1675 980 1806 1012 testima-

935 1015 981 1044 tio
1005 1023 1070 1053 ejus
1095 1018 1182 1056 quod
1217 1018 1349 1050 interest
1365 1043 1374 1058 ‚
1414 1022 1549 1059 pecunia
1581 1021 1720 1060 credita,
1746 1023 1805 1053 cir-

934 1056 1217 1090 cumieriberetur:
1241 1060 1371 1092 auctore
1390 1061 1531 1103 Hugone
1550 1062 1692 1102 GrotiO,
1711 1063 1807 1094 lutro-

936 1095 1013 1127 ιῖιιὲἶ.
1035 1099 1072 1128 ad
1094 1098 1227 1140 Jurt'spr.
1270 1101 1377 1132 Bazav.
1401 1110 1431 1143 p.
1458 1114 1487 1143 3.
1512 1114 1536 1134 c.
1567 1114 1613 1137 10.
1633 1107 1670 1135 ati
1690 1105 1748 1145 firm
1775 1105 1806 1136 Gt

931 1138 1080 1181 johanne
1104 1149 1121 1170 a
1147 1141 1251 1173 Sande
1270 1142 1323 1174 lib.
1347 1154 1378 1184 3.
1403 1144 1499 1185 Decz'ss
1520 1144 1591 1186 Friſs
1616 1147 1661 1177 tit.
1691 1155 1735 1186 14.
1760 1147 1806 1177 cle-

928 1182 988 1219 ]m.
1015 1190 1044 1220 3.

977 1220 1049 1253 Fuit
1073 1222 1102 1254 ἅ
1128 1223 1185 1255 alia
1203 1226 1284 1256 ratio
1302 1225 1527 1260 ‹iiffimulandae
1539 1226 1638 1259 usurae
1657 1227 1712 1260 sub
1732 1230 1807 1261 ima-

934 1262 1008 1304 gine
1032 1265 1205 1304 emptionis
1225 1268 1254 1298 &
1273 1269 1490 1307 venditionis,
1512 1271 1650 1301 maxime
1677 1271 1803 1311 adjcsto

935 1304 1029 1344 pasto
1055 1306 1095 1336 de
1120 1314 1207 1337 retro
1234 1309 1426 1341 vendendo:
1460 1320 1558 1349 ecce,
1593 1320 1609 1341 a
1640 1321 1690 1343 me
1722 1313 1806 1351 petis

935 1354 1076 1378 mutuam
1103 1349 1298 1388 pecuniam,⁴
1321 1350 1351 1381 ἃ
1372 1359 1404 1382 ut
1429 1353 1584 1393 accipias,
1609 1361 1672 1383 non
1702 1353 1807 1386 usuras

935 1387 1034 1419 offers
1055 1389 1099 1419 ob
1119 1388 1297 1422 Pontificiae
1322 1401 1443 1425 metum
1464 1393 1727 1426 Constitutionis:
1753 1394 1806 1426 sed

936 1438 1009 1460 cum
1036 1429 1133 1461 habes
1152 1430 1287 1464 fundum
1309 1442 1348 1465 ex
1372 1443 1438 1473 quo
1462 1444 1539 1466 tanti
1559 1436 1731 1475 quotannis
1747 1435 1806 1468 fint

936 1472 1077 1510 reditus,
1106 1480 1232 1511 quantae
1257 1473 1353 1505 usui-ze
1385 1477 1515 1508 credita}
1544 1478 1706 1517 pecuniae3
1737 1479 1804 1516 ais,

936 1512 1021 1544 velle
1037 1535 1046 1551 ‚
1072 1513 1157 1545 hunc
1176 1516 1317 1547 vendere
1342 1526 1377 1547 ea
1401 1520 1536 1557 pecunia
1554 1528 1648 1558 quam
1667 1520 1805 1558 petieras

935 1562 1096 1586 mutuam:
1121 1555 1163 1586 ita
1182 1565 1233 1595 ut,
1257 1558 1384 1597 quoties
1411 1560 1511 1591 vitum
1529 1559 1586 1590 tibi
1605 1559 1720 1597 fuerit,
1747 1561 1806 1591 tibi

929 1595 978 1635 jus
996 1594 1051 1633 iit,
1075 1596 1209 1628 fundum
1229 1599 1395 1632 redimere,
1419 1609 1514 1638 emo,
1538 1601 1675 1641 pretium
1692 1600 1804 1641 solvo,

931 1635 1066 1668 fundum
1094 1639 1209 1677 tradis,
1233 1639 1354 1671 fructus
1381 1642 1546 1682 percipio:
1576 1642 1705 1674 redimis
1730 1642 1804 1675 fun-

933 1679 1028 1716 dum,
1053 1680 1175 1719 recipio
1194 1682 1330 1720 pretium
1355 1684 1441 1722 quod
1464 1684 1555 1722 dedi,
1580 1683 1700 1715 fructus
1716 1693 1803 1724 quos

933 1719 1059 1751 interim
1088 1724 1237 1762 percepi,
1262 1724 1399 1755 retineo.
1433 1724 1521 1756 estne
1546 1724 1698 1758 usurarius
1723 1735 1804 1758 con-

934 1761 1076 1792 tractus?
1100 1772 1163 1793 non
1181 1763 1244 1795 est:
1267 1765 1341 1804 quia
1358 1775 1424 1798 non
1443 1765 1488 1798 est
1506 1774 1650 1798 mutuum
1667 1767 1696 1798 ln
1712 1767 1801 1808 quod

933 1802 1064 1842 proprie
1095 1803 1182 1834 usura
1211 1805 1315 1844 cadit3
1338 1805 1390 1838 sed
1420 1809 1543 1849 emptio
1574 1808 1736 1841 venditio:
1764 1817 1804 1841 ex

934 1851 996 1883 qua
1016 1842 1137 1876 fruetus
1163 1846 1330 1886 percipio,
1355 1857 1419 1880 non
1447 1849 1531 1889 quasi
1557 1850 1703 1889 pecuniae
1739 1849 1805 1881 usu-

934 1893 1020 1921 ram,
1043 1883 1095 1916 sed
1122 1885 1205 1925 quali
1223 1886 1315 1919 fundi
1335 1889 1397 1920 mei
1416 1890 1602 1922 utilitatem:
1624 1900 1730 1932 neque
1757 1901 1804 1923 re·

935 1931 1046 1966 petere
1057 1925 1179 1966 possum
1200 1926 1315 1960 sortem
1334 1931 1524 1970 meam,ctfi
1544 1931 1710 1964 restituere
1726 1941 1802 1973 pos-

934 1966 990 1998 fis:
1014 1974 1136 1999 tantum
1156 1969 1338 2002 vindicandi
1354 1970 1445 2004 fundi
1466 1974 1528 2004 mei
1546 1973 1732 2005 facultatem
1749 1974 1803 2005 ha-

935 2008 1009 2038 beo.
1040 2007 1082 2039 fic
1108 2007 1295 2042 Ludovicus
1324 2012 1467 2054 Melina,
1492 2014 1539 2045 De
1551 2012 1669 2056 justitia
1686 2015 1804 2056 &jure

934 2048 1020 2080 trost.
1042 2059 1070 2080 2.
1088 2051 1192 2090 disput.
1215 2062 1285 2092 320.
1303 2063 1332 2084 n.
1352 2064 1380 2093 4.
1395 2063 1464 2097 pag.
1486 2065 1553 2087 121.
1577 2066 1617 2087 ex
1637 2058 1803 2089 communi

934 2089 1297 2125 Doctorumrententia:
1319 2097 1406 2127 addit
1426 2106 1596 2136 praeterea,
1613 2096 1802 2138 Cajetanum

934 2132 1020 2178 retfte
1046 2133 1236 2174 admonere,
1263 2145 1319 2167 eos
1345 2139 1397 2178 qui
1415 2148 1431 2169 a
1450 2138 1651 2180 Principibus
1682 2140 1802 2180 aliquas

936 2181 1084 2204 Civitates
1118 2184 1243 2216 pignori
1283 2179 1445 2218 accipiunt
1482 2189 1541 2220 pro
1574 2182 1708 2221 pecunia
1741 2190 1804 2220 qua

935 2214 1097 2254 Principes
1113 2217 1277 2257 indigent,
1300 2218 1320 2250 si
1341 2221 1461 2260 absque
1479 2221 1576 2252 usurae
1596 2223 1693 2260 vitio,
1717 2221 1803 2253 resti·

934 2256 1131 2297 tutionisque
1147 2268 1265 2298 onere,
1290 2262 1391 2292 velint
1409 2262 1531 2294 fructus
1551 2273 1657 2295 earum
1675 2263 1745 2296 suos
1757 2263 1802 2295 fa-

933 2306 1027 2336 cere,
1052 2308 1112 2330 nec
1133 2299 1192 2330 bos
1208 2301 1237 2331 ln
1265 2300 1380 2334 sortem
1408 2304 1584 2343 imputare,
1609 2305 1727 2336 debere
1748 2315 1800 2336 eas

931 2340 1078 2372 civitates
1104 2350 1140 2372 ea
1167 2344 1305 2381 pecunia
1322 2354 1429 2375 emere
1455 2344 1508 2375 sub
1526 2346 1618 2385 patro
1642 2347 1681 2376 de
1697 2354 1800 2377 retro-

931 2382 1103 2412 vendendo
1116 2406 1125 2421 ,
1152 2392 1252 2423 taque
1272 2385 1321 2415 via
1332 2385 1452 2417 frustus
1468 2386 1536 2425 jure
1558 2386 1627 2417 suos
1646 2386 1799 2418 facturos.

931 2421 983 2453 Sic
999 2422 1070 2462 ille3
1094 2433 1154 2454 nec
1171 2425 1252 2455 male
1267 2449 1276 2464 ‚
1301 2427 1489 2466 quoadjuris
1508 2427 1724 2459 subtilitatem.
1746 2428 1799 2460 sed

930 2462 951 2494 fi
976 2473 1080 2495 rerum
1107 2464 1360 2506 simplicitatem,
1383 2468 1540 2508 denique,
1564 2469 1596 2500 id
1620 2470 1709 2509 quod
1733 2470 1799 2510 agi-

934 2512 1002 2543 tur,
1034 2514 1143 2545 putes:
1167 2515 1200 2537 tu
1230 2506 1343 2539 frueris
1371 2506 1454 2539 sorte
1475 2519 1566 2549 mea,
1610 2520 1672 2551 ego
1694 2509 1799 2543 fundo

934 2553 1009 2578 tuo:
1033 2556 1073 2577 ne
1084 2547 1194 2579 sterilis
1210 2549 1286 2580 milri
1307 2548 1373 2580 sors
1389 2549 1446 2589 fit3
1468 2559 1540 2582 cum
1561 2551 1617 2582 tibi
1639 2552 1722 2584 utilis
1741 2552 1799 2585 est.

932 2586 1084 2620 usurarius
1101 2589 1196 2629 igitur
1214 2591 1395 2622 conti-astus
1413 2592 1478 2631 est3
1502 2591 1555 2624 sed
1574 2593 1627 2634 qui
1647 2594 1725 2626 latet
1741 2593 1797 2625 sub

933 2629 1046 2660 colore
1070 2631 1246 2669 emptionis
1264 2633 1469 2665 venditionis.
1803 2646 1805 2648 ·

972 2669 1058 2701 Idem
1083 2671 1254 2703 dicendum
1282 2674 1322 2704 de
1353 2676 1464 2706 annuis
1494 2675 1648 2708 reditibus
1682 2676 1735 2716 qui
1759 2685 1801 2708 ex

934 2710 1085 2751 permissu
1108 2712 1238 2744 Martini
1263 2724 1291 2746 v,
1323 2715 1353 2746 dt
1380 2715 1497 2748 Calixti
1531 2727 1597 2749 111.
1627 2717 1799 2759 Extravag.

933 2762 1031 2783 comm.
1054 2763 1079 2784 c.
1103 2755 1254 2795 regimini,
1277 2757 1310 2787 de
1331 2758 1471 2798 empcione
1494 2758 1531 2793 ἐξ)
1552 2760 1734 2798 venditione,
1758 2767 1799 2790 ex

933 2792 1040 2825 fundis
1071 2795 1122 2826 vel
1147 2796 1266 2827 cedibus
1298 2807 1386 2829 certa
1421 2802 1557 2840 pecunia
1594 2800 1697 2832 solent
1734 2799 1797 2831 emi

933 2833 987 2865 sub
1013 2835 1106 2875 patto
1132 2837 1172 2868 de
1196 2846 1282 2869 retro
1306 2841 1504 2874 vendendo:
1536 2849 1570 2873 ut
1593 2842 1744 2883 praeclare
1762 2849 1796 2870 ο-

932 2874 1049 2907 stendit
1064 2876 1199 2916 jacobus
1218 2879 1364 2921 Curtius,
1376 2888 1442 2914 tom.
1465 2892 1491 2915 1.
1517 2883 1566 2916 lib.
1583 2893 1613 2925 3,
1631 2881 1794 2924 Conjetzur.

932 2926 956 2948 c.
982 2926 1031 2952 2).

975 2958 1089 3001 Quid,
1117 2960 1138 2992 fi
1169 2961 1325 2995 Canonici
1356 2964 1437 3005 Juris
1475 2965 1667 3006 Interpretes
1700 2963 1797 3009 etiam

934 2999 1038 3031 usuras
1060 3024 1069 3039 ‚
1104 3010 1135 3033 at
1169 3004 1351 3043 modestas,
1390 3007 1474 3047 exigi
1510 3008 1676 3046 accipique
1706 3003 1796 3043 DOsse

933 3041 1114 3074 existiment
1131 3044 1148 3076 ἵ)
1179 3045 1262 3077 itane
1279 3047 1296 3077 .9
1328 3047 1404 3079 nihil
1430 3050 1544 3079 verius.
1579 3046 1664 3077 ubi?
1697 3054 1796 3086 quum

933 3089 1078 3116 mutuum
1109 3094 1173 3116 non
1205 3086 1319 3128 sponte
1342 3090 1511 3120 creditoris
1527 3111 1536 3125 ‚
1570 3086 1622 3118 sed
1642 3086 1718 3126 J'uris
1740 3096 1795 3119 ne-

932 3124 1074 3156 cessitate
1091 3149 1100 3164 ‚
1131 3130 1340 3161 contrahitur.
1379 3131 1561 3169 exemplum
1584 3127 1628 3159 est
1643 3151 1652 3165 ς
1684 3127 1704 3159 fi
1728 3126 1796 3159 sub·

931 3165 989 3196 diti
1021 3176 1179 3208 cogantur
1209 3179 1353 3202 mutuum
1386 3171 1485 3207 dare,
1517 3170 1686 3200 mandante
1709 3169 1796 3201 Prin-

931 3206 1002 3248 cipe
1018 3232 1029 3248 ,
1066 3210 1118 3245 vel
1139 3211 1301 3252 republica
1315 3235 1341 3283 ᾖ,
1360 3211 1576 3243 ob-saevitiam
1599 3211 1674 3243 belli
1692 3234 1704 3252 ³
1736 3220 1796 3253 P¹'⁰

1142 3255 1145 3257 -
1330 3258 1335 3266 s
1366 3262 1383 3283 2
1766 3261 1797 3282 3.
