2036 3495
123 39 145 76 8
543 31 579 69 G
610 25 688 69 E‘xt
723 42 742 66 A
772 41 796 66 R
827 37 852 62 n
884 38 897 62 1

132 124 205 167 lust.
232 126 266 157 de
282 130 389 166 perpet.
417 121 454 157 εἶθ’
478 127 562 162 temp.
586 119 644 152 afb.
669 129 685 150 a
708 119 796 158 cujus
814 115 1006 147 auctoritate

131 167 296 208 pendebat
311 165 413 197 omnis
430 162 534 194 Edisti
553 162 601 193 vis
617 163 647 192 δε
666 161 771 190 honor
787 158 816 199 ς.
835 166 863 196 7.
883 155 956 196 Inst.
973 159 1007 187 de

122 209 263 251 junnae.
287 208 394 246 Atque
405 213 443 235 ea
458 202 547 233 causa
563 202 680 233 dicitur
688 198 767 239 fatiz'
782 198 844 229 esse
861 198 949 237 quod
964 205 1006 228 ex

132 248 252 281 Edicto
268 245 451 282 descendit3
467 243 588 290 &juris
603 241 689 281 quod
708 249 749 272 ex
762 239 899 280 Legibus
917 239 1005 269 venit

127 290 147 322 l.
161 299 209 331 27.
226 289 256 329 §.
275 296 306 319 2³
322 286 364 318 D.
388 286 421 315 de
430 283 535 324 petits.
561 290 717 323 praeterea
741 281 814 312 iude
832 288 957 325 nomeu·
974 288 1004 309 a·

132 331 247 363 &ionis
264 327 391 359 direttae
408 325 438 356 δε
455 325 557 356 utilis:
581 325 659 355 item
681 322 799 355 dicitur
820 321 895 352 inde
920 320 1005 351 aliud

129 371 193 404 effe
208 368 276 410 ipso
292 368 360 408 jure
378 365 614 404 nullum,aliud
630 363 826 404 exceptione
840 359 1003 394 infirmari.

128 409 284 452 quidquid
298 407 360 440 est:
384 409 457 447 quia
474 406 585 438 Edffika
602 406 790 447 plerumque
806 411 895 435 erant
911 404 1005 443 plena

129 450 352 485 humanitatis:
375 449 452 480 ideo
470 447 610 489 Populus
627 456 664 478 ea
687 447 773 478 ultro
796 444 1004 484 sequebatur,

128 493 273 534 neglecta
288 490 455 522 severitate
469 490 550 530 juris
565 488 695 527 Civilis,
712 485 913 520 mollioribus
928 493 1007 516 tem-

125 535 259 576 poribus
277 533 379 565 minus
395 532 471 573 apti.
495 531 536 563 fic
549 529 664 569 fiebat,
687 535 723 560 ut
744 528 888 560 Edictum
904 535 960 567 per
976 526 1007 557 se

127 575 290 608 infirmum
307 598 317 612 ,
347 576 475 605 tandem
497 573 566 613 jure
588 581 655 603 non
677 569 794 608 scripto
820 567 1007 599 aestimatum

129 616 243 656 fuisse,
267 615 376 647 auctor
399 614 436 647 fit
459 613 577 646 Cicero
592 613 641 644 lib.
659 622 688 644 2.
716 611 761 642 De
784 610 949 655 Invention.
976 608 1007 650 §.

133 668 203 699 171.
220 665 392 696 caeterum,
411 663 446 688 ut
462 655 541 687 nihil
557 653 603 686 est
619 655 650 686 in
666 653 761 685 rebus
778 651 920 683 humanis
937 659 1008 691 per-

130 700 273 739 fectunu
296 699 341 730 ita
365 707 426 730 nec
450 697 489 728 ab
512 695 631 728 Edictis
653 693 768 735 sperari
786 693 817 726 id
834 690 938 732 potest
954 697 1009 722 aut

132 743 242 774 debet.
274 739 541 781 Proponebantur
556 747 593 769 ea
612 736 803 777 quotannis:
829 736 858 765 ὅ(
875 732 1008 774 sequens

132 783 258 815 Praetor
273 783 414 823 priorum
430 779 541 811 Edicta
556 787 625 820 quae
644 777 792 809 tralatitia
807 774 1007 815 appellaban-

131 835 184 858 tur
198 849 209 865 ‚
231 823 402 864 aliquando
425 820 570 853 servabat
592 819 780 852 immutilata
798 827 807 856 ;
837 816 1008 857 aliquando

129 866 338 909 proponebat
354 862 564 904 interpolata:
580 860 743 893 formabat
758 867 890 900 quoque
905 866 1009 895 nova,

132 920 194 951 pro
210 918 245 941 re
261 915 354 945 nata,
376 906 408 937 in
426 903 562 944 ingressu
578 901 803 943 Magistratus:
826 907 861 931 ut
879 898 1010 931 testatur

136 952 254 984 Cicero
270 949 319 981 lib.
335 957 365 989 3.
381 946 434 979 Ad
448 945 597 978 Familiar.
615 941 711 985 Epist.
725 947 753 977 8.
773 943 820 973 lib.
838 944 868 972 6.
886 941 936 971 Ad
953 940 1009 971 Ac-

135 995 186 1025 tic.
212 989 306 1033 Epist.
327 999 354 1022 1.
380 988 532 1029 amplius,
550 987 685 1027 quoties
707 984 852 1030 luberet,
877 983 1011 1013 durante

133 1034 258 1076 imperii
276 1040 378 1063 anno:
401 1029 483 1071 saepe
496 1027 593 1070 justa,
610 1026 771 1059 interdum
791 1022 918 1069 injusta,
940 1031 1012 1063 pro-

132 1086 170 1111 ut
188 1083 257 1109 erat
275 1071 437 1106 modestus
458 1071 489 1103 δε
507 1068 726 1105 verecundus,
751 1066 802 1097 vel
825 1064 1011 1111 improbus,

135 1121 212 1152 dans
222 1116 367 1150 sordibus
382 1120 436 1145 aut
453 1111 572 1154 gratiae.
595 1120 645 1143 res
655 1110 756 1149 liquet
773 1116 814 1154 ert
831 1105 1012 1152 Cicerone,

137 1162 228 1194 Orat.
244 1160 277 1190 in
296 1157 382 1189 Verr.
408 1154 456 1186 De
468 1159 585 1195 praetur.
604 1152 671 1183 urb.
698 1158 758 1181 nec
774 1149 833 1179 alia
850 1147 912 1178 fuit
931 1154 1012 1192 ratio

133 1199 341 1244 proponendi
366 1195 479 1234 edicti,
502 1193 604 1237 Quod
628 1192 764 1233 quisque
777 1190 853 1230 juris
868 1189 900 1220 in
917 1188 1013 1220 alium

134 1243 299 1280 statuerit,
312 1249 348 1272 ut
365 1236 430 1279 ipse
444 1236 562 1268 eodem
577 1236 645 1275 iure
662 1240 785 1278 utatur:
806 1239 871 1271 quo
883 1230 922 1262 de
939 1239 1012 1277 age-

138 1294 190 1317 tur
206 1284 266 1316 Tit.
283 1293 312 1314 2.
333 1281 382 1312 lib.
399 1289 427 1310 2.
443 1286 536 1318 aeque
562 1276 626 1307 hoc
649 1282 752 1315 arguit
775 1271 844 1318 Lex
862 1270 1013 1303 Cornelia

133 1327 189 1360 De
204 1324 324 1358 EdiCtis
346 1320 527 1362 perpetuis:
550 1326 612 1358 qua
627 1324 756 1348 cautum
775 1312 858 1360 fuit,
882 1320 917 1343 ut
932 1312 1012 1344 Prae-

135 1377 227 1401 tores
246 1376 288 1398 ex
304 1362 425 1396 Editus
441 1360 500 1392 suis
517 1358 681 1400 perpetuis
697 1358 744 1395 jus
762 1356 917 1400 dicerent.
943 1362 1013 1400 eam

136 1417 227 1442 certe
250 1407 374 1448 Legem
398 1402 533 1444 gratiam
552 1398 725 1432 ambitiosis
749 1396 944 1429 Praetoribus
959 1403 1013 1435 qui

132 1451 223 1483 varie
252 1450 300 1489 jus
328 1447 435 1478 dicere
458 1442 653 1474 assueverant
668 1463 678 1477 ‚
709 1437 857 1470 sustulisse
873 1460 883 1475 ,
915 1438 1014 1467 docet

134 1492 294 1526 Asconius
312 1486 484 1523 Pedianus,
505 1483 582 1524 Arg.
599 1483 632 1512 in
650 1481 737 1512 Orat.
755 1480 883 1510 ciceron.
902 1478 958 1509 Pro
979 1477 1013 1508 C.

137 1531 266 1565 Cornelio
287 1535 316 1569 p.
343 1537 410 1566 123.
436 1527 466 1556 δι
483 1523 573 1556 Dion
597 1522 716 1554 Caffius
741 1520 790 1552 lib.
806 1524 863 1567 36.⁸
888 1519 937 1551 Ab
952 1519 1013 1550 hac

135 1573 247 1612 causa,
270 1568 358 1602 fimul
381 1576 399 1598 a
423 1564 556 1597 naturali
580 1563 749 1596 hominum
771 1562 811 1594 ad
833 1560 1014 1594 dissentien-

137 1616 215 1648 dum
237 1610 376 1649 affectu,
399 1617 472 1640 nata
489 1606 552 1638 fuit
575 1614 688 1647 magna
704 1602 899 1649 Edistorum·
914 1603 1014 1634 varie-

137 1662 298 1696 tasatque
315 1649 531 1684 incertitudo:
547 1647 689 1685 ideoque
704 1645 835 1677 rationis
852 1643 936 1682 fuit,
959 1653 1016 1679 co-

136 1698 230 1741 gitari
246 1697 286 1727 de
302 1690 539 1733 compositione
557 1687 659 1720 Edisti
679 1687 839 1728 perpetui.
880 1686 1016 1717 instituit

137 1737 346 1782 perfecitque
368 1742 437 1766 eam
460 1730 583 1763 Salvius
599 1729 737 1768 Julianus
751 1727 831 1769 jussu
848 1727 930 1768 Imp.
952 1727 1017 1770 Ha-

136 1780 249 1813 driani.
271 1788 289 1810 a
311 1785 378 1818 quo
407 1774 504 1805 etiam
527 1770 752 1803 confirmatum
778 1769 823 1801 est
848 1770 881 1801 id
903 1768 1016 1810 Opus,

136 1820 297 1855 Oratione
312 1820 344 1850 in
361 1817 481 1849 Senatu
505 1812 633 1852 habita,
655 1814 685 1844 dc
710 1810 845 1852 sequuto
868 1810 1017 1842 Senatus-

137 1862 287 1897 consulto
310 1860 330 1892 l.
347 1869 375 1891 2.
394 1857 425 1900 §.
447 1860 493 1891 18.
510 1855 544 1887 C.
561 1855 594 1886 de
610 1861 670 1885 vet.
684 1854 739 1895 jur
755 1853 849 1884 enucl.
872 1861 934 1884 nec
954 1852 1017 1892 jam

137 1906 238 1939 miror
253 1927 263 1942 ‚
291 1901 352 1944 juri
380 1899 499 1939 scripto
529 1906 548 1928 a
566 1895 742 1936 Justiniano
763 1895 963 1926 annumerari
985 1897 1017 1936 §.

141 1958 171 1989 7.
205 1944 278 1987 Infi.
308 1944 342 1975 de
365 1942 431 1981 jur.
460 1943 525 1970 nat.
554 1946 591 1969 ac
618 1938 704 1968 circa
734 1936 800 1976 ejus
831 1936 1018 1976 explicatio-

137 1998 213 2022 nem
228 1985 382 2019 versatam
399 1981 461 2013 ess'e
477 1978 777 2020 jurisconsultorum
802 1977 997 2017 diligentiam
1012 1987 1021 2008 ε

139 2038 177 2062 ut
192 2039 233 2061 ex
251 2026 348 2068 Gaji,
370 2022 500 2065 Ulpiani
514 2032 528 2062 ·,
561 2020 676 2060 Pauli,
706 2018 793 2051 libris
818 2018 856 2050 ad
873 2018 1019 2050 Edictum

140 2069 278 2103 constat.

185 2110 348 2144 Postrema
363 2117 433 2149 pars
443 2106 519 2148 iuris
535 2103 641 2144 scripti
652 2101 837 2133 continetur
852 2100 1019 2141 Responsis

141 2153 353 2188 Prudentum.
376 2151 416 2180 de
439 2147 555 2187 quibus
582 2145 626 2176 ita
640 2142 830 2184 justinianus
847 2143 875 2184 §.
895 2147 924 2177 8.
945 2140 1018 2183 Inst.

142 2198 178 2229 de
188 2196 252 2237 jar.
272 2197 335 2224 nat.
360 2189 504 2232 Responsa
529 2187 715 2219 Pruaemum
728 2184 804 2224 sunt
808 2184 963 2224 sententiae
982 2183 1021 2218 ὅ)

143 2237 288 2279 opiniones
303 2243 400 2265 eorum
417 2231 521 2273 quibus
528 2226 695 2269 permiffum
712 2231 773 2257 erat
784 2226 818 2257 de
832 2225 900 2267 jure
912 2230 1020 2266 respon-

142 2281 216 2311 dere.
238 2277 290 2318 (in
306 2274 394 2306 libris
409 2271 571 2313 plerisque
587 2268 649 2306 est,
661 2268 734 2309 jura
749 2267 894 2304 condere;·
908 2266 939 2298 ὃς
957 2276 1021 2298 me-

143 2321 224 2359 lius,
245 2325 280 2350 ut
297 2317 417 2348 dudum
435 2313 474 2345 ab
490 2312 557 2344 aliis
574 2309 783 2349 annotatum)
804 2318 874 2340 nam
888 2308 1018 2349 antiqui-

136 2368 192 2393 *tus
207 2357 395 2401 constitutum
409 2359 472 2387 erat
483 2377 492 2394 ,
502 2358 536 2384 ut
553 2350 639 2392 effent
655 2351 707 2393 qui
719 2350 791 2391 jura
803 2350 914 2390 publice
930 2351 1018 2381 imer-

134 2402 328 2444 'pretaremur
343 2398 448 2440 quibus
470 2406 489 2427 a
511 2394 617 2434 Caesare
633 2393 687 2433 jus
710 2392 894 2432 respondendi
916 2392 1019 2423 dacum

145 2442 186 2479 est
208 2444 258 2484 qui
274 2437 479 2483 jurisconsulti
504 2434 733 2476 appellabantur.
755 2436 877 2475 quornm
891 2434 1019 2464 omnium

132 2480 343 2526 fihtewita&
360 2480 503 2522 opiniones·
519 2487 582 2508 eam
595 2474 797 2507 auetoritatem
812 2475 1021 2518 cambonanc

142 2526 240 2568 judici
263 2525 389 2555 recedere
412 2532 430 2553 a
453 2518 578 2560 responso
600 2526 696 2548 eorum
722 2525 780 2547 non
797 2516 919 2562 liceret,
933 2521 966 2546 ut
982 2513 1022 2555 est

146 2564 344 2607 constitutum.
368 2563 402 2594 In
420 2563 468 2594 his
484 2560 590 2592 verbis
601 2558 719 2599 triplex
735 2565 877 2589 occurrit
890 2556 1022 2589 difficul-

146 2608 212 2640 ta's':
229 2615 289 2638 una
301 2629 310 2644 ,
326 2603 492 2645 quomodo
507 2600 676 2643 potuerint
691 2599 805 2640 privati
817 2597 1022 2636 jurisconsul-

134 2651 175 2681 'ti
192 2648 251 2680 suis
272 2645 457 2686 Responfis,
480 2644 513 2676 id
536 2641 602 2681 est,
626 2640 791 2682 sententiis
814 2639 844 2671 ὅτ.
861 2639 1020 2680 opinioni-

146 2688 228 2728 bus,
240 2689 288 2728 jus
298 2686 438 2718 condere
450 2709 459 2726 ,
473 2684 532 2724 (sic
552 2683 636 2715 enim
654 2682 827 2728 legendum.
840 2682 870 2712 in
886 2682 914 2713 d.
932 2680 960 2723 §.
972 2680 1021 2721 8.)

134 2730 257 2772 'eoque
266 2727 412 2767 dicijuris
426 2726 570 2758 auctores
581 2747 592 2763 ‚
607 2725 720 2765 &juris
731 2723 917 2754 conditores
926 2725 1022 2761 ;*item

147 2773 286 2806 statuere
302 2793 312 2808 ,
337 2769 367 2799 &
391 2767 608 2803 constituere3
631 2764 833 2807 ipsorumque
856 2764 1026 2805 opiniones

150 2812 301 2855 appellari
322 2807 576 2840 constitution-es
598 2807 617 2837 l.
635 2810 686 2838 66.
703 2805 744 2836 D.
764 2805 863 2838 Soluto
877 2807 1023 2837 matrimo-

151 2854 247 2888 m‘osl.
268 2861 294 2885 1:
310 2850 353 2884 D.
371 2851 405 2882 {le
415 2847 634 2892 privandam.
652 2848 671 2881 l.
688 2857 737 2885 91.
750 2846 858 2890 §.3.4.
878 2847 915 2883 ἐξ
930 2850 961 2879 6.
980 2845 1024 2880 D.
1056 2889 1058 2893 .

1060 2602 1163 2636 quet,
1178 2604 1251 2627 cum
1269 2595 1312 2626 ait
1327 2593 1513 2634 Justinjanus
1529 2593 1561 2624 in
1579 2591 1644 2624 fine
1659 2593 1689 2624 d.
1731 2598 1739 2624 .’
1758 2597 1788 2627 8.

955 16 1493 64 Nooor'comm.

1046 116 1081 146 de
1096 116 1175 147 verb.
1193 116 1278 158 oblz‘g.
1298 116 1395 148 altera
1410 115 1597 155 difficultas,
1618 115 1683 156 ipsa
1699 126 1740 148 ex
1754 116 1916 159 superiore

1048 155 1223 197 profluens,
1234 158 1278 189 est
1288 167 1298 196 ;
1308 158 1578 198 quemadmodum
1588 167 1625 189 ea
1635 156 1791 198 Responsa
1800 168 1858 200 pro
1866 160 1915 200 ju-

1049 207 1083 229 re
1098 196 1215 238 scripto
1231 198 1418 230 habeantur.
1441 199 1534 229 tertia
1551 198 1687 237 est3quis
1697 198 1849 232 sitsensus
1859 210 1915 241 po-

1049 238 1154 269 stremi
1164 240 1269 271 versus
1280 263 1289 278 ,
1300 240 1433 283 Quorum
1447 240 1725 280 omniumsementioe
1736 239 1798 274 &a
1816 240 1917 283 Quod

1047 279 1086 310 ad
1101 280 1233 319 primam
1248 281 1469 313 difficultatem
1482 281 1615 319 attinet3
1637 280 1747 312 auCtor
1762 280 1808 312 est
1824 283 1921 314 Pom-

1047 320 1162 360 ponius
1176 321 1196 352 l.
1213 331 1241 353 2.
1261 322 1291 363 §.
1308 332 1337 363 5.
1357 322 1399 353 D.
1418 323 1451 353 de
1465 323 1536 362 orig.
1548 323 1643 364 juris:
1667 322 1756 362 quod
1774 322 1845 362 post
1863 321 1922 353 Le-

1048 370 1112 409 ges*
1128 360 1312 395 Duodeclm
1343 362 1540 395 Tabularum
1557 386 1567 402 ,
1599 363 1666 395 illas
1690 364 1803 395 breves
1825 370 1923 403 atque

1048 402 1218 446 obscuras,
1233 403 1254 435 si
1271 413 1342 445 quae
1355 405 1512 437 incideret
1528 405 1708 443 dubitatio,
1726 405 1781 444 (ut
1798 412 1925 435 natura-

1048 444 1121 474 liter
1137 445 1263 483 evenit,
1286 445 1521 477 suborientibus
1544 447 1636 479 novis
1653 445 1794 477 articulis
1809 445 1860 476 vel
1878 453 1923 476 ex

1049 485 1155 525 legum
1172 486 1297 525 verbis,
1321 488 1372 518 vel
1390 497 1430 518 ex
1446 488 1574 528 mente)
1593 486 1675 518 soliti
1693 486 1785 518 fuere
1802 495 1926 518 conve-

1049 528 1118 557 nire
1133 526 1368 566 jurisconsulti:
1387 527 1610 569 Disputatione
1629 527 1700 559 Pori
1717 527 1778 569 (fic
1795 527 1924 559 diceba-

1051 567 1120 614 tur)
1137 566 1309 607 quaefituri,
1332 570 1410 610 quid
1428 570 1526 611 recipi
1540 577 1718 611 oporteret.
1741 571 1771 600 in
1791 578 1828 600 ea
1844 578 1924 600 vero

1049 607 1277 648 Disputatione
1287 611 1374 650 quod
1384 611 1531 650 placebat
1541 611 1690 643 omnibus
1700 611 1750 642 vel
1762 610 1903 651 pluribus
1913 632 1926 647 ,

1051 649 1171 690 Regula
1189 649 1290 689 Juris,
1310 650 1387 682 item
1405 651 1479 683 Fori
1495 652 1678 691 Sententia,
1695 652 1725 685 ὅ(
1742 651 1817 683 Fori
1835 649 1925 683 Defi—

1051 692 1152 729 nitio,
1175 691 1411 730 appellabatur:
1435 702 1566 733 eratque
1591 703 1628 725 ea
1652 695 1685 725 in
1701 693 1827 733 judiciis
1854 702 1925 733 per-

1051 741 1171 773 magnae
1190 732 1403 772 austoritatis3
1420 733 1472 766 sed
1488 736 1559 774 quia
1570 743 1637 767 erat
1653 736 1850 774 privatorum
1867 735 1927 765 110·

1052 776 1190 811 minum,
1205 782 1270 804 non
1282 773 1594 815 habebatvimjuris:
1614 775 1669 808 nisi
1684 776 1843 808 utentium
1858 785 1928 807 mo-

1052 816 1139 847 ribus
1162 815 1356 855 approbata,
1380 815 1531 857 quo'casu
1552 817 1694 858 Recepta
1711 817 1849 859 Regula,
1872 823 1927 847 aut

1052 856 1197 896 Recepta
1212 856 1395 895 Sententia,
1419 858 1611 891 vocabatur:
1636 860 1666 890 <St
1682 860 1766 899 apud
1782 858 1926 899 Papinia-

1054 907 1129 929 num
1146 898 1165 928 ι.
1182 906 1210 938 7.
1225 898 1253 928 b.
1270 903 1293 928 t.
1313 897 1392 929 facit
1410 906 1531 938 partem
1555 898 1636 938 Juris
1663 899 1793 938 Civilis,
1813 909 1845 931 at
1861 908 1929 931 noa

1054 939 1180 980 scripti,
1198 947 1233 969 us
1250 948 1292 970 ex
1310 938 1495 979 Pomponio
1512 940 1696 981 intelligitur
1714 942 1742 972 d.
1760 941 1827 973 l.›2.
1844 941 1873 982 §.
1893 952 1926 980 5.

1055 981 1085 1012 ἃ
1105 981 1235 1021 egregio
1252 981 1403 1020 exemplo
1427 990 1445 1012 a
1466 980 1639 1021 Justiniano
1656 981 1864 1014 confirmatur
1877 990 1928 1022 pr.

1056 1020 1128 1062 Inst.
1141 1022 1173 1052 (le
1182 1022 1326 1053 codicillis.
1349 1022 1462 1053 Paucis
1479 1024 1603 1054 occurri
1614 1022 1793 1056 difficultati
1809 1024 1930 1063 primae.

1056 1065 1144 1104 plura
1168 1063 1274 1094 attulit
1291 1062 1333 1094 V.
1353 1062 1412 1095 CL.
1430 1063 1569 1102 ,lacobus
1594 1064 1764 1096 Raevardus
1778 1064 1826 1095 De
1848 1064 1928 1096 aaa.

1056 1105 1241 1137 Praeteritum
1257 1114 1281 1135 c.
1304 1113 1350 1144 14.
1375 1105 1438 1136 Sed
1456 1105 1525 1136 haec
1541 1104 1724 1137 suffecerint
1747 1115 1821 1137 meo
1845 1105 1931 1136 insti-

1058 1154 1141 1177 tuto,
1193 1146 1303 1177 Altera
1327 1145 1460 1186 quaestio
1483 1146 1554 1178 est:
1585 1155 1648 1188 qua
1670 1148 1793 1179 ratione
1814 1147 1933 1187 poffint

1055 1186 1215 1228 Responsa
1225 1186 1527 1226 Jurisconsultorum
1537 1189 1598 1228 juri
1615 1187 1734 1229 scripto
1748 1197 1938 1220 annumera1

1055 1229 1081 1260 ri
1096 1238 1114 1260 a
1130 1227 1304 1269 justiniano
1319 1230 1347 1260 d.
1363 1228 1393 1270 δ.
1410 1234 1440 1263 8.
1457 1229 1539 1260 Puto
1557 1237 1663 1265 autem
1674 1253 1684 1269 ,
1702 1230 1766 1261 hoc
1782 1228 1852 1261 sero
1868 1229 1932 1262 esse

1055 1269 1175 1308 fastum
1190 1279 1200 1308 ;
1230 1269 1260 1301 δε
1291 1271 1427 1311 primum
1460 1270 1702 1303 Constitutione
1727 1270 1933 1312 Imperatoris

1054 1310 1233 1343 Theodosii
1249 1311 1269 1342 l.
1285 1313 1364 1343 unic.
1378 1311 1446 1343 Cod.
1465 1312 1568 1343 Theod.
1588 1312 1636 1343 De
1650 1312 1783 1353 responfis
1797 1313 1931 1344 Pruden-

1055 1359 1135 1384 tum:
1151 1361 1213 1393 qua
1231 1351 1346 1394 scripta
1360 1352 1661 1392 jurisconsultorum
1672 1377 1682 1391 ‚
1699 1355 1753 1394 qui
1768 1354 1812 1385 ibi
1829 1354 1933 1385 nomi-

1055 1402 1188 1433 nantur,
1206 1396 1417 1435 omniumque
1434 1403 1516 1435 quos
1535 1395 1578 1427 illi
1595 1395 1816 1434 celebrarunt,
1828 1395 1935 1426 austo-

1055 1436 1182 1467 ritatem
1206 1435 1351 1467 lectionis
1376 1443 1590 1476 acceperunt:
1614 1437 1803 1476 improbatis
1826 1445 1936 1468 tamen

1056 1477 1145 1508 Pauli
1157 1475 1325 1516 &Ulpiani
1343 1476 1440 1509 Notis
1457 1478 1496 1509 ad
1507 1476 1634 1517 Corpus
1652 1477 1824 1517 Papiniani.
1842 1479 1934 1518 quod

1056 1518 1079 1551 fi
1095 1518 1225 1550 diversae
1241 1518 1299 1550 sint
1318 1527 1430 1550 eorum
1445 1518 1627 1550 sententiae:
1645 1519 1731 1556 (non
1753 1520 1838 1550 enim
1856 1518 1934 1551 sem-

1056 1569 1114 1602 per
1129 1559 1355 1591 consenserunt
1372 1560 1506 1599 omnes)
1522 1560 1628 1601 placet
1638 1559 1829 1592 Theodosio
1841 1583 1850 1599 ,
1866 1560 1935 1591 vin-

1058 1610 1133 1633 cere
1152 1601 1315 1632 auctorum
1333 1609 1511 1633 numerum.
1541 1600 1584 1633 fin
1603 1609 1692 1642 pai-es
1709 1609 1843 1632 numero
1858 1599 1935 1635 sint:

1058 1643 1223 1684 potiorem
1239 1641 1301 1674 esse
1319 1642 1506 1674 sententiam
1517 1643 1547 1674 in
1558 1651 1618 1683 qua
1627 1642 1724 1674 fuerit
1736 1641 1933 1683 Papinianus.

1059 1685 1112 1716 Sic
1135 1682 1350 1716 Theodofius.
1384 1683 1429 1715 est
1454 1692 1559 1715 autem
1585 1683 1616 1716 id
1641 1684 1692 1715 vel
1710 1693 1750 1715 eo
1767 1682 1938 1716 observan-

1059 1727 1153 1758 dum:
1170 1726 1258 1766 quod
1276 1725 1350 1757 inde
1366 1725 1472 1757 lumen
1491 1725 1617 1758 accedit
1631 1724 1823 1766 justiniano,
1839 1725 1941 1757 Vete-

1059 1777 1129 1800 rum
1145 1766 1343 1809 Fragmentis
1360 1776 1430 1807 quae
1447 1766 1517 1799 sunt
1532 1767 1564 1798 in
1586 1767 1774 1806 Pandeffls,
1791 1767 1867 1808 juris
1882 1776 1939 1797 au.-

1060 1809 1241 1841 etot-itatem
1259 1809 1453 1841 concedenti
1471 1809 1522 1840 via
1538 1808 1631 1847 plane
1649 1810 1809 1840 contraria
1823 1809 1843 1840 l.
1863 1818 1888 1840 1.
1905 1807 1938 1850 §.

1060 1862 1090 1891 5.
1102 1849 1176 1891 [⁶2⁹6.
1191 1849 1231 1882 D.
1250 1849 1297 1881 De
1310 1850 1489 1891 conceptione
1509 1847 1705 1892 Digestorum.
1728 1849 1853 1889 Restat,
1865 1858 1936 1890 quis

1061 1892 1097 1924 sit
1114 1891 1216 1924 sensus
1233 1890 1383 1932 postremi
1403 1890 1506 1923 versus
1525 1893 1554 1923 d.
1572 1890 1600 1933 §.
1613 1896 1642 1926 8.
1659 1889 1733 1933 Infl.
1750 1893 1782 1923 de
1798 1893 1855 1930 jur.
1873 1896 1941 1922 nat.

1058 1940 1141 1976 gent.
1158 1933 1194 1968 ὅ)
1212 1933 1291 1964 civil.
1312 1933 1363 1965 Sic
1380 1941 1486 1964 autem
1512 1933 1647 1972 cenl'e03
1671 1934 1759 1974 quod
1776 1931 1938 1971 Responsa

1062 1976 1277 2011 Prudentum‚
1293 1974 1347 2006 nisi
1363 1974 1504 2006 moribus
1515 1981 1569 2006 aut
1585 1974 1753 2013 Rescripto
1769 1973 1939 2005 conflrma-

1064 2025 1114 2055 ta,
1129 2025 1203 2048 ante
1220 2018 1248 2048 d.
1267 2016 1287 2047 l.
1306 2017 1423 2047 unicam
1437 2016 1638 2055 nullamJuris
1649 2015 1872 2047 auctoritatem
1886 2015 1938 2046 lia-

1062 2058 1212 2089 bueruut.
1236 2066 1342 2097 eoque
1358 2056 1454 2088 facile
1471 2057 1569 2088 credo
1588 2056 1740 2089 Ciceroni
1758 2057 1816 2088 Pro
1833 2057 1939 2087 Mure·

1063 2109 1103 2131 na
1117 2109 1141 2130 c.
1161 2109 1211 2140 13:
1226 2099 1369 2136 dicenti,
1388 2096 1535 2130 adversus
1549 2107 1586 2129 ea
1602 2096 1748 2139 responsa
1763 2097 1792 2129 ἃ
1808 2098 1940 2130 decreta

1062 2140 1143 2180 saepe
1159 2139 1249 2171 fuisse
1261 2140 1447 2180 judicatum.
1465 2148 1526 2171 nec
1541 2140 1649 2180 potuit
1664 2138 1733 2171 fieri
1750 2139 1860 2176 aliter,
1877 2139 1938 2170 dis·

1061 2182 1236 2214 sidentibus
1261 2181 1433 2214 sententiis.
1478 2179 1600 2220 Utique
1622 2180 1813 2221 supervacua
1832 2179 1940 2211 fuisset

1063 2222 1241 2254 Tlieodofii
1254 2222 1462 2261 Constitutio,
1472 2221 1493 2253 fi
1502 2222 1657 2263 quidquid
1665 2230 1720 2253 aut
1729 2221 1877 2262 scriptum
1888 2228 1942 2253 aut

1064 2263 1248 2304 responsum
1270 2273 1286 2295 a
1307 2262 1543 2304 jurisconsultis
1561 2262 1683 2302 fuerit,
1702 2263 1766 2303 J'am
1783 2271 1856 2295 ante
1873 2263 1939 2303 ejus

1065 2305 1339 2347 Constitutionem
1353 2306 1417 2337 vim
1431 2305 1507 2345 iuris
1524 2304 1691 2336 habuisset.
1714 2305 1863 2345 Aliquem
1872 2312 1942 2334 mo-

1061 2355 1154 2379 veat:
1179 2348 1267 2388 quod
1283 2346 1460 2388 Augustus,
1478 2355 1543 2386 quo
1563 2346 1663 2386 major
1675 2346 1751 2386 iuris
1768 2345 1939 2376 auctoritas

1061 2389 1250 2428 haberetur,
1275 2389 1389 2420 dicitur
1406 2386 1620 2425 constituisse,
1644 2395 1679 2421 ut
1695 2396 1735 2418 ex
1750 2386 1941 2418 auctoritate

1063 2431 1129 2471 ejus
1153 2429 1383 2470 responderent
1400 2427 1629 2469 Jurisconsnlti
1644 2428 1663 2459 l.
1686 2427 1759 2469 2.,§.
1773 2436 1825 2467 47.
1847 2426 1889 2458 D.
1906 2428 1941 2458 de

1063 2473 1173 2514 origine
1184 2472 1275 2512 juris.
1292 2470 1356 2503 Sed
1373 2470 1437 2508 hoc
1455 2479 1521 2501 non
1539 2469 1602 2501 alio
1621 2466 1780 2508 pertinet,
1797 2477 1890 2508 quam
1906 2475 1945 2499 ut

1064 2513 1140 2545 inde
1159 2513 1271 2544 liceret
1287 2513 1418 2553 paucis;
1441 2511 1530 2552 quod
1545 2517 1619 2547 ante
1636 2509 1755 2545 licebat
1771 2510 1942 2548 omnibus,

1065 2553 1216 2586 fiduciam
1242 2553 1417 2585 studiorum
1439 2552 1565 2583 suorum
1589 2550 1790 2583 habentibus.
1835 2550 1886 2582 Sic
1908 2551 1944 2582 li-

1840 2601 1943 2623 uorum

1064 2638 1191 2668 omnium
1203 2636 1349 2675 [ementire
1365 2634 1402 2670 &³
1416 2635 1561 2675 opiniones
1576 2643 1687 2664 eamau
1718 2592 1852 2667 oritargr'z
1864 2639 1942 2664 tene-

1056 2680 1134 2719 'bant
1145 2701 1154 2714 ,
1177 2684 1211 2709 ut
1216 2678 1313 2720 judici
1326 2677 1449 2708 recedere
1465 2685 1483 2708 a
1499 2676 1624 2716 responfi)
1640 2677 1738 2706 eorum
1753 2685 1810 2706 non
1826 2675 1942 2713 liceret,

1056 2726 1102 2751 'ut
1117 2718 1156 2759 est
1168 2717 1377 2760 constitutumt
1393 2717 1566 2755 non-‘aliam
1582 2716 1717 2758 intelligi
1734 2715 1944 2748 Constitutio-

1068 2770 1162 2799 nem,
1178 2770 1270 2802 quam
1279 2752 1507 2791 Theodosii'in
1524 2760 1552 2790 d.
1563 2757 1588 2793 l.
1600 2759 1707 2791 unica:
1723 2758 1851 2798 quando
1868 2765 1945 2797 prae·

1056 2802 1174 2834 sertim
1186 2825 1196 2842 ,
1217 2802 1304 2842 quod
1328 2811 1345 2832 a
1361 2799 1538 2841 Justi‘niano
1555 2800 1692 2839 dicitur,
1715 2807 1789 2834 ante
1805 2807 1875 2832 eam
1892 2807 1946 2831 ne-

1068 2853 1132 2886 que
1147 2844 1376 2883 constitutum,
1400 2850 1506 2894 neque
1521 2842 1591 2883 jus,
1612 2839 1686 2875 fuit.
1720 2874 1727 2879 „

1877 3131 1951 3197 'ri-
