2036 3495
208 119 275 144 112
653 110 685 144 G
715 119 734 143 a
769 119 791 145 R
823 119 845 142 A
878 120 899 144 R
931 119 954 142 n
985 117 997 142 1

209 196 365 237 Ulpianus
381 197 459 237 l.27.
478 197 505 239 ἕ.
517 207 545 237 4.
564 196 606 227 D.
624 197 651 227 h.
665 198 706 237 t.)
725 197 758 228 Si
774 198 825 237 qui
840 197 1021 238 litigatorum
1038 197 1083 227 de·

205 240 319 279 fuerit,
344 241 412 279 quia
424 245 476 277 per
489 248 553 269 eum
568 237 682 275 fastum
697 236 755 278 est,
778 249 831 279 quo
846 239 945 269 miuus
964 239 1082 273 arbitre-

210 287 371 320 tirr‚paena
380 281 586 310 committatur.
607 278 697 310 Istaec
708 289 757 310 res
773 280 827 311 est.
846 288 996 310 caeterum
1009 289 1085 311 con-

209 321 379 351 tumaciam
394 320 560 361 litigatoris
571 320 610 351 ab
627 320 747 351 arbitro
763 321 863 361 puniri
882 321 1022 359 directo,
1035 328 1083 361 pe-

208 363 326 392 cuniam
340 370 403 391 eum
420 362 584 402 (adversario
599 363 667 393 dure
678 363 804 404 jubendo
816 386 825 401 ‚
839 371 944 403 neque
959 362 1084 402 Javole-

205 399 250 433 iio
277 403 365 432 venit
388 403 418 433 in
447 410 608 440 mentem,
632 413 737 444 neque
760 404 808 444 jus
832 403 894 435 fuit
913 413 1082 444 umquam:

205 452 280 475 cum
297 442 467 482 praesertim
479 467 488 482 ‚
511 444 674 476 conimil'sa
692 454 785 485 poena
797 469 805 483 ‚
822 444 924 476 statim
944 444 1083 476 solvatur

203 484 466 524 compromiffum
483 485 562 526 Lgi.
576 486 604 527 §.
621 496 646 517 1.
665 486 707 518 D.
724 488 752 518 h.
764 492 786 517 t.
805 487 945 527 ideoque
964 486 1081 527 postre-

204 536 256 557 ma
273 536 308 557 ea
327 527 435 558 verba.
463 527 622 557 Pectmimn
636 537 699 559 eum
715 530 881 563 adversario
897 529 963 559 dari
972 528 1078 569 juberi-

206 570 258 605 cio,
282 567 435 600 hactenus
454 569 665 600 inolestiffima
683 569 962 609 jurisprudentiae,
980 570 1082 600 reddi-

205 609 236 640 di
256 610 355 641 veteri
373 611 502 648 Sciolo,
522 619 586 642 non
599 611 801 649 advertenti,
824 620 840 642 a
855 610 1012 651 Javoleuo
1025 619 1081 651 pu-

860 696 1226 732 TITULus'

1056 105 1318 144 NoonT

1379 110 1590 147 Coun.

1126 198 1189 227 nire
1204 197 1265 229 dici
1278 222 1286 237 ‚
1300 208 1358 238 pro
1374 199 1500 238 facere,
1521 209 1554 231 ut
1564 200 1723 241 puniatur.
1749 199 1922 242 Supersunt
1934 204 2002 239 haec

1127 238 1270 276 Javoleni
1289 243 1393 272 verba.
1430 242 1493 272 Oui>
1511 244 1539 272 in
1557 253 1673 274 numero
1690 244 1785 273 haberi
1802 253 1859 274 non
1873 253 1998 287 oportet,

1120 278 1150 316 fi
1173 278 1286 324 testium
1309 274 1487 313 nomina‘fft
1503 285 1652 323 sententia
1677 285 1782 315 arbitri
1797 286 1927 318 exhibita
1941 295 1998 320 non

1119 323 1203 360 sunt.
1248 323 1379 356 Sensus:
1402 324 1501 366 Quod
1526 327 1556 356 in
1581 335 1713 356 numero
1731 330 1940 358 contumaciae
1964 332 2002 362 de

1129 362 1322 405 qua—dictum
1334 388 1343 402 ,
1360 376 1424 396 non
1442 366 1539 397 debet
1554 366 1683 405 haberi,
1700 366 1747 397 fia
1759 367 1917 407 litigatore
1935 380 2000 404 nou

1127 412 1270 442 pareatur
1288 406 1451 438 tententiae
1467 409 1591 439 arbitri:
1613 409 1774 448 iubentiS‚
1798 408 1852 440 sibi
1878 411 1928 441 edi
1954 419 1999 443 te-

1126 443 1186 475 stes
1205 455 1285 485 quos
1304 447 1358 479 ille
1384 449 1539 488 professus
1559 449 1594 481 fit
1619 450 1647 481 ie
1667 450 1793 480 habere.
1818 459 1889 481 nam
1907 451 1928 483 fi
1943 462 1998 485 eos

1125 494 1189 516 non
1207 489 1293 519 edit:
1318 498 1382 520 non
1403 491 1517 530 probat
1536 491 1617 523 suam
1634 493 1860 523 intentionem.
1883 492 1927 524 ita
1942 503 1998 534 po-

1125 526 1184 557 test
1206 528 1324 560 arbiter
1351 541 1436 562 reum
1450 555 1458 570 ‚
1484 541 1579 571 prout
1605 542 1654 565 res
1670 531 1829 574 postulat,
1852 541 1904 566 aut
1921 544 1997 568 con-

1127 568 1294 608 demnare,
1317 580 1370 604 aut
1386 573 1561 605 absolvere.

1275 697 1342 732 IX.

637 771 770 816 Nature,
797 783 962 820 caupones,
981 773 1175 821 stabularii,
1202 780 1235 807 ut
1255 782 1372 820 recepta
1391 774 1565 822 restituant.

253 860 275 890 A
289 870 306 891 c
317 870 336 892 o
348 870 365 892 n
375 869 397 892 u
407 870 420 891 s
438 860 584 900 Cujacius
596 885 604 900 ‚
617 861 654 892 V.
668 861 728 894 CI..
741 862 788 894 lib.
801 872 849 903 23.
862 863 981 904 Observ.
993 873 1017 894 c.
1032 866 1077 894 16.

203 935 207 938 ,
256 911 365 941 putat,
384 903 468 934 hunc
483 901 629 934 'situlum
650 903 712 935 effe
729 904 824 936 alieni
843 906 925 944 loci3
940 914 999 936 nec
1018 914 1080 936 rna·

199 944 247 984 gis
265 945 301 975 ad
323 943 482 984 superiora
496 945 657 984 pertinere
669 968 679 983 ‚
697 954 790 985 quam
808 947 901 978 alium
920 948 1075 987 quemvis.

199 994 234 1016 ut
253 994 358 1016 tamen
373 984 703 1025 iulijicereturTiiulo
721 986 772 1018 De
783 990 941 1027 receptis,
959 989 988 1019 in
1008 996 1079 1019 cau-

197 1025 227 1056 sa
241 1025 332 1058 fuiffe
352 1027 469 1066 Recepti
487 1028 635 1058 verbum:
653 1029 741 1068 cujus
758 1038 818 1059 una
838 1028 957 1069 species
976 1028 1020 1060 est
1038 1030 1077 1060 al—

193 1068 260 1104 ‚lata
288 1068 468 1108 superiore,
497 1069 594 1100 altera
621 1069 684 1100 hoc
701 1069 815 1101 Titulo
832 1069 1013 1111 exponitur.
1041 1080 1078 1102 ac

197 1109 296 1141 fimile
314 1111 391 1146 Quid
411 1109 500 1151 supra
518 1110 684 1153 contigisse
697 1110 751 1142 sub
761 1110 875 1143 Titulo
894 1111 945 1143 De
963 1112 1078 1144 calum-

195 1152 385 1182 uiatoribus.

241 1192 348 1224 Verba
374 1193 524 1225 Praetoris
543 1193 623 1226 sunt.
646 1194 775 1233 Naum,
799 1200 956 1235 caupones,
972 1193 1073 1235 stabu-

196 1234 283 1269 larii,
306 1237 381 1276 quod
400 1235 537 1276 cujusque
553 1236 667 1271 salvum
681 1237 747 1276 fore
764 1236 938 1276 receperint,
961 1236 1016 1274 mfi
1033 1246 1074 1267 re-

189 1275 317 1316 stituent
330 1301 337 1313 ‚
357 1278 388 1306 in
406 1286 449 1307 eos
458 1277 606 1319 judicium
618 1279 695 1308 (labo.
722 1276 903 1308 Utilitatem
921 1277 1013 1317 hujus
1030 1277 1073 1309 E-

191 1317 267 1348 disti
285 1317 487 1358 summopere
513 1319 720 1350 commendat
739 1317 891 1358 Ulpianus
909 1319 927 1350 i.
950 1328 974 1350 1Δ
994 1319 1021 1361 (j.
1045 1329 1070 1351 1.

194 1359 222 1389 h.
244 1366 265 1388 t..
291 1360 333 1390 ait
350 1361 453 1396 enim,
473 1359 534 1391 effe
551 1362 732 1391 maximam.
760 1363 915 1401 primum,
931 1361 1003 1400 quia
1019 1371 1069 1392 ne-

191 1399 276 1431 ceffe
296 1400 341 1432 est
369 1402 557 1441 plerumque
577 1401 660 1441 sequi
681 1401 774 1433 fidem
794 1411 975 1437 nautarum,
1000 1412 1070 1433 cau·

191 1451 313 1481 ponum
326 1465 335 1479 ‚
353 1444 380 1473 ὅ(
397 1441 636 1474 stabulariorum
652 1473 654 1476 ,
676 1443 704 1474 ὅ(
725 1452 772 1473 res
790 1453 899 1475 eorum
918 1443 1069 1475 custodite

192 1484 409 1514 committere.
434 1484 550 1514 deinde
575 1483 619 1514 est
644 1486 674 1514 in
694 1483 830 1524 ipsorum
854 1486 1005 1524 arbitrie,
1030 1496 1069 1516 ne

190 1533 286 1564 quem
314 1525 480 1563 recipiant.
505 1524 566 1564 (fic
588 1524 778 1563 Florentius,
806 1527 857 1558 Ne
879 1536 972 1567 quem.
1008 1537 1069 1558 ina-

188 1565 240 1601 ]e‚
266 1574 399 1605 propter
417 1566 434 1596 l.
447 1568 521 1597 unic.
542 1566 571 1606 ᾗ.
587 1567 642 1597 ult.
655 1566 737 1597 Furt.
756 1568 867 1605 adversI
887 1575 967 1599 naut.
985 1577 1067 1607 caup.

183 1605 260 1647 βαΰ.
282 1608 395 1638 melius
413 1608 496 1647 apud
521 1606 761 1646 Haloandrum,
785 1609 835 1640 Ne
858 1611 996 1649 quiedam.
1020 1612 1065 1650 ip-

187 1649 219 1680 se
244 1649 348 1680 malim
361 1672 369 1687 ‚
392 1648 442 1680 Ne
458 1650 540 1690 quae)
559 1657 732 1690 praeterea,
756 1650 810 1681 nisi
828 1651 892 1681 hoc
915 1650 992 1682 ess‘tt
1010 1651 1065 1682 sta-

186 1698 292 1721 tutum
310 1713 320 1728 ‚
352 1692 480 1721 daretur
503 1691 548 1721 eis
573 1691 703 1722 materia
728 1693 866 1723 coeundi
892 1701 964 1723 cum
989 1692 1062 1724 furi-

183 1732 260 1769 bus;
286 1741 358 1763 cum
374 1741 413 1762 ne
437 1741 522 1763 nunc
539 1733 668 1772 quidem
692 1731 867 1765 abstineant
882 1733 1063 1774 hujusmodi

179 1773 359 1805 fraudibus.

225 1814 290 1856 Qui
308 1814 366 1846 fint
384 1816 499 1856 igitur,
525 1815 578 1856 qui
600 1823 788 1855 teneantur,
813 1817 985 1849 videndum
1004 1818 1058 1849 est.

183 1856 239 1888 Ait
256 1857 395 1895 Praetor,
418 1857 540 1888 Naum.
587 1857 663 1889 Hoc
684 1859 815 1890 verbum
834 1858 878 1889 est
894 1861 1060 1900 generale:

182 1898 404 1938 complectens
430 1898 592 1931 universos
608 1900 661 1940 qui
684 1903 772 1936 navis
789 1902 972 1941 navigandae
991 1911 1058 1932 cau-

180 1939 211 1971 sa
237 1941 269 1971 in
287 1949 368 1971 nave
388 1938 465 1971 sunt.
479 1939 541 1972 *sed
564 1941 594 1971 in
617 1941 781 1981 proposito
798 1942 918 1974 Praetor
935 1952 1059 1975 nautam

181 1991 241 2022 per
254 1981 477 2014 excellentiam
495 1990 592 2013 vocat
609 1992 700 2022 euni,
719 1984 771 2023 qui
790 1993 902 2015 navem
920 1993 1060 2016 exeicet.

182 2024 227 2054 ita
244 2024 397 2062 Ulpianus
419 2024 429 2054 l
463 2033 487 2054 i.
508 2023 536 2065 §.
557 2033 584 2054 2.
601 2025 628 2054 h.
645 2030 667 2054 t.
703 2024 756 2056 Est
774 2034 878 2056 autem
899 2027 1061 2058 exercitur

179 2066 208 2095 ἐς
226 2066 263 2095 ad
281 2074 375 2104 quem
394 2065 610 2096 obventiones
627 2065 655 2096 δι
672 2067 791 2098 reditus
818 2076 929 2097 omnes
947 2076 1055 2107 perve-

181 2106 293 2144 niunt,
319 2106 382 2137 five
402 2105 437 2137 sit
453 2108 542 2139 navis
559 2107 728 2146 dominus,
753 2107 814 2139 five
841 2117 955 2139 navem
971 2118 986 2138 a
1006 2109 1060 2140 do-

181 2156 272 2178 mino
290 2148 339 2178 vel
356 2148 395 2178 ad
413 2157 556 2189 tempus,
581 2150 631 2179 vel
649 2150 679 2179 in
697 2157 885 2189 perpetuum
902 2152 1060 2181 conduxit

184 2198 242 2229 per
259 2188 454 2220 aversionem
471 2190 488 2220 l.
505 2199 529 2221 1.
550 2189 577 2231 §.
592 2198 634 2230 15v
660 2190 698 2221 D,
716 2192 749 2221 tie
764 2200 851 2222 exerc.
873 2190 930 2222 aiz.
946 2192 976 2222 id
995 2192 1058 2230 est,

179 2240 248 2261 uno
273 2231 379 2270 pretio
395 2231 414 2261 ἰ.
434 2231 486 2261 ult.
505 2230 534 2272 §.
553 2233 609 2262 ult.
630 2231 670 2263 D.
697 2233 729 2262 de
748 2233 801 2272 leg.
820 2232 914 2264 Rhoe.
940 2234 973 2263 cie
984 2232 1057 2274 juft.

180 2272 258 2312 L36.
281 2272 298 2302 l.
311 2281 362 2313 5¹-
380 2271 409 2313 §.
427 2281 449 2303 1.
471 2271 512 2302 D.
532 2273 635 2303 Locat.
660 2272 717 2304 Ille
734 2274 898 2305 exercitor
913 2274 942 2305 in
960 2275 1017 2305 cil.
1031 2284 1057 2306 1.

177 2313 249 2355 §.3
271 2314 299 2344 h.
318 2321 338 2344 t.
357 2323 452 2345 etiam
470 2314 679 2346 navicularius
694 2316 891 2346 nominatur:
911 2316 1059 2356 solusque

177 2364 242 2386 nun
263 2356 426 2386 immerito
448 2357 488 2386 de
505 2365 640 2395 recepto
662 2364 807 2388 tenetur:
831 2359 904 2397 quia
927 2367 1054 2397 aequum

179 2396 244 2433 est,
268 2406 339 2427 eum
365 2405 405 2427 ex
432 2395 480 2427 sua
504 2397 709 2436 promiffione
729 2399 847 2429 teneri:
870 2408 901 2428 at
920 2399 1054 2430 invitum

179 2447 233 2468 aut
253 2439 453 2478 ignorantem
469 2439 600 2479 obligari
613 2449 669 2478 pei·
684 2440 777 2471 alium
790 2463 798 2478 ‚
810 2449 867 2480 per
883 2442 1034 2481 remigem
1045 2464 1054 2479 ,
1098 2447 1117 2478 3

179 2480 267 2510 verbi
294 2480 410 2519 gratia,
436 2481 486 2510 vel
509 2479 747 2517 mesonautam,
773 2491 926 2522 perquam
953 2482 1054 2513 absur-

178 2521 251 2551 dum
270 2520 324 2552 est.
349 2520 486 2553 Videtur
509 2530 613 2552 tamen
638 2521 777 2563 Ulpiano
802 2532 902 2553 nautae
919 2524 1052 2563 appella-

179 2562 269 2593 tione
287 2564 380 2594 etiam
405 2563 494 2594 navis
520 2562 665 2603 magister
688 2565 920 2605 comprehendi
938 2566 964 2595 d.
984 2565 1002 2596 l.
1026 2575 1051 2596 1.

176 2602 205 2644 §.
225 2612 252 2633 2.
270 2603 297 2633 h.
316 2608 338 2634 t.
355 2603 385 2634 id
397 2604 460 2642 est,
479 2606 504 2635 is
524 2605 574 2635 cui
592 2605 631 2635 ab
648 2606 828 2636 exercitore
849 2608 993 2637 mandata
1009 2606 1054 2638 est

178 2644 277 2675 totius
297 2645 382 2674 navis
402 2654 475 2676 cura
492 2647 510 2676 l.
533 2655 542 2676 1
572 2645 599 2687 §.
625 2655 648 2679 1.
664 2646 704 2678 D.
722 2651 755 2677 cte
772 2648 888 2678 exercit.
904 2646 961 2678 αὲῗ.
979 2649 1053 2688 quia

178 2685 206 2716 ei
224 2686 268 2715 rei
287 2686 475 2716 exercitoris
494 2688 659 2719 voluntate
677 2688 803 2728 prteest.
824 2698 884 2719 nec
904 2688 1052 2727 interest,

176 2734 283 2759 utrum
302 2726 352 2756 hic
371 2727 490 2765 perse,
516 2738 552 2758 an
572 2739 628 2769 per
646 2729 759 2768 alium,
778 2731 853 2770 quid
869 2731 985 2761 lalvum
1002 2730 1050 2761 fo-

174 2778 212 2799 re
233 2767 377 2807 recipiat.
422 2767 623 2809 Quamquam
650 2770 710 2810 (sic
728 2774 831 2812 pergit
851 2771 1006 2812 Ulpianus
1023 2774 1051 2803 d.

172 2811 195 2843 l.
214 2819 237 2841 1.
255 2809 273 2850 §
296 2809 344 2848 2.)
362 2808 382 2839 fi
400 2808 464 2847 iple
483 2812 644 2842 exercitur
661 2812 753 2843 alicui
774 2824 792 2843 e
810 2815 929 2851 nautis,
942 2814 970 2844 id
988 2814 1051 2851 est,

177 2860 283 2891 utego
302 2850 451 2889 explico,
466 2850 514 2880 alii
535 2853 582 2882 cui
602 2863 618 2883 e
638 2855 758 2892 nautis,
775 2856 935 2886 committi
958 2854 1052 2894 juffir,

175 2892 241 2925 fine
258 2892 355 2923 dubio
367 2891 614 2930 debetobligari.
630 2894 658 2924 <St
671 2896 699 2925 in
717 2895 784 2936 §.3
801 2897 982 2936 exemplum
997 2906 1052 2936 po-

175 2936 224 2965 nit
241 2934 271 2964 in
295 2933 343 2964 his
360 2934 411 2973 qui
437 2932 617 2971 ναυφάλκιες,
643 2936 673 2966 id
690 2939 734 2967 est
753 2939 879 2968 navium
905 2938 1053 2969 custodes

169 2974 431 3013 ><licuntur3item
443 2975 481 3005 de
492 2973 539 3003 his
552 2975 604 3013 qui
616 2976 744 3007 diaetarii
757 2979 968 3018 appellantur.
983 2978 1051 3009 sunt

177 3027 282 3050 autem
304 3016 432 3047 diaetai·ii
450 3015 503 3055 (ut
525 3023 612 3054 putat
631 3015 777 3056 Cujacius
795 3020 842 3050 iil).
864 3029 911 3059 27.
929 3020 1050 3055 Observ.

176 3072 200 3091 c.
219 3069 266 3100 31.
282 3058 311 3089 δι
329 3056 399 3096 post
415 3065 487 3088 eum
500 3055 695 3087 Pancrrollus
707 3081 715 3095 ‚
736 3059 816 3100 Thes.
833 3071 900 3092 var.
920 3061 982 3092 leet.
1002 3061 1050 3092 lib.

179 3098 383 3140 1.c.56.)sub
396 3106 530 3139 quorum
548 3106 620 3127 cura
632 3098 777 3130 cubicula
793 3101 821 3130 ἀ
838 3103 1050 3141 coenationes,

176 3143 230 3175 ubi
256 3150 336 3172 arcae
356 3142 383 3170 bc
403 3148 525 3171 merces
551 3139 765 3178 deponuntur.
790 3150 861 3172 nam
879 3151 911 3173 ut
932 3145 959 3174 in
980 3145 1052 3174 :edi-

176 3186 254 3220 bus‚
279 3182 319 3212 fic
337 3182 366 3212 in
387 3182 535 3218 navibus,
561 3181 670 3211 diaetae.
696 3180 864 3211 Petronius
883 3184 1008 3223 Satyric.
1026 3195 1050 3216 c.

180 3235 246 3265 115.
284 3222 356 3254 Tum
372 3233 475 3254 vocum
495 3226 633 3263 concursu
641 3220 743 3262 scith,
763 3223 897 3256 audimus
916 3234 1050 3259 murmur

1124 860 1270 901 infinitum
1289 862 1384 900 &sub
1402 864 1494 895 diaeta
1513 863 1667 905 magistri,
1681 864 1764 906 quasi
1780 867 1922 907 cupientis
1938 869 1998 899 exi-

1122 913 1153 934 re
1169 904 1418 945 belluaegemitum.
1445 905 1552 948 Quid,
1564 906 1585 937 fi
1603 909 1764 939 exercitor
1775 907 1852 939 facit
1868 909 1899 939 id
1911 909 1999 949 quod

1120 945 1296 981 χειρέμζολον,
1316 947 1347 977 id
1358 946 1422 984 est,
1434 956 1543 978 manus
1556 948 1794 988 immiffionem,
1811 950 1997 989 appellant?

1122 985 1198 1016 Hoc
1217 987 1316 1018 verbo
1336 989 1432 1020 utitur
1447 987 1602 1028 Ulpianus
1621 990 1650 1020 in
1668 992 1694 1020 d.
1715 990 1743 1032 §.
1756 1000 1784 1031 3.
1804 989 1854 1022 sed
1872 992 1946 1031 quid
1965 990 1998 1022 fi-

1120 1027 1273 1067 gnifieet,
1291 1030 1461 1069 ignoratur.
1484 1029 1548 1061 Etsi
1567 1031 1657 1061 liceat
1676 1041 1715 1062 ex
1731 1032 1809 1062 serie
1822 1033 1849 1062 (l.
1860 1031 1878 1062 l.
1893 1032 1957 1073 1.§.
1968 1042 1998 1065 2.

1123 1068 1195 1109 ἃς.
1216 1071 1396 1110 conjicere,
1414 1071 1563 1112 deiignari
1575 1071 1716 1104 officium
1728 1073 1911 1112 recipientis
1922 1075 1998 1113 quid

1121 1110 1237 1141 Ialvum
1264 1110 1335 1142 fore
1362 1113 1392 1142 in
1420 1122 1511 1144 nave.
1545 1113 1628 1154 quasi
1656 1113 1719 1144 huc
1737 1115 1845 1145 redeat
1866 1112 1996 1154 Ulpiani

1120 1152 1311 1191 disputatio:
1335 1153 1457 1185 Praetor
1475 1155 1601 1194 quidem
1620 1156 1650 1186 in
1672 1154 1788 1187 Edicto
1804 1156 1995 1196 generaliter

1118 1194 1180 1230 ait,
1197 1195 1237 1224 de
1255 1204 1390 1234 recepto
1418 1198 1518 1227 teneri
1538 1204 1676 1228 nautam.
1700 1206 1731 1228 at
1755 1200 1796 1228 de
1812 1197 1993 1230 exercitore

1118 1234 1320 1267 solummodo
1342 1236 1451 1268 sentit:
1469 1248 1509 1269 eo
1527 1240 1615 1278 quod
1633 1247 1695 1269 non
1708 1245 1921 1278 oporteteum
1939 1248 1994 1279 per

1117 1284 1269 1317 remigem
1287 1284 1338 1307 aut
1351 1278 1565 1310 mesonautain
1581 1278 1643 1311 fine
1662 1279 1711 1311 sua
1728 1281 1895 1311 voluntate
1912 1282 1993 1312 obli-

1114 1325 1178 1357 gari
1191 1320 1207 1349 ‘s
1226 1318 1275 1349 sed
1295 1328 1417 1359 aequuni
1436 1322 1499 1359 cst,
1517 1330 1587 1351 eum
1606 1323 1705 1351 teneri
1725 1330 1780 1360 per
1799 1322 1846 1360 se,
1867 1322 1917 1354 vel
1935 1332 1992 1363 per

1115 1358 1292 1399 magistrum
1305 1384 1313 1395 ,
1329 1370 1345 1390 a
1362 1363 1391 1392 le
1410 1364 1479 1392 navi
1500 1361 1558 1393 suae
1578 1362 1776 1402 praefectum.
1796 1361 1817 1393 ss
1836 1370 1942 1394 tamen
1960 1373 1992 1394 e-

1114 1402 1369 1441 xercitoi-juffit‚
1389 1404 1549 1434 committi
1569 1404 1617 1434 alii
1636 1405 1686 1434 cui
1707 1413 1724 1434 e
1742 1404 1862 1436 nautis:
1887 1405 1992 1435 adhuc

1115 1443 1244 1472 rationis
1269 1443 1330 1481 est,
1355 1444 1506 1485 obstringi
1532 1455 1614 1476 eum.
1641 1445 1705 1476 hoc
1730 1454 1808 1476 vero
1830 1448 1939 1476 evenit
1956 1447 1990 1477 in

1115 1482 1181 1520 liis,
1206 1484 1257 1522 qui
1283 1484 1322 1515 ab
1347 1496 1388 1515 eo
1415 1488 1484 1517 navi
1506 1487 1655 1517 custodiae
1673 1488 1773 1528 gratia
1797 1495 1990 1526 praeponun-

1114 1532 1182 1561 tur,
1208 1534 1239 1555 ut
1258 1525 1324 1556 lunt
1347 1535 1506 1559 »αυφυλακες
1550 1529 1581 1559 id
1600 1528 1663 1566 est,
1689 1529 1815 1558 navium
1839 1527 1988 1559 custodes

1114 1566 1141 1595 tt
1161 1568 1301 1597 tiiaetarii.
1327 1567 1346 1598 fi
1367 1577 1436 1607 quis
1455 1579 1550 1609 igitur
1572 1579 1610 1599 ex
1635 1569 1683 1599 his
1708 1570 1886 1608 receperit,
1912 1570 1989 1609 quid

1112 1607 1230 1638 falsum
1257 1608 1346 1640 foi-e:
1372 1611 1473 1641 danda
1498 1612 1527 1640 in
1548 1612 1762 1641 exer-errorem
1787 1609 1831 1642 est
1847 1610 1930 1642 aCtio
1947 1611 1988 1642 de

1109 1657 1262 1696 receptos
1289 1660 1459 1689 propterea
1483 1653 1571 1690 quod
1589 1661 1645 1682 eos
1664 1652 1842 1692 hujusmodi
1864 1661 1987 1692 praepo-

1109 1699 1188 1720 nens
1205 1690 1333 1728 officio,
1352 1694 1396 1723 eis
1414 1694 1573 1732 committi
1591 1702 1754 1733 permittit.
1776 1695 1850 1731 quid
1868 1702 1987 1734 tamen,
2035 1703 2036 1708 ¹

1109 1730 1129 1762 fi
1151 1741 1238 1763 navis
1257 1733 1361 1764 cullos
1379 1741 1430 1765 aut
1449 1735 1605 1765 diaetarius
1622 1737 1699 1773 quid
1718 1737 1878 1774 receperit
1896 1744 1985 1775 tum,
2035 1746 2036 1752 ¹

1108 1781 1180 1804 cum
1195 1783 1357 1806 exercitor
1370 1776 1418 1806 vel
1436 1775 1582 1817 magister
1606 1777 1692 1807 navis
1710 1775 1861 1815 praesens‚
1880 1776 1980 1817 perse

1106 1813 1171 1853 ipse
1190 1816 1304 1855 recipit
1322 1826 1445 1848 merces
1464 1818 1559 1849 salvas
1580 1816 1679 1849 fore?
1703 1818 1909 1850 nihilominus
1929 1829 1982 1849 va-

1106 1855 1150 1886 let
1167 1866 1351 1897 receptum,
1363 1869 1402 1890 ex
1420 1869 1526 1899 eoque
1536 1860 1697 1900 obligatur
1711 1861 1893 1891 exer-citor:
1911 1861 1983 1900 quia
2033 1886 2034 1895 2

1105 1907 1213 1929 verum
1231 1900 1294 1938 est,
1319 1902 1493 1932 diaetariuni
1512 1910 1564 1931 aut
1581 1900 1746 1933 custodem
1765 1902 1871 1939 navis,
1890 1903 1982 1932 idcir-

1106 1945 1245 1979 eoquod
1262 1942 1398 1981 prael‘ens
1414 1943 1577 1974 exerciror
1595 1950 1648 1973 aut
1665 1942 1915 1983 magister-etiam
1934 1944 1981 1982 ip·
2032 1972 2034 1982 ,

1106 1980 1135 2012 se
1152 1981 1230 2013 facit
1248 1983 1404 2023 χειρεμίξολον
1420 2008 1428 2021 ,
1449 1984 1489 2015 ab
1506 1984 1561 2015 illo
1579 1983 1753 2015 ministerio
1771 1994 1835 2015 non
1853 1983 1914 2015 effe
1933 1994 1981 2016 re-

1104 2030 1239 2054 motum.
1265 2024 1315 2054 sed
1333 2026 1360 2056 ἃ
1378 2025 1398 2056 fi
1418 2025 1482 2056 hoc
1498 2035 1563 2057 non
1580 2034 1686 2057 extet:
1711 2026 1741 2056 id
1759 2025 1821 2063 est,
1840 2024 1891 2057 sed
1909 2025 1938 2057 ὅ(
1957 2025 1979 2057 fi

1104 2065 1265 2096 exercitor
1282 2074 1334 2097 aut
1347 2067 1492 2107 magister
1503 2067 1590 2097 navis
1603 2076 1665 2098 non
1684 2065 1728 2097 est
1746 2066 1900 2107 praesens,
1919 2077 1980 2098 nec

1103 2114 1160 2146 per
1182 2105 1211 2138 l'e
1236 2116 1367 2147 quoque
1387 2108 1465 2139 facit
1486 2107 1665 2148 χιιρέμέολον,
1689 2115 1795 2140 tamen
1816 2108 1977 2150 obligatur

1103 2149 1266 2179 exercitor
1284 2159 1323 2180 ex
1342 2158 1476 2190 recepto
1493 2150 1624 2181 diaetarii
1642 2157 1695 2180 aut
1712 2150 1852 2180 custodis
1876 2151 1977 2181 navis.

1101 2198 1172 2220 nam
1189 2190 1208 2220 fi
1231 2191 1363 2230 praesens
1385 2199 1528 2223 tenetur:
1553 2191 1629 2231 quid
1646 2192 1676 2222 ni
1694 2190 1830 2223 absens?
1853 2191 1978 2232 Simpli-

1104 2230 1239 2262 ciffimus
1257 2233 1308 2262 liic
1327 2231 1450 2273 Ulpiani
1469 2232 1672 2269 senstrs,mea
1683 2233 1847 2272 opinione.
1872 2233 1976 2265 Etiam

1103 2272 1180 2303 milii
1199 2273 1372 2311 persuadeo
1385 2298 1394 2313 ,
1414 2274 1571 2312 χειρίμςολον
1588 2275 1688 2314 facere
1706 2274 1745 2305 ab
1762 2273 1903 2313 Ulpiano
1921 2284 1976 2306 eo-

1103 2314 1175 2344 dem
1195 2315 1256 2345 dici
1275 2318 1392 2355 modo,
1417 2325 1482 2355 quo
1507 2317 1589 2356 apud
1608 2316 1769 2354 Plautum,
1795 2315 1881 2354 Asin.
1901 2325 1925 2348 1.
1943 2326 1974 2358 3.

1103 2356 1244 2387 officium
1268 2356 1397 2394 facere3
1422 2358 1450 2389 &
1475 2358 1558 2397 apud
1585 2357 1770 2395 Phaedrum,
1793 2357 1841 2388 lib.
1865 2358 1970 2398 1.fab.

1102 2405 1147 2435 14.
1167 2398 1356 2430 medicinam
1375 2399 1501 2437 facere3
1525 2400 1554 2430 δι
1573 2400 1654 2439 apud
1673 2397 1844 2438 Ulpianum
1861 2399 1880 2429 l.
1898 2410 1927 2438 4.
1944 2399 1974 2441 §,⁴

1149 2437 1189 2468 D.
1207 2443 1240 2468 de
1255 2441 1358 2470 edendo
1375 2441 1580 2481 argentariam
1598 2438 1723 2478 facere,
1741 2440 1868 2471 dicitur.
1893 2441 1973 2472 Aliis

1098 2481 1199 2515 aliud,
1224 2481 1288 2511 hoc
1314 2482 1409 2519 mihi,
1433 2481 1554 2512 incidit.
1602 2479 1646 2512 Ut
1672 2489 1706 2512 ut
1722 2481 1797 2512 erit:
1823 2490 1976 2522 apparet:

1097 2520 1212 2552 Nautae
1231 2524 1447 2562 appellatione
1464 2524 1494 2554 in
1516 2521 1629 2553 Edicto
1648 2523 1735 2554 navis
1753 2523 1971 2557 exercitatem

1097 2564 1267 2594 contineri.
1290 2564 1338 2595 An
1351 2565 1498 2595 &ratium
1517 2572 1569 2594 aut
1587 2563 1751 2595 lintrium?
1768 2563 1847 2604 saepe
1865 2565 1972 2597 distin-

1095 2613 1232 2644 guuntur
1250 2606 1496 2637 naves&rates:
1516 2606 1593 2636 item
1611 2606 1743 2636 naves&
1756 2606 1877 2637 lintres,
1902 2605 1971 2638 No-

1096 2646 1164 2676 nius
1181 2653 1243 2686 cap.
1269 2656 1312 2687 13.
1331 2647 1438 2678 lintres
1456 2650 1592 2684 exponit
1610 2656 1706 2684 naves
1727 2646 1924 2679 fluminales:
1940 2648 1970 2679 &

1096 2688 1211 2727 allegat
1235 2687 1310 2719 illud
1336 2688 1460 2729 Virgilii
1484 2689 1533 2719 lib.
1553 2697 1579 2720 1.
1600 2688 1732 2729 Georgic.
1759 2689 1856 2720 cavat
1872 2691 1969 2721 arbore

1095 2728 1203 2758 lintres.
1223 2727 1275 2759 De
1291 2738 1358 2760 rate
1373 2729 1414 2761 fic
1430 2729 1563 2761 Isidorus
1581 2729 1628 2760 lib.
1645 2739 1688 2766 19.
1703 2730 1820 2772 Origin.
1831 2741 1855 2761 c.
1870 2740 1896 2762 1.
1912 2730 1970 2762 Ra·-

1096 2777 1143 2800 tes
1160 2774 1294 2809 primum
1318 2771 1346 2802 &
1364 2771 1607 2811 antiquissimum
1631 2780 1729 2811 genus
1749 2772 1864 2812 navigii
1884 2782 1901 2803 e
1921 2781 1970 2803 ru-

1097 2812 1186 2841 dibus
1206 2812 1298 2852 tignis
1322 2812 1539 2852 affer-ibasque
1562 2813 1754 2843 consertum.
1777 2815 1815 2843 ad
1834 2814 1920 2854 cujus
1935 2812 1969 2844 fi-

1098 2853 1308 2885 militudinem
1327 2853 1502 2891 fabricatae,
1516 2863 1621 2891 naves,
1633 2855 1753 2884 ratariae
1769 2854 1868 2885 dictae.
1886 2862 1970 2886 nunc

1093 2894 1155 2933 jam
1173 2902 1255 2924 rates
1272 2894 1397 2926 abulive
1416 2905 1521 2926 naves.
1547 2896 1765 2934 nam-proprie
1782 2903 1864 2927 rates
1880 2896 1968 2934 sunt,

1098 2944 1252 2966 connexae
1272 2937 1408 2968 inuicem
1427 2938 1540 2968 trabes
1581 2935 1658 2968 Inde
1677 2938 1873 2968 exercitores
1897 2937 1968 2966 rati-

1096 2985 1146 3007 um
1164 2977 1193 3007 in
1212 2977 1359 3017 Corpore
1375 2980 1402 3018 J.
1415 2977 1545 3009 Gruteri
1561 2984 1627 3018 pag.
1643 2987 1710 3015 492.
1730 2976 1855 3018 instr.5.
1880 2977 1968 3018 Quid

1089 3018 1214 3058 igitur?
1243 3018 1394 3065 Ulpianus
1413 3020 1432 3050 l.
1455 3029 1479 3050 1.
1499 3019 1526 3061 §.
1542 3030 1571 3057 4.
1591 3021 1617 3049 b.
1636 3020 1733 3057 tait,
1752 3020 1791 3049 de
1809 3019 1968 3049 exercito-

1093 3060 1179 3090 ribus
1207 3069 1320 3092 ratium
1345 3062 1374 3092 ἃ
1399 3061 1544 3092 lintrarii‘s
1564 3061 1640 3091 nihil
1667 3054 1790 3098 caveri?
1811 3057 1965 3089 sedidem

1095 3099 1243 3133 constitui
1261 3109 1432 3142 oportere,
1455 3102 1484 3133 ὅ(
1501 3101 1565 3132 hoc
1583 3102 1636 3131 ui'u
1652 3105 1815 3138 receptum
1833 3097 1903 3129 effe.
1929 3108 1965 3130 ac

1094 3142 1192 3173 limile
1210 3144 1274 3174 inl.
1297 3153 1321 3174 1.
1337 3143 1364 3184 §.
1391 3152 1436 3182 14.
1464 3142 1506 3174 D.
1534 3146 1567 3174 de
1579 3141 1723 3183 flaminib.
1748 3138 1817 3172 &t
1838 3148 1862 3170 1.
1884 3138 1912 3181 §
1932 3143 1963 3171 6.

1093 3183 1136 3214 D.
1158 3185 1191 3213 de
1206 3194 1297 3215 exerc.
1320 3185 1376 3216 αὲῑ.

1134 3224 1188 3257 Ait
1204 3226 1343 3267 Praetor,
1362 3221 1699 3268 Cauponem-(immani.
1722 3219 1820 3262 Gaius
1828 3222 1848 3254 l.
1858 3232 1887 3263 5.
1897 3222 1925 3282 hi.
1926 3227 1959 3292 ἐξ
