2036 3495
149 63 226 99 ux&
590 49 1032 94 GeninniN

152 151 250 183 debet
274 148 425 183 custodiri
455 146 671 189 jusjurandum
696 141 841 175 adversus
865 151 938 174 eum
972 141 1026 182 qui

154 197 326 223 eo‘iitentus
345 202 405 229 eo,
428 198 500 220 cum
519 187 679 225 deferret,
703 185 775 216 fuit.
811 182 864 214 De
882 183 1026 224 pupillo,

152 233 176 265 fi
191 232 357 273 juraverit,
382 231 487 271 potuit
505 228 658 259 dubitari:
682 225 1027 266 propterjurisjtirandi

154 274 345 311 formulam,
369 271 503 311 Sisi-iens
514 270 606 308 fallo:
629 269 736 310 (cujus
754 266 900 298 formulae
919 275 1027 298 exem-

154 317 208 356 pla
223 315 305 355 apud
323 312 509 345 Briffonium
530 311 575 341 lib.
594 315 622 344 8.
648 309 830 349 Deformul.
850 315 882 348 p.
905 316 974 348 710.
991 306 1028 342 ἐξ

155 358 234 397 seq.)
253 363 322 385 nam
341 353 432 393 liujus
448 361 547 392 capax
563 361 627 382 non
645 351 689 382 est
707 349 945 390 pupillu53quia
964 359 1028 381 non

156 398 285 427 videtur
309 395 450 435 pejerare
474 392 527 433 qui
555 392 654 424 sciens
673 392 784 424 fallere
808 401 873 422 non
893 391 1028 422 videtur.

159 438 222 468 Sed
240 437 282 467 nil
301 443 402 467 mutat
426 435 538 467 Paulus
560 436 587 465 d.
603 434 621 465 l.
640 439 688 465 26.
711 434 894 471 arbitratus,
917 442 933 463 a
950 432 1030 464 Prae-

158 487 232 509 tore
262 486 327 508 non
353 476 467 517 quaeri,
492 476 560 516 quis
581 476 749 516 juraverit:
773 473 825 505 sed
850 483 887 505 aa
912 475 936 506 is
950 474 1030 514 jura-

159 519 261 557 verit,
286 519 390 550 delata
412 517 619 554 conditione,
643 516 674 547 id
701 516 765 554 est;
789 514 872 555 quafi
891 524 932 546 ex
953 523 1031 546 con·

122 595 125 599 ,
157 559 329 592 ventione:
353 560 440 600 quod
458 559 478 591 fi
495 558 550 597 fit;
574 559 729 598 imputare
752 557 806 589 fibi
824 556 942 588 debere
958 564 1032 587 eum

160 603 214 642 qui
233 602 354 641 pupillo
371 601 586 641 jusjurandum
613 600 736 631 detulit.
777 598 1031 641 Qualiscumque

158 644 255 684 igitur
273 642 307 674 fit
323 652 414 682 reus3
438 641 495 682 ipsr
509 641 530 673 fi
545 642 647 681 juret,
665 639 793 680 prodest
806 639 1031 680 jusjurandum.

158 685 181 716 fi
207 685 285 715 alius
306 684 409 723 juret3
431 693 495 715 non
515 681 640 723 prodest
662 691 734 714 reo:
759 683 832 721 quia
851 681 891 712 cle
906 689 963 712 reo
987 680 1033 711 lo-

159 727 268 765 quitur
296 725 432 757 Praetor:
455 725 495 756 de
522 723 583 755 aiio
602 732 667 755 non
685 724 835 763 loquitur.
872 721 904 753 Si
927 729 1033 752 tamen

160 768 269 799 servus
293 766 464 806 juraverit,
488 765 652 797 dominum
679 765 753 796 dare
778 773 842 795 non
862 770 1033 804 oportere3

162 818 227 840 non
246 808 354 840 resistit
371 807 540 847 Ulpianus,
565 816 628 846 quo
644 807 744 837 minus
762 804 954 845 indulgenda
980 804 1036 835 do-

160 850 250 881 mino
282 849 433 890 exceptio
451 848 502 880 fit:
526 849 554 879 ἃ
572 848 654 878 bene
671 848 776 884 addit,
800 847 888 886 quod
908 845 961 877 fibi
981 846 1036 876 im-

162 891 288 931 putabit
306 892 357 931 qui
376 890 467 922 servo
487 889 599 920 detulit
614 890 826 929 jusjurandum
843 888 862 918 l.
883 897 929 928 23.
949 886 988 917 D.
1006 888 1034 917 b.

162 940 185 963 t.
208 941 280 963 cum
300 931 425 970 servus,
448 940 609 971 tamquam
629 930 873 962 instrumentum
897 929 1036 966 domini,

164 975 229 1013 ejus
247 974 466 1004 conditionem
492 972 584 1013 posfit
601 971 707 1002 facere
727 972 903 1002 meliorem.
927 970 1036 1000 Multo

165 1016 283 1056 magis,
309 1015 410 1055 inquit
429 1014 559 1051 Paulus,
583 1014 662 1053 patri
681 1013 824 1053 proderit
843 1010 953 1052 religio
971 1009 1037 1042 filii:

166 1058 238 1096 quia
260 1065 323 1087 non
343 1057 442 1087 modo
468 1056 548 1093 patri
574 1064 630 1096 per
648 1054 745 1086 filium
766 1053 960 1091 adquiritur,
986 1051 1038 1082 sed

163 1097 271 1139 potest
301 1099 396 1128 etiam
417 1096 567 1137 judicium
591 1105 663 1127 cum
690 1094 754 1126 filio
771 1093 938 1126 consistere
954 1093 971 1123 l.
990 1102 1038 1132 24.

165 1140 194 1170 h.
214 1145 235 1170 t.
266 1139 334 1171 Sic:
360 1138 380 1170 fi
400 1138 504 1170 servus
523 1147 610 1169 meus
625 1137 796 1177 juraverit,
820 1136 927 1166 delato
952 1133 978 1165 ei
994 1135 1038 1174 J'u·

162 1181 344 1220 rejurando.
368 1179 420 1211 sed
438 1178 540 1220 finge,
565 1180 666 1221 relato
681 1177 808 1217 juraffe,
832 1186 897 1208 rem
917 1176 1037 1207 domini

165 1221 245 1260 esse,
271 1222 322 1252 vel
348 1222 376 1252 ei
405 1221 469 1252 dari
495 1228 659 1260 oportere.
705 1219 826 1259 Aliquis
846 1225 954 1258 putet,
975 1217 1037 1257 jam

166 1263 323 1295 inutiliter
345 1263 456 1303 jurari:
478 1263 548 1301 quia
569 1261 781 1301 jusjurandum
804 1260 843 1291 de
865 1269 897 1290 re
916 1258 1038 1290 domini

164 1303 293 1336 deferre
311 1313 375 1335 non
394 1302 498 1344 potest
516 1303 639 1334 servus:
665 1312 705 1333 ne
728 1301 920 1332 deteriorem
943 1299 1039 1331 faciat

165 1346 289 1378 domini
311 1346 552 1381 conditionem,
577 1343 632 1375 etfi
654 1344 738 1374 aliud
764 1342 798 1374 fit
819 1343 848 1373 in
873 1341 963 1372 causa
987 1351 1038 1382 pe·

166 1387 240 1418 culii
257 1388 363 1427 ,cujus
379 1387 509 1418 liberam
528 1385 623 1416 habet
638 1383 939 1416 administrationem
956 1383 974 1413 l.
992 1391 1039 1414 21.

165 1428 203 1463 ὃ
226 1438 273 1460 22.
302 1429 329 1459 b.
356 1433 377 1459 t.
410 1427 473 1458 Sed
496 1435 607 1457 contra
638 1426 723 1457 sedet
752 1424 909 1464 Ulpiano,
938 1424 1041 1455 adhuc

167 1471 303 1502 dandam
327 1468 404 1500 mihi
432 1467 588 1499 actionem
614 1467 664 1498 vel
690 1466 770 1506 pacti
795 1466 1040 1506 exceptionem,

164 1519 299 1553 propter
313 1509 502 1551 religionem
520 1508 550 1540 &
573 1509 838 1539 conventionem.
864 1508 882 1538 l.
899 1518 948 1548 25.
965 1509 993 1538 d.
1016 1512 1037 1538 t.

207 1553 260 1583 Ait
278 1552 373 1592 igitur
400 1546 540 1582 Praetor:
564 1549 598 1580 Si
613 1550 637 1580 is
655 1559 719 1580 cum
737 1559 792 1590 quo
813 1558 935 1589 agetur,
953 1548 1038 1592 jura-

165 1595 259 1630 verit3
283 1594 314 1624 ὅς
332 1593 455 1633 liquet,
478 1590 659 1632 intelligere
678 1600 777 1622 reum.
823 1590 978 1622 Nondum
1003 1590 1038 1621 li-

166 1642 262 1675 quet,
286 1633 362 1674 quid
385 1631 539 1675 significet
559 1632 642 1671 hoc,
665 1638 778 1673 agetur.
811 1630 895 1663 Nam
918 1632 946 1662 dt
964 1631 1040 1662 civi-

163 1674 237 1709 liter
254 1676 284 1707 &
300 1673 506 1707 criminaliter
527 1673 643 1706 dicitur
659 1674 707 1714 agi
726 1673 756 1704 in
773 1673 791 1704 l.
813 1682 838 1705 1.
859 1673 907 1704 D.
929 1670 1040 1712 deflet-

165 1717 298 1755 lionam,
321 1716 352 1748 δι
370 1716 400 1748 in
420 1715 558 1747 Rubrica
582 1714 732 1753 Codicis,
756 1714 883 1758 Quando
899 1714 994 1745 civilis
1009 1724 1039 1745 (ι-

166 1757 221 1790 &io
240 1757 387 1790 criminali
396 1758 577 1799 praejudicet.
604 1755 736 1797 Proprie
756 1764 860 1787 tamen
872 1755 954 1787 actio
966 1764 1040 1786 con·

165 1800 257 1832 venit
272 1798 421 1831 civilibus
444 1797 556 1830 caufis:
579 1798 610 1829 in
635 1797 819 1829 criminibus
837 1797 934 1838 magis
950 1806 1042 1828 accu-

163 1842 245 1873 satio
262 1841 439 1882 appellatur
461 1840 480 1872 l.
502 1843 548 1871 16.
573 1839 605 1870 C.
623 1838 674 1871 Ad
696 1838 768 1881 Leg.
787 1839 898 1870 Cornel.
924 1840 956 1869 de
966 1836 1041 1878 fals?

163 1882 203 1915 In
225 1882 393 1924 propofito
410 1889 517 1913 autem
542 1881 674 1912 retineri
695 1881 857 1921 propriam
880 1880 967 1911 verbi
985 1879 1039 1920 fig-

166 1924 386 1957 nificationem
403 1930 575 1965 oportere,
600 1922 731 1954 evidens
755 1921 860 1953 habeo
877 1930 1040 1963 argumen-

168 1971 258 1999 tum:
283 1967 370 2006 quod
389 1966 428 1996 de
445 1963 628 1996 criminibus
644 1971 734 1995 extra
751 1963 897 1994 ordinem
921 1972 1039 2004 cogno·

166 2007 225 2039 scit
247 2005 420 2040 Praefectus
444 2005 541 2038 Urbi:
573 2005 721 2037 Praetoris
745 2005 912 2045 imperium
929 2012 1042 2036 contra

168 2049 317 2081 civilibus
352 2047 447 2080 caufis
482 2045 597 2078 finitur.
631 2046 664 2078 id
695 2045 717 2078 fi
747 2045 811 2084 est,
843 2054 878 2077 ut
913 2045 957 2077 est
991 2055 1042 2076 ve-

167 2091 338 2129 riffimum3
363 2099 400 2121 an
430 2089 537 2129 potuit
562 2089 702 2127 Praetor,
727 2087 757 2119 in
782 2087 896 2119 Editio
921 2086 1043 2118 faciens

167 2133 365 2166 mentionem
395 2131 550 2169 afflonis,
574 2129 629 2160 sub
654 2138 690 2160 ea
705 2129 877 2168 complecti
902 2137 1043 2160 extraor-

167 2174 320 2206 dinariam
339 2173 506 2204 criminum
521 2170 755 2202 accusationem
773 2171 812 2201 de
829 2179 888 2210 qua
901 2170 948 2210 jus
967 2179 1043 2211 cog-

168 2216 321 2247 noscendi
342 2213 633 2256 pronuntiandique
651 2222 716 2243 non
736 2211 901 2243 habebat?
925 2220 986 2252 ego
1005 2214 1045 2242 de

169 2258 230 2289 hac
257 2266 329 2288 eum
361 2266 401 2287 ne
425 2253 575 2296 cogitasse
603 2254 731 2294 quidem
748 2277 757 2292 ,
788 2262 847 2292 pro
876 2254 1044 2293 explorato

169 2299 286 2331 habeo.
332 2298 381 2329 Ad
406 2297 470 2328 hoc
496 2302 718 2336 argumentum
742 2295 869 2326 accedit
894 2295 1044 2326 alterum:

170 2341 255 2381 quod
274 2339 404 2371 rationis
426 2337 504 2376 fuit,
528 2337 688 2378 litigantes
714 2336 754 2368 de
779 2335 828 2366 sua
845 2335 989 2374 afflone,
1012 2335 1044 2367 id

172 2381 234 2419 est,
248 2383 287 2412 de
306 2380 428 2421 privata
445 2388 554 2410 eorum
573 2378 709 2409 utilitate
725 2377 838 2418 pacisci
850 2378 1041 2417 ,eoquejus-

169 2422 333 2463 jurandum
354 2429 441 2452 certa
458 2421 528 2462 lege
544 2419 689 2452 deferre:
712 2427 743 2450 at
762 2419 801 2451 de
821 2418 956 2450 utilitate
975 2420 1041 2449 vin-

172 2465 313 2495 dicandae
339 2463 475 2503 publicae
492 2460 680 2502 disciplinae,
705 2470 769 2501 quo
790 2459 883 2491 unice
903 2459 1043 2500 spestant

171 2505 343 2537 criminalia
366 2504 499 2544 judicia,
525 2513 590 2534 non
615 2502 702 2542 poll‘e
725 2511 781 2533 eos
799 2500 966 2542 tranfigere
990 2508 1043 2532 aut

170 2545 305 2587 pacisci,
327 2545 399 2577 alibi
427 2545 555 2577 ditium.
579 2545 632 2585 qui
657 2544 752 2585 igitur
783 2552 819 2574 ea
841 2543 1043 2583 iurisiurandi

173 2585 335 2619 delatione
357 2596 410 2618 aut
430 2586 586 2618 relatione
612 2586 726 2617 tollere
744 2593 840 2625 atque
856 2586 1042 2615 interverte-

172 2638 225 2666 re,
249 2628 292 2658 eis
309 2628 356 2667 jus
373 2628 428 2666 fit,
451 2636 623 2667 numquam
652 2627 743 2667 potui
768 2629 807 2657 ad
830 2625 1043 2665 conjecturam

173 2670 319 2702 evadere.
343 2668 405 2700 Sed
421 2670 502 2700 clare
521 2669 631 2700 Paulus
649 2670 694 2699 lib.
711 2678 739 2699 2.
758 2667 886 2698 Sentent.
903 2667 947 2697 tit.
969 2676 994 2698 1.
1011 2666 1041 2707 §.

174 2720 202 2744 1.
222 2710 262 2743 fic
279 2709 435 2740 scribens:
460 2711 495 2740 In
520 2711 694 2751 pecuniariis
721 2707 812 2745 caufis
827 2706 857 2746 fi
871 2708 944 2739 alter
959 2717 996 2739 ex
1011 2710 1043 2738 li-

172 2753 345 2793 tigatoribus
356 2750 566 2792 jusjurandum
582 2752 709 2789 deferat,
733 2751 895 2782 audiendus
913 2747 968 2789 est:
993 2749 1044 2780 boc

173 2796 249 2825 enim
267 2792 302 2826 ὃ)
318 2792 477 2831 compendio
495 2792 588 2823 litium
605 2792 641 2827 ὅ)
657 2793 803 2833 equitatis
820 2791 932 2822 ratione
944 2791 1042 2830 provi-

165 2837 234 2878 sum
251 2832 298 2873 est.
325 2833 435 2864 Paulus
460 2833 562 2863 causas
581 2834 610 2864 in
627 2835 741 2874 quibus
764 2833 980 2873 jusjurandum
1002 2831 1044 2862 al-

175 2878 233 2908 teri
254 2874 442 2916 litigantium
461 2873 499 2903 ab
517 2873 616 2905 altero
640 2874 822 2913 deferatur,
848 2874 1044 2914 pecuniarias

173 2918 236 2950 elle
253 2915 434 2948 attestatur:
457 2914 533 2946 sicut
559 2914 588 2945 δι
612 2913 767 2955 Ulpianus
791 2916 811 2947 l.
831 2926 880 2957 34.
907 2916 951 2946 D.
976 2916 1003 2946 b.
1020 2921 1041 2946 t.

171 2960 330 2991 rationem
347 2966 453 2988 autem
470 2955 561 2994 hujus
574 2955 649 2994 juris
665 2957 824 2997 duplicem
841 2955 947 2988 adfert
967 2956 1041 2988 Pau-

171 3002 220 3033 lus
237 3002 264 3031 d.
282 3002 326 3030 tit.
351 3008 376 3030 1.
393 3007 456 3029 una
472 2996 516 3028 est
533 2996 650 3027 utilitas
667 3000 904 3030 minuendarum
923 2997 1042 3037 litium,

171 3043 269 3073 altera
286 3041 417 3079 aequitas
433 3039 472 3070 de
488 3037 622 3079 propriis
640 3038 733 3069 rebus
751 3048 808 3078 pro
828 3040 982 3080 cujusque
997 3049 1041 3070 ar-

171 3082 269 3113 bitrio
286 3081 492 3122 disponendi:
516 3087 649 3118 utraque
672 3079 710 3108 ad
736 3081 908 3118 privatam,
932 3089 1043 3112 neutra

170 3124 210 3155 ad
229 3123 406 3163 publicam,
432 3122 600 3154 utilitatem
617 3119 745 3160 speetat.
770 3120 918 3152 Putemus
936 3124 1043 3162 igitur,

169 3165 303 3199 astionis
321 3164 451 3198 nomine
473 3173 490 3196 a
506 3162 649 3196 Praetore
666 3159 746 3194 solas
765 3160 877 3194 civiles
897 3162 926 3194 ἂι
943 3172 1042 3203 pecu.

1063 60 1254 89 oon-r
1312 52 1524 91 Corin.

1068 142 1180 176 niarias
1195 143 1260 175 hoc
1277 143 1391 176 Edicto
1412 144 1575 187 designari.
1601 140 1644 176 Et
1662 149 1768 177 tamen
1786 141 1838 178 vel
1856 146 1886 178 in
1897 147 1940 179 ci-

1069 185 1149 216 viles
1176 185 1317 218 ae‘tiones
1344 187 1458 218 cadere
1478 185 1584 227 potest
1610 186 1784 218 dubitatio:
1807 188 1940 220 astionis

1068 224 1295 266 fignificatione
1312 227 1484 268 aliquando
1502 227 1648 268 angusta,
1674 228 1844 267 aliquando
1862 229 1942 261 lataz

1070 275 1167 308 prout
1183 276 1272 300 mens
1289 268 1449 310 scriptoris
1467 268 1604 311 postulat
1630 269 1648 299 l.
1670 273 1737 309 178:
1763 269 1789 310 §.
1807 279 1834 300 2.
1852 269 1892 300 D.
1908 272 1941 301 de

1071 309 1149 340 verb.
1162 307 1241 356 figrr.
1258 310 1277 341 l.
1293 319 1344 351 37.
1362 310 1404 341 D.
1428 312 1462 341 de
1478 311 1562 352 oblig.
1581 309 1617 345 ὅ)
1632 309 1686 341 att.
1710 310 1773 342 Sed
1797 310 1944 351 fimplici-
1996 335 1997 342 ,

1072 358 1131 395 ter·
1146 350 1288 391 loquitur
1309 351 1452 390 Praetor,
1476 352 1510 383 Si
1533 355 1558 382 is
1583 361 1648 383 cum
1662 361 1716 392 quo
1734 357 1855 394 agetur:
1882 361 1943 383 nec
1992 347 1995 373 ἶ

1072 390 1188 437 astioni
1219 393 1349 437 modum
1371 394 1481 433 injicit.
1508 394 1634 425 videtur
1653 394 1748 434 igitur
1768 391 1887 424 sensisse
1903 394 1944 425 de

1073 433 1222 479 omnibus
1238 434 1400 466 actionum
1419 434 1548 473 formis,
1562 436 1600 467 ad
1618 435 1681 475 ejus
1695 434 1945 474 jurisdictionem

1073 475 1323 520 pertinentibus:
1342 475 1512 515 praesertim
1531 477 1614 508 nulla
1630 476 1805 515 causa,cur
1821 475 1947 507 restrin-
1981 476 1983 499 ἒ

1072 516 1176 557 genda
1195 525 1225 546 in
1242 514 1357 547 Edicto
1373 516 1409 547 fit
1424 517 1555 550 actionis
1574 517 1727 559 potestas:
1745 518 1810 558 pari
1827 516 1857 549 in
1875 526 1945 549 om-
1980 513 1981 518 ’

1074 557 1166 589 nibus
1184 555 1324 601 utilitate
1340 558 1490 589 tollendae
1506 559 1569 591 litis
1586 559 1731 591 remedio
1747 559 1947 599 jurisjurandi

1075 608 1116 630 ex
1133 606 1295 638 utriusque
1311 598 1475 630 voluntate
1493 600 1588 632 delati
1604 601 1633 632 ἃ
1650 600 1779 641 praessiti
1803 599 1865 632 fine
1885 608 1949 631 ter-

1077 639 1112 671 tii
1130 639 1248 679 inJuria.
1273 638 1335 669 Sed
1354 639 1500 679 profecto
1527 644 1746 683 unusquisque
1764 641 1808 673 est
1824 642 1884 672 suae
1901 641 1952 673 rei·
1976 664 1977 667 =

1077 683 1108 713 in
1125 679 1318 722 paciscendo
1338 680 1599 723 tranfigendoque
1623 684 1740 715 arbiter
1757 683 1786 714 ὅ(
1803 683 1949 715 modera-

1078 731 1148 754 tor:
1172 722 1248 762 quid
1266 723 1296 767 ni
1321 721 1353 752 in
1375 722 1536 754 delatione
1557 724 1587 755 &
1613 724 1810 764 praestatione
1825 725 1949 765 jurisju—

1077 765 1185 802 randi,
1210 763 1388 809 paCtionem
1407 763 1442 808 ¹&
1467 765 1710 797 transafflonem
1735 767 1765 797 in
1785 768 1872 798 omni
1890 765 1950 806 pri-

1078 813 1161 881 νῑιῑὲἑΒ
1170 805 1298 887 jettiqonhe
1315 805 1548 875 tcontinentis‘?
1572 805 1649 838 Hoc
1666 806 1822 848 Ulpianus
1836 808 1855 839 l.
1869 817 1899 849 3.
1917 807 1948 849 §0

1082 856 1094 879 1
1124 856 1225 920 Porrg
1241 887 1283 917 ait
1304 886 1443 926 Praetor,
1455 888 1622 919 Corzditione
1637 889 1748 921 delata:
1764 889 1852 931 Quid
1866 889 1950 922 hoc?

1080 929 1229 961 Donatus
1252 928 1290 959 ad
1306 926 1497 961 Terentium
1516 930 1635 961 Andria
1653 930 1709 962 αὲἶ.
1732 939 1754 961 1.
1773 937 1819 970 jc.
1838 941 1861 962 1.
1876 932 1952 972 vers:
1991 924 1995 928 ⁸
2035 911 2036 926 ³

1080 981 1130 1012 52.
1157 970 1307 1008 Conditw,
1332 970 1454 1009 inquit,
1478 969 1516 1011 est
1537 971 1632 1012 pastio
1654 977 1760 1003 certam
1776 973 1861 1013 legem
1878 974 1909 1002 in
1922 974 1951 1009 se

1081 1013 1237 1043 contineris.
1270 1010 1347 1050 lude
1366 1013 1587 1044 conditionem
1606 1012 1710 1052 ferre,
1735 1014 1786 1045 vel
1804 1014 1951 1052 deferre,

1081 1053 1125 1085 est
1143 1053 1341 1097 praescribere
1359 1052 1547 1085 formulam:
1572 1063 1632 1094 qua
1655 1055 1802 1095 impleta,
1827 1055 1954 1095 placeat

1082 1105 1097 1126 a
1116 1095 1171 1126 lite
1188 1095 1315 1126 dilcedi.
1340 1093 1415 1125 Hoc
1432 1094 1517 1126 sensu
1536 1095 1645 1126 Livius
1663 1096 1709 1127 lib.
1722 1106 1772 1137 37.
1793 1107 1817 1127 c.
1832 1105 1855 1127 1.
1873 1096 1954 1127 Ver-

1081 1138 1121 1167 ba
1146 1135 1245 1166 Livii:
1272 1135 1352 1166 Duce
1370 1137 1544 1167 conditiones
1564 1137 1623 1167 illis
1645 1137 1708 1168 lutee
1726 1138 1821 1178 Jz'mt:
1843 1138 1890 1168 vel
1905 1138 1955 1168 Sea

1081 1179 1167 1209 notui
1183 1177 1302 1207 liberum
1318 1177 1472 1208 arbitrium
1488 1179 1520 1208 de
1532 1178 1566 1217 se
1586 1180 1782 1218 permitterent
1792 1189 1802 1215 ;
1825 1179 1871 1209 vel
1886 1179 1954 1209 mil-

1081 1220 1104 1250 le
1120 1219 1259 1250 talentum
1275 1220 1389 1249 clarent.
1434 1218 1567 1259 Optime
1582 1220 1675 1261 igitur
1695 1222 1724 1251 in
1741 1220 1760 1250 l.
1777 1230 1805 1260 3.
1824 1220 1864 1250 D.
1882 1220 1909 1251 b.
1928 1225 1951 1252 t.

1080 1260 1119 1292 fic
1138 1259 1315 1300 Ulpianus,
1349 1259 1414 1291 Nec
1429 1258 1548 1300 frustra
1571 1262 1729 1302 adjicitur,
1763 1262 1953 1293 conditione

1081 1301 1193 1333 delata.
1234 1299 1352 1339 Namfi
1366 1311 1428 1332 reus
1438 1303 1589 1343 juraverit
1600 1325 1609 1340 ‚
1633 1304 1743 1333 nemine
1763 1303 1953 1344 eijusjuran-

1082 1345 1151 1374 dum
1178 1343 1339 1382 deferente,
1363 1343 1478 1374 Praetor
1500 1345 1529 1374 id
1545 1344 1757 1385 jusjurandum
1780 1354 1836 1374 nort
1863 1345 1955 1374 tuebi-

1083 1391 1138 1415 tur.
1183 1383 1288 1426 Quam
1311 1386 1355 1414 ob
1381 1384 1476 1416 rem?
1499 1385 1558 1415 ait:
1581 1385 1663 1428 Quia
1678 1384 1880 1425 fibiJ'uravit:
1902 1386 1955 1424 Ju-

1083 1436 1170 1464 rans,
1195 1435 1257 1456 non
1276 1425 1378 1456 delata
1394 1426 1431 1456 ab
1454 1426 1560 1457 aCtore
1577 1427 1773 1457 conditione.
1807 1426 1848 1457 Et
1863 1435 1955 1458 com-

1083 1468 1180 1499 mode
1203 1466 1304 1497 addit:
1329 1467 1469 1508 Alioquin
1492 1468 1543 1507 (id
1570 1467 1632 1505 est,
1656 1466 1675 1499 fi
1695 1468 1804 1498 liceret
1819 1467 1956 1507 ficjura-

1082 1510 1134 1548 re)
1152 1508 1322 1555 facillimus
1349 1510 1467 1549 quisque
1490 1510 1527 1539 ad
1546 1508 1758 1550 jusjurandum
1782 1510 1955 1547 decurrens,

1082 1559 1193 1581 nemine
1209 1547 1265 1586 sibi
1289 1549 1430 1588 deferente
1449 1550 1681 1590 jusjurandum,
1712 1551 1842 1580 oneribus
1865 1548 1954 1580 aetin-
2005 1547 2009 1550 ”

1082 1601 1152 1623 mim
1171 1590 1201 1632 se
1227 1591 1366 1621 liberabit.
1392 1591 1480 1631 quod
1507 1600 1566 1622 nec
1585 1590 1705 1629 civilis,
1730 1599 1789 1621 nec
1806 1590 1956 1622 naturalis

1084 1635 1165 1664 ratio
1183 1632 1309 1672 patitur.
1353 1632 1397 1662 Ut
1419 1633 1514 1672 igitur
1537 1641 1593 1662 reo
1611 1631 1706 1672 profit
1720 1632 1958 1672 jusjurandum,

1084 1674 1153 1705 vult
1171 1673 1310 1710 Praetor,
1334 1682 1375 1703 eo
1390 1673 1498 1704 delato
1514 1672 1576 1704 effe
1590 1674 1745 1712 juratum;
1770 1674 1836 1713 plus
1852 1671 1958 1713 postu-

1084 1716 1146 1754 lat,
1170 1716 1213 1746 ita
1228 1714 1398 1754 praestitum
1416 1714 1495 1753 effe,
1520 1715 1564 1745 uti
1579 1715 1719 1746 delatum
1736 1714 1790 1746 est.
1839 1713 1958 1748 Videli-

1085 1765 1155 1795 cet,
1180 1755 1241 1787 fuit
1264 1757 1291 1787 ei
1316 1757 1501 1797 negotium,
1523 1756 1736 1796 jusjurandum
1766 1765 1823 1797 pro
1840 1757 1960 1797 proba·

1084 1801 1173 1830 tione
1182 1797 1323 1829 futurum
1334 1798 1415 1829 inter
1425 1798 1597 1839 litigantes,
1608 1797 1741 1839 praestari
1751 1807 1867 1839 genere
1878 1807 1957 1838 quo-

1084 1841 1156 1872 dam
1186 1839 1421 1870 conventionis.
1466 1841 1513 1870 Ac
1543 1839 1676 1871 movisse
1707 1848 1778 1870 eum
1809 1840 1959 1879 videtur,

1083 1882 1171 1921 quod
1195 1890 1292 1912 omne
1307 1881 1519 1921 jusjurandum
1546 1881 1589 1912 est
1612 1881 1775 1912 inventum
1794 1879 1958 1922 religionis

1084 1923 1261 1964 injiciendae
1277 1922 1383 1953 causa:
1407 1932 1476 1963 quae
1497 1932 1559 1954 non
1576 1921 1621 1954 cst
1643 1923 1790 1953 omnibus
1813 1931 1853 1953 ex
1868 1920 1959 1954 omni

1085 1974 1119 1995 re
1134 1973 1212 1996 una:
1238 1963 1290 1995 sed
1315 1972 1374 2004 pro
1398 1965 1551 1995 varietate
1579 1963 1805 2004 superstitionis
1820 1963 1870 1995 alii
1888 1962 1957 1997 alia.

1086 2005 1146 2037 hac
1162 2005 1285 2036 ratione
1301 2005 1589 2045 credidit,aequum
1607 2004 1668 2036 esse
1684 2014 1770 2036 reum
1784 2005 1906 2045 jurare3
1923 2011 1959 2036 ut

1086 2047 1174 2079 aCtor
1192 2047 1400 2086 voluitjurari
1419 2046 1491 2085 fibi,
1516 2045 1571 2077 etfi
1593 2047 1718 2087 propria
1737 2044 1958 2085 superstitione.

1086 2090 1103 2120 l.
1121 2100 1149 2130 5.
1166 2088 1192 2130 §.
1213 2097 1237 2119 1.
1255 2088 1281 2119 h.
1300 2094 1322 2119 t.
1346 2090 1446 2118 modo
1468 2088 1590 2119 licitum
1608 2086 1706 2119 fuerit
1722 2087 1955 2127 jusjurandumx

1088 2132 1116 2161 &
1139 2129 1159 2161 fi
1182 2131 1225 2160 ita
1242 2130 1377 2168 juratum
1393 2128 1450 2168 fit,
1476 2128 1587 2160 servari
1612 2127 1706 2160 fidem
1725 2129 1820 2160 delati
1837 2128 1865 2159 &
1881 2138 1960 2169 prte-

1088 2171 1148 2204 stiti
1163 2170 1379 2211 iurisiurandi:
1404 2169 1444 2201 fin
1463 2171 1570 2209 aliter,
1594 2180 1657 2201 non
1682 2169 1791 2200 sci-vari
1809 2168 1958 2201 adversus

1088 2214 1227 2244 atrorem
1246 2213 1296 2243 cui
1312 2221 1376 2242 non
1394 2211 1427 2243 fit
1441 2212 1587 2251 juratum.
1622 2210 1674 2242 Ne
1691 2210 1753 2243 fine
1768 2211 1957 2242 auctoritate

1087 2254 1123 2286 fit
1148 2253 1390 2293 interpretatio,
1422 2253 1567 2293 alleg-‘ibo
1593 2253 1760 2293 Ulpianum
1790 2254 1816 2283 d.
1834 2252 1853 2282 l.
1874 2262 1902 2293 3.
1925 2251 1957 2294 §.

1086 2296 1140 2326 ult.
1163 2294 1205 2326 ita
1223 2294 1430 2325 scribentem:
1453 2294 1567 2334 Jurczre
1584 2300 1707 2334 oportet,
1731 2301 1763 2325 ut
1778 2294 1903 2324 delatum
1919 2291 1958 2333 est

1081 2337 1302 2379 jusjurandum.
1327 2342 1458 2366 caeterzlm
1480 2334 1509 2371 fi
1532 2345 1579 2377 ego
1603 2336 1712 2373 detuli,
1736 2340 1769 2365 ut
1791 2341 1843 2375 per
1860 2334 1958 2367 Decem

1081 2379 1217 2420 jurares,
1242 2384 1274 2408 tzt
1294 2385 1345 2417 per
1369 2383 1454 2417 caput
1471 2382 1553 2407 tuum
1569 2375 1692 2416 jurasti:
1713 2386 1769 2406 non
1787 2377 1840 2405 erit
1859 2383 1958 2409 ratum

1086 2420 1245 2451 babendum
1264 2419 1485 2460 jusjurandum.
1509 2419 1582 2458 quod
1597 2416 1738 2458 fiexegi,
1763 2422 1797 2446 ut
1810 2423 1862 2456 per
1877 2418 1955 2454 litla-
1997 2423 2000 2426 ’

1086 2466 1140 2492 tem
1156 2467 1237 2491 tuam
1248 2461 1364 2500 jurares
1376 2483 1385 2498 ,
1411 2457 1585 2500 &jurczsti:
1600 2457 1730 2498 stabitur
1746 2458 1956 2499 jurijurando:

1085 2503 1155 2543 quia
1175 2511 1253 2532 omne
1271 2504 1382 2531 omnino
1399 2501 1510 2531 licitum
1525 2500 1733 2541 jusjurandum
1752 2507 1802 2539 per
1817 2501 1892 2540 quocl
1906 2509 1958 2529 vo-

1086 2544 1141 2574 luit
1160 2545 1224 2584 quis
1233 2541 1417 2583 fihijarari,
1441 2542 1573 2571 idoneum
1588 2538 1643 2581 ‘sti
1671 2539 1743 2578 &fi
1765 2550 1800 2571 ex
1816 2550 1843 2570 eo
1865 2541 1956 2577 fuerit

1080 2585 1236 2627 juratum,
1263 2584 1372 2614 Praetor
1385 2583 1416 2613 id
1428 2583 1564 2613 tuebitur.
1611 2581 1681 2622 Ego
1700 2582 1797 2613 detuli
1817 2581 1872 2612 tibi
1893 2581 1956 2621 jus·

1084 2626 1271 2666 iurandum,
1295 2632 1328 2654 ut
1351 2632 1408 2664 per
1426 2622 1533 2654 Deum
1555 2624 1691 2662 jurares:
1715 2631 1881 2654 extortura
1899 2622 1957 2656 tibi

1086 2676 1196 2698 verum
1224 2665 1403 2696 reverentia
1423 2663 1532 2695 Divini
1548 2663 1704 2696 Numinis.
1730 2672 1763 2695 tu
1782 2673 1838 2704 per
1860 2671 1957 2703 caput

1086 2715 1174 2739 tuum
1194 2705 1322 2746 jurasti:
1351 2705 1518 2736 arbitratus
1535 2729 1545 2743 ,
1576 2715 1641 2737 non
1667 2707 1832 2737 nominato
1862 2704 1957 2744 Deo,

1085 2759 1151 2781 non
1175 2748 1340 2779 contemni
1368 2747 1578 2787 religionem,
1602 2756 1662 2778 nec
1687 2747 1836 2787 pejerari:
1860 2747 1957 2787 magis

1086 2800 1153 2822 rem
1169 2790 1318 2821 ludicram
1336 2786 1407 2819 esse.
1442 2787 1517 2820 Non
1536 2788 1664 2829 jurasti,
1689 2791 1732 2819 uti
1759 2788 1878 2820 Praetor
1900 2797 1958 2818 vo-

1087 2832 1164 2870 luit,
1181 2830 1369 2862 conditione
1387 2829 1507 2868 delata,
1532 2832 1563 2862 id
1579 2829 1642 2868 est,
1659 2839 1724 2861 non
1742 2839 1782 2860 ex
1800 2829 1958 2870 praescrip·

1087 2881 1123 2904 to
1146 2881 1231 2904 meo.
1256 2880 1321 2902 non
1345 2871 1557 2912 igiturjurasti
1574 2871 1672 2909 mihi,
1698 2870 1749 2902 sed
1767 2871 1833 2902 tibi.
1859 2869 1957 2910 Atqui

1086 2915 1135 2946 hae
1165 2920 1295 2954 quoque
1318 2912 1465 2944 formulae
1491 2914 1521 2944 in
1546 2914 1627 2945 diras
1654 2911 1814 2950 definunt,
1847 2912 1877 2943 &
1898 2920 1957 2952 pro

1082 2955 1285 2996 jurejurando
1301 2953 1380 2986 sunt.
1393 2952 1468 2985 Non
1485 2964 1588 2996 nego,
1607 2953 1628 2985 fi
1644 2954 1675 2985 id
1691 2955 1889 2985 convenerit.
1915 2953 1958 2985 At

1085 2997 1106 3029 fi
1121 3006 1186 3028 non
1204 2998 1245 3027 ita
1260 2996 1399 3027 delatum
1415 2995 1459 3026 est
1470 2996 1682 3036 jusjurandum
1693 3006 1700 3027 :
1712 2995 1831 3027 Praetor
1848 2994 1878 3024 id
1890 3002 1957 3024 non

1088 3039 1183 3070 babet
1200 3046 1310 3069 ratum.
1344 3035 1478 3078 Optime
1493 3037 1534 3068 sic
1554 3035 1710 3078 Ulpianus
1725 3037 1744 3067 l.
1761 3045 1808 3075 33.
1830 3034 1869 3065 D.
1888 3034 1915 3064 h.
1932 3039 1957 3065 t.

1087 3079 1151 3124 Qui
1161 3087 1216 3121 per
1223 3078 1348 3120 fizlutem
1358 3082 1446 3118 suam
1459 3078 1566 3120 jurat,
1589 3079 1653 3109 licet
1668 3084 1722 3118 per
1745 3076 1841 3107 Deum
1853 3075 1956 3117 jurare

1085 3123 1222 3159 vzdetur,
1245 3119 1372 3161 respectu
1387 3120 1463 3150 enim
1485 3120 1600 3151 Divirzi
1619 3118 1746 3149 numinis
1766 3118 1807 3147 ita
1818 3117 1956 3157 juratur,

1084 3160 1251 3203 attamensz
1267 3171 1325 3196 non
1342 3162 1384 3200 ita
1392 3160 1557 3202 specialiter
1565 3159 1778 3203 jusjurandum
1792 3159 1817 3190 ei
1829 3158 1955 3190 delatum

1877 3222 1879 3224 -
1897 3197 1953 3239 est,
