2036 3495
268 102 334 138 ΑΒ
360 102 452 136 L113.
480 98 613 135 XXIV.
644 96 740 132 T1T.
768 92 828 132 111.
858 97 962 133 Soluto
980 99 1174 135 matrimonio
1190 101 1240 135 dos
1255 103 1503 147 quemadmodum
1524 111 1689 153 repetatur.

86 189 217 232 dicere,
239 197 299 224 tam
320 191 451 232 culpam,
473 198 561 231 quam
585 187 690 218 dolum.
731 185 795 233 Sed
821 184 865 217 est
889 185 959 227 Hy-

83 232 252 275 fterologia
272 231 442 265 Veteribus
458 230 630 271 hequem,
653 228 682 274 Gt
700 226 772 274 alibi
790 237 806 258 a
828 236 880 259 me
902 236 958 259 no-

86 282 161 306 tata.
184 274 283 307 Addit
294 273 415 305 :Etiam
430 271 609 313 diligentiam
619 266 767 310 praeflabzt
777 290 787 307 ,
801 270 855 309 sed
871 278 957 309 quam

83 314 189 357 infiais
207 317 290 347 rebus
306 315 429 347 exhibet.
473 312 558 346 Pauli
577 310 679 341 sensus
696 310 759 340 est:
783 310 871 349 quod
895 319 957 341 tna-

84 357 182 397 ritus‚
207 364 323 397 praeter
340 357 470 394 dolum,
490 351 614 394 praestat
633 351 759 398 culpam
775 350 899 396 leuem,
922 350 957 382 ss-

85 404 128 429 ve
144 397 290 430 consistat
308 398 338 429 in
357 394 611 431 committend0‚
634 396 697 423 iive
713 401 743 423 in
759 392 954 441 omittendo.

84 447 180 479 quarn
208 439 253 471 ob
276 438 370 471 rem?
393 438 464 477 quia
488 433 577 467 causa
592 438 650 475 sua
670 435 761 479 dotem
776 438 890 473 occzpzt.
921 433 954 464 ld

84 479 133 512 est
172 481 246 521 quia
263 482 359 512 etiam
376 477 464 511 causa
479 476 549 515 sua,
573 475 624 506 vel
644 483 716 515 quia
738 483 804 506 non
829 481 952 520 tantum

81 502 210 561 uxoris,
239 521 291 553 sed
314 521 365 552 sua
387 524 537 559 quoque,
569 515 658 548 causa
681 517 792 547 dotem
813 523 951 561 accipitt

82 570 119 594 ut
143 563 240 594 docui
266 562 315 593 lib.
331 570 360 600 4.
382 559 526 592 Probabit.
550 568 574 604 ς,
591 568 620 598 3.
664 556 757 589 Hoc:
789 556 844 600 mii
865 565 951 588 mora

81 612 140 645 per
153 604 316 636 mulierem
333 601 415 641 fuit,
438 608 503 642 quo
522 608 625 646 minus
643 598 754 629 dotem
779 606 949 638 reciperet.

80 654 154 678 nam
169 645 191 677 fi
205 653 242 677 ea
256 644 336 676 fuit:
359 644 403 675 ait
423 642 619 684 Pompomus
643 639 662 670 l.
679 648 709 676 9.
734 639 775 670 D.
795 640 823 683 Ly.
841 645 862 670 t.
886 647 950 670 ma-

81 684 364 718 ritum'dumtaxat
385 684 496 716 dolum
519 683 655 719 malum,
679 689 741 711 non
764 688 860 726 etiarn
885 680 950 711 cul-

79 737 152 768 pam
169 727 332 768 praestare:
356 729 492 766 nempe,
516 734 557 756 ne
576 722 663 755 facto
681 721 821 753 mulieris
837 730 869 752 in
880 728 949 761 per-

77 775 206 810 petuum
221 768 286 808 ejus
300 776 409 809 agrum
424 767 533 798 colere
549 772 695 813 cogatur.
740 763 783 794 At
802 763 862 794 dos
885 771 949 808 non

77 809 201 850 semper
217 809 343 841 constat
357 807 566 848 corporibus:
589 809 668 847 1aepe
681 803 803 835 constat
826 811 949 844 quanti·

78 852 216 889 tatibus,
240 859 311 891 quae
327 850 492 891 pondere,
521 856 675 894 numero,
692 844 945 892 ‚aut-mensura,

75 891 281 930 estimantur.
311 897 378 922 tum
400 900 477 921 vero
505 891 607 922 mariti
632 887 774 933 periculo
798 887 856 937 dos
882 885 945 931 est}

78 933 153 974 quia
168 933 230 965 illae
243 934 275 964 in
291 931 355 964 hoc
372 933 560 970 dantur32ut
576 939 627 962 eas
645 936 775 961 maritus
797 927 837 959 ad
867 927 942 958 arbi

78 975 173 1006 trium
190 973 276 1006 suum
296 973 464 1011 distrahat,
487 973 517 1004 &
540 972 735 1014 quandoque
758 969 863 1014 soluto
882 977 945 1000 ma·

79 1014 254 1054 trimonio‚
277 1016 418 1055 eJusdem
437 1016 562 1055 generis
582 1014 611 1044 ἃ
628 1012 784 1053 qualitatis
808 1010 883 1057 alias
899 1019 946 1041 re·

76 1055 184 1089 stituat
201 1057 251 1087 vel
268 1055 332 1095 ipse
350 1056 401 1087 vel
419 1055 512 1087 heres
529 1055 593 1095 ejus
616 1054 633 1085 l.
652 1062 702 1092 42.
723 1052 762 1082 D.
775 1052 945 1097 dejundot.

78 1099 165 1130 idem
183 1096 244 1136 est,
267 1097 288 1129 fi
305 1098 338 1128 in
355 1098 465 1128 dotem
489 1097 561 1127 data
575 1095 635 1127 fint
660 1102 793 1140 corpora
819 1091 947 1124 aestima-

76 1146 128 1172 ta:
150 1147 222 1171 nam
238 1146 304 1170 tum
323 1147 470 1179 quoque,
492 1136 575 1177 quasi
601 1137 743 1167 venditio
768 1142 946 1165 intervene-

76 1179 138 1219 rit,
161 1180 337 1219 periculum
355 1181 394 1211 ad
413 1178 557 1211 maritum
573 1177 727 1224 pertinet:
750 1175 769 1206 fi
786 1184 861 1221 pura
876 1173 946 1206 fue-

76 1222 119 1252 rit
136 1220 319 1258 aestimarim
343 1229 413 1258 aut,
437 1220 458 1252 fi
473 1219 713 1256 conditionaiis,
738 1218 881 1247 condi-tio
892 1225 945 1247 ex-

78 1261 180 1293 titerit
203 1262 224 1293 l.
243 1270 288 1294 10.
312 1261 341 1303 ς.
357 1271 386 1301 4.
404 1261 441 1297 δέ
456 1272 487 1303 5.
510 1260 551 1292 D.
569 1262 602 1291 de
612 1260 674 1301 jur.
691 1258 861 1304 donAdeo
879 1258 944 1304 ple-

75 1311 210 1343 rumque
224 1302 353 1334 interest
372 1303 449 1341 viri,
473 1312 522 1333 res
538 1311 601 1332 non
620 1301 680 1332 effe
699 1298 880 1343 aestimatas,
899 1299 944 1330 id—

73 1345 163 1375 circo
197 1352 237 1374 ne
264 1343 436 1384 periculum
469 1352 572 1374 rerum
609 1343 648 1373 ad
672 1350 747 1385 eum⁹
774 1348 944 1381 pertineat:

73 1384 210 1416 maxime
224 1383 244 1415 fi
261 1385 402 1416 animalia
419 1385 449 1415 in
473 1385 582 1415 dotem
605 1390 765 1428 acceperit
781 1404 790 1420 ,
815 1382 865 1412 vel
892 1390 943 1426 ve-

73 1424 153 1457 stem
200 1426 375 1457 uamufier
396 1425 515 1456 utitur:
539 1432 667 1455 eveniet
691 1431 798 1468 enim,
819 1422 840 1453 fi
865 1421 941 1468 aesti-

72 1473 157 1498 mata
192 1473 258 1504 int,
282 1467 312 1498 &
328 1476 363 1498 ea
380 1465 491 1498 mulier
514 1465 654 1503 attrivit,
679 1473 714 1495 ut
736 1463 942 1495 nihilomiuus

71 1507 206 1538 maritus
222 1506 462 1538 aestimationem
481 1515 593 1551 eorum
610 1505 735 1545 praestet
752 1505 770 1537 l.
787 1513 843 1550 51..
855 1504 896 1536 D.
914 1505 940 1536 h.

71 1552 98 1577 t.
141 1546 230 1587 Quid
250 1547 345 1588 igitur
362 1547 436 1580 est?
461 1555 609 1588 quotiens
628 1557 676 1579 res
700 1545 940 1590 nonhaestimatae

74 1589 109 1618 in·
125 1588 235 1619 dotem
251 1589 382 1627 dautur,
406 1589 436 1620 ὅ(
458 1589 606 1620 meliores
625 1588 655 1619 ἀ
679 1588 852 1633 deteriores
876 1595 939 1632 mu-

73 1627 142 1660 lieri
159 1627 240 1660 fiunt
255 1630 283 1660 d.
299 1629 318 1661 l.
338 1639 384 1661 10.
400 1637 447 1669 pr.
471 1630 623 1670 amplius,
646 1628 667 1661 fi
684 1630 807 1675 praediis
831 1628 938 1660 inaesti-

73 1670 166 1701 matis
182 1669 297 1710 aliquid
315 1672 460 1709 acceffit,
482 1671 545 1702 hoc
562 1672 600 1702 ad
622 1671 849 1716 compendium
872 1678 939 1700 mu-

72 1710 159 1742 lieris
177 1712 333 1751 pertinet:
357 1712 376 1743 fi
394 1712 510 1753 aliquid
526 1712 673 1757 decessit,
697 1712 836 1756 mulieris
853 1712 937 1755 dam-

72 1760 150 1783 num
168 1751 213 1783 est
231 1754 259 1784 d.
278 1753 297 1784 l.
322 1762 367 1785 10.
390 1754 419 1794 §.
441 1763 466 1785 1.
496 1753 647 1785 Putemus
666 1761 778 1793 1g1tur,
799 1761 829 1783 in
846 1752 941 1798 actio·

70 1801 147 1824 nem
163 1793 206 1823 rei
226 1793 344 1825 uxoriae
361 1797 469 1826 venire
485 1804 532 1826 res
551 1796 581 1826 in
600 1798 711 1827 dotem
727 1794 832 1825 datas:
845 1801 940 1825 etiam

74 1834 269 1866 acceffiones
293 1837 320 1866 d.
343 1835 362 1865 l.
393 1844 437 1867 10.
462 1837 490 1876 §.
519 1845 559 1880 Ι..
575 1836 594 1867 fi
620 1835 745 1876 quidem
771 1834 940 1879 [int-extra

72 1873 212 1906 fruetus:
235 1883 269 1906 ut
285 1876 352 1907 sunt
369 1885 475 1916 partus
492 1878 674 1908 ancillarum
693 1885 762 1917 quae
781 1874 940 1906 aestimatae

72 1924 138 1947 non
164 1916 250 1948 sunt:
274 1917 304 1948 ἀ
328 1926 399 1957 qua:
422 1918 498 1948 servi
523 1918 646 1949 dotales
671 1927 711 1948 ex
741 1925 941 1963 quacumque

70 1955 183 1995 causa,
206 1956 259 1988 nili
277 1967 317 1989 ex
335 1968 369 1989 re
391 1958 491 1990 mariti
511 1960 560 1990 vel
577 1960 682 2000 operis
707 1958 765 1989 suis
790 1960 938 1998 adquiiie-

69 2005 161 2029 runt:
185 1997 305 2031 fructus
321 2007 426 2031 autern
443 2001 473 2030 in
495 2000 607 2040 quibus
633 1999 701 2031 sunt
723 1999 821 2045 foetus
846 2007 941 2039 peco-

68 2046 157 2078 rum,
181 2040 218 2070 ad
234 2040 356 2072 lucrum
374 2041 472 2072 mariti
490 2042 669 2081 pertinere,
691 2040 879 2079 justinianus·
895 2050 941 2071 re-

68 2077 135 2110 fert
158 2080 177 2111 l.
194 2082 272 2111 unic.
291 2081 319 2123 ᾗ.
335 2091 362 2118 9.
386 2082 419 2113 C.
446 2083 479 2112 de
502 2084 543 2113 rei
566 2093 650 2114 uxor.
670 2082 724 2114 atr.
747 2082 776 2113 &
802 2090 876 2113 ante
899 2081 941 2112 fic

70 2119 214 2152 distinxit
230 2122 380 2163 Ulpianus
394 2125 421 2155 ci.
440 2123 525 2155 l.-10.
549 2124 577 2165 §.
596 2133 619 2155 1.
638 2134 668 2156 2.
694 2122 730 2157 ὃ)
744 2133 774 2163 3.
797 2131 858 2169 nec
882 2123 938 2154 du·

69 2162 184 2193 bitavit
213 2162 265 2194 hic
293 2163 535 2202 Jurssconstrlrus
562 2166 583 2195 l.
605 2175 633 2210 ἶ.
660 2164 701 2195 D.
729 2167 847 2210 de'yur.
879 2165 937 2212 dot.

69 2204 157 2243 quod
177 2204 216 2235 de
231 2203 384 2237 fructibus
400 2206 538 2245 dictum,
561 2206 600 2237 ab
616 2207 676 2246 ipsa
691 2214 840 2252 acquitate
858 2206 937 2252 dexi-

69 2253 162 2275 vare:
185 2246 322 2277 causatus
338 2269 348 2285 ‚
380 2248 493 2278 marito
518 2257 615 2278 onera
641 2256 834 2278 matrimonu
856 2246 938 2291 susti·

66 2288 184 2324 Dente,
207 2296 332 2326 aequum
350 2287 430 2325 esl'e,
454 2298 526 2319 eum
544 2290 639 2320 etiam
658 2288 776 2334 fructus
794 2296 936 2334 percipe-

67 2334 112 2357 re.
136 2336 227 2366 aeque
247 2329 368 2368 probo,
399 2331 485 2370 quod
512 2339 607 2369 porro
631 2330 754 2370 subjicit
773 2329 801 2371 §.
823 2338 849 2361 1.
873 2330 936 2360 tru-

69 2366 135 2398 crus
162 2369 327 2400 constante
356 2372 559 2402 matrimonio
590 2379 762 2411 perceptos
793 2381 856 2403 non
885 2370 934 2402 fo·

68 2417 104 2438 re
127 2409 228 2441 dotis:
246 2418 318 2441 ante
338 2413 462 2450 nuptias
485 2421 658 2452 perceptos
674 2414 705 2444 in
724 2413 835 2444 dotem
858 2421 934 2444 con-

69 2450 163 2480 verti.
200 2451 286 2491 quod
312 2452 341 2482 ἃ
370 2452 467 2484 Paulo
501 2454 606 2493 placet
638 2454 657 2484 l.
676 2458 726 2495 38.
756 2453 785 2495 §.
813 2463 859 2486 12.
891 2454 932 2485 D.

69 2490 102 2518 de
117 2492 195 2528 usur.
221 2492 249 2522 δι
270 2490 394 2531 Juliano
412 2494 430 2524 l.
449 2503 499 2534 47.
518 2494 560 2526 D.
577 2496 610 2525 de
625 2495 690 2536 jur.
706 2496 762 2541 dot..
812 2495 932 2528 Eadem

68 2529 207 2568 ratione,
229 2533 431 2566 matrimonio
446 2543 554 2567 morte
570 2536 620 2567 vel
642 2537 781 2569 divortio
806 2537 932 2576 soluto,

68 2577 132 2600 non
155 2571 270 2610 patitur
291 2577 434 2615 aequitas,
459 2586 476 2608 a
499 2577 612 2608 marito
640 2579 769 2610 retineri
794 2579 935 2620 integros

68 2610 134 2650 eJus
164 2612 234 2643 anni
260 2611 396 2649 fructus:
425 2618 544 2659 quippe
567 2627 642 2651 curn
672 2629 735 2653 non
759 2619 936 2664 sustentant

67 2660 165 2683 onera
187 2653 287 2684 totius
309 2658 394 2688 anni:
417 2657 479 2690 istis
506 2659 662 2691 fructibus
686 2662 889 2702 repentanda.
913 2664 936 2694 i-

67 2691 140 2724 dem
158 2692 223 2732 est3
245 2693 266 2726 fi
289 2697 522 2731 matrimonium
551 2701 692 2733 constitit
717 2703 858 2743 pluribus
884 2713 933 2735 an-

67 2734 136 2771 nis,
160 2735 190 2766 &
207 2734 253 2767 est
274 2735 419 2777 finitum,
448 2749 617 2782 antequam
642 2744 812 2784 exspiravit
835 2754 935 2778 annus

66 2773 257 2813 postremus:
278 2786 349 2809 nam
375 2780 425 2811 vel
448 2787 513 2812 tuin
538 2782 657 2816 fructus
683 2787 765 2817 inter
782 2787 882 2817 virum
904 2788 934 2819 ὅ(

68 2824 200 2848 uxorem
225 2822 283 2857 pro
309 2828 373 2850 rata
398 2824 551 2860 temporis
571 2827 718 2864 portione
738 2827 855 2865 dividi,
886 2838 932 2859 ra.

67 2855 161 2888 tionis
179 2857 224 2890 est
239 2859 258 2890 l.
274 2862 352 2892 unic.
372 2861 391 2902 5
415 2871 445 2898 9.
463 2863 496 2894 C.
516 2866 548 2895 de
569 2867 610 2896 rei
625 2877 710 2900 uxor.
735 2868 789 2900 act.
833 2868 931 2903 Haec:

63 2896 85 2928 fi
115 2898 230 2931 eodem
255 2907 401 2942 tempore
432 2903 461 2935 &
488 2906 719 2940 matrimonium
751 2909 795 2941 est
826 2911 929 2950 perfe-

65 2938 176 2979 ctum>
199 2941 229 2972 &
258 2941 317 2973 dOS
341 2943 422 2975 data.
455 2944 590 2987 alioquin
617 2952 656 2981 de
682 2951 834 2983 divisione
859 2954 929 2985 anni

65 2987 133 3020 quo
152 2981 325 3015 divortium
340 2983 457 3016 sactum
475 2986 538 3026 est,
563 2991 657 3028 quaeri
674 2991 715 3022 ait
740 2991 892 3033 Ulpianus
909 2995 929 3026 l.

64 3027 94 3061 5.
117 3020 160 3052 D.
176 3023 204 3054 b.
221 3028 242 3054 t.
265 3032 370 3057 utrum
389 3028 517 3059 maritus
534 3029 588 3062 fibi
610 3040 778 3073 computet
803 3042 928 3075 tempus

62 3071 104 3092 ex
127 3063 178 3094 die
201 3066 355 3098 contram·
380 3068 590 3109 matrimonii,
627 3083 664 3104 an
688 3084 728 3105 ex
758 3076 809 3107 die
838 3076 928 3108 fundi

62 3104 193 3137 traditi?
216 3114 305 3146 putat
322 3116 426 3139 autem
440 3111 488 3147 ‚in
505 3110 655 3145 fructibus
675 3125 692 3146 a
709 3116 778 3146 viro
793 3118 929 3149 retinen·

64 3143 131 3182 dis,
155 3154 259 3186 neque
274 3149 357 3180 diem
374 3151 553 3184 constitutae
569 3156 653 3186 dotis
665 3165 790 3196 ,neque
808 3162 928 3200 nuptia-

62 3190 150 3224 rum,
179 3187 363 3231 observari-3
394 3191 445 3225 sed
469 3202 535 3235 quo
557 3196 693 3236 primum
724 3199 831 3234 dotale
851 3209 928 3243 ρης.

1799 118 1868 160 41²3

1001 187 1087 220 dium
1111 184 1173 228 est,
1196 189 1227 222 id
1253 189 1317 232 est,
1341 192 1455 226 tradita
1479 195 1680 236 poffeffione.
1723 198 1871 233 Similiter

998 228 1042 260 ait
1059 229 1174 261 Paulus
1191 231 1210 263 l.
1227 234 1256 263 6.
1279 233 1321 265 D.
1340 235 1366 266 b.
1384 240 1404 267 t.
1428 235 1531 269 fundo
1546 246 1621 270 ante
1636 240 1762 280 nuptias
1779 242 1872 273 tradi-

999 277 1035 301 to
1047 292 1057 308 ,
1078 280 1193 303 annum
1210 277 1390 315 computari
1407 286 1448 308 ex
1464 278 1516 310 die
1533 281 1713 321 nuptiarum
1729 283 1767 314 ad
1785 291 1873 315 eum-

998 312 1072 343 dem
1097 311 1181 345 diem
1206 313 1366 355 sequentis
1387 319 1481 349 anni:
1510 320 1660 362 idemque
1680 324 1714 355 in
1745 326 1870 357 caeteris

998 354 1087 383 annis
1104 352 1216 386 servari
1232 378 1242 393 ‚
1265 357 1372 389 donec
1385 357 1441 389 fiat
1456 360 1780 403 divortium:nam,fi
1795 364 1869 397 fun-

997 395 1055 424 dus
1073 395 1207 426 traditus
1223 396 1259 428 fit
1276 405 1351 429 ante
1365 401 1512 440 nuptias,
1535 403 1564 434 ἂ
1582 403 1701 438 fructus
1723 406 1797 438 inde
1813 407 1870 439 fint

995 437 1162 475 percepti,
1192 437 1551 483 divortionquandoque
1572 444 1678 486 fatto,
1701 446 1764 480 e'ss'e
1780 448 1867 480 resti-

997 477 1134 507 tuendos
1146 499 1155 515 ,
1179 478 1262 517 quali
1281 481 1365 512 dotis
1376 480 1484 515 saeros
1501 486 1528 515 d.
1551 484 1570 516 l.
1586 490 1617 518 6.
1840 502 1845 505 ·

1035 515 1153 557 injecta
1177 518 1338 553 fructuum
1363 525 1507 564 mentio,
1530 535 1595 558 non
1611 526 1683 560 sinit
1705 534 1758 562 me
1778 529 1867 563 filere

994 556 1056 589 hoc
1075 560 1148 590 loeo
1160 582 1170 598 ,
1186 562 1262 600 quid
1278 562 1314 594 fit
1330 563 1458 597 iruQus.
1467 566 1510 597 ait
1525 575 1635 600 autem
1648 569 1845 612 Pomponius
1855 580 1874 611 ,’

994 607 1034 629 eo
1050 601 1181 632 nomine
1203 605 1314 635 venire
1329 614 1460 638 omnem
1475 607 1647 642 utilitatem
1664 620 1706 643 ex
1726 622 1867 654 corpore

993 640 1038 671 rei
1057 649 1160 673 natam
1178 642 1198 673 l.
1225 653 1292 675 121.
1316 645 1358 677 D.
1374 648 1408 678 de
1421 649 1499 679 verb.
1507 647 1636 691 fignific.
1660 651 1745 685 idem
1763 655 1867 687 Varro

991 681 1042 712 lib.
1058 692 1088 721 4.
1106 682 1153 713 De
1169 684 1240 726 ling.
1259 686 1378 719 Lanu.-
1404 689 1557 731 Ulpianus
1573 698 1702 732 qu'oque
1717 694 1757 726 de
1773 694 1867 728 fundi

992 722 1152 756 umfruttu
1175 735 1271 766 agens
1288 728 1307 759 l.
1324 738 1355 765 9·
1379 729 1422 762 D.
1445 732 1479 762 de
1497 730 1653 770 Usufrua.
1678 733 1866 778 Quidquid,

993 764 1115 804 inquit,
1139 766 1170 797 in
1187 768 1291 799 fundo
1307 771 1460 811 nascitur,
1478 773 1634 815 quidquid
1649 776 1725 809 inde
1741 779 1867 819 percipi

992 805 1117 845 potest,
1142 806 1232 848 ipfius
1255 809 1376 843 fructus
1394 812 1457 852 est,
1478 814 1499 846 fi
1514 823 1620 848 tamen
1636 816 1713 850 boni
1738 818 1797 851 viri
1819 828 1868 851 ar-

988 847 1110 877 bitratu
1134 850 1336 890 percipiatur.
1366 855 1455 893 quod
1487 856 1517 888 &
1539 856 1589 889 hie
1613 858 1720 892 locum
1744 858 1865 893 habere

989 887 1116 927 potest:
1139 896 1212 922 cum
1229 893 1279 923 vel
1296 894 1444 934 maritus,
1468 905 1508 928 ne
1532 897 1863 934 deterioremdotem

989 928 1103 967 faciat,
1128 940 1237 964 curare
1252 933 1369 966 debeat
1384 935 1402 967 l.
1419 945 1447 977 7.
1466 937 1493 979 ᾗ.
1515 947 1558 971 12.
1584 939 1672 972 ΒΛ).
1689 948 1710 973 t.
1731 942 1765 974 ‘id
1786 944 1864 975 viero

989 969 1010 1001 si
1029 970 1229 1012 observatur,
1254 984 1319 1007 non
1338 976 1456 1016 refert,
1479 986 1583 1012 utrum
1599 986 1640 1013 ex
1656 982 1743 1016 fafito
1759 984 1863 1017 homi-

990 1010 1036 1042 nis
1054 1017 1222 1051 proveniat
1237 1015 1377 1057 fruetus,
1402 1027 1479 1059 puta
1496 1019 1648 1062 serendo;
1671 1028 1711 1056 ari
1729 1024 1863 1066 sponte,

989 1060 1024 1083 ut
1046 1053 1120 1085 silva
1137 1058 1244 1088 caedua
1263 1059 1351 1098 cujus
1373 1060 1504 1093 arbores
1519 1065 1681 1098 cremiales
1703 1067 1864 1108 appellau-

984 1099 1063 1127 tur:
1086 1104 1158 1137 nam
1176 1098 1329 1138 Ulpianus
1345 1101 1374 1133 d.
1397 1102 1417 1133 l.
1438 1112 1467 1143 7.
1484 1102 1520 1145 δ.
1540 1113 1587 1137 12.
1612 1105 1649 1140 ὅ)
1669 1107 1701 1149 §.
1720 1117 1747 1146 7.
1770 1108 1862 1141 testa-

990 1144 1061 1174 tur,
1085 1138 1163 1169 tales
1187 1138 1218 1171 in
1242 1139 1349 1172 fructu
1370 1144 1505 1183 cedere,
1537 1146 1567 1177 ἀ
1591 1152 1650 1187 pro
1667 1149 1743 1181 anni
1771 1157 1861 1190 parte

988 1176 1292 1221 restitui:.grandes
1326 1184 1457 1216 arbores
1480 1188 1511 1217 in
1539 1185 1642 1219 fructu
1661 1189 1771 1223 haberi
1793 1201 1860 1223 non

987 1226 1095 1258 putat:
1119 1221 1260 1262 ideoque
1277 1223 1324 1255 his
1341 1225 1446 1264 caefis,
1463 1229 1611 1260 maritum
1629 1234 1752 1271 teneri,
1777 1232 1861 1274 quati

986 1259 1180 1294 deteriorem
1199 1264 1334 1296 fundum
1351 1265 1476 1298 fecerit.
1494 1268 1545 1300 sed
1560 1271 1592 1301 ἃ
1608 1271 1629 1302 fi
1649 1272 1678 1303 vi
1693 1273 1861 1315 tempesta-

987 1302 1025 1332 tis
1046 1303 1240 1344 ceciderint,
1263 1306 1324 1337 dici
1341 1311 1657 1349 oportere‚pretium
1674 1315 1795 1347 mulieri
1813 1326 1862 1347 re-

986 1342 1196 1384 stituendum,
1207 1355 1268 1377 nec
1277 1349 1375 1388 magis
1391 1349 1420 1381 in
1435 1349 1572 1383 fructum
1583 1354 1717 1393 cedere,
1729 1364 1823 1396 quam
1839 1356 1862 1388 fi

987 1384 1146 1418 thesaurus
1161 1386 1259 1419 fuerit
1281 1390 1445 1422 inventus:
1468 1391 1555 1423 hunc
1571 1395 1657 1427 enim
1674 1397 1704 1428 in
1722 1396 1860 1430 fructum

986 1435 1050 1457 non
1070 1430 1268 1468 computari3
1292 1430 1342 1462 sed
1365 1440 1487 1471 partem
1507 1433 1575 1473 ejus
1591 1437 1751 1469 dimidiam
1775 1438 1862 1471 resti-

985 1468 1048 1506 tui,
1067 1468 1150 1508 quali
1166 1469 1197 1501 in
1215 1470 1320 1502 alieno
1337 1472 1472 1505 inventi.
1506 1474 1617 1517 -Quod
1635 1478 1677 1509 de
1691 1478 1795 1511 fundo
1813 1480 1859 1512 di-

985 1508 1090 1548 ctum,
1120 1511 1216 1542 etiam
1242 1514 1282 1543 de
1306 1521 1427 1552 pecore
1449 1515 1708 1552 existiman-dume
1732 1529 1803 1553 nam
1827 1522 1859 1554 &

984 1549 1052 1581 lana
1069 1551 1198 1591 ovium,
1222 1552 1251 1584 ἀ
1266 1552 1365 1585 foetus
1382 1565 1535 1595 pecorum
1564 1558 1595 1590 in
1619 1559 1724 1592 fructu
1749 1561 1857 1594 haberi

983 1592 1065 1631 apud
1082 1591 1199 1633 Gajum
1214 1594 1231 1625 l.
1251 1600 1299 1628 28.
1318 1595 1358 1627 D.
1374 1599 1407 1627 de
1421 1597 1499 1637 usur.
1522 1608 1584 1631 nec
1601 1600 1661 1632 alio
1677 1603 1781 1645 pergit
1791 1603 1858 1636 hoc

981 1631 1106 1664 Manilii
1123 1634 1172 1665 lib.
1188 1645 1218 1673 4.
1243 1635 1433 1675 Astronomz'c.
1451 1642 1525 1678 vers.
1546 1646 1612 1677 128-

1023 1673 1063 1705 In
1078 1675 1269 1718 jugulumque
1284 1679 1362 1709 dabit
1372 1679 1514 1719 fruetus,
1536 1681 1574 1718 ἐπ”
1590 1683 1666 1715 mille
1678 1690 1730 1726 per
1747 1692 1824 1718 artes

1026 1714 1158 1755 Vellera,
1184 1720 1308 1757 diversos
1325 1729 1362 1751 ex
1369 1724 1402 1760 se
1413 1724 1559 1761 parientia
1574 1723 1711 1766 quaestus.

982 1754 1058 1787 Non
1075 1765 1178 1790 tamen
1196 1759 1258 1790 hoc
1274 1759 1337 1792 line
1356 1770 1621 1803 temperamento.
1638 1776 1728 1800 certe
1747 1768 1856 1811 Ulpia-

983 1805 1040 1828 nus
1054 1796 1073 1829 l.
1095 1807 1142 1831 10.
1167 1800 1195 1841 §.
1214 1810 1243 1841 3.
1262 1798 1305 1832 D.
1320 1803 1423 1844 dejur.
1443 1806 1500 1836 dot.
1523 1805 1638 1848 Faetus,
1660 1809 1783 1849 inquit,
1806 1812 1853 1842 do-

983 1839 1085 1869 talium
1093 1846 1227 1880 pecorum
1242 1844 1279 1873 ad
1295 1847 1434 1876 maritum
1445 1850 1593 1886 pertinent
1601 1860 1611 1878 .·
1619 1851 1691 1890 quia
1706 1850 1855 1888 frufflbus

982 1887 1191 1920 computantur.
1217 1881 1260 1921 fic
1287 1891 1381 1916 tamen
1398 1909 1407 1923 ,
1438 1893 1472 1918 ut
1493 1890 1624 1929 suppleri
1650 1893 1855 1932 proprietatem

977 1921 1061 1960 prius
1077 1929 1217 1962 oporteat,
1241 1924 1278 1958 ἐξ
1286 1926 1441 1967 summiffis
1454 1929 1485 1959 in
1499 1930 1591 1961 locum
1607 1939 1785 1965 mortuorum
1807 1945 1856 1967 ca-

980 1962 1076 2001 pirum
1100 1962 1167 2005 sex]
1191 1966 1329 2006 agnatis,
1353 1968 1498 2006 refiduum
1524 1973 1555 2002 in
1572 1973 1711 2012 frustum
1735 1975 1855 2007 habear.-

983 2005 1053 2042 quz'a
1063 2004 1190 2042 fruetur
1203 2008 1278 2038 dotis
1294 2009 1331 2038 ad
1345 2018 1409 2041 eum
1422 2013 1577 2051 pertineat.
1607 2012 1656 2046 Ex
1673 2015 1761 2047 hisce
1780 2026 1854 2057 por-

983 2053 1020 2074 ro
1036 2043 1076 2075 fic
1093 2045 1191 2078 infert
1207 2048 1359 2088 Ulpianus
1386 2051 1406 2082 l.
1422 2061 1451 2092 7.
1475 2052 1503 2095 ᾗ.
1521 2063 1550 2090 9.
1573 2054 1616 2088 D.
1633 2056 1660 2087 h.
1678 2063 1699 2087 t.
1723 2056 1744 2088 fi
1764 2059 1855 2090 mari-

982 2090 1031 2116 tus
1048 2095 1126 2118 oves
1140 2087 1207 2119 doti
1223 2091 1385 2131 acceperit
1399 2102 1502 2134 prope
1522 2104 1644 2136 partum
1655 2119 1664 2135 ,
1688 2098 1763 2129 item
1780 2108 1853 2139 pro-

980 2125 1080 2158 ximas
1102 2129 1262 2169 tonsurae,
1294 2132 1365 2172 post
1390 2136 1535 2175 parturn,
1572 2137 1601 2168 dt
1626 2138 1730 2169 tonsas
1754 2149 1853 2181 oves,

981 2167 1126 2207 protinus
1152 2171 1294 2203 divortio
1317 2172 1422 2213 fatto,
1445 2186 1509 2208 non
1536 2177 1597 2209 effe
1619 2180 1738 2211 causam
1756 2203 1766 2218 ‚
1795 2190 1853 2215 cur

980 2209 1058 2241 nihil
1075 2211 1240 2244 reddatz&
1257 2213 1338 2246 hanc
1352 2218 1503 2256 optimam
1520 2218 1661 2260 adjungit
1677 2221 1852 2256 rationem:

981 2252 1065 2290 quod
1083 2252 1112 2284 &
1129 2253 1180 2284 hic
1196 2254 1316 2287 fructus
1342 2265 1415 2288 toto
1431 2266 1577 2298 tempore
1595 2268 1659 2300 quo
1682 2270 1850 2304 curantur,

979 2300 1043 2323 non
1061 2302 1126 2333 quo
1143 2296 1381 2337 percipiuntur,
1405 2300 1560 2331 rationem
1578 2301 1727 2343 accipere
1749 2305 1853 2338 *debe-

977 2340 1059 2364 mus.
1100 2333 1230 2368 Restant
1254 2338 1419 2377 pensiones
1469 2342 1635 2374 raediorum
1659 2353 1730 2376 cum
1757 2347 1850 2379 urba-

977 2383 1111 2415 norum,
1136 2384 1202 2409 tum
1221 2378 1419 2411 rusticorum.
1444 2349 1493 2412 ξω
1509 2384 1635 2423 proprie
1654 2394 1717 2417 non
1736 2386 1849 2421 suntin

977 2414 1099 2447 fructu:
1121 2427 1186 2450 non
1201 2420 1285 2451 enim
1306 2419 1474 2454 nascuntur
1489 2429 1531 2454 cx
1554 2426 1697 2466 praediis3
1721 2427 1773 2460 sed
1796 2439 1850 2462 ve-

976 2457 1067 2488 niunt
1082 2468 1123 2490 ex
1140 2469 1223 2491 nova
1239 2461 1324 2492 caula
1337 2483 1346 2499 ‚
1371 2462 1400 2492 id
1418 2463 1478 2502 est,
1498 2474 1538 2495 ex
1553 2475 1635 2497 nova
1652 2468 1848 2510 obligatione

975 2498 995 2529 l.
1016 2506 1083 2530 121.
1107 2500 1148 2531 D.
1167 2502 1201 2531 de
1215 2501 1410 2544 verbfignif.
1427 2503 1552 2538 interim
1569 2508 1714 2548 praestant
1730 2512 1849 2544 utilita-

978 2547 1042 2570 tem
1075 2542 1218 2573 eamdem
1242 2543 1410 2576 frutubus:
1442 2546 1472 2577 ἃ
1495 2556 1567 2580 cum
1591 2558 1702 2582 natura
1725 2551 1847 2585 fructus

977 2589 1042 2612 non
1058 2581 1116 2613 fint
1131 2606 1140 2621 ‚
1163 2584 1266 2615 adhuc
1285 2584 1368 2616 civili
1386 2587 1651 2627 interpretatione
1667 2601 1725 2631 pro
1741 2593 1846 2626 frusti-

976 2621 1034 2652 bus
1051 2621 1208 2656 habentur
1221 2625 1241 2656 l.
1259 2630 1310 2667 36.
1329 2627 1370 2657 D.
1387 2629 1421 2657 de
1436 2630 1512 2668 usur.
1531 2630 1560 2661 Gt
1576 2629 1618 2662 ita
1636 2632 1667 2665 in
1684 2633 1845 2674 praesentia

977 2663 1130 2704 Ulpianus
1156 2668 1183 2696 d.
1208 2667 1227 2697 l.
1245 2675 1274 2708 7.
1298 2667 1327 2709 §.
1349 2677 1375 2699 1.
1395 2678 1422 2700 2.
1441 2679 1470 2710 3.
1488 2675 1516 2704 8.
1537 2670 1639 2706 ΘΠ.
1684 2675 1843 2706 Caeterum

977 2707 1029 2744 qui
1051 2705 1118 2737 sunt
1135 2706 1273 2745 fruCtus,
1297 2718 1361 2740 non
1378 2719 1452 2741 ante
1469 2711 1626 2745 habentur
1642 2716 1737 2753 tales,
1749 2724 1845 2755 quam

977 2747 1112 2778 deducta
1128 2748 1286 2787 impensa.
1310 2751 1375 2782 five
1390 2761 1406 2782 a
1423 2754 1559 2794 marito,
1579 2753 1642 2787 five
1668 2765 1684 2785 a
1709 2756 1843 2787 muliere

975 2788 1006 2818 in
1030 2798 1103 2820 eum
1126 2789 1208 2821 facta
1233 2790 1269 2821 fit
1293 2793 1320 2822 d.
1336 2792 1355 2822 l.
1375 2801 1402 2833 7.
1424 2800 1469 2833 pr.
1495 2804 1564 2835 quae
1587 2804 1691 2826 autem
1718 2795 1754 2827 fit
1767 2797 1841 2828 ’talis

974 2828 1131 2869 impensa,
1156 2833 1185 2862 dt
1201 2834 1365 2871 quomodo
1387 2835 1583 2873 aestimanda,
1601 2835 1712 2867 tractat
1736 2837 1842 2878 Ulpia-

975 2879 1032 2901 nus
1054 2872 1081 2902 d.
1102 2871 1119 2902 l.
1138 2882 1165 2912 7.
1189 2872 1216 2914 §.
1236 2874 1288 2904 ult.
1312 2876 1331 2906 l.
1352 2880 1379 2910 8.
1401 2875 1430 2917 §.
1450 2886 1475 2909 1.
1500 2877 1541 2908 D.
1558 2877 1583 2907 h.
1603 2882 1627 2920 t.
1731 2917 1736 2921 .
1820 2918 1825 2924 .

1015 2910 1173 2952 Vidimus,
1201 2916 1240 2946 ad
1262 2917 1338 2955 quid
1361 2917 1454 2948 detur
1477 2917 1519 2948 rei
1539 2926 1655 2947 uxoriae
1679 2917 1771 2949 aCtio.
1797 2929 1841 2950 vi-

973 2954 1119 2994 deamus,
1143 2964 1295 2995 quatenus
1317 2958 1418 2989 detur.
1462 2958 1611 2997 Ulpianus
1636 2958 1654 2988 l·
1677 2966 1721 2989 12·
1749 2959 1789 2990 D·
1807 2960 1838 2992 b.

972 3001 993 3026 t.
1017 2996 1213 3034 exploratum
1231 2997 1292 3030 effe
1307 3001 1369 3037 ait,
1390 2999 1531 3030 maritum
1550 3007 1612 3028 non
1631 2999 1839 3033 condemnari

971 3036 1002 3067 in
1020 3034 1168 3077 solidum
1193 3038 1244 3070 sed
1261 3039 1291 3071 in
1308 3041 1338 3070 id
1354 3038 1561 3084 quod-facere
1579 3039 1693 3084 potest.
1715 3049 1840 3074 conve-

971 3079 1095 3110 nienter
1112 3080 1296 3112 revercntiae
1314 3081 1471 3111 sOCthatlb
1489 3087 1560 3109 Vltae
1578 3088 1647 3118 qua*
1662 3089 1744 3113 Inter
1760 3092 1839 3116 Con·

969 3119 1058 3160 juges
1081 3119 1154 3153 fuit.
1199 3121 1277 3154 Inde
1303 3120 1485 3159 quaefitum,
1510 3120 1529 3150 ss
1554 3120 1681 3152 maritus
1705 3124 1839 3163 pacisca-

972 3168 1041 3199 tur,
1065 3164 1104 3193 iie
1120 3164 1363 3195 comdemnetur
1380 3162 1409 3191 in
1431 3161 1461 3191 id
1484 3163 1569 3199 QUOd
1593 3161 1701 3195 facere
1724 3165 1836 3206 poffir,

970 3198 1022 3236 sed
1036 3203 1067 3236 jn
1086 3202 1238 3244 solidum
1260 3212 1298 3234 an
1319 3201 1502 3234 ferrandum
1520 3201 1554 3233 iit
1571 3202 1706 3242 patrum.
1740 3206 1836 3237 Pom*-

1316 3241 1389 3282 Fss
1405 3252 1425 3283 3
1782 3253 1834 3285 w*-
