2052 3487
409 106 472 144 An
519 108 679 143 LEGEM
727 105 967 148 AQmmAM
1019 105 1160 144 Lirim
1211 107 1500 148 Srncutiiitrs.

80 198 142 238 bigi
161 195 279 238 potest,
311 197 385 239 quid
401 197 570 229 dicendum
589 195 647 227 iit:
670 204 776 235 neque
792 197 875 243 enim
890 196 938 237 jus

78 239 168 277 fuit,
201 239 293 271 alium
328 248 494 279 percutere
513 262 522 275 ,
553 247 646 278 quain
670 246 763 277 quein
800 238 937 270 licebat:

78 290 185 320 neque
209 281 336 321 injuria,
360 290 431 311 cum
451 278 553 311 voluit
578 279 671 310 ferire
689 279 822 310 illumin
841 290 936 320 quem

75 322 126 361 jus
145 331 212 352 erat
229 345 238 360 ‚
270 321 319 353 sed
348 322 442 352 ielum
465 321 550 352 casus
574 320 636 350 alio
662 321 769 350 vertit.
799 323 870 360 quia
893 329 936 352 ta-

77 373 151 394 men
176 364 228 394 lex
251 363 390 403 injuriam
411 372 474 394 non
503 361 667 402 propofito
690 362 821 393 metitur
839 386 848 400 ,
881 362 934 408 sed

78 406 290 444 imprudentia
307 416 314 436 :
337 413 433 444 magis
452 405 510 434 erit
528 413 564 434 ea
589 404 619 434 in
638 401 759 443 specie,
795 412 828 434 ut
847 404 935 436 caius

75 449 177 486 culpae
208 447 393 484 cohaereat,
426 446 455 476 &
489 445 563 476 ideo
590 445 699 484 injuria
728 446 932 486 intelligatur.

73 487 152 519 Hoc
172 487 242 518 sane
263 487 373 519 Paulus
396 487 503 518 censet
525 487 544 517 l.
560 497 610 525 45.
635 485 663 527 ἓ.
677 488 787 528 penult.
813 486 854 518 D.
883 488 934 519 Aci

73 528 160 569 legem
183 529 340 570 Aquiliam.
384 528 446 559 Sed
462 528 553 559 aliter
576 527 692 559 Cicero
713 528 744 559 in
771 527 879 567 Topicis
894 530 932 560 (id

74 568 238 601 Trebatium
260 577 321 610 cap.
343 578 386 609 17.
409 569 515 610 Jacere
532 592 540 607 ,
574 569 720 608 inquiens
737 592 746 607 ,
775 570 862 600 telum
878 580 930 600 vo-

70 610 194 641 luntatis
209 609 266 651 est,
288 612 374 650 ferire
391 634 400 649 ,
430 620 512 651 quem
535 610 679 648 nolueris,
695 611 835 650 fortunce.
881 611 930 643 Ex

72 662 127 692 quo
145 654 216 682 aries
233 652 279 683 ille
300 652 452 693 subjicitur
466 654 496 683 in
515 649 617 692 ‘vestris
639 652 816 691 stelionibus,
842 651 871 690 fi
888 659 928 682 te-

70 693 130 723 lum
146 694 329 734 manzifugit
345 695 436 735 magis
451 717 459 732 ,
483 703 569 734 quam
579 694 660 735 jecit.
706 692 841 724 Videtur
861 694 926 739 vel-

68 734 118 772 le,
141 733 161 765 si
185 736 215 766 in
238 735 330 766 alium
353 736 482 775 jaciatur
501 735 598 766 telum
617 758 627 774 ,
660 734 711 765 sed
733 735 810 765 alius
838 733 929 780 feria-

71 783 122 806 tui·
138 799 148 814 ‚
181 776 210 807 &
237 776 306 817 lege
332 776 457 816 Aquilia
481 784 591 817 agatur
607 798 617 815 ‚
648 777 779 807 arietem
800 775 925 821 subjici:

65 817 97 848 id
122 817 185 856 est,
207 817 434 858 exceptionem
458 817 608 858 opponi,
640 826 711 864 qua·
729 818 780 862 vis·
791 816 868 857 legis
886 817 926 848 A·

69 859 174 898 quiliae
198 859 397 900 infringatur.
432 859 472 891 sic
499 859 584 890 enim
604 857 750 898 CuJaCius
767 865 926 905 *interpre-

68 908 168 932 tatur:
193 902 222 932 ἃ
241 901 346 941 adjicit
362 924 371 939 ,
401 903 630 940 exceptionem
656 900 773 930 astioni
797 899 925 939 iubjici3

68 945 156 981 quod
180 952 312 983 utraque
327 943 414 974 simul
432 953 448 973 a
466 942 606 973 Praetore
631 941 743 979 detur3
773 943 925 981 quodque

70 984 187 1015 aftioni
213 994 278 1015 uno
303 993 416 1015 tenore
441 984 472 1015 δι
496 991 654 1014 contextu
677 983 924 1028 addatur-exce-

69 1033 150 1065 ptio.
176 1025 262 1057 ldem
287 1026 443 1058 Balduino
468 1024 571 1057 sedet:
596 1033 785 1064 quamquam
808 1031 923 1069 is'tum

68 1066 158 1096 arieti
180 1066 258 1098 facit
281 1068 388 1098 Iocum
406 1091 415 1104 ,
446 1076 518 1098 cum
545 1066 638 1105 culpa
658 1066 742 1097 nulla
766 1072 921 1104 arguitur3

70 1107 100 1137 <Sc
117 1108 201 1139 addit
220 1131 229 1145 ,
259 1109 391 1139 verbum
412 1108 455 1139 rei
474 1108 615 1139 militaris
633 1107 672 1137 ad
695 1105 799 1137 forum
826 1113 922 1136 trans-

66 1147 151 1179 ferri.
195 1149 247 1180 Sic
264 1150 320 1181 illi.
344 1149 396 1180 sed
412 1149 573 1181 videamus
588 1171 598 1187 ‚
622 1156 661 1178 ne
683 1154 816 1186 uterque
838 1154 923 1177 erret

69 1198 142 1220 toto
160 1191 250 1222 caeio.
274 1201 339 1222 non
366 1191 449 1221 enim
472 1189 598 1229 respicit
616 1188 732 1219 Cicero
756 1189 795 1218 ad
818 1188 922 1228 legem

69 1231 225 1270 Aquiliam
245 1255 254 1270 ,
284 1233 315 1262 in
342 1240 402 1271 qua
421 1230 551 1261 homine
569 1228 658 1260 servo
680 1228 790 1268 injuria
812 1228 920 1260 occiso

64 1273 186 1311 privata
212 1272 240 1303 δι
265 1272 350 1303 civili
370 1271 496 1302 aetione
520 1271 645 1311 agitur:
677 1268 731 1301 sed
754 1270 794 1301 ad
815 1271 920 1312 legem

63 1312 158 1353 Regis
180 1311 293 1344 Numae
311 1336 320 1352 ,
352 1322 420 1353 quae
445 1312 514 1343 vult
539 1320 611 1343 eum
636 1312 690 1352 qui
708 1311 842 1343 liberum
862 1312 918 1344 lio-

59 1355 178 1386 minem
195 1352 293 1385 sciens
311 1354 406 1385 morti
427 1354 533 1393 dedit,
566 1362 625 1392 pro
643 1353 801 1393 parricida
824 1352 919 1385 habe-

61 1396 108 1433 ri,
134 1395 166 1426 id
187 1395 250 1434 est,
275 1405 370 1435 poena
387 1395 513 1436 capitali
539 1394 647 1426 affici:
677 1393 719 1426 sin
738 1395 837 1427 telum
855 1404 917 1441 ma-

61 1445 104 1467 nu
129 1434 211 1477 fugit
229 1460 238 1475 ,
270 1437 302 1468 id
326 1436 369 1468 est
389 1460 398 1475 ,
428 1435 450 1468 fi
471 1437 655 1475 imprudens
677 1436 820 1483 occidit‚·⁸
840 1445 919 1477 pati·

63 1485 132 1516 tur,
156 1487 227 1509 euni
246 1478 275 1509 in
292 1479 451 1509 concione
472 1477 590 1510 offerre
610 1478 741 1509 arietem
767 1487 822 1518 qui
847 1487 920 1524 eum

63 1519 195 1550 crimine
214 1519 378 1551 homicidii
395 1519 555 1552 absolvat:
587 1526 623 1550 ut
642 1518 749 1551 Festus
766 1518 868 1551 refert
887 1529 919 1551 in

62 1560 166 1592 Parici
181 1559 345 1601 quaestores,
369 1561 400 1592 &
414 1561 540 1593 Servius
563 1561 602 1592 ad
619 1559 741 1601 Virgilii
768 1561 870 1602 Eclog.
890 1571 919 1607 4.

62 1602 134 1639 versi
150 1612 200 1642 43.
225 1602 295 1641 vel,
326 1609 360 1633 ut
377 1602 529 1634 Antistius
550 1601 620 1634 infit
646 1602 728 1642 apud
745 1601 871 1634 Festum
889 1612 920 1634 in

61 1642 196 1683 Slchigere
213 1646 327 1675 arietem
344 1666 353 1682 ,
385 1645 438 1684 qui
459 1653 517 1685 pro
541 1653 581 1675 eo
601 1645 740 1675 caedatur
756 1667 766 1682 ‚
799 1650 919 1685 agatur.

59 1682 110 1715 Ex
128 1693 193 1724 quo
207 1692 355 1725 apparet,
379 1686 510 1717 arietem
538 1685 622 1726 apud
639 1685 831 1717 Ciceronem
855 1695 920 1717 non

49 1734 78 1755 ·a
98 1735 129 1756 re
150 1726 293 1765 militari,
316 1725 370 1758 sed
389 1736 405 1758 a
419 1727 487 1766 jure
506 1727 611 1766 civili,
634 1727 723 1767 peti;
741 1735 850 1773 neque·
868 1727 920 1773 ad-

60 1765 167 1798 versus
190 1767 293 1807 legem
319 1768 475 1805 Aquiliam
495 1790 504 1805 ‚
535 1767 665 1799 homine
694 1767 785 1799 servo
810 1769 920 1807 inJiiria

59 1807 188 1846 occiso,
212 1809 264 1839 sed
281 1808 427 1839 adversus
444 1809 546 1849 legem
564 1808 696 1847 Numae,
720 1818 794 1840 cum
819 1809 920 1841 homo

61 1849 142 1880 liber
165 1851 384 1889 imprudenter
414 1848 537 1882 occisus
560 1850 604 1881 est
623 1873 632 1887 ,
667 1849 730 1889 five
754 1854 921 1890 exceptio-

60 1899 156 1927 nem,
178 1890 241 1922 ssve
261 1889 499 1929 defensionem,
531 1890 715 1932 significare.
760 1891 868 1931 Atque
888 1891 921 1923 id

60 1941 103 1963 eo
126 1932 321 1971 probabilius
351 1932 450 1964 dico:
482 1932 554 1972 quia
582 1931 647 1973 ipse
673 1931 869 1978 Cicero-lib.
887 1942 918 1973 3.

60 1971 110 2004 De
123 1979 231 2003 oratore
246 1973 323 2004 illud
340 1997 349 2011 ,
380 1974 411 2004 Si
436 1974 536 2004 telum
557 1983 652 2005 manu
675 1972 781 2018 fugit,
804 1983 922 2020 impruf

62 2014 203 2045 dentiam
237 2014 334 2045 emiffi
361 2015 414 2046 teli
450 2015 687 2055 interpretatur.
738 2014 835 2054 Igitur
856 2024 920 2061 ‘qui

60 2054 225 2087 hominem
240 2055 387 2096 percuffit
405 2055 598 2088 defenfionis
615 2054 722 2094 causa,
745 2056 771 2086 is
787 2054 810 2086 fi
824 2056 920 2088 alium

58 2097 225 2137 percuffit,
248 2106 341 2137 quam
360 2098 412 2137 qui
432 2098 459 2128 ei
483 2097 546 2128 vim
562 2097 670 2129 intulit
685 2120 695 2135 ,
726 2096 835 2135 inJuria
851 2107 919 2138 per-

61 2138 150 2169 cuffit
162 2161 172 2177 ,
196 2138 225 2170 &
243 2139 317 2169 ideo
335 2138 395 2179 legi
413 2138 550 2179 Aquiliae
572 2139 734 2170 obnoxius
752 2137 809 2169 fit:
831 2140 920 2179 quod

60 2178 82 2211 fi
108 2179 255 2211 eumdem
280 2180 426 2220 pei-cuffit
443 2203 453 2219 ,
478 2180 526 2220 jus
543 2179 588 2211 est
603 2203 613 2218 ‚
644 2180 755 2220 injuria
771 2188 836 2212 non
856 2180 919 2220 est,

59 2219 89 2250 &
108 2221 180 2251 ideo
202 2220 263 2252 hac
282 2222 353 2262 lege
374 2222 521 2252 innoxius
545 2221 691 2253 habetur.

103 2260 224 2301 Utique
237 2284 247 2300 ,
276 2261 298 2293 si
315 2263 490 2302 periculum
515 2263 606 2294 aliter
621 2262 762 2305 effugere
780 2273 845 2295 non
865 2272 921 2303 po-

64 2302 134 2332 tuit.
160 2312 199 2333 eo
226 2305 308 2334 enim
333 2311 587 2344 temperamento
608 2305 722 2345 (quod
745 2305 920 2337 Diocletia-

61 2352 120 2374 nus
146 2343 175 2374 &
201 2343 410 2376 Maximianus
433 2345 450 2375 l.
475 2354 500 2376 1.
525 2345 557 2376 C.
581 2347 657 2377 unde
679 2348 712 2378 vi
735 2354 854 2378 vocant
877 2347 920 2377 in-

63 2385 197 2424 culpatae
227 2386 333 2416 tutelae
358 2386 639 2427 moderationem)
661 2389 760 2419 utitur
783 2388 922 2428 justinia-

63 2435 121 2457 nus
145 2426 163 2466 ᾗ
194 2436 221 2457 2.
247 2424 318 2467 Inst.
343 2428 375 2457 de
392 2427 450 2467 lege
467 2427 600 2468 Aquilia.
625 2429 773 2469 idemque
797 2431 827 2461 iri
846 2438 922 2460 ocu-

63 2467 99 2498 lis
120 2466 181 2498 fuit
197 2467 295 2499 Paulo
312 2468 330 2498 l.
343 2479 392 2508 45.
417 2468 445 2509 §.
460 2469 570 2508 penult.
591 2468 632 2500 D.
652 2472 700 2501 eod
729 2473 775 2501 tit.
797 2471 817 2502 fi
835 2470 921 2501 recte

61 2508 182 2548 legatur
198 2509 297 2539 locus.
322 2518 392 2540 nam
411 2510 600 2548 Florentiae,
631 2511 660 2542 ἃ
678 2512 761 2551 apud
780 2512 921 2544 Haloan-

63 2550 151 2580 drum
169 2572 178 2587 ,
207 2558 293 2581 caret
312 2549 407 2582 sensu.
449 2550 520 2591 Ego
541 2552 653 2592 (quod
680 2553 810 2584 suadent
830 2552 919 2584 Grae-

64 2589 113 2627 ci,
136 2589 246 2627 Bafilz'c.
270 2592 317 2622 lib.
337 2596 388 2623 σο.
411 2594 456 2622 tit.
475 2603 503 2633 3.
524 2599 595 2633 pag.
614 2598 666 2626 61.
690 2600 755 2625 tom.
772 2594 828 2635 7.)
851 2593 921 2625 scri-

65 2629 128 2670 bo,
156 2630 219 2675 Qui
233 2642 298 2664 cum
313 2633 396 2665 aliter
400 2636 435 2674 se
453 2636 530 2666 tueri
546 2644 603 2666 non
621 2634 757 2677 poffunt,
781 2637 921 2668 damnum

789 2757 1002 2794 CAPUT

71 2844 237 2891 Ulpianum
260 2847 279 2883 l.
297 2858 327 2890 5.
349 2851 391 2885 D.
410 2851 463 2886 Ad
475 2852 572 2898 legem
595 2853 751 2899 quii‘liairi
765 2882 773 2897 ‚
807 2853 848 2894 &²
876 2855 937 2890 Tit.

1784 128 1848 153 131

981 197 1136 236 dederint,
1169 199 1284 230 innoxii
1309 199 1386 235 sunt.
1436 201 1489 233 Sic
1516 200 1637 234 Paulus.
1673 202 1702 235 &
1730 204 1846 237 laudo:

981 239 1070 270 bono
1094 239 1163 270 viro
1197 250 1367 281 numquam
1401 244 1558 283 probabili
1590 243 1729 276 hominis
1756 248 1844 278 caede

980 289 1051 320 quae
1070 290 1135 312 non
1163 281 1208 312 cst
1233 282 1411 316 necess'aria.
1453 285 1542 317 Itane
1561 286 1664 317 vero?
1687 288 1772 318 dicat
1789 290 1843 319 ali-

979 322 1060 361 quis.
1086 331 1118 352 tu
1136 323 1181 354 vis
1199 324 1283 363 parci
1305 326 1419 357 latroni
1438 327 1490 365 qui
1518 337 1581 358 non
1600 330 1744 368 pepercit
1764 330 1843 360 alte—

978 363 1030 394 ri?
1055 372 1086 394 at
1104 364 1238 404 primum
1256 365 1319 405 ipse
1337 369 1424 405 quod
1439 368 1537 406 fecit,
1563 369 1662 408 patius
1677 370 1731 401 est.
1755 373 1843 402 dein-

976 404 1017 435 de
1042 404 1078 435 iit
1105 406 1208 446 aliqua
1231 408 1325 438 etiam
1345 408 1375 439 se
1399 408 1577 441 ulciscentis
1597 411 1707 452 culpa:
1730 420 1838 445 tamen

976 447 1076 486 maj0r
1093 446 1138 477 est
1166 448 1316 487 latronis,
1346 450 1441 481 alium
1466 451 1576 490 injuste
1600 453 1837 493 aggredientis3

976 496 1070 527 quarn
1095 488 1184 528 hujus
1209 490 1262 529 qui
1288 491 1352 521 vim
1377 490 1518 530 injustam
1545 495 1647 525 acrius
1669 497 1838 536 atqueim-

974 528 1148 560 modestius
1173 539 1189 561 a
1214 531 1244 561 i'e
1269 540 1357 562 arcet
1381 532 1546 565 laceffitus.
1571 536 1721 575 accedit,
1746 539 1836 576 quod

972 570 1091 601 arbitrii
1118 571 1250 602 latronis
1274 571 1354 612 fuit,
1385 582 1418 604 re
1436 575 1696 617 adhucintegm,
1726 587 1766 609 ne
1784 579 1835 609 alii

970 611 1105 643 offerret
1119 613 1314 652 periculum,
1337 615 1425 646 iimul
1447 615 1586 655 causam,
1612 627 1671 657 qua
1695 627 1785 650 extra
1805 620 1835 651 se

972 653 1232 685 constitueretur.
1258 654 1310 686 sed
1336 656 1388 695 qui
1413 656 1444 687 in
1477 657 1565 697 hujus
1589 660 1721 691 arbitrio
1747 660 1832 699 fuit,

971 703 1012 724 ne
1029 695 1161 726 latronis
1181 694 1299 727 scelere
1321 696 1413 728 fieret
1431 700 1546 729 mentis
1573 709 1688 740 expers
1707 724 1717 741 ,
1748 711 1832 733 neve

970 733 1001 765 se
1019 735 1172 776 deinceps
1192 738 1290 777 magis
1306 738 1447 779 impetu,
1472 749 1564 780 quam
1589 742 1730 781 ratione,
1763 750 1833 774 tue·

969 776 1079 806 retur?
1102 776 1263 816 postremo
1279 778 1320 810 fic
1338 782 1381 810 ait
1399 780 1515 812 Cicero
1531 805 1540 819 ,
1573 781 1683 823 Topicis
1699 785 1727 815 d.
1751 784 1829 823 loco,

971 816 1086 847 Cadunt
1110 820 1195 849 etiam
1216 821 1248 849 in
1273 822 1479 861 ignorationem
1500 830 1586 864 atque
1610 826 1642 855 in
1664 826 1828 865 impruden·

969 858 1040 888 tiam
1054 861 1283 898 perturbationes
1304 863 1415 894 animi:
1435 873 1495 904 quae
1515 875 1689 906 quamquam
1699 865 1761 904 sint
1779 877 1830 898 vo-

968 898 1104 930 luntariae
1119 923 1129 938 ‚
1159 901 1356 943 objurgatione
1380 905 1454 934 enim
1478 905 1514 940 ἐξ)
1539 907 1731 939 admonitione
1756 909 1826 950 deji-

967 940 1105 979 ciuntur,
1139 947 1234 973 tamen
1258 944 1359 974 habent
1378 950 1471 976 tantos
1489 953 1581 978 motus
1598 972 1607 986 ,
1638 955 1671 979 ut
1689 959 1737 986 ea,
1764 960 1827 991 quac

966 981 1136 1013 voluntaria
1148 987 1245 1022 sunt,
1267 992 1320 1015 ant
1336 986 1487 1026 neceffiiricz
1503 989 1666 1028 interdum,
1691 998 1743 1021 aut
1767 1001 1826 1022 cer-

965 1028 992 1051 te
1008 1022 1143 1063 ignoratn
1159 1026 1325 1056 videantur.
1358 1027 1412 1057 Sic
1430 1027 1558 1061 Cicero.
1590 1030 1652 1062 Sed
1670 1032 1745 1063 mihi
1763 1033 1826 1073 pla·

966 1071 1038 1102 cet,
1054 1063 1074 1095 fi
1091 1073 1212 1096 tantum
1229 1066 1386 1098 latronem
1405 1068 1564 1101 intuemur
1579 1072 1609 1103 ἅ
1627 1073 1710 1104 hunc
1728 1082 1824 1114 quem

965 1104 1047 1136 latro
1062 1106 1217 1147 aggreffus
1236 1107 1297 1146 est,
1322 1109 1410 1139 nullo
1425 1111 1621 1144 extrinsecus
1640 1113 1826 1154 adsumpto:

965 1145 1049 1178 haud
1068 1148 1197 1187 quidem
1215 1153 1394 1188 negandum
1411 1150 1493 1189 effe,
1524 1162 1596 1184 eum
1614 1155 1667 1194 qui
1691 1165 1825 1197 propter

964 1187 1088 1219 infidias
1111 1188 1175 1221 suas
1200 1189 1323 1221 occisus
1348 1190 1419 1230 est,
1451 1193 1506 1224 etsi
1536 1195 1563 1225 ei
1587 1198 1671 1234 parci
1696 1199 1823 1237 potuit,

961 1229 1030 1268 jure
1054 1229 1194 1262 occisum
1219 1230 1280 1262 esse
1299 1242 1309 1270 ;
1341 1233 1452 1273 utique
1467 1257 1476 1272 ‚
1509 1237 1595 1275 quod
1618 1237 1739 1270 insidias
1760 1239 1827 1279 ejus

963 1272 1163 1311 inlequutum
1188 1272 1251 1311 est,
1276 1275 1374 1314 magis
1391 1275 1438 1313 ei,
1461 1284 1555 1316 quarn
1582 1277 1656 1309 huic
1676 1280 1728 1319 qui
1752 1290 1827 1312 eum

962 1312 1106 1351 occidit,
1129 1313 1349 1354 imputandum
1367 1315 1486 1349 videri:
1510 1316 1562 1349 sed
1587 1319 1607 1350 fi
1623 1320 1699 1359 juris
1724 1321 1826 1353 civilis

957 1352 1214 1395 J'udiciorumque
1241 1354 1336 1389 finem
1365 1366 1402 1388 ac
1434 1359 1590 1391 rationem
1625 1362 1828 1402 inspicimus3

962 1395 1058 1437 longe
1077 1396 1179 1427 verius
1197 1397 1279 1435 dici,
1302 1407 1407 1438 neque
1424 1399 1475 1431 irae
1490 1400 1572 1432 illius
1591 1411 1686 1442 quern
1703 1413 1831 1445 aggres-

961 1436 1008 1466 ius
1029 1435 1074 1467 est
1091 1437 1173 1468 latro
1190 1461 1200 1476 ‚
1232 1438 1382 1471 haetenus
1403 1441 1631 1483 indulgendum
1651 1443 1713 1476 esse
1730 1468 1739 1483 ,
1772 1453 1828 1484 ut,

963 1478 1050 1517 quod
1079 1477 1109 1509 se
1134 1478 1305 1512 ulciscendi
1329 1482 1428 1523 magis
1446 1506 1456 1522 ,
1486 1492 1579 1524 quam
1609 1485 1829 1526 defendendi,

962 1519 1066 1551 studio
1084 1519 1183 1559 fac1t,
1208 1522 1238 1553 id
1257 1531 1373 1561 praeter
1393 1524 1449 1555 viri
1471 1525 1547 1557 boni
1567 1526 1594 1556 ἃ
1615 1526 1763 1566 sapientis
1781 1537 1828 1559 re-

962 1561 1207 1601 prehenfionem
1236 1562 1344 1595 facere
1369 1565 1523 1597 videatur.
1555 1569 1692 1599 atenim
1723 1569 1768 1600 ira
1797 1569 1828 1601 ὅ(

963 1602 1044 1633 ultio
1062 1603 1181 1634 liabent
1199 1604 1423 1637 vehementem
1441 1616 1478 1638 ac
1495 1606 1630 1640 subitum
1646 1609 1738 1641 animi
1758 1620 1829 1642 mo-

964 1652 1050 1682 tuni,
1075 1644 1105 1676 a&
1125 1654 1228 1685 prope
1247 1647 1463 1679 neceffitatein
1488 1656 1585 1690 atque
1600 1651 1825 1691 ignorantiam.

963 1692 1069 1717 tamen
1089 1695 1162 1717 cum
1180 1688 1223 1719 nil
1243 1687 1400 1720 sectantui·
1419 1697 1535 1730 praeter
1564 1690 1708 1724 solatium
1732 1693 1828 1725 illatae

960 1727 1102 1767 injuriae,
1125 1727 1194 1760 fere
1211 1730 1319 1762 inanes
1343 1729 1422 1762 sunt.
1447 1732 1542 1772 quid,
1566 1731 1586 1764 ii
1605 1741 1755 1773 praeterea
1775 1735 1829 1766 ali·

964 1768 1091 1809 qualem
1117 1770 1258 1810 produnt
1282 1769 1346 1802 five
1363 1772 1609 1813 imprudentiam
1634 1774 1696 1806 five
1713 1776 1828 1808 volun-

964 1817 1062 1841 tatem
1080 1833 1090 1849 ,
1126 1809 1285 1850 sapientiae
1313 1813 1535 1845 admonitione
1567 1817 1828 1856 emendabilem3

963 1851 1026 1891 (ut
1045 1851 1179 1891 pulchre
1194 1852 1418 1885 animadvertit
1430 1854 1590 1894 Juvenalis
1601 1858 1664 1896 stit.
1685 1867 1732 1899 13.
1750 1859 1828 1899 vers.

966 1897 1033 1926 180.
1057 1890 1213 1934 &fhqq.)
1242 1900 1337 1934 atque
1360 1895 1434 1926 ideo
1461 1897 1500 1928 ad
1525 1896 1725 1932 severitatem
1750 1900 1829 1940 legis

963 1933 1096 1973 Aquiiiae
1123 1935 1318 1973 pertinent?
1349 1936 1427 1977 legis
1444 1960 1453 1976 ‚
1486 1938 1614 1978 inquam
1632 1963 1641 1979 ,
1674 1941 1827 1980 Aquiliae:

963 1983 1035 2005 nam
1058 1974 1097 2005 ad
1121 1975 1223 2015 legem
1241 1975 1355 2008 Numae
1381 1978 1431 2009 cui
1449 1977 1632 2012 Corneliam
1655 1982 1694 2013 de
1711 1981 1828 2014 ficariis

962 2024 1185 2056 comparamus
1206 2016 1265 2048 liae
1285 2018 1315 2050 in
1334 2027 1443 2060 parte,
1467 2030 1532 2052 non
1550 2022 1730 2062 pertinent:
1754 2024 1829 2064 quia

963 2066 1028 2088 non
1046 2064 1082 2088 ut
1099 2058 1149 2089 lex
1170 2057 1312 2099 Aquilia,
1337 2063 1378 2091 ita
1399 2061 1449 2092 lex
1466 2060 1602 2102 Numae,
1634 2072 1687 2095 aut
1704 2064 1827 2096 Coi-ne-

964 2098 1022 2137 lia,
1046 2098 1245 2139 persequitur
1262 2101 1382 2134 caedem
1400 2111 1470 2142 quae
1485 2103 1611 2144 injuria,
1630 2105 1660 2136 id
1678 2105 1738 2145 est,
1763 2106 1830 2138 cul-

963 2148 1002 2179 pa
1018 2147 1072 2171 aut
1089 2140 1322 2182 imprudentia,
1345 2142 1396 2174 sed
1416 2153 1484 2183 quae
1501 2155 1517 2176 a
1536 2144 1653 2177 sciente
1671 2147 1748 2179 dolo
1764 2157 1828 2179 ma-

963 2182 1015 2219 lo,
1042 2181 1074 2213 id
1090 2181 1153 2220 est,
1184 2183 1306 2224 integra
1323 2185 1510 2224 voluntate,
1542 2186 1622 2218 faCta
1639 2187 1707 2220 est:
1737 2198 1827 2229 pror-

963 2221 1011 2262 sus
1034 2231 1068 2253 ut
1089 2246 1097 2261 ,
1128 2222 1148 2254 fi
1178 2232 1239 2264 qua
1266 2225 1435 2266 improvisa
1466 2228 1561 2259 animi
1586 2230 1829 2269 perturbatione

963 2264 1154 2305 contigerit,
1179 2269 1323 2305 quamvis
1342 2267 1425 2307 quali
1451 2270 1534 2308 quali
1555 2271 1722 2302 voluntate
1745 2271 1830 2303 faeta

962 2304 999 2337 fit
1017 2328 1026 2344 ‚
1058 2306 1107 2337 his
1127 2314 1231 2338 tamen
1251 2308 1281 2339 in
1301 2309 1423 2349 legibus
1446 2311 1544 2351 magis
1565 2311 1634 2342 casu
1653 2312 1683 2343 ἃ
1701 2313 1830 2345 neceffi-

964 2354 1048 2386 tate,
1074 2356 1166 2387 quam
1186 2347 1299 2388 sponte
1322 2351 1351 2380 ἃ
1376 2350 1541 2382 voluntate
1558 2374 1568 2390 ,
1600 2352 1682 2384 faeta
1705 2353 1830 2384 censea-

964 2396 1023 2421 tur.
1047 2388 1162 2428 idque,
1186 2391 1321 2430 opinor,
1346 2390 1463 2422 Cicero
1491 2393 1594 2424 voluit
1612 2393 1642 2424 in
1664 2393 1773 2434 Topicis
1797 2396 1828 2427 d.

963 2429 1013 2460 loc.
1040 2439 1113 2461 cum
1131 2431 1225 2461 animi
1244 2431 1519 2471 perturbationem
1544 2443 1607 2465 non
1626 2435 1755 2475 quidem
1770 2437 1829 2468 im-

964 2471 1131 2510 prudentia
1151 2471 1305 2512 absolvit,
1325 2472 1375 2504 sed
1392 2474 1486 2505 dolo:
1504 2474 1535 2506 ἀ
1553 2484 1744 2517 quamquam
1762 2487 1829 2509 non

963 2520 1077 2552 neget,
1096 2512 1124 2543 ei
1142 2512 1238 2545 iness'e
1257 2515 1382 2554 qualem
1401 2515 1526 2555 qualem
1546 2518 1748 2549 voluntatem
1758 2528 1829 2559 quae

963 2554 1186 2594 objurgatione
1204 2553 1299 2586 facile
1317 2556 1499 2595 dejiciatur,
1524 2567 1594 2590 eam
1613 2566 1719 2592 tamen
1736 2560 1828 2601 igno·

963 2596 1080 2627 rationi
1098 2603 1134 2626 ac
1152 2597 1327 2629 necessitati
1344 2606 1539 2631 annumerat.

1061 2758 1109 2794 V.

959 2865 990 2899 7.
1020 2856 1194 2891 collationis
1221 2857 1344 2904 Legum
1374 2857 1587 2906 Mofizicarztm
1610 2859 1652 2901 ἐξ
1673 2862 1830 2897 Romana-

117 2905 204 2936 rum,
232 2895 357 2941 Legem
375 2899 563 2935 Corneliam
577 2912 632 2947 pro
649 2904 782 2948 Aquilia
799 2905 1017 2950 imprudentem
1042 2906 1107 2939 dixi
1134 2918 1158 2940 e.
1212 2907 1285 2942 Lex
1304 2918 1369 2944 X11
1391 2908 1578 2944 Tabularum
1603 2912 1638 2945 de
1656 2908 1831 2955 csedefiiris

113 2945 256 2978 ηοὲἳιινηὶ
271 2946 413 2991 expostta.

150 3054 196 3075 uae
218 3045 239 3076 fi
262 3048 305 3078 ita
322 3048 410 3088 sunt3
434 3059 551 3090 porro,
581 3062 713 3094 apparet
731 3078 740 3092 ‚
774 3056 851 3095 quid
875 3055 927 3087 ha-

171 3086 310 3120 bendum
328 3088 363 3120 fit
381 3091 421 3120 de
440 3090 565 3131 Ulpiani
586 3094 777 3135 Fragmento
796 3120 805 3134 ,
840 3098 928 3135 quod

153 3168 158 3172 v
178 3127 221 3159 est
240 3130 270 3161 in
296 3131 314 3161 l.
334 3141 360 3172 3.
387 3131 423 3166 ἐπ”
443 3143 473 3172 5.
507 3133 545 3165 D.
575 3135 623 3166 Aa
644 3137 731 3176 legem
753 3137 927 3178 Aquiliam,

66 3167 96 3197 ἃ
120 3167 283 3207 aliquanto
301 3173 424 3211 plenius
446 3175 476 3205 in
503 3174 558 3206 Tit.
582 3186 608 3216 7.
632 3176 797 3209 Collationii
818 3179 929 3221 Legum

65 3208 264 3284 Μᾶζαίεανίηη
284 3213 321 3249 &2⁵
344 3213 563 3249 Romanarum:
590 3217 621 3250 in
640 3226 704 3259 quo
726 3220 779 3253 vix
797 3221 929 3261 dubito,

129 3260 180 3283 om.
223 3275 231 3284 .

464 2950 556 2985 Pauli
573 2952 712 2998 Elegans
727 2952 946 2999 fragmentum
964 2954 1161 2989 declaratum.

971 3056 1046 3096 quin
1064 3059 1187 3089 mentio
1208 3058 1288 3099 legis
1315 3058 1475 3092 Corneliae
1495 3060 1577 3092 aliud
1600 3059 1832 3105 cogitanti-ex-

971 3099 1103 3131 ciderit:
1127 3109 1232 3139 neque
1250 3108 1378 3139 metuo,
1403 3111 1442 3133 ne
1461 3102 1547 3141 quis,
1572 3101 1682 3139 utique
1706 3108 1833 3146 ratione

971 3147 1083 3178 utens,
1107 3149 1159 3172 aut
1182 3141 1344 3173 molestius
1367 3143 1448 3173 ferat
1465 3166 1474 3180 ,
1506 3149 1558 3187 aut
1581 3142 1618 3173 ad
1639 3141 1764 3188 Ulpiani
1787 3144 1834 3174 in-

968 3181 1078 3221 juriam
1111 3184 1272 3221 pertinere
1294 3184 1487 3219 arbitretur,
1517 3183 1538 3214 ii
1562 3182 1590 3213 δι
1620 3191 1770 3222 ratione,
1802 3184 1833 3215 &

974 3222 1127 3256 Veterum
1155 3224 1343 3257 auctoritate
1367 3224 1469 3255 vietus
1486 3247 1495 3264 ,
1526 3223 1726 3265 existimem,
1759 3234 1833 3270 euni

1401 3263 1436 3305 Q
