2052 3487
531 135 849 170 PizonAaitiuM
899 136 1024 182 JUMS

130 225 302 267 mandator)
324 231 384 266 pro
398 221 509 263 spuriis
527 224 578 255 vel
600 224 817 266 dispungenda
838 223 914 262 sint,
937 225 987 255 vel

130 267 301 308 rejicienda
323 267 354 297 in
377 264 550 305 marginem
569 275 608 295 ex
626 275 685 305 qua
702 267 731 297 in
758 273 881 297 textum
899 266 987 296 nullo

127 309 195 350 jure
220 306 418 348 irrep-serunt.
461 305 513 336 Sic
538 306 614 337 mihi
640 307 752 338 sedet:
783 306 835 337 sed
857 316 897 337 ne
921 307 987 336 aliis

128 350 321 391 quandoque
345 347 538 386 relinquatur
562 347 688 379 occasio
715 348 898 379 dubitandi:
924 347 987 378 hoc

127 400 236 433 agam,
259 390 370 420 adda-m
393 388 450 418 alia
474 389 608 428 paucula
632 399 699 429 quae
727 389 845 420 habent
866 388 986 419 causam

126 431 269 473 juvandae
286 429 475 470 conJeClturae
492 430 605 461 nostrae
625 431 707 461 baud
727 432 841 462 levem.
874 430 905 461 10
924 431 989 469 (101-

126 475 185 504 bus
213 472 275 503 hoc
293 472 428 512 primum
445 470 507 510 est,
527 473 614 512 quod
634 471 807 512 Imperator
824 472 874 502 liic
893 473 990 502 utitur

125 513 229 545 verbo
250 512 411 554 postulari.-
445 512 507 551 Ut,
540 513 703 553 inquiens,
735 515 889 544 dividatur
912 512 985 543 ustio

126 556 204 586 inter
227 565 287 592 cos,
311 556 361 596 qui
380 553 513 591 solvendo
522 557 616 593 sunt,
643 562 709 586 ante
729 555 789 585 litis
807 552 983 594 contestatio-

125 607 189 628 nem
211 595 272 635 (110
298 597 390 636 lego,
415 595 484 633 vel,
507 603 574 626 ante
595 594 837 636 contestationem,
863 604 896 626 ut
915 598 944 626 in
965 595 985 626 l.

127 648 176 670 10.
200 639 232 668 C.
258 639 291 668 de
307 638 485 678 adquirenda
498 636 675 677 poffeffione)
698 647 735 668 ex
750 638 848 668 ordine
863 635 984 677 postula·

124 681 152 710 ri
162 679 240 717 solet.
267 678 427 710 Postulare
445 685 550 709 autem
571 678 633 716 est,
651 687 684 709 ut
701 678 855 719 Ulpianus
875 678 987 717 refert,

125 720 312 752 desiderium
339 719 424 750 suum
450 720 501 750 vel
526 720 619 750 amici
635 718 676 750 sui
691 720 802 762 injure
821 729 927 751 coram
945 729 985 750 00

123 762 175 801 (101
197 761 406 801 jurisditliuni
426 760 556 801 praeest,
579 770 763 801 exponere,
790 761 839 792 vel
859 761 985 792 alterius

124 802 278 834 desiderio
304 803 524 833 contradicere
542 803 560 833 l.
584 812 607 833 1.
627 803 655 844 §.
674 813 701 833 2.
722 802 763 833 D.
789 804 822 833 cle
839 801 984 843 pollulan-

124 845 166 875 do.
182 844 201 874 l.
217 854 245 883 4.
262 843 289 885 §.
307 848 334 878 8.
355 843 395 875 D.
415 845 446 875 de
463 845 565 875 damno
584 843 698 884 infesto.
717 843 845 875 Deinde
864 844 907 874 ait
927 842 984 874 lm-

124 893 270 926 perator‚
298 883 437 925 postulari
457 895 493 915 ex
516 886 613 915 ordine
628 885 733 925 solere:
764 894 824 916 nec
849 885 983 917 dubitO.

124 927 199 966 quin
211 926 390 967 designetur
400 926 584 958 certissimus
595 927 784 963 iudiciorum
797 927 877 957 ordo
889 935 984 965 quem

122 967 211 1007 supra
230 967 352 999 ostendi
370 969 468 1002 velle.
497 976 530 998 ut
546 970 698 1008 exceptio
716 970 746 998 in
760 968 884 1008 judiciis
901 967 984 998 stric-

124 1010 146 1040 ti
161 1009 235 1049 juris
251 1019 267 1040 a
288 1009 427 1041 Praetore
444 1010 631 1041 nominatim
649 1010 857 1048 impetretur,
878 1009 905 1039 &
920 1008 983 1039 for-

122 1051 218 1082 1110110-
232 1049 399 1082 inseratur:
423 1051 593 1082 formulam
613 1060 691 1082 vero
709 1051 796 1082 simul
814 1049 984 1089 0011111011-

122 1101 179 1125 ce,
203 1100 276 1123 aute
292 1093 379 1123 litem
395 1093 622 1130 contestatam,
641 1092 706 1131 peti
723 1091 752 1123 &
769 1092 833 1123 dari
853 1090 982 1122 consue-

121 1133 217 1171 visse,
241 1135 347 1164 notius
365 1133 426 1172 est,
451 1143 541 1173 quam
571 1141 604 1164 ut
627 1133 817 1173 probatione
833 1132 981 1173 indigeat.

123 1174 346 1216 Quamobrem
372 1174 495 1213 censui,
521 1175 549 1205 ni
577 1174 687 1212 fallor,
713 1173 816 1211 recte3
841 1183 899 1213 pro
916 1183 980 1203 con-

122 1217 328 1246 demnationem
350 1216 574 1247 restituendum
600 1215 681 1252 esse,
705 1213 932 1254 contestationem
949 1214 983 1244 li«

122 1258 179 1295 tis,
203 1257 334 1288 verbum
352 1258 503 1288 idoneum
525 1257 616 1287 valde
636 1258 664 1287 in
684 1256 742 1287 liae
759 1265 847 1296 parte
864 1256 890 1285 ὃ(
910 1265 981 1295 pro-

121 1307 163 1338 pe
177 1298 335 1329 affiduum.
374 1297 408 1328 Id
420 1322 428 1335 ,
451 1308 491 1329 ne
508 1299 566 1328 alia
580 1297 767 1335 adscribam,
793 1307 856 1327 uno
875 1296 982 1328 saltem

119 1339 195 1370 loco
219 1338 442 1370 demonstrasse
468 1348 641 1370 contentus
667 1349 738 1371 ero:
764 1339 815 1379 qui
840 1339 929 1370 locus
949 1338 979 1369 in

119 1379 257 1411 Accursii
280 1381 452 1419 exemplari
479 1381 566 1421 cujus
591 1387 664 1412 ante
680 1381 876 1412 mentionem
895 1379 979 1419 feci,

119 1421 161 1452 fic
179 1421 283 1453 habet.
307 1421 462 1463 Bidejuffor
479 1445 487 1460 ‚
517 1424 568 1458 qui
586 1428 696 1462 partein
714 1422 842 1461 pecuniae
864 1421 914 1458 suo
932 1431 977 1451 no-

120 1464 194 1494 mine
216 1463 262 1493 vel
285 1464 326 1493 rei
344 1464 529 1503 promittendi
552 1465 660 1501 solvit,
689 1473 745 1504 quo
764 1464 859 1493 minus
874 1461 981 1500 residui

110 1503 201 1543 fasta
218 1503 354 1542 divifione
370 1505 509 1544 portionis
521 1505 669 1546 judiciuin
684 1505 806 1544 accipiat
818 1528 827 1542 ,
850 1509 979 1541 recusare

119 1555 176 1576 non
194 1546 285 1576 debet:
309 1555 370 1577 eam
388 1547 461 1576 enim
474 1549 667 1587 quantitatem
685 1547 759 1576 inter
779 1555 841 1583 eos,
865 1545 916 1586 qui
928 1545 978 1583 sol-

119 1587 210 1617 vendo
230 1590 315 1626 lunt,
342 1587 436 1617 dividi
462 1588 613 1626 convenit,
636 1597 722 1628 quam
744 1587 804 1617 litis
820 1584 979 1626 contestatoe

118 1633 237 1667 tempore
245 1627 357 1669 singuli
372 1630 488 1659 a'ebem:
501 1628 553 1666 sed
569 1629 724 1659 humanius
739 1626 794 1669 er,
807 1626 836 1665 fi
853 1626 891 1661 {5⁹
906 1628 979 1658 ulter

110 1669 246 1708 solvendo
256 1668 297 1707 fit
308 1693 316 1708 ,
339 1669 399 1700 litis
416 1668 625 1710 contestationis
641 1675 759 1709 tempore
777 1676 829 1710 per
843 1669 979 1708 exceptio-

117 1719 183 1740 nem
200 1711 244 1748 ei,
268 1712 318 1752 qui
328 1711 436 1751 seivit,
451 1711 599 1752 succurri.
624 1711 643 1742 l.
662 1720 713 1753 51.
732 1710 761 1752 §.
782 1720 807 1742 1.
829 1709 870 1741 D.
895 1713 928 1741 de
938 1709 978 1750 fi-

119 1751 314 1792 dejitfforibus.

158 1791 297 1832 Exposui
319 1802 421 1824 meam
444 1794 659 1834 conjeCiuram
681 1794 720 1824 de
745 1792 896 1834 scriptura
920 1792 979 1824 Im-

118 1835 276 1874 peratoris
298 1834 489 1874 Alexandri,
512 1836 544 1866 in
561 1836 588 1866 d.
607 1835 626 1867 l.
648 1844 694 1866 10.
732 1834 795 1866 Sed
813 1844 851 1866 an
866 1843 977 1866 neccs-

1076 133 1253 171 Ctvitis
1300 136 1389 172 Lm.
1440 137 1490 172 Π.
1854 149 1897 184 29

1031 220 1165 255 sariam?
1189 224 1282 264 poffit
1301 225 1437 266 ambigi,
1461 233 1594 267 propter
1612 227 1632 259 l.
1651 237 1680 267 4.
1700 227 1732 258 C.
1750 227 1782 258 de
1799 236 1898 270 excep-

1031 265 1174 297 tionibus:
1200 275 1268 305 quae
1289 265 1333 297 est
1353 267 1492 307 ejusdem
1514 270 1700 304 Alexandri3
1727 278 1830 309 neque
1853 272 1899 302 vi-

1030 307 1123 336 detur
1147 306 1263 338 habere
1287 307 1404 339 sensum
1425 310 1486 347 illi,
1513 310 1565 341 sed
1582 312 1811 348 inemendatae,
1835 312 1898 343 dis-

1029 346 1158 378 similem
1178 349 1206 378 in
1227 348 1430 388 sequentibus
1447 352 1560 382 verbis.
1594 352 1667 382 Cuin
1685 352 1898 392 7101101110ῄηὶ-

1029 393 1088 418 tarn
1103 391 1244 426 sententia
1260 395 1393 429 causum,
1414 393 1460 428 secl
1476 393 1595 423 dilutum
1613 393 1759 433 allegetis,
1783 403 1839 424 non
1856 392 1894 434 est

1030 430 1168 468 dubium,
1191 440 1283 461 omnes
1307 433 1434 473 integras
1457 433 1630 473 defenfiimes
1647 435 1725 464 vobis
1744 433 1803 474 effe.
1831 435 1896 466 Ve-

1031 480 1099 501 rum
1122 472 1244 510 dicam,
1269 472 1481 505 Alexandrum
1509 485 1548 505 eo
1570 476 1599 506 in
1620 477 1694 507 loco
1713 476 1898 516 rescripsisse

1032 513 1068 542 ad
1091 511 1227 551 11161001,
1252 514 1282 544 10
1300 523 1364 553 (100
1380 515 1609 554 eratjudieium
1626 517 1718 548 bonae
1737 516 1830 549 fidei:
1846 518 1898 549 cui

1028 554 1236 593 exceptiones
1266 554 1370 586 insunt
1388 579 1397 594 ,
1430 556 1483 587 etsi
1512 567 1526 587 a
1553 557 1692 589 s’raetore
1722 558 1897 597 specraliter

1027 604 1091 625 non
1111 594 1167 625 sint
1184 604 1369 635 impetratae.
1414 595 1537 637 Utique
1554 600 1650 630 nolim
1665 623 1673 635 ,
1698 609 1768 630 eum
1787 600 1895 631 locum

1028 636 1137 667 referri
1158 637 1194 666 ad
1215 636 1371 669 athonem
1397 637 1488 670 stristi
1508 640 1598 679 juris:
1626 639 1678 671 nisi
1697 651 1725 671 10
1746 651 1781 671 ea
1801 651 1896 681 pona-

1028 685 1078 707 tur
1103 679 1255 717 exceptio
1278 687 1295 709 a
1319 678 1458 710 Praetore
1479 689 1552 711 ante
1569 681 1722 721 postulata
1741 683 1770 713 dt
1791 683 1893 723 impe-

1028 726 1108 748 trata
1132 718 1209 749 esse:
1234 728 1298 758 quo
1317 720 1388 751 casu
1413 721 1555 760 constat,
1580 731 1649 753 eain
1670 732 1726 753 reo
1743 724 1837 754 etiam
1861 726 1890 754 in

1027 759 1120 790 1111ἃί
1141 760 1215 799 juris
1237 760 1363 799 judiciis
1387 762 1540 803 integram
1567 762 1628 794 esst·
1648 773 1747 803 usque
1766 766 1804 795 ad
1826 767 1892 795 sen-

1028 802 1170 831 tentiam.
1215 800 1321 842 Quid,
1346 802 1366 833 11
1391 803 1473 833 idem
1501 803 1636 845 fingatur
1653 805 1682 836 in
1703 805 1806 845 specie
1826 807 1855 836 d.
1872 807 1891 837 l.

1031 850 1076 873 10.
1091 841 1120 882 ᾗ.
1143 841 1175 873 1‘?
1200 842 1313 881 velim,
1336 843 1357 874 si
1373 844 1482 884 possim
1498 846 1580 876 bona
1601 845 1684 883 side,
1703 856 1742 878 ne
1760 847 1894 879 habeam

1027 892 1108 922 opus
1124 884 1359 914 emendatione.
1384 885 1434 916 sed
1452 887 1620 918 intercedit
1642 888 1704 918 loci
1718 891 1893 929 tenor:qui

1029 924 1073 954 est
1099 924 1138 954 de
1163 925 1362 970 exceptionis
1386 925 1449 957 sive
1474 927 1633 959 divisionis
1659 928 1892 968 postulatione,

1028 972 1063 995 ut
1080 974 1120 995 ex
1139 965 1244 997 verbis
1261 966 1325 1006 ejus
1340 975 1487 1007 apparet:
1511 978 1583 1000 cum
1603 969 1703 1001 sermo
1721 972 1748 1000 cl.
1768 971 1786 1002 l.
1804 981 1833 1010 4.
1857 971 1894 1003 sit

1028 1007 1067 1037 de
1084 1005 1248 1046 postulatae
1265 1008 1293 1038 ot
1311 1007 1486 1048 impetratae
1503 1012 1706 1050 exceptionis
1723 1011 1796 1044 usu:
1811 1014 1893 1044 inter

1027 1056 1095 1087 quie
1120 1048 1253 1087 plurima
1278 1048 1456 1080 differentia
1473 1051 1530 1082 011,
1550 1052 1723 1089 postulatur
1739 1055 1823 1085 enim
1840 1063 1894 1085 ex-

1026 1089 1135 1128 ceptio
1155 1089 1184 1119 in
1200 1089 1268 1128 jure
1284 1090 1368 1130 apud
1386 1090 1560 1123 Praetorem
1579 1101 1651 1124 ante
1671 1095 1757 1124 litem
1778 1103 1890 1126 conte-

1024 1128 1151 1161 statam:
1176 1138 1206 1160 at
1233 1130 1389 1170 postulata
1416 1132 1445 1162 ὅ(
1470 1134 1638 1173 impetrata
1662 1137 1691 1166 in
1715 1136 1783 1175 jure
1808 1138 1891 1176 apud

1026 1171 1219 1209 Pmtorem,
1237 1173 1353 1203 deinde
1372 1172 1442 1212 post
1459 1173 1545 1204 litem
1562 1175 1771 1208 contestatam
1788 1187 1891 1218 usque

1026 1213 1065 1243 ad
1086 1214 1272 1244 sententiam
1294 1212 1379 1244 usum
1397 1215 1518 1245 invenit
1536 1216 1774 1255 apudjudicem
1787 1219 1892 1249 al’rae·

1027 1262 1098 1284 tore
1123 1254 1241 1285 datum.
1285 1253 1329 1285 Ita
1356 1255 1495 1286 obtinuit
1518 1265 1664 1296 tempure
1688 1257 1891 1298 Imperatoris

1027 1294 1198 1326 Alexandri
1222 1295 1309 1335 cujus
1331 1296 1376 1327 est
1399 1306 1531 1336 utraque
1551 1299 1681 1339 allegata
1701 1300 1769 1330 lex:
1795 1301 1891 1333 etiam

1026 1344 1173 1377 ternpore
1199 1335 1431 1376 Imperatorum
1454 1337 1647 1371 Diocletiani
1666 1349 1703 1371 ac
1724 1340 1891 1373 Maximia-

1024 1378 1077 1409 ni:
1109 1386 1298 1417 quamquam
1326 1378 1388 1410 hoc
1413 1381 1570 1420 coeperint
1595 1381 1741 1413 Praesides
1761 1382 1814 1423 ipsi
1835 1393 1891 1423 per

1022 1418 1053 1449 se
1073 1428 1290 1460 cognoscere,
1314 1420 1367 1451 nisi
1392 1422 1595 1453 multitudine
1618 1423 1719 1454 litium
1743 1425 1891 1463 negotio-

1023 1470 1134 1491 rumve
1160 1461 1388 1500 impedirentur
1415 1463 1433 1492 l.
1459 1473 1485 1493 ρ.
1514 1463 1545 1493 C.
1574 1465 1608 1493 de
1627 1465 1763 1504 pedaneis
1780 1461 1891 1506 judici-

1021 1503 1095 1534 bus:
1117 1511 1269 1541 quantum
1292 1503 1374 1534 enim
1403 1504 1442 1534 ad
1465 1505 1674 1544 cxctptiones
1700 1514 1751 1536 aut
1777 1515 1891 1538 conte·

1020 1542 1142 1574 standas
1160 1550 1214 1574 aut
1230 1545 1439 1583 opponendas
1455 1546 1569 1576 attinet
1582 1569 1590 1584 ,
1608 1546 1712 1577 adhuc
1729 1547 1805 1578 nihil
1824 1558 1889 1579 1110-

1022 1591 1120 1615 tatum
1143 1583 1225 1622 fu1t3
1252 1592 1286 1615 ut
1309 1586 1409 1626 liquet
1434 1596 1473 1617 ex
1498 1586 1516 1617 l.
1537 1592 1563 1621 8.
1584 1587 1620 1621 ἐξ
1640 1597 1668 1623 9.
1691 1588 1722 1619 C.
1744 1591 1776 1618 o'e
1792 1597 1890 1630 excep·

1021 1627 1173 1657 tionibus:
1203 1635 1240 1656 ac
1264 1628 1398 1666 proinde
1421 1637 1485 1658 non
1510 1637 1678 1668 erravem,
1702 1629 1720 1660 11
1749 1629 1888 1662 similiter

1021 1668 1201 1707 acceperim
1223 1667 1241 1697 l.
1262 1677 1291 1698 2.
1316 1668 1349 1699 C.
1375 1668 1552 1699 Sententiam
1574 1671 1698 1701 rescindi
1723 1673 1780 1701 non
1794 1671 1889 1712 paffe:

1022 1718 1092 1749 quae
1120 1707 1164 1739 011
1188 1709 1366 1740 eorundem
1391 1709 1649 1750 Imperatorum3
1680 1711 1710 1742 ὃς
1734 1720 1888 1752 praeterea

1022 1759 1089 1781 rem
1121 1748 1232 1781 definit
1266 1750 1455 1782 auctoritate
1480 1750 1584 1783 EdiCti
1610 1755 1787 1794 perpetui,
1821 1763 1887 1794 quo

1022 1791 1090 1822 haec
1107 1815 1117 1830 ,
1149 1800 1217 1830 (1οω
1246 1791 1329 1828 dixi,
1354 1792 1522 1824 certissima
1546 1793 1647 1824 fuere.
1691 1794 1752 1825 Sed
1775 1795 1816 1825 de
1840 1795 1888 1829 his

1021 1833 1112 1873 plura
1127 1831 1175 1863 lib.
1196 1841 1222 1864 1.
1244 1831 1292 1862 De
1303 1833 1506 1873 Jurisdittz'one
1524 1833 1560 1868 ὅ)
1575 1836 1690 1875 imperio
1710 1842 1773 1877 cap.
1790 1837 1846 1868 ult.

836 1945 1047 1981 CAPUT
1097 1943 1163 1980 ΙΙ.

120 2051 152 2076 1.
190 2041 227 2076 Si
245 2040 490 2086 Jurisronsitltus
512 2044 543 2076 in
567 2041 715 2087 responsis
729 2040 800 2088 suis
813 2054 851 2077 ac
865 2042 1092 2076 coiiiineiitczriis
1106 2039 1225 2086 diversit
1237 2041 1417 2087 principun,
1445 2048 1547 2077 utrum
1565 2043 1756 2089 respondenti
1774 2044 1886 2080 haben.

190 2091 229 2124 da
241 2089 315 2135 fides
328 2091 391 2136 sit,
421 2104 462 2126 cin
479 2092 625 2129 docenti?

189 2140 357 2174 unionibus
373 2152 430 2175 non
445 2141 544 2175 videri
551 2139 692 2187 firvnffe
706 2141 826 2174 omnino
845 2140 962 2174 laudem
979 2140 1196 2185 ingenuitatis:
1223 2141 1364 2174 inaudita
1383 2139 1525 2173 hactenus
1542 2139 1702 2182 fhiiteiitiu.

680 2103 709 2126 2.
739 2092 781 2126 Et
796 2092 867 2135 quid
884 2093 914 2124 in
932 2092 1067 2136 antiquis
1086 2091 1285 2124 aziuoribus?
1314 2090 1477 2126 Scaevolam
1496 2092 1528 2124 in
1546 2092 1567 2126 I.
1590 2103 1642 2135 14.
1662 2093 1704 2128 D.
1733 2094 1767 2128 de
1783 2101 1886 2128 trans-

1751 2152 1781 2185 3.
1809 2143 1882 2188 Spe-

189 2189 247 2221 cies
265 2186 305 2227 &
322 2187 454 2233 definitio
470 2191 488 2224 l.
513 2201 545 2234 3.
566 2190 604 2223 D.
628 2190 685 2223 eod.
706 2191 754 2223 tit.
792 2198 824 2230 4.
843 2189 979 2223 Aliorum
1003 2189 1044 2222 ad
1058 2188 1223 2223 Scaevolam
1236 2189 1372 2232 placita:
1399 2190 1430 2220 in
1446 2189 1553 2233 quibus
1569 2191 1704 2234 primum
1725 2189 1882 2235 Accziifii.

191 2236 314 2281 Cujacio
339 2236 380 2276 E?
403 2238 518 2273 Baroni
539 2240 717 2284 probatum,
745 2236 908 2283 refellitur.

189 2284 250 2330 est,
275 2287 420 2332 rejicitur.
473 2290 504 2321 6.
533 2285 673 2330 Accurfii
693 2287 785 2321 tertia
800 2287 988 2332 conjectura,

120 2380 355 2456 LPoslquam
383 2381 435 2413 usu
461 2382 567 2420 venit,
591 2390 626 2413 ut
650 2383 703 2421 qui
727 2383 837 2424 populi
859 2382 971 2414 Roma-

228 2424 277 2460 ni,
300 2423 470 2454 aliarumve
487 2425 647 2464 gentium.
663 2425 749 2466 leges
765 2433 912 2456 moresve
929 2425 972 2455 in-

118 2465 281 2504 terpretati
302 2464 387 2502 sunt,
412 2465 492 2505 stepe
514 2466 588 2502 alia,
613 2475 704 2505 quam
725 2466 753 2496 in
777 2473 969 2497 commenta-

116 2506 169 2535 riis
195 2504 253 2536 suis
276 2506 493 2537 tradiderant:
524 2506 759 2539 consulentibus
783 2508 822 2538 de
838 2508 906 2546 jure
926 2516 972 2537 re-

117 2545 326 2585 sponderent:
351 2548 445 2587 quaeri
473 2549 591 2587 coepit,
616 2556 717 2579 utrum
738 2548 844 2588 potius
862 2557 972 2578 eorum

116 2586 287 2627 responsis,
311 2598 347 2619 an
369 2590 623 2626 commentariis,
645 2590 840 2621 credendum
862 2588 974 2619 foret?

115 2626 160 2658 Et
180 2630 298 2668 placuit
323 2629 459 2661 Nicolao
478 2630 612 2666 Bo‘erio,
645 2630 733 2668 Decifi
758 2640 823 2670 155.
848 2629 974 2670 respon-

116 2667 154 2698 fis
171 2669 265 2702 fidem
288 2671 456 2709 adhibere,
481 2672 570 2702 velut
593 2672 834 2710 maturioribus,
859 2672 888 2702 δι
911 2679 971 2702 ma·

117 2710 165 2742 ais
192 2712 336 2752 digestis,
360 2721 455 2750 atque
482 2712 635 2752 expensis.
678 2712 844 2744 Udalricus
868 2720 974 2742 autem

150 2750 223 2781 alius
240 2752 286 2782 lib.
307 2762 331 2784 1.
349 2753 497 2793 singular.
516 2758 635 2794 respons.
655 2764 678 2785 c.
696 2764 723 2794 7.
742 2764 771 2784 n.
791 2763 836 2784 xi.
860 2753 976 2793 aliique

118 2790 224 2836 passim
250 2793 279 2823 in
302 2796 490 2825 contrariam
514 2803 635 2834 partem
659 2795 824 2826 abierunt:
849 2802 974 2834 neque,

118 2837 153 2860 ut
176 2831 250 2862 mihi
274 2834 416 2873 videtur,
441 2844 578 2867 temere:
603 2835 647 2867 est
671 2836 755 2868 enim
773 2836 974 2876 experiundo

119 2879 318 2918 compertum
334 2897 343 2913 ,
373 2875 425 2907 ista
449 2877 574 2908 consilia
599 2877 678 2918 saepe
702 2877 843 2909 sordibus
859 2899 869 2914 ‚
894 2875 974 2916 saepe

115 2921 244 2958 gratiae,
268 2915 350 2946 dari:
368 2923 432 2948 tum
450 2928 560 2950 ornnes
576 2920 630 2956 qui
644 2926 806 2950 momenta
823 2918 903 2958 atqui
917 2918 972 2948 bo-

115 2962 213 2999 nique
231 2963 362 3000 1000111,
385 2958 422 2988 ab
441 2958 486 2991 his
503 2961 623 2990 alienos
641 2959 702 2991 effe
717 2968 866 3001 oportet:
891 2959 973 2990 liaud

116 3003 198 3026 enim
217 2994 310 3027 facile
331 3006 417 3028 mens
438 3010 543 3032 verum
564 3001 721 3040 sequitur3
738 3011 810 3032 cum
828 3001 878 3032 ilia
894 3009 970 3040 pra:-

116 3037 257 3083 cipiunt3
287 3047 391 3083 neque
416 3040 578 3081 quisquam
602 3042 722 3073 libidini
746 3041 834 3073 simul
859 3041 888 3072 ὅ(
908 3040 971 3072 usui

113 3075 239 3110 serviit:
265 3079 315 3109 ubi
344 3080 479 3112 animum
507 3083 696 3120 intenderis,
721 3084 745 3115 is
772 3083 896 3113 abunde
918 3091 971 3122 po-

115 3125 184 3149 tens
204 3119 266 3156 011;
282 3120 301 3151 11
324 3121 420 3151 libido
442 3121 599 3160 l'olvit,ea
617 3124 899 3164 imperat‚animus
917 3124 972 3155 ob-

114 3161 227 3191 noxius
246 3160 298 3192 est.
328 3162 422 3202 igitur
442 3163 530 3195 multi
547 3164 623 3195 olim
639 3165 904 3205 hodieque‚dum
915 3174 971 3197 eos

112 3201 273 3233 modestiae
290 3204 508 3244 aequitatisque
523 3205 624 3245 prius,
642 3215 732 3245 quam
751 3206 859 3247 gratiae
877 3213 971 3245 atque

112 3245 278 3284 amicitiae,
294 3245 485 3287 negligentia
503 3250 622 3287 tenuit,
638 3256 742 3289 prope
758 3247 894 3280 consiliis
911 3247 971 3280 suis

961 2248 993 2281 5.

1029 2236 1166 2282 Accmfli
1182 2237 1281 2270 ultera
1288 2235 1445 2282 sententia
1457 2264 1466 2278 ‚
1494 2249 1558 2282 qnce
1576 2236 1616 2277 ὅ)
1640 2239 1781 2274 Udalrici
1800 2239 1886 2285 Zafii

1014 2286 1086 2320 item
1105 2286 1232 2320 Antonii
1249 2285 1361 2327 Fati-i,
1390 2284 1577 2329 infirmatur.

1016 2381 1224 2422 perdiderunt
1240 2405 1250 2420 ‚
1282 2391 1374 2422 quam
1405 2381 1643 2413 commentariis
1673 2383 1883 2422 invenerunt,

1016 2423 1159 2463 gloriam.
1180 2423 1287 2454 saltem
1306 2422 1387 2454 fama
1405 2422 1502 2454 essent
1519 2424 1599 2463 apud
1619 2424 1761 2463 posteros
1777 2423 1883 2455 secun-

1016 2465 1126 2502 diore,
1150 2463 1170 2495 11
1194 2472 1315 2495 tanturn
1340 2463 1477 2503 ipsorum
1503 2466 1751 2503 commentaria,
1777 2475 1841 2496 non
1859 2466 1882 2497 i-

1018 2513 1081 2536 tem
1100 2504 1267 2545 responsa,
1291 2505 1495 2537 haberemus:
1520 2505 1562 2537 sin
1581 2505 1609 2536 ἃ
1626 2506 1714 2537 hisce
1728 2508 1884 2538 utendum

1018 2545 1113 2584 esl'et3
1136 2545 1319 2586 anquisitius
1338 2546 1659 2587 cii-eumlpestiusque
1679 2547 1811 2588 egissent
1828 2558 1884 2579 eo-

1016 2597 1085 2618 rum
1106 2587 1217 2624 amici,
1241 2596 1313 2618 cum
1340 2597 1375 2618 ea
1393 2588 1510 2627 publici
1532 2590 1607 2628 iuris
1623 2588 1787 2621 facerent:
1810 2599 1882 2621 nam

1018 2628 1184 2669 postquam
1203 2629 1266 2666 1111,
1281 2628 1415 2659 auctoris
1434 2629 1556 2661 deliniti
1574 2631 1761 2661 celebritate
1778 2640 1814 2662 ac
1827 2640 1883 2662 no-

1018 2671 1121 2708 mine,
1146 2671 1176 2700 id
1195 2668 1302 2700 sedulo
1321 2678 1493 2708 caverunt,
1517 2681 1557 2702 ne
1576 2671 1646 2712 post
1664 2673 1729 2712 ejus
1745 2680 1881 2703 mortem

1017 2711 1068 2741 vel
1083 2711 1240 2742 tantillum
1257 2712 1418 2747 interiret3
1442 2711 1522 2749 saepe
1542 2723 1671 2752 operam
1689 2713 1826 2751 dedere,
1846 2721 1881 2744 ut

1019 2752 1049 2783 in
1066 2753 1171 2784 lucem
1188 2754 1379 2792 proderent,
1399 2762 1468 2793 quae
1483 2753 1647 2786 honestius
1666 2754 1880 2792 delituiffent,

1019 2802 1110 2833 quain
1134 2793 1264 2824 fuissent
1282 2794 1377 2825 edita.

1057 2845 1084 2865 2.
1110 2834 1186 2866 Hoc
1212 2836 1244 2865 in
1270 2835 1499 2875 Interpretibus
1525 2835 1619 2875 primi
1637 2837 1757 2869 ordinis
1773 2836 1811 2867 ab
1829 2834 1879 2866 Al-

1017 2876 1102 2907 ciato
1122 2883 1266 2908 notatum
1291 2877 1335 2908 est
1354 2877 1453 2908 libere
1471 2877 1520 2909 lib.
1539 2886 1584 2908 12.
1609 2878 1712 2920 Pareg.
1736 2888 1760 2909 c.
1785 2886 1831 2908 12.
1857 2876 1880 2907 i-

1018 2918 1089 2949 dem
1109 2927 1170 2959 ego
1186 2917 1254 2949 siin
1273 2919 1409 2959 antiquis
1426 2917 1506 2958 Juris
1525 2918 1703 2951 auctoribus
1721 2917 1879 2963 experiar3

1015 2957 1144 2990 fortasse
1169 2969 1278 2991 verear
1294 2983 1303 2999 ,
1334 2969 1374 2992 ne
1398 2960 1505 2992 multis
1531 2962 1635 3000 gravis
1654 2960 1731 2998 sim,
1769 2967 1878 2999 paucw

1014 3000 1412 3040 persuadeamzsuntenim
1428 3002 1607 3043 eoingenio
1625 3001 1734 3037 multi,
1752 3007 1786 3030 ut
1801 3000 1879 3031 anti·

1015 3042 1144 3080 quitatis
1162 3043 1255 3074 etiam
1278 3043 1372 3081 vitia,
1389 3053 1452 3074 non
1473 3050 1593 3074 tantum
1615 3042 1698 3073 refile
1715 3040 1814 3077 fafita,
1827 3050 1878 3072 ve-

1014 3091 1181 3116 nerentur:
1205 3093 1341 3123 quorum
1369 3085 1502 3116 alterum
1531 3083 1605 3114 milii
1630 3084 1759 3123 dignum
1787 3084 1876 3114 bono

1014 3132 1108 3164 atque
1127 3125 1265 3166 ingenuo
1285 3127 1373 3161 viro,
1397 3126 1528 3156 alterum
1547 3124 1702 3155 sordidum
1722 3132 1817 3164 atque
1842 3124 1875 3154 il·

1015 3166 1160 3204 liberale,
1184 3167 1319 3198 videtur.
1356 3165 1480 3198 Tamen
1498 3173 1672 3205 utcumque
1689 3166 1767 3200 erit,
1789 3165 1876 3205 juva-

1014 3206 1060 3237 bit
1083 3217 1154 3246 me,
1178 3209 1229 3239 vel
1253 3209 1283 3239 in
1307 3208 1365 3238 liae
1394 3215 1482 3247 parte
1502 3206 1595 3237 Civili
1621 3207 1800 3238 Prudentiae
1823 3206 1874 3236 ad-

1013 3247 1126 3287 fuisse3
1149 3249 1179 3281 <St
1196 3248 1216 3281 11
1231 3249 1281 3280 cui
1299 3247 1458 3320 seniolgit,
1482 3249 1577 3280 etiam
1594 3248 1728 3282 Veteres
1744 3250 1774 3279 in
1792 3248 1876 3277 ordi·

1443 3299 1460 3328 ‘3
1801 3297 1873 3319 nem
