2036 3495
499 95 713 135 INDEX

168 192 236 223 sium
257 195 396 229 tamquam
418 189 464 224 id,
484 186 562 225 quod
586 185 708 214 interest.

654 230 707 256 2¹5

134 269 227 299 Usurae
255 266 368 305 quando
396 264 452 292 sine
484 260 711 296 interpellatione

127 335 133 340 ,
174 306 325 333 debeantur
339 311 371 331 ex
393 309 481 329 mora.
517 299 575 326 vid.
595 298 690 325 Mora.

135 343 231 372 Usurae
247 343 290 370 cui
312 341 480 371 debeantur,
508 337 712 377 fi'procuratqr

159 381 318 415 ‘pecuniam
339 376 447 404 domini
463 375 511 403 sub
526 374 610 402 usuris
624 373 714 415 credi-

170 417 260 450 derit,
284 423 366 451 quam
392 413 523 442 dominus
547 410 603 438 sine
625 409 713 438 usuris

173 453 249 483 credi
270 453 401 480 volebat:
423 452 488 478 item
503 449 522 477 fi
538 448 645 476 domini
667 456 714 482 pe-

173 492 282 520 cuniam
298 491 346 518 suo
365 488 492 526 periculo
509 487 635 515 foeneret.
654 488 715 514 1'62.

171 530 227 566 seq.
251 528 296 556 cui
310 528 461 557 debeatur.
481 525 500 552 fi
526 524 615 552 socius
639 531 715 551 com-

174 575 289 597 munem
339 563 486 602 pecuniam
524 560 714 626 saeneravegik.

542 622 546 629 .
650 607 659 625 ι
678 608 686 626 z
707 618 713 624 .

139 643 237 672 Usurae
263 638 400 671 'fruetuum
430 646 465 666 ex
488 645 517 664 re
539 635 665 671 singulari
686 635 716 663 sr-

175 688 211 708 ve
232 686 296 708 ante
311 700 320 713 ‚
347 678 403 706 five
427 675 489 712 post
514 674 591 702 litem
618 679 716 701 conte-

172 715 270 747 'statam
290 720 503 754 perceptorum,
532 720 591 740 non
612 710 716 739 deben-

174 763 229 784 tur.
254 763 315 789 191.
336 753 471 782 fructuum
488 755 551 778 ante
566 770 573 782 ,
595 749 639 777 vel
655 746 717 784 post

173 793 358 823 hereditatem
409 789 525 825 petitam
570 791 717 823 percepto-

175 840 237 860 rum
253 853 260 864 ,
287 835 423 866 quatenus
451 826 605 854 debeantur
628 833 643 851 a
667 824 718 851 bo-

177 878 220 897 nae
237 888 246 903 ‚
280 873 326 896 aut
361 864 437 895 malae
464 862 531 892 fidei
555 861 716 899 possessore.

341 934 344 938 .
579 900 645 928 ibid.
660 898 718 934 seq.

133 939 289 974 'Usurarum
309 941 411 971 solutio
427 940 454 968 in
474 940 612 970 futurum,
633 943 718 978 quarn

175 983 234 1012 vim
265 981 375 1009 habeat.
425 977 482 1007 vid.
519 977 630 1006 Paftum
653 981 716 1003 taci-

172 1026 241 1049 tu'm.

138 1058 237 1094 Usurae
251 1056 402 1085 usurarum.
435 1052 492 1082 vid.
510 1051 717 1093 Anatocismus.

140 1095 237 1126 Usurae
254 1094 390 1123 tolluntur
408 1091 506 1121 iisdem
528 1090 618 1118 modis
632 1110 639 1122 ,
659 1096 721 1124 qui⁴

181 1135 232 1163 bus
248 1132 385 1169 obligatio
394 1130 453 1167 ipso
464 1130 528 1166 Jure
538 1128 719 1163 erttinguitur.

665 1170 718 1197 215

142 1205 242 1238 Usurae
257 1208 416 1244 preteritae,
436 1213 498 1241 quae
518 1213 533 1232 e
554 1202 720 1231 conventio-

178 1255 216 1275 ne
230 1246 387 1277 debentur,
410 1251 468 1271 non
490 1240 628 1270 tolluntur
651 1238 720 1267 solu-

181 1285 261 1313 tione
284 1282 381 1313 sortis;
403 1281 427 1309 &
448 1279 560 1316 quando
583 1287 638 1312 eae,
659 1285 719 1312 quae

179 1321 276 1350 officio
290 1319 390 1355 iudicis
409 1318 562 1350 debentur,
573 1316 719 1379 tollantur6.

665 1360 697 1380 21

144 1397 241 1426 Usurae
266 1395 402 1424 tolluntur
431 1394 598 1426 oblatione,
630 1389 718 1432 obsig-

182 1436 297 1464 natione
310 1454 318 1466 ‚
352 1432 378 1460 &
399 1432 574 1467 depositione
595 1429 675 1456 sortis
694 1426 720 1453 ἃ.

180 1472 321 1500 usurarum
337 1492 344 1502 ‚
365 1469 391 1497 δε
406 1477 467 1504 quae
490 1469 560 1496 circa
591 1466 650 1494 haec
672 1463 723 1490 ob-

181 1507 313 1538 servanda
329 1507 390 1534 sint.
412 1505 471 1533 ibid.
494 1505 569 1540 seqq.
597 1510 655 1531 non
669 1500 722 1543 tol-

184 1547 295 1578 luntur‚
316 1543 334 1571 fi
357 1543 468 1571 debitor
492 1550 552 1570 eam
575 1546 721 1576 pecuniam

181 1583 274 1612 rursus
295 1581 330 1609 ad
351 1581 377 1609 se
402 1580 548 1615 receperit.
578 1585 641 1611 217.
682 1576 722 1604 U-

182 1621 250 1649 surae
280 1627 314 1647 ex
341 1626 419 1646 mora
443 1617 562 1650 debitae,
594 1615 650 1643 sive
680 1612 722 1640 str-

182 1657 350 1695 pulatione,
386 1654 442 1683 five
465 1653 571 1683 Officio
596 1652 700 1691 Judicis
715 1671 722 1682 ‚

183 1704 219 1724 an
250 1695 308 1724 sola
336 1692 482 1721 oblatione
513 1691 569 1719 sine
598 1689 724 1725 obsigna-

182 1734 262 1762 tione
301 1731 328 1759 &
363 1729 538 1766 depositione
580 1728 722 1756 tollantur.

183 1770 248 1800 ibid.
271 1769 346 1806 seqq.
387 1768 414 1796 in
443 1767 591 1796 antichresi
622 1774 655 1793 an
684 1764 724 1792 so-

183 1809 211 1838 la
237 1808 382 1837 oblatione
410 1804 543 1834 sistantur.
566 1812 628 1837 219.
670 1801 726 1830 fru-

185 1854 252 1882 gum
292 1844 429 1874 tolluntur
468 1842 524 1871 sola
571 1840 725 1870 oblatione.

184 1884 249 1914 ibid.
296 1891 352 1915 an,
385 1880 411 1908 &
444 1879 593 1917 quomodo
627 1878 726 1906 tollan-

184 1929 230 1951 tur
269 1920 444 1954 obligatione
487 1915 635 1954 principali
677 1923 726 1951 per

186 1958 424 1997 praescriptionem
448 1955 583 1992 temporis
612 1953 725 1981 sublata.

591 1992 653 2021 ibici.
670 1991 727 2025 seq.

149 2035 248 2065 Usuris
281 2034 359 2070 pasto
378 2036 545 2064 convento,
575 2030 632 2058 five
662 2029 727 2056 taci-

188 2081 236 2107 to,
264 2072 319 2100 sive
341 2069 485 2107 expresso,
519 2067 654 2100 remissis,
681 2066 728 2093 de-

186 2112 263 2141 bitor
287 2109 419 2138 liberatur
442 2116 492 2144 per
520 2106 727 2142 exceptionem.

674 2149 729 2169 220

150 2186 255 2217 Usuras
282 2184 400 2218 majores
430 2181 570 2218 stipulatus
595 2181 613 2209 sr
642 2181 729 2215 longo

191 2230 319 2259 tempore
347 2221 469 2249 minores
498 2220 659 2255 acceperit,
695 2225 729 2243 an

191 2260 292 2290 deinde
325 2257 476 2296 praeteritas
513 2263 610 2294 petere
638 2254 730 2319 ροΠῑὲ.

662 2294 700 2321 ibi
721 2311 727 2317 .

151 2338 255 2367 Usuras
287 2335 335 2371 qui
362 2332 454 2361 omisit
485 2340 520 2360 ex
545 2331 728 2362 liberalitate,

190 2383 225 2403 an
245 2373 347 2401 deinde
362 2370 514 2408 praeteritas
528 2377 625 2406 petere
639 2367 729 2434 Ρᾳίίῖᾗᾶ.

664 2417 672 2434 ι
693 2415 699 2433 z
722 2427 727 2433 .

153 2447 249 2479 Usurae
272 2448 423 2480 tolluntur,
445 2445 465 2474 si
480 2445 513 2473 ad
535 2445 648 2481 duplum
677 2444 730 2471 sor-

193 2488 228 2515 tis
249 2486 437 2522 perveniant:
471 2492 526 2519 qua
549 2483 657 2511 ratione
681 2481 730 2509 du<-

195 2525 273 2560 plum
317 2527 519 2558 computetur3
553 2521 579 2548 &
611 2528 728 2556 quomo—

193 2562 231 2590 do
257 2561 323 2589 olim
352 2560 407 2588 hoc
432 2560 475 2594 jus
500 2558 603 2587 elusum
636 2557 730 2586 suerit.

590 2596 653 2624 ibid.
674 2595 728 2629 seq.

155 2637 252 2668 Usurae
274 2643 322 2669 per
343 2633 485 2662 intervalla
515 2632 609 2662 solutae
626 2656 633 2666 ‚
662 2633 730 2661 olim

195 2682 252 2703 non
266 2672 432 2709 putabantur
450 2671 587 2700 excedere
606 2671 730 2708 duplum.

678 2716 729 2736 221

156 2750 228 2780 Usus
243 2755 295 2785 pro
310 2745 439 2774 servitute
454 2746 601 2780 personali.
716 2747 731 2774 8

157 2789 247 2819 Usus,
269 2793 319 2822 pro
342 2783 492 2811 usufxuttu:
519 2785 657 2818 usuarius,
679 2791 731 2819 pro

199 2821 406 2854 usufrustuario.
676 2828 729 2855 354

157 2864 230 2893 Usus
253 2862 372 2893 legatum
395 2858 421 2885 in
444 2857 544 2893 quibus
565 2860 732 2892 conveniat,

197 2910 229 2929 ac
246 2898 426 2934 distinguatur
442 2904 456 2922 a
471 2895 563 2930 legato
585 2895 732 2923 habitatio-

197 2939 250 2967 nis.
622 2934 728 2968 52.seq.

157 2977 230 3006 Usus
257 2983 272 3001 a
296 2972 384 3000 sruftu
414 2969 531 2999 distincti
553 2970 644 3005 legato
665 2970 731 3005 quid

197 3012 382 3042 contincatur.
603 3007 731 3042 371.scq.

157 3052 216 3082 Usu
236 3048 366 3078 concesso
381 3054 439 3075 non
463 3043 626 3073 conceditur
642 3044 732 3071 domi-

199 3091 284 3118 nium.
678 3084 731 3115 276

156 3126 348 3158 Ususfruttus,
372 3131 423 3160 pro
446 3121 577 3150 servitute
602 3118 730 3184 persona&

194 3166 222 3193 li.

156 3200 330 3233 ususfruuus
358 3198 484 3228 definitio
506 3193 638 3233 exposita.
667 3200 729 3229 323,

763 91 1007 133 RERUM
1056 91 1093 134 δι’
1145 92 1539 136 VERBORUM.

775 184 851 221 seqq.
884 183 939 213 lata
958 184 1156 221 significatione
1182 189 1263 218 etiam
1281 188 1315 216 de

776 224 859 250 rebus
882 223 1003 258 propriis
1034 224 1125 260 potest
1159 225 1237 260 dici,
1268 226 1317 254 usu

777 259 850 296 Juris
877 259 1049 295 restringitur
1070 261 1104 289 ad
1129 271 1174 291 res
1194 265 1315 294 alienas3

780 298 806 324 dt
822 305 879 325 cur.
902 305 971 332 323,
995 305 1056 333 324.
1079 298 1133 335 seq.
1168 301 1195 329 in
1209 302 1317 331 actione

781 335 965 368 confess‘oria,
993 337 1021 363 in
1048 337 1087 363 rei
1109 337 1316 370 vindicatione,

780 373 807 400 in
820 372 928 407 judicio
950 373 1060 400 familiae
1082 374 1247 404 erciscundae
1261 398 1269 411 ,
1291 375 1317 403 &

780 410 923 438 communi
945 409 1102 438 dividundo
1119 432 1126 445 ,
1154 421 1245 450 neque
1269 413 1317 441 do-

782 448 898 476 minium
921 448 976 481 rei,
1006 455 1099 482 neque
1119 454 1180 485 pars
1202 451 1242 479 rei
1261 450 1320 484 est,

782 485 931 513 subtilitate
951 486 1027 519 juris.
1051 485 1114 514 ibid.
1156 488 1184 515 in
1206 488 1322 525 legatIS,

783 523 1007 557 stipulationibus
1023 544 1030 555 ,
1071 524 1227 560 ceterisque
1254 533 1319 553 con-

782 560 925 593 tratribus,
957 561 1072 588 dominii
1095 561 1159 588 loco
1182 562 1319 594 habetur,

782 598 807 625 δι
828 598 990 625 continetur
1012 598 1127 626 nomine
1144 598 1242 633 fundi,
1256 608 1322 627 con-

783 642 824 663 tra
838 635 1016 662 subtilitatem
1035 635 1113 669 juris.
1136 643 1198 671 3²5·
1215 636 1267 673 seq.
1284 637 1323 664 in-

783 673 893 701 terdum
909 671 1026 700 dominii
1037 674 1153 701 nomine
1171 673 1323 706 venit;do-

782 711 900 739 minium
922 709 1086 740 ususfructus
1109 712 1224 739 nomine
1246 720 1322 739 num-

783 757 876 784 quam.
1195 750 1258 777 ibid.
1268 748 1322 784 seq.

746 785 969 814 Usufrutf'tuarius
991 785 1121 814 dominus
1144 786 1183 815 est
1206 785 1324 815 ususfru-

782 824 840 851 Ctus
863 831 999 860 quatenus
1024 825 1189 852 ususfruCtus
1210 827 1252 861 jiis
1277 822 1326 851 est.

784 865 846 896 326.
876 862 1038 890 naturaliter
1061 862 1188 898 poffidet.
1225 862 1253 890 id
1270 861 1323 894 est,

785 904 863 927 tenet
878 908 934 927 rem
955 899 1139 929 fruetuariam.
1272 902 1323 934 327

746 936 923 965 ususfructus
946 939 1028 964 etiam
1048 936 1158 973 pignori
1180 936 1325 972 dari‚pre-

784 1011 891 1046 vendit
911 1011 936 1039 ἃ
954 1012 1041 1040 locari
1055 1011 1162 1047 potest:
1183 1013 1219 1040 ita
1236 981 1324 1045 ultniiils

784 1048 857 1086 apud
891 1049 1068 1078 fruetuariutn
1096 1055 1231 1082 maneat,
1263 1057 1324 1085 per-

786 1087 879 1124 ceptio
900 1087 1035 1116 frufluum
1051 1087 1085 1115 ad
1105 1087 1190 1116 alium
1219 1093 1323 1153 νεῐέὲῗᾶ.

782 975 858 1003 cario
879 974 1017 1007 concedi,
1045 975 1070 1002 ἃ
1099 974 1219 1007 donari,

748 1163 969 1192 Usufrucurarius
993 1172 1050 1191 non
1077 1163 1163 1192 solum
1187 1162 1249 1191 uti.
1279 1161 1325 1190 sed

788 1201 869 1230 etiam
902 1202 955 1229 frui
978 1202 1078 1230 dicitur
1103 1210 1132 1229 re
1157 1200 1324 1228 fruetuariaz·

791 1239 858 1274 quid
881 1246 1030 1275 utrumque
1044 1239 1088 1270 sit;
1117 1239 1142 1266 &
1164 1246 1246 1273 quam
1269 1239 1325 1266 vim

787 1276 888 1305 habeat
912 1277 1072 1312 conjunctio
1089 1275 1187 1305 utendi
1205 1275 1326 1303 fruendi.

787 1321 856 1348 324,
875 1317 937 1348 326.
953 1314 1027 1351 seqq.
1057 1318 1114 1342 tum
1130 1313 1170 1340 uti
1191 1313 1244 1341 frui
1260 1313 1327 1341 dici-

788 1359 919 1383 tur,cum
936 1351 990 1388 ipse
1007 1352 1124 1388 percipit
1138 1350 1258 1385 fruetus,
1269 1359 1327 1379 non

787 1396 850 1416 cum
864 1389 945 1418 alius.
1273 1396 1328 1422 329

749 1426 898 1455 Usufrustu
925 1427 1104 1455 continentur
1133 1426 1215 1455 etiam
1244 1427 1327 1454 adrni-

787 1464 878 1491 nicula
923 1464 1071 1492 necessaria
1110 1464 1145 1492 ad
1194 1463 1328 1492 utendum

787 1501 934 1530 fruendum
950 1524 956 1535 ‚
983 1504 1042 1537 jura
1058 1522 1067 1535 ,
1104 1501 1250 1531 servitutes
1266 1521 1276 1535 ‚
1301 1501 1328 1528 &

790 1538 969 1568 instrumenta
985 1561 993 1572 ,
1021 1539 1078 1567 fine
1100 1540 1200 1576 quibus
1225 1539 1327 1566 fruetus

788 1577 894 1614 percipi
910 1586 968 1606 non
989 1576 1087 1614 potest.
1110 1584 1170 1611 327.
1188 1577 1242 1612 seq.
1264 1584 1326 1611 341.

1111 1616 1187 1650 seqq.
1199 1621 1261 1648 344.
1271 1617 1326 1649 leq.

750 1652 974 1682 Usufruftuarius
993 1660 1051 1681 rem
1074 1653 1246 1681 fratrum-iarn
1269 1660 1329 1679 cor-

790 1699 919 1726 rumpere
942 1699 999 1719 non
1023 1689 1130 1726 pottst:
1158 1689 1329 1718 deteriorem

789 1728 881 1757 facere
897 1728 945 1756 usu
968 1728 1086 1756 terendo
1108 1727 1197 1764 potest
1213 1747 1221 1761 ‚
1242 1727 1329 1756 modo

791 1773 883 1795 utatur
911 1766 979 1793 boni
1011 1766 1063 1793 viri
1097 1766 1236 1795 arbitratu.
1267 1767 1330 1799 328.

794 1812 851 1833 non
868 1801 959 1839 potest
984 1804 1131 1832 meliorem
1157 1803 1249 1831 facere
1271 1811 1328 1831 rem

794 1841 985 1873 fruetuariam,
1020 1841 1038 1868 si
1062 1849 1094 1868 ea
1128 1848 1185 1869 non
1217 1839 1250 1868 ad
1272 1849 1330 1868 mo-

793 1879 858 1907 dum
892 1877 1018 1911 domini,
1053 1878 1079 1906 &
1110 1878 1151 1907 rei
1192 1878 1332 1907 conditio-

791 1925 856 1945 nem
885 1922 986 1944 utatur.
1009 1915 1070 1944 ibid.
1097 1924 1159 1951 334.
1179 1916 1234 1952 seq.
1256 1923 1307 1950 337
1322 1936 1332 1950 ‚

793 1962 855 1989 345.
878 1954 951 1990 seqq.
989 1962 1047 1982 rem
1073 1954 1247 1983 fructuariam
1275 1962 1332 1983 tue-

795 1994 839 2024 ri,
873 1991 898 2018 &
927 1991 1062 2027 impensas
1092 1991 1276 2025 necessarias,
1304 1990 1330 2018 ὅτ.

793 2037 879 2058 onera
902 2028 974 2056 ferre
989 2030 1082 2057 debet.
1104 2037 1177 2063 329,
1199 2037 1261 2064 343.
1276 2028 1329 2064 seq.

794 2075 866 2102 349,
888 2070 951 2101 356.
971 2066 1027 2101 seq.
1055 2066 1142 2095 habet
1158 2075 1256 2095 omnes
1277 2067 1330 2095 sru-

794 2106 868 2138 tius,
895 2112 966 2139 quos
986 2101 1105 2137 stantes,
1138 2110 1185 2132 aut
1209 2103 1332 2139 penden-

795 2148 835 2170 tes
853 2141 975 2176 invenit,
999 2141 1118 2169 cedente
1134 2141 1179 2169 die
1201 2142 1283 2178 legati
1304 2150 1332 2169 u-

796 2179 951 2210 susfruCtus.
968 2185 1032 2213 329.
1068 2187 1118 2213 an,
1145 2178 1170 2206 ὅ(
1195 2186 1330 2216 quatenus

797 2218 832 2246 ad
847 2217 976 2245 heredem
989 2218 1157 2244 transmittat
1170 2216 1331 2252 pensionem

795 2254 874 2284 fundi
891 2254 1028 2282 fructuarii
1043 2254 1143 2287 locati,
1165 2254 1209 2282 vel
1226 2262 1330 2282 merce-

794 2294 858 2321 dem
878 2300 1025 2327 operarum
1042 2291 1111 2319 servi
1135 2291 1291 2325 fruCtuarii,
1314 2292 1333 2321 si

796 2339 944 2366 antequam
960 2328 1055 2366 pensio
1074 2329 1212 2363 solvatur,
1234 2337 1280 2358 aut
1294 2330 1334 2358 lo-

796 2370 870 2397 catio
891 2375 1038 2404 operarum
1061 2367 1136 2396 finita
1157 2367 1203 2402 fit,
1231 2368 1332 2396 moria-

795 2413 848 2435 tur.
1277 2413 1331 2440 330

759 2444 934 2473 UsusfruCtus
961 2442 1065 2480 legati,
1093 2441 1119 2470 ἃ
1140 2442 1223 2479 legati
1247 2445 1332 2472 annui

797 2482 952 2510 discrimen.
1266 2481 1331 2509 ibid.

757 2520 907 2549 Usufrut‘tu
936 2519 1041 2553 finito,
1074 2518 1236 2547 fructuarius
1258 2519 1334 2547 resti-

795 2558 847 2586 tuit
864 2580 870 2590 ,
892 2557 968 2593 quod
985 2556 1050 2584 inde
1074 2556 1206 2589 exstabit,
1234 2564 1286 2584 nec
1302 2565 1332 2584 ο·

796 2604 845 2632 pus
862 2595 899 2622 est
916 2596 942 2622 id
963 2594 1053 2629 juberi
1067 2603 1082 2622 a
1103 2594 1255 2622 testatore:
1283 2595 1332 2630 qui

797 2634 813 2660 sr
827 2633 939 2666 jubeat,
959 2631 1028 2659 nihil
1043 2632 1109 2665 agit.
1271 2632 1333 2660 ibid.

760 2670 936 2699 Ususfruttus
961 2670 1025 2705 Jure
1047 2669 1129 2697 Civili
1157 2669 1334 2698 constituitur·

799 2709 825 2736 in
848 2708 1013 2742 corporibus
1039 2706 1275 2743 quibuscumque,
1304 2707 1334 2736 sr-

799 2755 833 2773 ve
857 2746 1004 2773 mobilibus
1021 2765 1030 2779 ‚
1062 2744 1117 2772 five
1144 2744 1170 2772 se
1196 2745 1334 2773 moventi-

797 2784 865 2816 bus,
903 2782 959 2810 sive
982 2781 1172 2810 immobilibus
1187 2802 1196 2817 ,
1229 2782 1255 2810 &
1279 2783 1334 2810 sive

796 2821 912 2856 praesens
934 2820 964 2847 sit
986 2820 1102 2852 frustus,
1133 2819 1188 2847 sive
1216 2820 1332 2849 futurus.

799 2866 861 2893 331.
903 2858 984 2885 etiam
1017 2858 1043 2885 in
1064 2858 1228 2892 corporibus
1242 2878 1251 2892 ‚
1272 2867 1333 2893 quae

801 2903 906 2925 tantum
938 2895 1154 2923 obleEtationem
1187 2895 1333 2931 adferunt,

798 2941 827 2961 ut
858 2934 971 2966 statuis,
1004 2932 1192 2968 imaginibus,
1232 2935 1334 2962 numis-

797 2972 916 2999 matibus
938 2971 1095 3002 veteribus,
1119 2970 1165 2998 etsi
1191 2970 1250 3006 plus
1266 2980 1333 2999 one-

796 3009 850 3043 ris,
872 3017 953 3045 quam
971 3009 1039 3036 lucri
1053 3007 1260 3043 habeant.253,
1272 3016 1334 3043 331.

1260 3046 1333 3084 seqq.

760 3082 909 3111 Usufruetu
945 3082 1024 3112 fundi
1065 3084 1335 3121 legatossruttuarri

798 3119 856 3148 sunt
891 3129 988 3149 omnes
1025 3121 1148 3154 frustus,
1179 3121 1234 3150 five
1264 3123 1334 3150 fatto

797 3157 876 3191 ipfius
903 3159 1091 3192 proveniant,
1127 3159 1183 3187 five
1219 3159 1332 3196 sponte,

1382 189 1438 216 rius
1465 190 1547 217 etiam
1581 188 1640 223 ejus
1670 188 1848 220 servitutibus
1882 193 1922 220 uti

1385 226 1437 254 frui
1462 226 1561 262 potest.
1581 234 1644 261 334.
1680 228 1773 262 praedii
1796 229 1923 264 volupta-

1382 265 1419 292 ris
1436 265 1529 300 legato
1544 286 1550 297 ‚
1575 265 1736 293 fruetunrius
1758 274 1814 293 non
1831 266 1923 302 potest

1384 301 1505 336 dejicere
1528 301 1705 330 instrumenta
1731 304 1894 332 amoenitaris
1914 325 1922 337 ‚

1383 345 1414 366 ut
1430 347 1563 376 reponat,
1588 349 1649 376 quae
1670 339 1704 368 ad
1724 341 1845 369 reditum
1867 342 1925 377 spe-

1385 378 1466 405 fiant.
1869 384 1921 413 335

1348 414 1495 442 Usufrutftu
1513 414 1591 443 fundi
1609 415 1702 451 legato
1717 420 1853 451 quatenus
1870 416 1926 444 fru-

1386 453 1503 481 etuarius
1525 453 1636 481 metalla
1663 462 1677 480 a
1701 452 1832 482 testatore
1853 452 1927 481 insti-

1387 497 1444 519 tuta
1466 499 1613 523 exercere,
1642 491 1687 518 vel
1707 499 1780 518 nova
1807 489 1929 520 institue-

1387 536 1416 556 re
1450 528 1540 564 posfit.
1572 533 1636 563 256.
1658 528 1732 565 seqq.
1767 536 1830 563 335.
1851 530 1928 564 seqq.

1387 565 1550 595 fruc'tuarius
1597 567 1682 595 habet
1729 566 1927 595 usumfructum

1386 604 1525 632 omniurn>
1549 605 1669 641 partium
1702 603 1799 637 fundi,
1843 605 1928 633 etiam

1387 640 1558 670 alluvionis:
1579 650 1636 670 non
1656 642 1749 670 insulae
1769 641 1847 675 juxta
1867 641 1928 670 furi-

1389 677 1454 706 dum
1470 679 1497 706 in
1520 679 1634 707 flumine
1656 686 1734 707 natae.
1757 687 1818 714 337.
1860 688 1927 708 con-

1389 715 1494 743 tinetur
1522 718 1607 745 etiam
1638 717 1803 746 ususfructus
1831 716 1930 745 instru-

1389 753 1475 780 menti
1498 752 1599 788 fundi,
1639 754 1686 783 etsi
1714 763 1770 782 non
1798 754 1836 783 est
1863 763 1927 791 pars

1390 789 1483 832 sundi3
1506 790 1581 820 secus
1595 801 1677 828 quarn
1699 792 1727 820 in
1752 792 1840 821 fundo
1857 791 1929 829 lega-

1392 834 1439 858 t0;
1463 833 1529 856 item
1557 830 1725 858 ususfruftus
1746 838 1837 865 apum.
1858 833 1930 865 338,

1392 871 1455 899 339.
1481 864 1536 899 seq.
1571 875 1653 902 quem
1677 866 1808 902 quaestum
1825 890 1832 902 ‚
1856 868 1929 896 redi-

1391 909 1487 930 tumve
1510 902 1609 932 habeat
1637 904 1798 933 {fustuarius
1821 915 1856 934 ex
1880 914 1928 933 ve-

1392 940 1525 973 natione,
1554 942 1695 978 aucupio,
1729 943 1774 970 vel
1802 944 1929 979 piscatio-

1392 985 1445 1010 ne,
1470 977 1488 1004 fi
1513 979 1631 1011 vivaria,
1660 980 1828 1008 ornithones
1844 1001 1853 1015 ,
1881 987 1929 1008 aut

1389 1014 1498 1051 piscinae
1521 1016 1548 1043 in
1575 1016 1662 1044 fundo
1685 1017 1744 1046 sint.
1768 1020 1830 1051 258.
1853 1018 1930 1054 seqq-

1391 1054 1453 1086 338.
1484 1051 1560 1089 seqq.
1592 1054 1738 1090 quomodo
1767 1054 1929 1084 fruetuarius

1389 1088 1471 1125 poffit
1495 1091 1534 1119 uti
1555 1090 1701 1119 seminario
1717 1112 1726 1126 ‚
1760 1092 1852 1121 salit‘to
1869 1115 1877 1127 ,
1904 1101 1932 1120 a·

1391 1126 1557 1163 rundineto‚
1585 1128 1649 1157 silva
1670 1130 1772 1165 palari,
1794 1130 1860 1159 silva
1881 1138 1931 1158 cae-

1391 1164 1455 1193 dua.
1477 1173 1539 1199 340.
1561 1166 1615 1202 seq.
1654 1166 1805 1196 fruetuario
1827 1167 1931 1196 deben-

1392 1209 1437 1231 tur
1459 1203 1542 1232 etiain
1568 1205 1753 1240 adminicula,
1784 1211 1814 1233 ut
1838 1205 1930 1234 aditus

1391 1248 1440 1276 per
1462 1240 1578 1269 fundum
1602 1242 1816 1277 hereditarium,
1838 1244 1864 1272 δι
1879 1251 1930 1280 per

1393 1277 1510 1306 fundum
1536 1279 1619 1308 tertio
1645 1280 1782 1316 legatum,
1814 1281 1841 1310 ἃ
1860 1289 1932 1318 quo-

1392 1315 1479 1344 modo
1494 1324 1556 1345 eum
1571 1318 1773 1353 consequatur:
1793 1318 1859 1347 item
1875 1318 1932 1346 adi-

1394 1359 1436 1394 tus
1459 1362 1509 1389 per
1528 1353 1643 1383 fundum
1671 1356 1870 1393 cujuscumque
1890 1356 1933 1383 vi-

1394 1391 1466 1425 cini,
1494 1391 1520 1420 δε
1543 1401 1598 1428 qua
1617 1393 1727 1421 ratione
1750 1393 1805 1421 hoc
1831 1400 1930 1422 contra

1393 1429 1516 1465 regulam
1531 1430 1602 1466 Juris
1618 1429 1820 1459 consuetudine
1841 1432 1872 1459 sit
1892 1432 1932 1460 in-

1395 1464 1516 1495 dusium.
1534 1475 1596 1502 341.
1613 1468 1687 1504 seqq.
1714 1468 1877 1497 fruetuarius
1898 1478 1929 1497 o-

1394 1510 1460 1531 nera
1475 1504 1554 1532 fundi
1569 1504 1692 1534 sustineri
1707 1505 1804 1540 debet,
1825 1506 1850 1535 ἃ,
1871 1515 1934 1542 quae

1395 1548 1429 1568 ea
1446 1541 1506 1569 fint.
1880 1551 1934 1579 343

1355 1577 1504 1607 Usufrut‘tu
1525 1579 1642 1615 domus,
1670 1585 1718 1609 aut
1745 1580 1843 1609 aedium
1862 1603 1869 1613 ‚
1902 1590 1934 1609 o-

1392 1617 1496 1644 mnium
1513 1618 1630 1654 partium
1651 1627 1744 1647 earum
1765 1617 1933 1648 ususfructus

1395 1655 1557 1684 continetur
1572 1677 1580 1690 ,
1621 1656 1704 1685 etiam
1746 1655 1933 1685 instrumenti.

1804 1702 1866 1730 344·
1876 1694 1934 1729 seq.

1357 1728 1563 1760 Usumfruttum
1613 1731 1713 1760 domus
1754 1732 1860 1760 habens
1899 1729 1937 1759 ad

1394 1776 1477 1803 quem
1505 1768 1620 1798 modum
1637 1790 1646 1803 ‚
1676 1769 1702 1798 ἃ.
1729 1769 1812 1798 finem
1840 1778 1872 1798 ea
1895 1768 1937 1796 uti

1395 1805 1450 1833 frui
1473 1806 1594 1841 debeat,
1627 1808 1653 1835 &
1673 1815 1708 1835 an
1733 1807 1836 1836 lumina
1851 1808 1935 1836 'nova

1395 1843 1564 1880 immittere,
1581 1845 1606 1873 &
1622 1853 1696 1873 nova
1711 1850 1871 1874 ornamenta
1885 1844 1936 1872 do-

1397 1889 1457 1909 mus
1483 1881 1626 1911 instituere
1655 1883 1745 1919 possit.
1772 1891 1836 1918 345.
1857 1883 1934 1918 seqq.

1397 1918 1468 1947 nihil
1497 1920 1589 1956 potest
1630 1929 1665 1948 ex
1691 1920 1749 1954 ejus
1783 1921 1874 1949 forma
1901 1928 1934 1947 ac

1397 1956 1488 1992 specie
1510 1963 1634 1990 mutare,
1662 1963 1694 1985 ut
1724 1957 1817 1987 diaetas
1848 1965 1935 1986 trans-

1397 1993 1540 2029 formare,
1569 1996 1760 2030 conjungme,
1793 1995 1836 2023 vel
1862 1995 1936 2030 sepa-

1396 2039 1472 2063 rare,
1500 2032 1552 2060 &o
1583 2036 1645 2066 346.
1669 2033 1725 2068 seq.
1766 2041 1822 2061 non
1843 2031 1934 2068 potest

1396 2077 1503 2097 novum
1540 2069 1631 2097 rivum
1665 2071 1815 2104 parietibus
1844 2072 1936 2106 impo-

1397 2115 1486 2140 nere,
1515 2115 1567 2135 nec
1597 2106 1740 2136 aedificium
1774 2108 1936 2137 inchoatum

1396 2143 1586 2172 consummare
1601 2166 1609 2177 ‚
1656 2146 1780 2182 exceptis
1823 2146 1936 2181 quibus-

1398 2182 1460 2209 dam
1476 2182 1578 2210 casibus
1596 2183 1623 2210 in
1647 2183 1773 2211 aedificio.
1796 2187 1859 2213 260.
1876 2183 1933 2218 seq.

1399 2227 1464 2254 347.
1485 2220 1540 2256 seq.
1569 2228 1626 2247 non
1649 2220 1740 2256 potest
1761 2222 1798 2250 ibi
1824 2220 1938 2249 merito·

1398 2259 1458 2290 ria,
1487 2257 1542 2285 sive
1571 2257 1723 2286 diversoria
1746 2258 1857 2292 facem,
1883 2266 1936 2286 nec

1399 2295 1513 2323 domurn
1530 2296 1556 2323 in
1582 2296 1724 2325 coenacula
1745 2296 1856 2324 divisam
1878 2296 1938 2331 plu-

1401 2332 1477 2361 ribus
1498 2332 1600 2361 locare.
1621 2335 1682 2367 348.
1700 2333 1754 2369 seq.
1794 2333 1938 2362 Usumfru-

1398 2371 1470 2398 etum
1491 2369 1589 2399 domus
1610 2370 1714 2399 habens
1732 2392 1739 2403 ,
1776 2380 1839 2400 eum
1863 2371 1936 2398 loca-

1398 2416 1428 2434 re
1443 2427 1452 2441 ‚
1478 2408 1523 2435 vel
1544 2407 1667 2436 vendere
1687 2409 1799 2444 potest:
1826 2407 1871 2436 sed
1899 2409 1937 2434 ita

1399 2451 1429 2472 ut
1450 2445 1562 2473 domum
1587 2445 1634 2473 det
1653 2446 1783 2474 utendam
1799 2446 1867 2474 boni
1883 2445 1936 2472 viri

1398 2482 1541 2510 arbitratu.
1563 2482 1624 2510 ibid.
1644 2491 1731 2511 onera
1743 2484 1841 2511 domus
1864 2481 1939 2511 susli-

1398 2526 1462 2551 net,
1483 2519 1579 2556 &quae
1594 2520 1639 2547 illa
1663 2520 1721 2549 sint.
1742 2529 1805 2556 349.
1843 2520 1936 2549 damni

1398 2556 1491 2584 infesti
1513 2558 1608 2585 vicino
1630 2566 1729 2586 cavere
1753 2559 1860 2593 debet,
1889 2557 1939 2587 nisi

1398 2594 1594 2623 usumfructum
1642 2595 1836 2634 derelinquere
1890 2604 1938 2624 ve-

1399 2632 1449 2666 lit,
1471 2631 1497 2659 δι
1514 2632 1569 2668 ipse
1590 2633 1696 2662 utiliter
1716 2644 1731 2662 a
1747 2635 1841 2663 vicino
1856 2633 1937 2669 stipu-

1401 2668 1486 2704 latur,
1509 2670 1534 2698 ἃ
1549 2679 1610 2707 quae
1626 2671 1656 2700 sit
1676 2671 1756 2707 hujus
1770 2674 1839 2708 Juris
1854 2672 1935 2699 ratio.

1882 2715 1936 2743 330

1362 2745 1509 2774 Usufruttu
1546 2745 1617 2775 servi
1652 2746 1743 2782 legato
1785 2746 1936 2784 adquiritur

1401 2783 1571 2818 frustum-io,
1594 2784 1731 2821 quidquid
1759 2785 1805 2813 ille
1827 2793 1861 2813 ex
1883 2783 1934 2811 suis

1401 2821 1514 2857 operis,
1542 2822 1587 2849 vel
1617 2830 1646 2849 re
1674 2822 1811 2850 fruetuarii
1841 2821 1936 2856 adqui-

1400 2860 1450 2892 rit,
1483 2858 1509 2886 ὃ(
1529 2859 1562 2886 ad
1583 2868 1666 2895 quem
1697 2859 1812 2889 modurn
1841 2858 1933 2895 operis

1401 2897 1471 2924 servi
1486 2897 1525 2924 uti
1543 2897 1652 2925 debeat.
1674 2904 1736 2932 352.
1756 2897 1809 2934 seq.
1852 2898 1933 2928 item,

1402 2935 1480 2971 quod
1518 2934 1659 2963 fi'ufituarii
1697 2933 1933 2970 contemplatione

1402 2973 1480 3000 servo
1505 2971 1660 3005 donatum,
1694 2972 1850 3008 legatumve
1874 2968 1934 2997 fue-

1400 3011 1454 3039 rit:
1480 3010 1506 3038 &
1528 3018 1561 3038 an
1581 3010 1662 3038 etiarn
1684 3008 1823 3036 thesaurus
1845 3014 1860 3033 a
1882 3005 1934 3034 ser-

1401 3056 1439 3076 vo
1469 3048 1618 3081 inventus,
1655 3046 1680 3074 &
1701 3050 1791 3082 partus
1817 3043 1932 3072 ancillae.

1401 3093 1464 3120 353.
1484 3091 1620 3121 quatenus
1639 3083 1797 3118 adquiratur
1820 3081 1936 3109 fruetna-

1400 3124 1444 3150 rio
1458 3132 1473 3151 e
1495 3122 1668 3156 stipulatione
1689 3118 1767 3146 servi.
1807 3117 1863 3146 vid.
1882 3118 1934 3147 Sti-

1399 3160 1505 3194 pulat10
1521 3159 1598 3186 servi.

796 3193 880 3224 etiarn
899 3194 1045 3228 immaturi·
1062 3204 1124 3234 333-
1141 3197 1196 3236 seq.
1218 3195 1334 3234 ftuffiia-
1361 3195 1566 3228 Usumfrueturu
1582 3194 1654 3228 servi
1676 3193 1887 3234 habe,ns„etiam
1904 3202 1934 3221 σ-

1869 3236 1934 3261 Hera
