2036 3495
168 66 234 108 398
606 57 638 92 G
670 67 689 90 r.
725 65 746 88 rt
781 64 803 88 A
836 63 858 87 lt
890 63 914 88 n
945 61 957 87 1
1007 52 1045 86 N

170 148 313 189 dicetur)
336 147 366 179 dc
396 147 433 178 ad
459 145 535 177 servi
561 144 724 175 dominum
743 140 896 172 tranfierit
920 138 1038 171 fundus

173 190 308 222 dotalis:
335 187 441 229 potest
462 185 575 225 quaeri,
595 193 633 215 an
652 182 744 221 possit
769 181 821 213 hic
838 181 985 212 dominus
1009 189 1039 210 a·

171 233 288 263 lienare
305 228 443 261 dotalem
459 225 619 258 fundum?
643 222 798 264 Ulpianus
813 222 832 253 i.
855 231 883 253 2.
895 221 921 252 h.
942 227 964 252 t.
986 230 1040 252 ve-

174 273 236 304 rius
249 279 359 312 putat,
383 278 446 300 non
464 265 567 307 posse:
591 273 693 305 eaque
717 265 838 296 ratione
859 271 937 306 mox
954 262 1041 294 addit

171 313 200 355 §.
222 312 293 348 Li&
309 311 328 342 fi
344 311 381 340 ad
400 308 508 339 fiscum
526 306 729 347 pervenerit,
752 305 954 337 nihilominus
966 313 1040 335 ven-

172 353 325 385 ditionem
344 348 428 380 fundi
448 347 612 389 impediri,
636 348 779 387 quamvis
803 344 895 377 fiscus
919 344 1041 386 semper

173 395 306 426 idoneus
324 388 478 421 successor
495 388 550 428 fit,
570 388 601 420 &
618 387 781 420 solvendo.

211 434 290 465 Satis
309 432 348 461 de
366 429 555 461 alienatione
573 430 690 461 dotalis
706 429 809 460 fundi.
835 428 874 459 de
896 427 1042 470 pigne-ra-

172 471 259 506 tione
283 472 457 503 videamus.
501 465 571 503 Lex
598 471 684 503 enim
703 470 798 510 julia,
829 477 943 511 praeter
967 469 1041 501 alie-

1079 61 1100 85 ο
1134 62 1154 85 o
1187 60 1212 92 ρ
1244 62 1264 86 τ
1323 52 1350 86 C
1382 64 1403 86 o
1437 64 1462 87 M
1497 62 1534 87 ir.

1081 139 1246 186 nationem
1261 162 1270 178 ‚
1292 142 1386 173 etiarn
1405 141 1638 183 obligationem
1662 150 1769 179 vetat:
1793 153 1865 180 cum
1888 150 1952 181 hoc

1083 187 1189 226 tamen
1205 181 1383 228 discrimine
1399 193 1409 221 ;
1431 184 1520 223 quod
1537 184 1620 216 illam
1636 186 1788 226 prohibet
1800 212 1809 227 ,
1829 195 1950 224 tantum

1082 228 1182 268 invita
1201 223 1351 262 muliereg
1374 224 1457 255 banc
1473 226 1587 264 etiam,
1611 227 1845 261 consentiente.
1891 230 1954 263 Ve-

1083 271 1157 308 rum·
1177 261 1255 310 Imp.
1279 263 1491 311 justinianus,
1523 275 1587 307 quo
1616 268 1738 307 plenius
1772 269 1954 305 subveniret

1082 303 1240 351 fragilitati
1273 306 1363 338 sexus
1386 307 1548 340 muliebris
1563 331 1573 347 ,
1605 311 1691 348 quod
1718 311 1787 342 Lex
1808 311 1889 351 Julia
1913 314 1953 345 de

1083 344 1278 393 obligatione
1294 346 1422 386 statuit,
1437 349 1475 379 ad
1492 349 1717 383 alienationem
1734 352 1887 392 porrexit.
1910 354 1957 386 ita

1085 395 1190 425 neque
1212 395 1329 427 invita,
1351 397 1456 429 neque
1481 390 1630 430 volente,
1660 401 1760 424 uxore
1784 393 1881 426 hodie
1902 404 1955 428 aut

1086 427 1219 499 oliligiari
1244 437 1298 460 aut
1326 430 1455 462 alienari
1487 440 1503 462 a
1537 432 1652 465 marito
1688 433 1804 466 fundus
1836 436 1952 470 dotalis

1086 477 1162 508 pote
1192 486 1202 500 ·.

337 641 636 693 LIBER
686 640 1246 691 VJGESJMUS
1303 643 1784 708 QUARTUS.

862 758 1294 801 'I'1TULus.1.

1668 756 1684 767 r

679 857 729 892 De
758 857 969 891 donationibus
995 857 1074 890 inter
1100 857 1200 891 vistim
1228 854 1268 896 ὅ*
1294 861 1428 891 uxorem.

175 953 353 994 325'551335(
376 953 454 986 dote
473 962 565 993 quam
585 952 743 993 appellavi
768 951 906 992 speciem
932 951 1051 995 impro-

175 996 216 1038 εὶ-ἓές
242 1009 285 1052 A
313 997 343 1035 ’(ῗζ-ῖ
376 996 452 1035 priae
468 996 669 1032 donationis,
687 995 864 1034 separandae
883 993 943 1036 hoc
959 991 1052 1023 Titu-

174 1044 215 1083 :723
313 1040 352 1083 ⁰03³
377 1037 409 1067 lo
427 1035 494 1067 sunt
511 1036 699 1068 donationes
719 1044 819 1065 verae:
842 1039 912 1065 nam
931 1034 998 1071 illa,
1017 1041 1053 1068 ut

174 1083 352 1125 323³anss
376 1077 535 1116 vidimus,
558 1078 640 1108 inter
657 1078 757 1108 virum
783 1076 813 1107 ὃ(
831 1084 962 1107 uxorem
989 1083 1051 1106 tam

243 1115 249 1122 '
294 1115 300 1122 '
375 1113 468 1160 post,
498 1127 590 1159 quam
613 1124 687 1149 ante
710 1117 943 1150 matrimonium
969 1117 1049 1153 opti·

174 1172 230 1197 mo
243 1163 311 1203 jure
326 1159 554 1193 constituitur:
580 1159 628 1190 ha:
646 1159 762 1191 deinde
790 1159 873 1189 inter
899 1166 956 1188 eos
980 1156 1049 1188 fieri

176 1211 359 1245 nequeunt:
381 1201 519 1242 Ulpiano
541 1202 560 1233 l.
580 1209 605 1232 1.
629 1200 664 1236 &⁹
684 1200 704 1232 l.
720 1210 749 1241 3.
770 1199 875 1240 juncta
892 1199 910 1231 i.
924 1198 1046 1238 aaut.

172 1245 321 1283 auctore,
347 1243 495 1274 Moribus
522 1243 605 1283 apud
632 1244 692 1274 'nos
708 1244 874 1279 receptum
901 1240 984 1277 css‘e,
1007 1239 1048 1271 ne

175 1290 260 1320 inter
282 1286 384 1317 virum
403 1285 432 1315 &
452 1292 583 1315 uxorem
601 1283 790 1314 donationes
808 1282 1048 1313 valerent:eos-

176 1334 239 1369 que
257 1336 363 1359 mores
379 1324 471 1357 fuiffe
488 1322 645 1355 Oratione
661 1321 866 1365 Imperatoris
895 1322 1048 1354 Antonini

174 1371 208 1403 in
233 1369 351 1401 Senatu
381 1367 488 1398 habita
513 1364 716 1397 confirmatos
741 1364 855 1397 Fulvio
878 1363 1048 1395 AEmiliano

177 1412 209 1444 δι
224 1408 378 1442 Nummio
403 1408 519 1439 Albino
545 1406 755 1445 Consulibus,
779 1405 875 1446 paulo
899 1413 971 1436 ante
995 1413 1048 1436 ex—

176 1451 294 1484 oess‘urn
312 1449 419 1481 Severi
441 1446 483 1478 D.
504 1446 603 1478 Patris
626 1446 679 1478 sui.
705 1446 726 1478 fi
752 1451 846 1484 vere,
870 1450 904 1477 'ut
930 1445 976 1477 sas
1002 1444 1048 1477 est

175 1494 326 1529 credere,
349 1490 479 1521 recitata
501 1487 563 1519 fuit
578 1488 743 1519 communi
761 1488 925 1528 utriusque
949 1487 1050 1518 nomi-

174 1544 237 1567 ne:
260 1531 330 1563 satis
345 1530 535 1569 explorato,
559 1535 702 1569 patrem,
726 1528 875 1569 quamdiu
894 1528 993 1566 vixit,
1016 1526 1047 1558 se

174 1574 358 1613 Principatu
375 1575 549 1611 numquam
571 1569 743 1601 abdicass'e:
766 1569 843 1601 licet
866 1569 951 1600 bunc
974 1577 1047 1600 cum

174 1615 240 1649 filio
258 1611 552 1646 communicaverit.
577 1614 644 1642 rem
662 1611 751 1653 vides
770 1609 976 1642 &inventam
999 1618 1047 1641 ra-

174 1661 298 1689 tionem
315 1677 324 1693 ‚
349 1662 404 1685 cur
430 1662 466 1684 ea
488 1651 603 1684 Oratio
630 1652 730 1684 modo
749 1652 915 1683 Antonino
935 1650 1046 1682 adscri-

174 1699 268 1730 batur
285 1696 312 1727 d.
328 1694 348 1726 l.
368 1703 396 1735 3.
420 1691 462 1726 D.
480 1694 508 1725 h.
527 1699 549 1724 t.
573 1694 674 1725 modo
690 1693 812 1725 Severo
829 1693 849 1725 l.
870 1702 915 1725 10.
939 1692 971 1723 C.
986 1694 1013 1723 d.
1025 1697 1047 1723 t.

173 1739 276 1772 modo
292 1737 421 1776 utrique
442 1736 462 1766 l.
480 1744 509 1776 3.
527 1732 560 1766 C.
575 1735 603 1765 d.
622 1738 642 1765 t.
668 1743 705 1766 ac
719 1743 758 1766 ne
774 1735 824 1766 cui
842 1734 904 1765 hoc
925 1742 1047 1766 novum

174 1780 321 1812 videatur
335 1799 345 1816 ‚
369 1777 398 1808 ei
413 1775 525 1808 licebit
547 1775 713 1807 consulere
731 1774 842 1818 scripta
859 1785 876 1807 a
891 1782 942 1806 me
958 1773 1048 1815 supra

174 1821 230 1853 sub
245 1819 381 1858 Titulo,
404 1817 451 1849 De
467 1815 540 1858 offic.
561 1816 696 1857 Praefeft.
722 1815 816 1855 Urbi:
840 1816 893 1848 ubi
917 1823 1048 1847 annota-

173 1863 208 1894 vi
231 1860 347 1894 slmilia.
371 1859 518 1900 proxime
542 1866 674 1899 quoque
698 1857 753 1890 sub
771 1857 886 1889 Titulo
912 1857 964 1888 De
987 1857 1048 1887 ritu

175 1904 347 1944 nuptiarum
363 1899 530 1932 observavi
548 1897 665 1939 aliquid
683 1909 723 1931 ex
739 1899 758 1931 l.
777 1903 827 1939 67.
850 1894 877 1941 §
895 1907 923 1940 3.
944 1897 1050 1938 Juntta

175 1943 387 1984 Inscriptione
410 1941 430 1972 l.
450 1945 503 1973 60.
525 1941 637 1972 ibidem.
684 1940 762 1972 lllud
784 1949 886 1981 prope
909 1939 1051 1979 superva-

178 1995 273 2019 cuum
288 1984 386 2015 fuerit
402 1982 547 2021 moneri,
570 1982 651 2013 hanc
669 1981 858 2013 Orationem
883 1982 913 2013 in
937 1982 965 2012 d.
982 1980 1001 2011 l.
1020 1989 1049 2021 3.

175 2025 287 2059 vocari
303 2024 573 2058 Constitutionem
590 2024 729 2064 generali
749 2023 965 2064 appellatione
982 2021 1047 2052 Pla-

178 2069 232 2101 citi
250 2066 448 2107 Principalis:
469 2066 547 2097 item
572 2065 645 2096 alibi
667 2064 801 2096 Senatus
826 2062 1003 2095 Deci-etum
1028 2061 1047 2093 l.

174 2120 227 2152 32.
248 2109 277 2151 §.
297 2113 346 2146 24.
370 2106 411 2139 D.
429 2107 457 2137 b.
475 2111 496 2138 t.
521 2106 551 2137 &
567 2105 880 2138 senatusconsultum
899 2105 918 2136 l.
941 2113 963 2135 1.
978 2103 1006 2145 §.
1018 2113 1046 2144 3.

177 2151 221 2183 D.
238 2153 271 2182 de
294 2150 350 2181 dot.
365 2147 479 2190 praeleg.
503 2146 602 2178 solitis
628 2147 810 2188 Principum
838 2146 1047 2189 Orationibus

179 2191 359 2224 confirmari
385 2189 529 2220 Dect-eto
551 2187 704 2220 Senatus:
735 2192 770 2219 ut
795 2193 926 2226 nntum;
958 2187 988 2218 ἂ
1017 2195 1048 2217 in

180 2233 341 2274 praesentia
359 2229 480 2262 factum
494 2228 607 2267 fuisse,
631 2237 764 2270 apparet
781 2239 821 2260 ert
837 2230 864 2259 d.
883 2229 902 2260 i.
923 2237 972 2269 32.

220 2274 362 2314 Sequens
378 2271 476 2304 fuerit
489 2269 667 2311 inquisitio,
688 2279 784 2310 atque
801 2269 864 2311 ipsa
881 2279 946 2301 non
970 2268 1051 2300 levis

181 2315 357 2353 momenti3
380 2322 441 2354 qua
457 2311 580 2344 ratione
599 2311 735 2343 Veteres
752 2311 931 2347 noluerint,
953 2311 1052 2341 dona-

181 2357 285 2388 tiones
308 2355 389 2387 inter
414 2354 515 2386 virum
540 2353 570 2384 ἃ
593 2361 727 2384 uxorem
753 2352 839 2392 fieri3
862 2361 934 2384 cum
959 2351 1053 2392 poflit

181 2398 293 2429 durum
312 2404 406 2436 atque
420 2395 625 2426 inhumanum
642 2394 763 2435 putari,
781 2393 864 2425 inter
882 2403 938 2425 eos
955 2392 1054 2432 impe·

181 2438 238 2470 diri
257 2437 474 2469 liberalitatem
487 2459 498 2475 ,
522 2435 605 2467 inter
622 2445 702 2474 quos
718 2434 887 2466 neceffaria
905 2435 935 2466 δι
950 2434 1056 2466 lauda-

181 2478 253 2511 bilis
278 2478 313 2509 sit
334 2478 523 2519 benignitas.
566 2474 670 2509 Fuisse
687 2485 791 2509 tamen
809 2476 871 2508 hoc
891 2475 1007 2508 summa
1023 2484 1056 2507 u-

182 2520 300 2552 tilitate
325 2527 508 2559 receptum,
531 2517 684 2558 Ulpianus
701 2518 720 2550 l.
739 2525 767 2550 1.
792 2517 834 2549 D.
853 2518 882 2549 h.
904 2522 926 2549 t.
951 2515 1054 2548 existi-

182 2568 264 2594 mat:
286 2558 446 2599 causatus,
468 2559 560 2592 fuiffe
577 2559 826 2600 providendum,
851 2568 892 2590 ne
909 2565 1053 2590 mutuato

183 2610 292 2634 amore
318 2601 455 2631 invicem
479 2601 705 2641 spoliarentur,
733 2600 960 2632 donationibus
985 2609 1054 2630 non

185 2648 418 2684 temperanteS,
441 2641 490 2672 sed
510 2641 637 2682 profusa
660 2645 734 2683 erga
751 2640 781 2672 se
800 2640 959 2673 facilitate.
1005 2637 1054 2671 Aa

184 2686 268 2717 hanc
284 2683 440 2715 rationem
461 2684 585 2714 accedit
600 2683 697 2714 altera
717 2679 800 2714 Pauli
819 2683 838 2714 l.
856 2687 881 2714 ρ’.
895 2680 986 2712 fuiss'e
1003 2690 1053 2712 ca-

184 2726 389 2761 vendum3ut
405 2721 482 2753 effet
499 2725 543 2754 eis
561 2723 696 2756 studium
713 2724 830 2755 liberos
850 2726 957 2763 potius
978 2723 1054 2753 edu·

184 2767 292 2800 cendi.
333 2763 386 2795 Sic
410 2763 529 2794 habent
555 2764 754 2806 manuscripti
775 2763 862 2797 libri:
887 2761 1053 2805 quomodo

185 2810 282 2841 etiarn
300 2807 415 2838 educere
432 2813 490 2845 pro
521 2806 639 2837 educare
662 2807 778 2838 dicitur
801 2806 819 2837 i.
839 2810 887 2840 28.
912 2805 942 2847 §.
964 2814 989 2837 1.
1013 2803 1054 2836 D.

187 2851 216 2883 h.
241 2855 253 2881 t
305 2847 420 2880 Sextus
441 2844 587 2877 Coecilius
609 2848 732 2878 invenit
756 2847 786 2879 ὃς
811 2848 935 2878 tertiam
959 2846 1054 2878 ratio·

186 2901 280 2924 nem:
302 2897 372 2929 quae
384 2886 429 2919 est
443 2909 453 2927 ,
473 2886 653 2931 quod‘saepe
670 2887 812 2920 futurum
828 2887 922 2925 effen,
947 2888 1053 2919 utdis·

187 2938 374 2965 cuterentur
396 2929 595 2961 matrimonia
612 2949 622 2964 ‚
651 2926 672 2957 fi
697 2938 761 2960 non
787 2930 923 2961 donaret
950 2929 975 2961 is
1000 2928 1053 2968 qui

187 2973 308 3016 posset,
331 2979 428 3010 atque
443 2970 485 3001 ita
501 2974 707 3004 eventurum,
730 2977 764 3000 ut
781 2970 934 3002 venalicia
955 2969 1055 3001 essent

187 3013 397 3047 matrimonia.
440 3007 534 3043 Hanc
557 3010 713 3041 rationem
736 3019 776 3040 ex
798 3011 897 3043 Semo
923 3010 1054 3043 Caecilio

188 3055 322 3088 servavit
345 3053 439 3085 nobis
460 3052 575 3084 Paulus
588 3051 616 3082 d.
639 3050 706 3095 ἱππ.
732 3057 827 3089 atque
849 3052 944 3092 ipsam
974 3051 1052 3083 Ora<

187 3098 278 3128 tione
295 3093 497 3135 Imperatoris
515 3091 667 3124 Antonini
682 3089 744 3121 ess'e
760 3091 912 3130 eiectam,
934 3102 1053 3125 memo-

189 3144 237 3172 rat
253 3136 282 3171 in
301 3137 318 3168 l.
334 3146 364 3178 3.
386 3133 559 3177 Ulpianus:
581 3132 623 3168 fic
639 3130 794 3181 scribens:
816 3131 948 3174 Majores
964 3132 1055 3175 nostri

1094 952 1170 982 inter
1185 954 1283 983 virum
1295 951 1457 986 &uxorein
1473 953 1636 984 donationes
1651 954 1871 995 prohibuerunt,
1886 955 1960 984 amii-

1095 995 1154 1023 rein
1176 992 1323 1033 honestum
1336 996 1408 1034 solis
1432 995 1535 1026 animis
1559 992 1746 1035 (estimantes,
1762 996 1853 1035 famae
1875 995 1961 1026 etiam

1096 1034 1313 1074 conjunttormii
1328 1037 1523 1077 consulentes,
1546 1045 1580 1065 ne
1595 1038 1743 1068 concordia
1757 1041 1846 1077 pretio
1867 1037 1961 1067 conci-

1094 1073 1162 1105 itari·
1183 1077 1350 1114 videretur,
1373 1079 1444 1116 neve
1465 1077 1562 1107 nielz'or
1585 1078 1617 1108 iu
1637 1083 1835 1118 paupertatem
1856 1077 1961 1108 incide-

1092 1120 1157 1154 ret,
1180 1119 1302 1148 deterior
1319 1119 1405 1150 ditior
1418 1118 1509 1160 fieret.
1553 1111 1725 1151 Videamus
1749 1128 1856 1157 nunc,
1878 1119 1960 1150 inter

1092 1163 1177 1204 quos
1196 1158 1366 1199 prohibita:
1391 1159 1545 1191 Oratione
1570 1158 1628 1190 sint
1654 1161 1855 1192 donationes.
1906 1159 1963 1191 Illa

1091 1206 1235 1231 nominat
1259 1201 1360 1232 virum
1384 1201 1414 1232 ὅ(
1439 1202 1588 1232 uxorein:
1618 1196 1767 1242 Mnjms,
1791 1201 1961 1241 inquiens,

1090 1237 1180 1285 ntstr'i
1202 1241 1279 1271 inter
1299 1241 1399 1273 virum
1423 1241 1459 1277 δέ)
1482 1250 1600 1273 uxorem
1629 1239 1792 1274 donationes
1811 1242 1964 1283 prohibue-

1090 1286 1171 1311 runt.
1210 1281 1288 1313 Sunt
1305 1291 1410 1325 autern
1428 1282 1474 1314 vir
1491 1283 1520 1314 ὃς
1538 1284 1619 1315 uxo'r
1637 1284 1720 1315 inter
1738 1293 1819 1324 quos
1835 1291 1963 1315 contra-

1091 1321 1147 1352 &ae
1165 1321 1233 1354 sunt
1259 1325 1377 1364 nuptia:
1393 1324 1457 1355 five
1474 1325 1711 1356 matrimonium
1728 1324 1964 1364 solemniterju-

1090 1372 1124 1394 re
1139 1364 1246 1402 civili,
1270 1373 1323 1396 aut
1341 1363 1493 1396 ‘consensu
1506 1365 1577 1406 jure
1594 1367 1748 1405 gentium.
1771 1366 1855 1397 Ante
1872 1365 1965 1403 spon-

1091 1402 1138 1448 sus
1156 1405 1186 1436 ὅ(
1207 1404 1314 1445 sponsa
1341 1405 1560 1447 appellantur:
1585 1407 1624 1437 de
1649 1407 1764 1444 quibus
1782 1406 1859 1438 nihil
1880 1405 1962 1437 Ora-

1090 1451 1147 1491 tio,
1168 1445 1267 1490 ⁸Inde
1290 1446 1496 1478 Modestinus
1519 1446 1539 1477 l.
1563 1447 1611 1486 Ξῖ.
1635 1447 1678 1479 D.
1703 1449 1732 1480 h.
1750 1448 1770 1478 ii
1795 1448 1875 1479 Inter
1897 1456 1962 1485 eos,

1089 1493 1210 1526 inquit,
1232 1488 1283 1528 'qui
1307 1488 1489 1519 matrimonio
1512 1489 1616 1518 coitari
1633 1488 1724 1527 sum,
1745 1490 1813 1520 ante
1839 1488 1963 1528 nuptias

1089 1528 1203 1573 donatio
1210 1527 1298 1567 faeta
1307 1529 1377 1570 jure
1399 1516 1533 1568 tonfistit.
1556 1528 1585 1559 ἀ
1614 1528 1720 1567 addit,
1742 1530 1784 1560 ita
1805 1529 1854 1569 jus
1880 1528 1963 1568 esse;

1089 1567 1305 1613 etzanzsiteoclem
1321 1571 1366 1600 die
1381 1572 1490 1610 nuptias
1499 1569 1620 1608 fuerint
1643 1570 1808 1606 consecutae.
1852 1569 1963 1601 Proin-

1090 1609 1130 1640 de
1148 1608 1225 1655 silli‘s
1248 1609 1284 1642 fit
1307 1610 1348 1642 de
1373 1609 1567 1649 donatione,
1598 1614 1692 1651 quam
1718 1611 1888 1651 aliquando
1914 1610 1964 1642 vit

1090 1659 1183 1681 uxori
1200 1650 1337 1691 fecerit,
1359 1652 1414 1683 aut
1431 1658 1543 1683 contra
1559 1660 1640 1682 uxor
1657 1652 1747 1684 viro:
1768 1660 1830 1683 una
1847 1650 1893 1684 est
1911 1651 1965 1683 de·

1090 1691 1235 1737 liberatio
1251 1715 1262 1732 ,
1292 1694 1399 1725 utrum
1422 1692 1535 1734 sponso
1558 1691 1642 1724 faCta
1663 1691 1699 1724 fit
1721 1702 1737 1725 a
1760 1692 1870 1734 sponsa
1885 1716 1896 1732 ,
1926 1697 1967 1726 an

1091 1741 1181 1777 uxori
1197 1743 1214 1764 a
1235 1734 1370 1774 marito,
1394 1733 1425 1766 &
1443 1735 1516 1766 vice
1532 1733 1628 1766 versa.
1653 1742 1714 1775 qua
1730 1734 1762 1766 in
1784 1741 1874 1776 parte
1887 1732 1968 1774 saepe'

1089 1772 1152 1805 fuit
1175 1774 1354 1807 dubitatum
1371 1798 1381 1813 ‚
1412 1775 1531 1817 nuptiis
1555 1775 1668 1807 eodem
1694 1775 1748 1807 die
1778 1775 1966 1809 celebratisz'

1090 1815 1152 1846 ssve
1169 1816 1256 1857 quod
1280 1816 1410 1856 sponsa,
1433 1820 1506 1849 'cum
1535 1817 1665 1848 donatio
1689 1815 1800 1857 fieret,
1823 1817 1967 1849 nondum

1092 1855 1170 1887 esset
1188 1857 1321 1889 dedussa
1335 1858 1366 1889 in
1387 1859 1518 1891 domurn
1542 1857 1618 1892 viri:
1641 1857 1706 1890 five
1730 1859 1818 1899 quod
1848 1858 1966 1890 tabulae

1092 1898 1249 1938 nuptiales
1265 1899 1408 1931 nondum
1426 1898 1527 1931 essent
1541 1899 1839 1941 fignatae.credi·tum
1855 1905 1964 1932 autem

1095 1937 1158 1970 fuit
1180 1932 1326 1971 interesse
1345 1963 1355 1975 ,
1384 1941 1459 1980 quid
1482 1949 1653 1981 ageretur:
1688 1948 1790 1973 utrum
1816 1949 1850 1972 ut
1876 1940 1964 1972 nudo

1094 1980 1244 2012 consensu
1273 1980 1435 2013 constaret
1459 1982 1712 2014 matrimonium:
1744 1992 1782 2014 an
1799 1983 1964 2021 placeret,

1093 2023 1217 2062 nuptias
1236 2022 1415 2054 solemniter
1432 2022 1509 2055 fieri.
1528 2022 1645 2055 summa
1661 2030 1764 2055 tamen
1782 2023 1844 2054 huc
1863 2021 1965 2054 redit:

1091 2066 1195 2107 utrum
1210 2063 1271 2103 jam
1288 2073 1360 2095 cum
1378 2064 1508 2095 donatio
1532 2064 1641 2103 fieret,
1658 2058 1843 2110 perfectum
1866 2063 1966 2094 fuerit
2004 2075 2009 2091 ε
2032 2056 2036 2066 ⁵

1091 2104 1345 2141 matrimonium,
1369 2105 1560 2146 perfectam-e
1576 2107 1703 2145 l'luptlae.
1728 2108 1770 2136 ita
1788 2105 1963 2144 utraquein

1091 2145 1194 2191 specie
1219 2145 1361 2177 Scit—vora
1385 2148 1402 2176 l.
1421 2143 1471 2178 (36.
1492 2148 1537 2187 p‘r.
1556 2146 1591 2181 δέ’
1606 2147 1633 2188 §.
1655 2156 1679 2177 1.
1706 2146 1745 2177 D.
1771 2147 1798 2177 b.
1818 2152 1839 2178 t.
1863 2145 1962 2186 magis

1093 2188 1233 2230 dejure,
1258 2191 1351 2227 quarn
1369 2188 1407 2217 de
1425 2187 1531 2225 facto,
1555 2187 1747 2227 respondere
1767 2187 1888 2218 solitus.
1926 2186 1962 2218 ln

1093 2226 1191 2258 dubio
1209 2237 1286 2260 vero
1305 2227 1488 2260 servandum
1509 2233 1595 2268 quod
1614 2228 1643 2260 in
1660 2229 1678 2260 i.
1694 2233 1722 2260 6.
1747 2229 1778 2260 C.
1807 2230 1840 2259 de
1862 2230 1960 2260 donat.

1093 2274 1153 2299 ant.
1171 2275 1253 2308 nupt.
1282 2269 1464 2301 Aurelianus
1484 2269 1621 2301 Donatae
1642 2269 1765 2301 cuidam
1790 2269 1831 2302 sic
1853 2268 1960 2300 rescri-

1095 2310 1160 2342 bit:
1186 2312 1258 2342 Cum
1280 2312 1312 2341 in
1336 2318 1361 2341 te
1372 2309 1527 2352 fiiiiplicem
1549 2313 1726 2343 donationem
1749 2313 1828 2342 dicas
1843 2309 1958 2348 fastam

1097 2351 1148 2391 effe
1164 2353 1208 2382 die
1225 2354 1413 2392 nuptiarum,
1437 2352 1474 2387 ὅ)
1496 2354 1527 2384 in
1555 2352 1720 2394 ambiguum
1738 2350 1822 2393 poffit
1842 2350 1960 2385 venire,

1098 2399 1198 2423 utrum
1214 2403 1232 2424 a
1239 2396 1342 2434 sponso
1353 2416 1362 2431 ,
1385 2399 1424 2431 cin
1438 2404 1456 2425 a
1472 2395 1573 2425 marito
1589 2395 1726 2425 donatum
1737 2389 1843 2430 stadio
1860 2387 1961 2430 distin-

1094 2435 1244 2475 guendum
1262 2432 1300 2475 est
1311 2457 1321 2472 ‚
1333 2440 1366 2465 uc
1375 2433 1404 2473 fi
1420 2436 1451 2466 in
1467 2440 1519 2466 tua
1535 2437 1614 2466 darno
1629 2437 1733 2465 donum
1742 2437 1887 2472 acceptum
1901 2428 1960 2471 est.

1096 2480 1163 2506 ante
1178 2477 1298 2516 nuptias
1313 2476 1449 2508 videatur
1460 2474 1550 2512 fasta
1565 2475 1615 2516 effe
1628 2475 1760 2505 donatio:
1781 2474 1855 2514 quod
1864 2471 1893 2510 fi
1914 2478 1961 2510 pest

1096 2525 1146 2546 nes
1154 2516 1188 2556 se*
1203 2518 1280 2547 aedit
1288 2516 1426 2557 sponsat,
1449 2517 1558 2548 retrahi
1568 2514 1665 2556 poffit:
1686 2524 1761 2546 uxor
1775 2515 1849 2544 enim
1857 2511 1960 2553 suilli.

1098 2556 1248 2589 Occurrit
1273 2558 1325 2588 hic
1347 2559 1376 2589 ἀ
1397 2559 1456 2590 alia
1480 2556 1630 2596 inspectio
1647 2556 1664 2586 l.
1683 2566 1712 2597 5.
1737 2554 1778 2586 D.
1799 2555 1826 2586 h.
1847 2561 1867 2586 t.
1892 2563 1963 2591 qua:

1096 2598 1255 2638 sequitur:
1277 2598 1402 2638 sponsus
1419 2596 1534 2638 sponsa:
1551 2598 1745 2634 donaturus,
1762 2596 1891 2628 tradidit
1906 2594 1965 2638 Ti-⁴

1096 2639 1161 2676 ti0‚
1185 2642 1219 2670 ut
1246 2640 1270 2670 is
1295 2637 1409 2679 sponsa)
1433 2640 1532 2670 daret.
1558 2638 1675 2669 deinde
1703 2636 1810 2669 Titius
1835 2635 1966 2668 tradidit

1096 2680 1166 2720 post
1188 2680 1312 2720 nuptias
1330 2679 1459 2711 secutas.
1501 2679 1552 2711 De
1567 2680 1636 2720 jure
1657 2678 1830 2719 quaeritur?
1853 2677 1962 2718 Ulpia-

1094 2730 1151 2753 nus
1168 2720 1390 2761 ai't‚siquidem
1406 2729 1477 2753 curn
1497 2719 1720 2759 interposuerit
1740 2720 1963 2756 maritus‚nori

1095 2763 1201 2794 valere
1225 2762 1426 2794 donationem
1445 2771 1515 2802 quae
1538 2761 1609 2803 post
1634 2761 1811 2793 contractas
1835 2761 1962 2801 nuptias

1096 2803 1295 2845 perficiatur:
1330 2802 1352 2835 fi
1382 2812 1460 2835 vero
1486 2804 1600 2835 mulier
1623 2811 1696 2834 eum
1728 2800 1965 2843 interposuerit,

1093 2846 1155 2886 jam
1172 2845 1291 2876 dudum
1309 2843 1482 2885 perfectam
1501 2845 1728 2882 donationem,
1752 2844 1816 2874 hoc
1832 2843 1896 2881 est,
1914 2851 1967 2873 an-

1096 2893 1129 2918 te
1144 2887 1288 2926 nuptias3
1311 2893 1407 2924 atque
1425 2886 1496 2919 ideo
1508 2908 1518 2924 ,
1540 2886 1683 2926 quamvis
1700 2884 1871 2916 contrafitis
1886 2889 1965 2924 nup·

1096 2928 1147 2960 tiis
1163 2927 1269 2959 Titius
1288 2928 1470 2966 tradiderit,
1493 2927 1699 2959 donationem
1719 2927 1835 2957 valere.

1135 2968 1277 3008 Apparet
1293 2969 1406 3010 igitur,
1417 2969 1624 3000 donationem
1643 2967 1712 3007 post
1729 2965 1965 2998 matrimonium

1097 3009 1278 3051 prohiberi:
1303 3011 1442 3049 ideoque
1459 3009 1521 3042 effe
1539 3008 1738 3041 contractum
1760 3015 1909 3048 oportere
1920 3000 1966 3037 se-

1096 3052 1235 3083 cundum
1253 3050 1357 3092 legum
1374 3059 1549 3092 praecepta:
1573 3051 1644 3082 nain
1667 3058 1733 3081 tum
1761 3051 1887 3080 demum
1913 3048 1963 3079 vir

1096 3093 1126 3124 &
1142 3101 1224 3124 uxor
1238 3092 1445 3133 appellantur.
1470 3093 1558 3132 quod
1575 3091 1596 3123 fi
1611 3090 1816 3122 intervenerit
1833 3089 1965 3126 impedi-

1095 3141 1262 3174 mentum,
1291 3143 1332 3167 ne
1358 3132 1394 3166 fit
1417 3133 1549 3169 omnino
1575 3131 1824 3166 matrimonium:
1853 3129 1963 3171 Ulpia-

1903 3179 1962 3203 nus
