2036 3495
208 78 292 114 *344

210 157 324 197 -empti;
349 156 378 189 &
403 154 502 187 refert
521 153 623 200 Vetus
646 152 757 184 auctor
774 174 785 192 ‚
815 152 863 201 De
883 154 1021 186 limitibus
1036 178 1046 195 ,
1069 165 1087 188 a

219 197 376 230 Briffonio
394 195 543 226 adduCtus
560 194 608 224 lib.
627 202 655 230 α.
673 192 772 224 Selebi.
788 199 878 235 antiq.
894 204 917 225 c.
937 205 988 227 Χῖ.
1007 196 1084 229 Por·

212 248 258 270 vro
273 238 316 268 ait
334 236 485 276 Ulpianus
495 258 505 273 ‚
529 235 584 266 Sed
602 232 674 271 &fi
688 236 759 275 quid
775 236 812 265 aa
826 235 1000 267 collationem
1015 239 1080 270 vioe.

217 277 263 309 Et
285 278 348 308 hoc
367 286 407 308 ex
426 275 535 307 Siculo
559 274 694 312 Flacco,
717 274 764 306 De
778 277 988 308 conditionibus
1002 288 1084 320 agro·

211 316 301 356 ¹rum,
327 324 395 358 pag.
413 325 444 353 9.
465 316 604 348 declarat
617 315 788 348 Briss'onius
802 317 828 348 d.
846 327 870 348 c.
888 327 939 349 xi.
960 326 1083 352 tantum

210 359 346 397 addam,
373 357 460 398 quod
490 358 609 389 viarum
628 357 824 389 munitiones
839 357 901 390 effe
918 359 1082 400 locorum,

211 407 278 430 non
298 397 438 439 personae
457 407 585 434 munera
598 421 608 436 ‚
631 398 755 430 constat
773 409 812 430 ex
829 400 848 430 l.
870 409 917 440 14.
937 400 966 442 §.
989 411 1015 433 2.
1040 402 1081 433 D.

213 440 248 470 de
263 441 428 471 muneribus
447 439 483 474 ὅ)
503 440 672 479 bonoribus,
696 440 725 471 &
740 440 758 470 l.
780 449 828 472 11.
842 440 884 472 D.
903 443 936 472 de
952 444 1080 474 vacatio-

211 489 248 511 ne
264 480 300 514 {5⁹
314 482 497 516 excusatione
512 490 672 512 munerum.
712 480 827 512 Rursus
844 483 888 513 ait
907 482 1080 524 Ulpianus,

209 520 255 552 Et
269 523 345 563 quod
362 524 394 553 ob
411 520 566 560 transitum
582 523 723 553 exercitus
739 523 895 563 confertur.
920 524 969 556 Ad
986 524 1077 565 hujus

208 562 257 594 rei
283 563 481 595 intellectum
505 564 643 603 pertinet
667 562 733 594 hoc
758 572 799 595 ex
826 563 933 597 Siculo
961 564 1077 598 Flacco

204 609 278 644 pag.
291 613 339 645 25.
359 614 375 636 a
390 604 545 637 Briffonio
562 613 693 644 quoque
710 605 872 644 proditum
887 607 914 637 d.
926 605 977 637 loc.
1001 606 1077 650 ngo-

210 645 286 676 tiens
302 644 389 677 militi
409 646 608 684 praetereunti,
633 645 721 676 aliive
737 647 785 676 cui
799 647 948 678 comitatui
963 657 1079 680 annona

205 685 321 727 publica
331 685 495 728 praestanda
515 683 553 726 est
565 709 574 723 ,
590 685 620 724 fi
637 686 718 726 ligna
734 692 787 717 aut
794 684 959 727 stramenta
982 691 1077 730 depor-

206 728 318 767 tanda,
341 729 538 769 quaerendum,
563 737 625 768 quae
639 730 790 767 civitates,
808 729 912 768 quibus
924 731 1009 771 pagis
1027 731 1077 762 bu-

201 768 331 810 jusmodi
346 778 465 800 munera
477 767 700 809 praeberesolitoe
709 767 781 807 fint.
807 769 859 800 Sic
876 770 950 810 ille3
971 771 1075 810 poffit-

206 817 270 850 que
289 811 317 841 ei
331 810 415 850 jungi
434 809 604 841 Raevardus
619 808 666 840 lib.
683 819 711 850 3.
730 809 894 851 Conjebtan.
912 821 935 843 c.
953 815 984 844 6.
1002 813 1074 844 Per-

205 852 252 891 git
273 849 440 891 Ulpianus.
466 851 522 882 Sed
533 850 569 885 δ’
583 849 611 889 fi
626 851 698 892 quid
714 852 886 891 municipio.-
907 862 973 884 nam
984 853 1074 892 fitlent

199 891 358 932 poffeffores
381 899 490 924 certam
512 897 625 933 partem
633 891 794 931 frubiuum
807 894 962 934 municipio
977 895 1075 926 viliori

199 934 293 974 pretio
309 933 449 965 addicere.
474 932 613 972 Nescio,
630 943 667 965 an
684 933 747 964 huc
763 934 908 974 respiciat
921 935 999 967 illud
1018 937 1072 968 Ar-

206 973 287 1005 cadii
306 973 436 1007 Charisii
461 975 479 1006 l.
500 979 547 1009 18.
565 974 593 1016 §.
611 984 660 1014 25.
677 973 719 1006 D.
742 975 776 1005 de
791 976 956 1007 muneribus
974 976 1011 1011 ἐπ’)
1027 978 1071 1009 bo-

201 1017 329 1048 noribus.
360 1016 503 1048 Praeterea
519 1016 621 1047 babent
636 1017 765 1057 quaedum
779 1017 917 1048 civitates
927 1025 1071 1060 proeroga-

199 1058 312 1096 tivum,
335 1064 369 1088 ut
392 1058 422 1089 hi
443 1058 542 1099 quiin
559 1057 700 1088 territorio
715 1066 813 1088 earum
831 1057 987 1098 poffident‚
1011 1069 1070 1091 cer-

202 1102 264 1129 tum
279 1100 350 1139 quid
360 1099 505 1137 frumenti
516 1105 569 1139 pro
585 1103 718 1135 mensura
734 1099 799 1139 agri
810 1105 861 1139 per
871 1098 1002 1141 fingulos
1018 1111 1068 1132 an·

201 1147 253 1170 nos
267 1142 427 1180 prebeant:
453 1144 527 1181 quod
541 1149 633 1180 genus
647 1139 804 1170 collationis
821 1150 925 1171 munus
930 1140 1067 1182 poffeffio·

199 1181 247 1211 nis
261 1179 309 1220 efl-
334 1181 500 1212 Postremo
519 1182 561 1211 ait
582 1179 755 1219 Ulpianus,
771 1180 868 1211 Solent
885 1181 1000 1222 &fisco
1014 1183 1052 1220 fu

192 1220 288 1259 fiones
301 1219 442 1262 prestare.
486 1222 579 1262 Apud
603 1221 820 1253 Haloandrum
840 1222 971 1263 legitur,
988 1224 1065 1262 fun-

200 1261 314 1293 aiones.
342 1263 394 1294 sed
411 1262 575 1294 retinenda
585 1272 665 1300 vox,
677 1260 815 1301 fusiones.
840 1264 983 1295 meminit
999 1265 1063 1306 ejus

196 1302 390 1335 Glossarium
408 1311 517 1343 vetus,
541 1304 628 1343 quod
648 1304 691 1334 est
711 1303 899 1343 Philoxeni,
923 1314 939 1335 a
957 1303 1058 1337 Leun-

196 1344 303 1376 clavio
318 1345 485 1385 allegatum
496 1369 504 1384 ‚
521 1345 569 1375 lib.
589 1354 617 1376 2.
633 1345 811 1376 Notatorum
826 1355 850 1376 c.
870 1355 919 1385 25.
938 1346 969 1377 &
982 1346 1058 1384 fusio

194 1386 301 1427 quinta
317 1387 335 1416 i.
355 1389 383 1416 6.
405 1386 472 1417 Cod.
499 1385 600 1417 Theod.
625 1387 657 1416 de
683 1386 870 1425 indulgentiis
885 1387 1058 1419 debitorum:

195 1427 283 1467 quod
308 1426 473 1467 Cujacium
504 1425 614 1458 vidiffe
637 1427 769 1466 primum
787 1448 796 1461 ‚
828 1427 871 1457 ait
893 1426 1065 1461 Raevardus

191 1467 243 1499 lib.
263 1477 291 1508 3.
313 1467 428 1499 Varior.
450 1477 476 1498 c.
498 1476 544 1507 ¹3·
567 1467 596 1497 δι
616 1467 753 1506 jacobus
774 1465 1001 1512 Gothofredus
1026 1470 1064 1502 ad

191 1509 222 1540 d.
239 1508 257 1539 l.
275 1512 305 1539 6.
324 1507 358 1539 In
376 1508 423 1539 his
441 1506 615 1538 fufionibus
633 1506 700 1538 sunt
717 1505 869 1541 stipendia
886 1508 915 1539 &
935 1510 1062 1542 tributa.

191 1557 229 1580 ea
253 1549 363 1588 utique
391 1548 564 1578 fruCtuario
581 1549 717 1588 imponit
735 1546 892 1588 Ulpianus
905 1549 925 1581 l.
942 1560 970 1590 7.
988 1551 1015 1592 §.
1034 1562 1062 1583 2.

192 1588 236 1621 D.
255 1589 288 1619 de
303 1587 470 1628 usufruiiu.
517 1587 570 1620 Est
596 1597 701 1621 autem
722 1588 892 1629 tributum,
916 1596 1003 1631 quod
1021 1594 1060 1624 ad

189 1629 337 1662 alendum
363 1631 539 1662 exercitum
562 1630 713 1662 indicitur
729 1653 739 1669 ,
773 1639 887 1670 praeter
910 1631 1060 1665 solemnia

189 1670 364 1712 vectigalia.
392 1670 528 1710 Cicero,
544 1671 591 1703 lib.
610 1681 637 1703 2.
658 1671 704 1703 De
718 1670 817 1712 officiis
833 1683 856 1703 c.
874 1682 923 1704 21.
947 1674 1059 1709 Danda

186 1714 272 1744 etiam
289 1719 374 1753 opera
389 1710 446 1753 est,
470 1722 504 1743 ne
528 1712 622 1754 (quod
637 1714 715 1753 apud
731 1723 777 1744 ma
785 1713 850 1744 'ores
871 1711 977 1754 nostros
985 1717 1059 1757 saepe

179 1752 270 1795 fiebat
285 1760 396 1794 propter
422 1755 517 1786 oerariz'
540 1755 708 1786 tenuitatem
731 1764 749 1785 α
771 1756 980 1797 iduitatemque
1003 1758 1055 1788 bel·

184 1795 295 1835 lorum)
311 1796 452 1826 tributum
454 1794 497 1832 fit
512 1795 725 1833 conferendum.
747 1795 790 1826 Et
807 1795 864 1827 Pro
878 1795 978 1828 macco
993 1805 1055 1839 cap.

188 1845 218 1874 9.
239 1836 275 1867 In
289 1838 388 1868 aerurio
405 1837 480 1867 nibil
494 1837 597 1868 habent
619 1838 772 1875 civitates,
795 1837 867 1868 nihil
883 1839 914 1869 in
929 1838 1054 1881 vectiga-

188 1877 271 1909 libus.
288 1879 348 1909 duae
363 1879 491 1909 rationes
501 1877 680 1917 conficiendae
692 1880 838 1918 pecuniae,
849 1885 901 1910 aut
915 1882 1035 1919 veryura
1044 1905 1055 1921 ,

186 1924 240 1952 aut
255 1920 373 1953 tributo.
395 1918 439 1952 Et
453 1918 504 1952 Aa
508 1919 675 1960 familiares
688 1919 736 1953 lib.
749 1918 899 1962 12.Epz·st.
908 1930 958 1963 30.
982 1922 1056 1956 Con-

820 64 1129 105 Gznaunz
1184 68 1476 108 Noonr·

1127 160 1255 199 quiritur
1271 161 1446 204 (pecunia)
1467 163 1613 204 undique,
1636 169 1669 196 ut
1683 165 1785 205 optime
1799 168 1907 200 meritis
1920 170 1991 203 mili·

1127 201 1203 232 tibus
1220 202 1537 244 promiffasolvantur:
1557 206 1632 245 quod
1655 208 1768 247 quidem
1778 207 1847 247 fleri
1857 210 1920 246 sine
1937 214 1989 244 tri-

1126 242 1192 272 buto
1205 242 1279 283 poffe
1294 254 1352 275 non
1366 247 1500 277 arbitror.
1525 246 1568 278 At
1583 245 1771 286 stipendium
1788 249 1831 280 est
1841 250 1987 285 solemnis

1127 281 1373 317 &anniversaria
1389 287 1531 318 collati'o.
1555 286 1664 319 auctor
1679 287 1814 327 Cicero,
1826 290 1858 321 in
1874 291 1988 327 Verrem

1118 322 1174 355 tib.
1189 333 1219 365 3.
1242 335 1267 356 c.
1290 330 1320 358 6.
1351 327 1433 359 Inter
1456 328 1605 366 Siciliam,
1628 335 1789 370 ceterasque
1804 333 1985 375 provincias,

1123 362 1265 405 fimum,
1287 368 1320 398 in
1341 377 1474 408 agrorum
1497 369 1684 411 vectigalium
1707 373 1865 403 rationibus
1879 373 1928 405 boc
1943 376 1986 407 in-

1121 405 1208 446 terest
1217 430 1226 445 ‚
1242 410 1316 449 quod
1332 412 1430 442 ceteris
1443 416 1494 442 aut
1504 409 1664 452 impofitum
1673 411 1796 453 vestigat
1809 411 1849 453 est
1862 420 1985 458 certum,

1118 449 1197 518 {uod
1204 446 1427 489 stipendiarium
1442 453 1570 491 dicitur,
1586 458 1620 483 ut
1636 452 1778 493 Hispanis
1794 453 1831 488 ὅ)
1841 455 1984 498 plerisque

1152 497 1294 530 oenorum,
1318 491 1400 532 quasi
1412 492 1538 525 vistoriae
1548 494 1698 534 praemium
1715 504 1748 525 oc
1757 501 1843 535 poena
1859 496 1932 530 belli.
1955 498 1982 530 1.

1122 529 1206 568 gitur
1221 531 1408 571 stipendium
1423 533 1581 573 solemne,
1594 536 1745 567 tributum
1759 539 1984 577 temporarium

1123 569 1184 601 est:
1207 571 1339 604 alterum
1356 574 1475 614 levius,
1492 577 1625 608 alterum
1642 577 1767 617 gravius
1785 578 1928 612 habetur.
1952 591 1984 612 u-

1124 618 1271 652 trumque
1296 613 1404 646 Livius
1429 616 1477 648 lib.
1502 627 1552 658 33.
1577 627 1601 648 c.
1616 622 1665 655 46.
1690 618 1855 658 ostendit,
1883 619 1984 666 Quia,

1122 652 1288 692 inquiens,
1307 657 1430 694 pecunia
1451 668 1513 699 quoe
1534 660 1566 689 in
1581 656 1758 699 stipendium
1781 660 1918 694 Romanis
1926 664 1982 703 suo
2029 663 2030 666 ’

1120 703 1231 734 quoque
1247 705 1321 726 anno
1334 699 1523 738 penderetur,
1545 701 1657 738 deerat,
1681 702 1876 743 tributumque
1891 713 1985 746 grave

1114 736 1242 774 privatis
1257 737 1401 769 imminere
1418 741 1581 772 videbatur.
1605 740 1656 772 Sic
1672 740 1791 775 Livius.
1816 753 1876 774 nec
1892 746 1983 779 aliter

1118 774 1321 816 Theophilus
1331 779 1368 809 ad
1378 779 1468 821 §.40.
1486 780 1558 821 Infl.
1574 783 1607 812 de
1622 792 1717 813 rerum
1737 783 1890 821 divzstone:
1907 795 1983 825 prae-

1118 824 1280 856 terquam,
1297 824 1384 859 quod
1401 822 1443 859 is,
1461 823 1529 862 post
1544 824 1778 862 provinciarum
1795 825 1981 861 divisionem

1117 858 1157 889 ab
1174 858 1314 900 Augusto
1336 859 1471 899 factam,
1495 863 1683 903 stipendium
1704 864 1803 896 refert
1818 867 1856 897 ad
1875 866 1980 908 Popu‘-
2015 873 2017 876 ’

1117 899 1156 939 li,
1180 901 1332 933 tributum
1357 903 1395 934 ad
1422 902 1577 944 Principis
1600 905 1806 945 provincias:
1829 909 1874 937 eo*
1895 911 1980 948 quod

1115 939 1147 972 in
1165 940 1213 971 his
1231 942 1417 984 plerumque
1433 953 1523 976 erant
1539 945 1640 984 bella,
1666 947 1697 977 in
1713 946 1774 978 illis
1790 957 1853 979 non
1870 959 1967 983 erant.

1156 981 1255 1021 Dixi,
1279 983 1354 1024 quid
1379 984 1568 1025 stipendium
1585 986 1639 1025 fit,
1663 988 1738 1027 quid
1755 989 1918 1022 tributum.
1949 992 1979 1025 Gt

1114 1029 1285 1063 utrumque
1309 1023 1467 1058 fruftuarii
1485 1037 1565 1059 onus
1583 1028 1690 1059 haberi
1709 1029 1737 1060 d.
1756 1029 1776 1061 l.
1795 1039 1822 1070 7.
1839 1030 1868 1072 §.
1887 1041 1916 1064 2.
1933 1033 1977 1067 D.
2035 1064 2036 1073 ἶ

1112 1065 1146 1094 de
1161 1065 1326 1104 usufrueu.
1351 1066 1405 1099 nifi
1421 1067 1598 1105 specialiter
1613 1070 1742 1101 nomine
1752 1068 1975 1106 fideicommisa

1110 1104 1132 1135 fi
1158 1105 1298 1138 testatori
1323 1107 1471 1147 placuisse
1494 1110 1648 1150 probetur
1664 1134 1672 1148 ,
1697 1110 1765 1142 haec
1787 1121 1914 1153 quoque
1936 1116 1974 1148 ab
2035 1115 2036 1119 ’

1109 1144 1228 1178 herede
1245 1148 1381 1188 praestari
1397 1150 1413 1180 l,
1433 1160 1484 1191 52.
1502 1150 1543 1182 D.
1561 1153 1619 1183 eod.
1636 1154 1681 1183 tz't.
1698 1153 1795 1192 Atqui
1814 1154 1882 1185 sunt
1898 1165 1972 1189 one-

1109 1195 1139 1217 ra
1158 1189 1201 1218 rei
1218 1198 1260 1234 ex.
1274 1198 1335 1235 qua
1351 1189 1518 1223 nascuntur
1536 1191 1664 1224 fruetus.
1703 1192 1766 1225 Sed
1782 1195 1827 1226 rei
1844 1205 1973 1236 propter

1107 1226 1226 1260 fructus
1253 1232 1460 1263 indicuntur:
1484 1242 1590 1281 eoque
1613 1233 1770 1281 fructuum
1799 1245 1895 1268 onera
1920 1238 1973 1286 ha-

1100 1267 1355 1351 ἒῗέἔέἔςέξιέἒῄ
1364 1271 1419 1344 ῗῑ,
1432 1274 1622 1347 ἀξεῗέἔὲᾞ
1634 1277 1973 1362 ῖέὧῗῖὶεῖῗῗέῗίζῗῗέἓ

1099 1349 1197 1396 stator
1210 1353 1325 1398 d.l.52.
1337 1353 1378 1384 D.
1389 1355 1425 1401 de
1437 1355 1603 1402 usufruiiu.
1624 1364 1709 1397 atqui
1728 1367 1787 1389 nec
1804 1358 1845 1403 sic
1859 1370 1873 1406 a
1889 1360 1966 1394 fisco

1100 1391 1162 1478 ¹1¹1?ss
1168 1401 1259 1465 ‘1232ss
1264 1392 1399 1480 [ῖῗῗῗέἒ
1399 1405 1465 1468 Ἥ
1473 1398 1633 1482 officiii?
1638 1396 1761 1484 2312*ss
1769 1398 1972 1483 .ξὲῗ3ἔ’ἶ,ξῗὲῑ

1106 1481 1146 1519 rit
1163 1472 1349 1507 fructuarius
1368 1480 1534 1524 conveniri
1559 1488 1689 1511 nomine
1711 1480 1873 1515 fructuarii
1890 1494 1971 1525 prae-

1106 1513 1146 1544 dii
1164 1514 1182 1560 i.
1203 1524 1232 1555 7.
1253 1515 1296 1548 D.
1315 1518 1348 1547 de
1357 1519 1529 1557 publicanis.
1552 1529 1701 1552 caeterum
1719 1530 1897 1557 conventus
1913 1525 1969 1558 ha-

1106 1553 1195 1586 bebit
1213 1556 1380 1597 regressum
1399 1560 1544 1593 adversus
1560 1562 1710 1593 heredem
1727 1563 1746 1593 l.
1763 1573 1812 1603 52.
1829 1564 1859 1606 §.
1877 1576 1906 1598 2.
1924 1566 1968 1600 D.

1104 1597 1138 1627 de
1148 1595 1261 1644 pastis,
1278 1597 1308 1629 ὅτ,
1322 1599 1340 1629 l.
1359 1609 1389 1639 5.
1405 1599 1446 1631 D.
1466 1602 1499 1632 de
1516 1602 1651 1638 cenfibus.
1678 1603 1729 1635 Ne
1745 1605 1821 1636 illud
1837 1607 1967 1646 quidem

1103 1639 1408 1683 praetermittendum
1420 1664 1429 1679 ,
1454 1643 1540 1682 quod
1557 1642 1578 1675 fi
1595 1646 1792 1693 temporariae
1809 1645 1867 1679 fint
1882 1649 1963 1681 indi-

1103 1677 1320 1725 diones,·vel
1345 1683 1441 1713 etiam
1467 1681 1641 1730 solemnes,
1665 1694 1760 1727 atque
1779 1687 1852 1727 ipsae
1869 1690 1966 1722 'debi-

1102 1726 1140 1749 tae
1158 1742 1168 1758 ‚
1192 1719 1360 1752 1nd16taeve
1383 1731 1457 1754 ante
1479 1724 1687 1758 constitutum
1713 1727 1960 1771 usumfructum,

1099 1760 1139 1791 ad
1164 1760 1290 1793 heredis
1315 1771 1395 1794 onus
1419 1766 1596 1803 pertinent:
1620 1767 1691 1807 post
1707 1767 1913 1802 constitutum
1930 1782 1964 1804 u-

1097 1800 1303 1834 sumfruttum
1325 1804 1451 1836 indictae
1475 1814 1527 1837 aut
1545 1808 1680 1848 debitae,
1703 1809 1742 1841 ad
1759 1809 1963 1847 fructuarium

1100 1841 1240 1880 speciant
1256 1843 1277 1874 l.
1294 1849 1353 1892 ‘283
1372 1845 1414 1877 D.
1438 1848 1471 1878 de
1487 1848 1644 1890 usufruiiu
1658 1850 1760 1894 legato.
1775 1850 1796 1883 l.
1811 1861 1861 1894 39.
1876 1853 1905 1895 §.
1923 1863 1955 1896 5.

1099 1882 1144 1916 D.
1161 1885 1195 1916 de
1212 1885 1315 1927 legatis
1331 1886 1380 1919 lib.
1399 1896 1428 1920 1.

918 2034 1131 2074 CAPUT
1186 2038 1231 2074 X.

180 2127 231 2164 De
246 2129 352 2164 domus·
360 2128 431 2175 five
445 2131 552 2166 tedium
569 2127 740 2178 usuftuffu.
774 2130 849 2178 quid
869 2130 991 2176 domus,
1016 2134 1090 2179 quid
1114 2136 1190 2170 cedes
1203 2135 1222 2170 ?
1245 2135 1373 2182 oedificia
1395 2137 1545 2185 distingui
1566 2141 1606 2176 ab
1626 2142 1747 2179 cedibus.
1782 2145 1885 2180 domus
1900 2155 1957 2181 aut

231 2178 338 2213 aeclium
355 2178 514 2224 usufrzu‘tu
534 2181 624 2214 etiam
634 2182 773 2227 partium
793 2179 1017 2228 usumfruibum
1033 2183 1191 2221 contineri.
1222 2196 1276 2221 nec
1289 2187 1389 2221 minus
1407 2187 1603 2234 instrumenti
1613 2202 1625 2233 ,-
1651 2199 1685 2226 ut
1687 2191 1897 2240 specularium
1914 2193 1957 2235 ὃ)

228 2226 381 2269 velorum3
407 2225 449 2266 ἐξ)
466 2230 581 2273 quando
592 2229 609 2262 ,9

233 2336 378 2376 equitur,
394 2342 429 2368 ut
447 2336 487 2369 de
504 2336 666 2370 usufrustu
684 2337 815 2377 domus,
831 2338 895 2372 five
913 2340 1046 2382 aedium,

251 2376 461 2418 disputemus:
486 2377 538 2410 sed
564 2381 700 2420 primum
718 2402 728 2418 ,
757 2380 833 2420 quid
855 2380 891 2413 fit
915 2382 1047 2422 domus,

178 2418 254 2457 quid
270 2419 364 2450 aedes.
382 2417 516 2451 lfidorus
533 2420 581 2452 lib.
596 2430 641 2460 15.
661 2420 819 2461 Originum
833 2431 856 2452 c.
866 2432 896 2463 3.
915 2424 1046 2456 domum

175 2458 307 2498 definit,
330 2459 421 2491 unius
437 2459 565 2492 familiae
582 2461 825 2494 habitationem.
855 2473 990 2505 eamque
1006 2466 1045 2496 ab

176 2499 296 2531 aedibus
323 2500 484 2542 distinguit
510 2501 657 2541 Plautus,
682 2502 788 2541 Cafina
804 2513 834 2544 3.
852 2514 882 2543 5.
902 2506 976 2545 vers.
993 2515 1044 2547 31.

174 2539 357 2578 Inseb'tatur,
380 2542 527 2582 inquiens
538 2566 547 2582 ,
572 2554 666 2574 omnes
683 2545 758 2575 domi
769 2551 822 2584 per
834 2547 912 2577 aecles.
938 2556 974 2578 ac
992 2557 1043 2578 ve-

171 2579 299 2613 rifimile
322 2581 384 2619 est,
407 2583 516 2622 (quod
540 2584 688 2617 observat
711 2584 851 2618 Sanctius
867 2609 876 2625 ,
899 2587 1043 2620 Minerva

170 2620 221 2653 tib.
240 2631 270 2661 4.
301 2620 347 2652 De
364 2622 483 2663 Ellipfi‚
505 2632 567 2663 cap.
586 2627 638 2666 4.)
660 2627 773 2658 domus
790 2628 917 2670 quidem
936 2630 1042 2670 appel-

169 2661 293 2693 latione
311 2670 414 2694 totum
432 2666 508 2705 quid
525 2665 707 2708 significari:
726 2668 839 2699 aedium
858 2678 1039 2707 vero‚con-

170 2702 272 2734 clavia
288 2703 319 2734 in
338 2704 452 2744 quibus
470 2705 527 2738 fint
543 2717 624 2739 arcae
640 2709 670 2740 &
687 2709 812 2740 cubilia.
853 2708 980 2741 Sanctio
998 2710 1041 2743 se-

171 2745 303 2784 quentia
323 2743 435 2775 favent
452 2746 552 2778 Plauti
572 2750 678 2781 verba.
708 2749 774 2780 Nec
791 2760 959 2792 quemquam
972 2759 1038 2793 pro·

163 2792 202 2826 pe
215 2786 254 2816 ad
267 2786 295 2823 lo
315 2783 388 2822 finit
412 2787 510 2818 adire.-
531 2790 573 2821 ita
597 2800 691 2821 omnes
699 2790 758 2830 sub
776 2794 871 2831 arcis,
886 2793 946 2830 sub
961 2792 1039 2825 testis

167 2826 289 2857 latentes
303 2831 377 2857 metu
394 2825 548 2870 muffitant.
573 2829 697 2862 Eodem
713 2831 796 2863 redit
811 2834 899 2874 quod
909 2834 1040 2874 dicitur,

168 2865 208 2905 est
231 2868 322 2898 domi:
346 2876 429 2904 non,
451 2866 489 2907 eft
507 2869 627 2901 oedium':
649 2873 725 2904 item
750 2874 838 2912 quod
856 2875 986 2907 domurn
1005 2875 1037 2908 in

167 2907 312 2949 fingulari
329 2908 463 2939 dicimus
480 2918 632 2942 numero:
657 2914 738 2944 aedes
761 2917 790 2945 in
807 2915 932 2954 plurali3
958 2926 1035 2955 prae-

170 2956 316 2989 terquam
334 2948 386 2980 ubi
405 2949 559 2990 templum
574 2951 775 2992 indigitatur:
792 2964 858 2995 quo
874 2957 943 2989 casu
954 2957 1035 2990 hanc

165 2991 268 3022 aedem
286 2989 441 3030 dicimus;
465 2999 529 3022 non
547 2991 717 3038 hasaedes:
741 3004 781 3025 eo
801 2999 886 3035 quod
904 2999 935 3029 in
957 3006 1035 3031 tem-

164 3032 222 3072 plo
245 3033 309 3062 non
335 3030 381 3063 est
404 3031 621 3070 conclavium,
645 3033 846 3075 aliorumque
864 3039 1010 3071 locorum
1023 3062 1034 3079 ‚

165 3071 325 3105 distinstio
341 3081 410 3113 quae
426 3072 471 3104 est
486 3072 525 3104 inl
537 3073 652 3106 domo:
670 3081 704 3105 ut
720 3083 810 3117 notat
830 3077 1034 3113 Doctiffimus

164 3111 311 3153 Voffius,
325 3113 373 3145 lib.
385 3123 413 3154 7.
439 3113 485 3144 De
498 3119 560 3146 arte
570 3114 773 3156 „Grammatica
787 3125 810 3147 c.
819 3120 867 3158 67.
878 3127 948 3161 pag.
961 3132 1032 3161 594,

162 3150 217 3189 Ne
232 3153 298 3188 hoc
307 3155 437 3197 quidem
449 3152 549 3192 filebo
556 3177 567 3197 ,
578 3156 665 3198 quod
681 3156 884 3199 palamedem
901 3169 961 3204 pro
980 3172 1034 3205 cuq

1089 2342 1216 2383 biculo,
1231 2344 1374 2386 itemque
1392 2354 1452 2387 pro
1467 2347 1651 2380 coenatione
1667 2349 1749 2381 dixit
1764 2349 1890 2385 Curtius
1905 2354 1951 2386 lib.

1090 2388 1119 2418 8.
1135 2394 1160 2416 c.
1176 2388 1206 2416 6.
1228 2385 1308 2417 Haec
1325 2388 1451 2426 propria
1467 2388 1581 2421 domus
1599 2390 1629 2421 &
1647 2392 1759 2422 aedium
1771 2392 1954 2433 significatio

1089 2424 1144 2456 est.
1169 2434 1200 2457 at
1215 2426 1334 2459 faCtum
1359 2428 1403 2460 est
1427 2429 1481 2460 usu
1498 2430 1717 2469 loquentium:
1740 2441 1774 2464 ut
1791 2436 1902 2466 domus
1917 2446 1956 2467 ae-

1089 2466 1210 2506 desque
1227 2477 1286 2508 pro
1303 2469 1414 2501 iisdem
1432 2471 1638 2509 accipiantur.
1662 2473 1799 2506 Videtur
1815 2476 1843 2507 &
1864 2477 1953 2509 ‹liffe-

1087 2508 1189 2538 tentia
1207 2509 1289 2541 inter
1302 2511 1386 2541 aedes
1403 2511 1432 2542 ὅ(
1450 2511 1581 2543 aedificia
1598 2511 1663 2544 fieri
1680 2515 1710 2545 in
1727 2515 1774 2546 his
1786 2515 1867 2548 Livii
1885 2527 1952 2550 ver-

1089 2547 1137 2579 bis
1164 2549 1212 2580 lib.
1230 2554 1279 2590 38.
1301 2561 1326 2582 c.
1342 2556 1393 2592 38.
1426 2552 1792 2593 Rhodiorumsociorumve
1805 2567 1866 2598 quae
1882 2561 1950 2590 aedes

1085 2588 1449 2666 iiiizzwiizssiss?
1463 2594 1867 2671 ζὲἦῖἶῃΛηὲἒοέΞᾞῑὲἓὲἑῗ
1879 2610 1950 2673 ἒὲᾟ

1085 2654 1256 2704 aedificiun'i
1282 2672 1319 2705 fit
1335 2697 1345 2712 ‚
1368 2657 1458 2706 verb⁵i
1484 2645 1606 2716 gratia?
1624 2648 1779 2711 helingeum
1803 2665 1861 2712 aut·
1877 2682 1949 2714 hor-

1085 2721 1174 2743 reum
1185 2735 1194 2752 ,
1210 2721 1263 2745 aut
1278 2715 1354 2754 quid
1372 2715 1488 2755 fimile,
1504 2717 1621 2749 aedibus
1637 2719 1776 2758 junctum
1788 2745 1798 2760 ‚
1815 2729 1868 2756 aut
1876 2733 1948 2764 pro-

1084 2761 1156 2792 pter
1171 2763 1222 2785 eas
1240 2755 1428 2796 plerumque
1446 2757 1593 2797 positum.
1612 2759 1676 2790 hoc
1692 2760 1778 2792 sensu
1796 2761 1953 2802 Ulpianus⁴

1081 2793 1160 2833 l241.
1176 2794 1204 2836 §.
1215 2800 1243 2830 8.
1263 2795 1306 2827 D.
1323 2798 1356 2828 de
1373 2798 1477 2839 legatis
1491 2798 1538 2831 lib.
1559 2809 1585 2831 1.
1610 2801 1706 2832 verba
1723 2803 1798 2843 ejus.
1822 2805 1888 2836 Hoc
1901 2805 1948 2836 Se-

1080 2837 1331 2876 natusconsultum
1345 2848 1407 2870 non*
1419 2845 1535 2871 tantum
1551 2842 1588 2872 ad
1602 2842 1688 2880 aedes,
1710 2844 1757 2878 sed
1771 2843 1808 2878 ὅ)
1824 2847 1861 2876 ad
1873 2846 1954 2878 batte

1080 2885 1134 2908 nea
1148 2877 1194 2907 vel
1208 2877 1291 2909 uliud
1306 2881 1382 2920 quod
1401 2880 1571 2921 tedisii-ium,
1595 2883 1642 2913 vel
1658 2885 1787 2923 porticus
1800 2884 1865 2924 fine
1882 2887 1947 2917 oedi-

1079 2918 1151 2956 bus,
1175 2918 1221 2949 vel
1236 2921 1391 2960 tabernas,
1414 2923 1461 2952 vel
1471 2923 1595 2962 popinas
1611 2925 1788 2956 extenditur.
1831 2926 1942 2957 Labeo

1079 2967 1209 2999 quoque
1225 2959 1244 2991 l.
1265 2970 1315 3002 31.
1333 2962 1376 2993 D.
1394 2964 1427 2993 de
1442 2963 1544 3004 legatis
1559 2964 1607 2995 lib.
1622 2975 1652 3006 3.
1696 2965 1730 2997 Si
1740 2967 1803 3004 cui,
1824 2967 1943 3007 inquit,

1078 3000 1150 3030 aedes
1164 3000 1263 3042 legatae
1275 3000 1359 3041 sint,
1378 3004 1403 3034 is
1418 3014 1500 3035 omne
1515 3005 1625 3037 babebit
1643 3006 1674 3037 id
1688 3005 1854 3046 aedificium,
1868 3007 1943 3048 quod

1068 3040 1168 3080 solum
1187 3051 1286 3074 earum
1300 3045 1403 3075 tedium
1419 3047 1484 3077 orit.
1508 3045 1622 3079 Rursus
1641 3045 1791 3086 Ulpianus
1808 3047 1828 3077 l.
1850 3056 1893 3086 15.
1912 3047 1943 3089 §.

1079 3089 1127 3122 13.
1145 3081 1187 3118 D.
1211 3084 1244 3114 de
1258 3085 1361 3116 damno
1378 3085 1495 3125 infetbo.
1539 3087 1574 3118 Si
1595 3094 1654 3119 tam
1668 3086 1761 3126 ampla
1777 3088 1873 3118 domus
1882 3088 1944 3127 fit,

1075 3129 1110 3153 ut
1133 3122 1171 3158 ὅθ’
1193 3126 1294 3165 spatia
1319 3127 1395 3157 inter
1418 3128 1553 3167 vitiosam
1565 3133 1674 3168 partem
1688 3128 1881 3166 intercedam,
1906 3129 1954 3167 δ’,

1074 3172 1137 3198 eam
1147 3174 1211 3207 quae
1231 3168 1339 3201 vitium
1355 3176 1412 3200 non
1419 3168 1518 3208 facit.-
1543 3169 1709 3207 dicendum,
1730 3168 1762 3200 in
1780 3178 1842 3202 eam
1849 3170 1945 3252 μέζιέἴνῖ
