2052 3487
169 73 242 107 208*
781 57 814 93 G
841 68 861 93 ε
886 63 917 93 11·
934 66 955 93 A
979 66 1002 92 n
1026 68 1050 95 1>

166 153 200 185 10
217 159 292 185 ante
306 150 467 193 allegatis:
489 148 520 180 in
544 145 657 187 quibus
675 145 760 177 nulla
784 144 918 177 omnino
940 144 977 176 fit
995 145 1038 176 in-

168 193 338 226 ficiationis
361 192 494 225 mantin.
519 188 608 229 quod
625 196 702 218 vero
718 186 825 218 addidi
842 187 882 217 de
897 186 1038 227 duplica-

167 236 258 267 tione
282 235 376 275 legati
395 256 405 271 ,
444 240 500 272 per
528 228 766 259 damnationem
789 227 889 259 relicti
908 251 918 265 ‚
950 235 1039 259 mora

168 285 235 308 non
255 274 452 315 impliciter,
477 270 528 302 sed
552 279 592 300 ex
616 266 832 307 inficiatione,
855 268 1035 304 subsecuta,

170 317 283 349 Paulus
311 315 430 345 indicat
451 313 499 342 lib.
527 320 552 342 1.
584 310 713 340 Sentent.
747 310 793 340 tit.
822 318 865 344 19.
892 309 1039 353 Quemad-

170 358 283 389 modum
305 355 427 386 [titiones
448 359 500 393 per
527 349 733 390 inficiationem
756 351 938 390 duplantur:
968 359 1042 382 cum

171 398 213 430 fic
228 397 351 434 scribit,
375 395 516 438 Quaedam
539 392 661 423 actiones
677 415 687 430 ‚
702 390 731 429 fi
746 402 764 423 a
783 401 827 422 reo
854 391 1042 432 inficientur,

171 438 348 478 duplantur:
370 437 450 466 velut
465 434 606 474 judicati,
630 432 763 473 depositi,
786 433 876 474 legati
893 439 946 474 per
961 435 1042 464 dam-

169 479 314 510 nationem
329 476 422 508 relifti
433 501 442 515 ,
466 476 567 507 damni
584 474 695 515 injuria
711 475 781 515 legis
804 474 948 515 Aquiliae,
972 476 1039 506 item

172 522 206 552 de
229 520 306 551 modo
330 519 415 560 agri,
438 527 504 548 cum
519 526 537 547 a
551 517 697 547 venditore
714 521 822 555 emptor
841 516 972 556 deceptus
988 513 1037 556 eft.

168 560 243 594 Nec
265 567 387 591 tanturn
413 559 542 595 Paulu53
567 556 618 588 sed
642 557 819 597 Imperator
836 565 967 597 quoque
990 557 1040 596 Ju-

169 602 318 635 stinianus
341 600 369 643 §.
396 601 450 632 ult.
476 597 549 639 [nst.
579 600 612 629 de
635 599 854 640 obligationibus
875 608 938 639 quae
959 595 1041 639 quasi

170 653 206 675 ex
222 643 371 674 contraibo
386 642 565 679 nasi-uatum
587 647 684 680 atque
699 639 787 672 addit
801 662 811 675 ‚
835 639 899 670 hoc
916 639 1042 670 Veteri-

171 685 230 716 bus
249 685 280 715 in
298 684 409 726 legatis
420 681 632 714 damnationis
648 689 713 712 turn
725 681 863 712 maxime
872 679 1041 720 placuisse,

170 735 243 758 cum
259 735 296 756 ea
316 734 402 757 certa
427 723 535 756 essent.
561 723 657 754 verba
679 721 840 761 justiniani
866 722 936 753 haec
960 720 1040 754 sunt.

174 768 223 799 Sic
239 777 362 809 namque
379 765 550 805 definierunt
566 769 688 795 veteres:
713 773 749 795 ex
766 764 869 804 quibus
888 761 980 800 causis
997 764 1042 793 in-

168 808 298 849 ficiando
323 809 358 838 lis
375 807 493 843 crescit,
517 815 553 836 ex
574 806 617 836 bis
635 803 727 842 causis
748 813 806 836 non
825 805 951 835 debitum
963 803 1042 844 fhlu·

175 856 238 881 tum
253 851 339 890 repeti
354 858 411 880 non
423 847 495 887 poffe
505 871 513 884 ‚
535 846 627 877 veluti
642 856 678 877 ex
693 846 752 887 lege
768 845 909 887 Aquilia,
932 846 1000 877 item
1008 854 1044 876 ex

175 892 279 933 legato.
310 890 397 933 Quod
411 896 519 921 veteres
540 889 654 929 quidem
670 889 701 918 in
715 889 752 918 iis
770 888 871 928 legatis
885 887 977 918 locum
992 887 1042 917 ha-

175 935 237 964 bere
251 931 407 963 voluerunt
417 940 478 970 quae
490 936 568 961 certa
586 926 741 970 constituta
749 952 760 969 ,
764 936 817 969 per
831 929 1044 960 damnationem

178 975 279 1015 cuique
297 973 393 1014 legata
403 973 542 1012 fuerant.

217 1014 280 1047 Sed
304 1015 336 1046 in
358 1014 453 1046 viam.
475 1019 626 1054 apparet,
648 1018 684 1043 ut
707 1011 738 1043 in
754 1011 849 1042 bonae
872 1010 948 1042 fidei
968 1010 1050 1051 judi-

176 1057 253 1095 ciis,
275 1055 317 1088 fic
341 1056 372 1087 in
400 1055 511 1096 legatis
534 1054 565 1086 ἀ
591 1053 858 1091 fideicommiffis‚
892 1052 994 1084 usuras
1010 1061 1050 1083 ex

175 1106 265 1130 mora
287 1097 407 1130 deberi.
440 1095 578 1139 Quaeso;
604 1104 698 1136 quarn
723 1095 767 1125 ob
787 1094 882 1126 rem?
912 1094 985 1132 quia
1007 1093 1050 1125 fic

174 1138 304 1181 placuit.
348 1148 418 1170 eam
444 1139 529 1170 enim
555 1136 677 1168 causam
694 1134 799 1167 adfert
819 1135 1008 1173 Papinianus
1027 1135 1048 1166 l.

176 1191 227 1221 24.
260 1180 303 1211 D.
332 1178 366 1211 de
388 1181 442 1221 usu
465 1178 502 1213 ὅ)
526 1176 684 1218 usufruftu
715 1177 817 1218 legato.
845 1176 919 1208 Nec
943 1177 1049 1207 turbat

178 1222 268 1263 quod
290 1221 322 1253 in
344 1221 363 1253 l.
392 1231 414 1252 1.
441 1230 469 1252 2.
494 1219 531 1254 ὅ)
555 1231 583 1258 4.
608 1219 641 1250 C.
673 1219 707 1249 de
728 1219 824 1256 usuris
851 1217 1049 1257 &fluetibus

177 1264 337 1305 legatorum
369 1261 466 1293 usurae
497 1270 534 1292 ac
569 1260 689 1292 fructus
722 1259 899 1301 legatorum
933 1259 984 1290 seu
1014 1257 1049 1290 fi·

177 1303 469 1337 deicommisl'orum
495 1303 644 1334 dicuntur
670 1301 751 1340 exigi
777 1310 817 1332 ex
841 1309 988 1340 tempore
1013 1299 1048 1331 li-

178 1348 219 1377 tis
242 1345 439 1377 contestatae.
484 1343 518 1375 Id
541 1345 625 1374 enim
651 1343 691 1374 ad
719 1341 838 1373 factum
865 1342 1051 1381 rescriptum

177 1387 241 1420 est:
272 1395 376 1427 neque
401 1385 442 1417 fic
467 1384 707 1424 accipiendum,
740 1382 822 1423 quasi
841 1382 937 1413 usurae
961 1391 1050 1413 num-

180 1437 275 1469 quam
297 1427 413 1469 poffint
430 1433 505 1457 ante
521 1426 610 1457 litem
635 1424 845 1455 contestatam
860 1424 987 1455 deberi:
1011 1432 1051 1454 ne

178 1479 268 1502 mora
285 1470 413 1509 quidem
436 1465 608 1498 commiffa.
635 1466 698 1496 hoc
722 1465 806 1496 enim
824 1465 865 1496 ibi
891 1474 955 1496 non
973 1465 1048 1496 dici-

179 1519 248 1548 tur,
264 1519 368 1550 neque
384 1517 493 1539 verum
511 1506 574 1538 est:
593 1505 645 1537 sed
662 1505 704 1537 fic
717 1506 958 1547 accipiendum,
975 1515 1049 1546 qua-

178 1551 201 1584 fi
220 1560 308 1583 mora
331 1558 395 1581 non
422 1547 585 1580 commissa
608 1554 681 1578 ante
706 1547 794 1579 litem
818 1547 1048 1585 contestatam,

180 1592 289 1633 (quod
304 1589 477 1630 aliquando
498 1588 586 1626 fieri,
610 1587 798 1630 Papinianus
813 1587 962 1620 observat
976 1588 995 1619 l.
1018 1597 1048 1629 3.

180 1633 225 1666 D.
249 1635 282 1664 de
307 1632 421 1669 usuris,
445 1630 476 1662 ὅ(
503 1631 533 1661 in
560 1630 608 1661 dd.
633 1630 662 1661 ll.
688 1639 729 1661 ex
753 1629 840 1661 facto
864 1630 1019 1661 inciderat

181 1684 246 1707 non
257 1673 372 1716 possint
384 1671 480 1703 usurae
497 1678 571 1703 ante
587 1671 676 1703 litem
693 1669 903 1702 contestatam
919 1670 1027 1702 deberi
1041 1680 1051 1709 ;

179 1717 252 1757 quia
271 1713 325 1747 nifi
345 1723 386 1746 ex
409 1721 499 1745 mora
524 1713 694 1744 debentur.
718 1711 770 1744 sed
796 1712 860 1743 hoc
875 1712 971 1743 rarius
994 1709 1050 1744 fit:

182 1767 255 1791 nam
281 1757 469 1798 plerumque
492 1754 588 1786 etiam
612 1761 703 1792 ante,
725 1762 820 1793 quam
845 1753 883 1785 ad
906 1752 1052 1792 Judicem

180 1799 379 1841 pervenitur,
389 1804 477 1828 mora
487 1795 717 1833 committitur-3
735 1795 847 1826 &ideo
860 1794 952 1825 heres
965 1793 1052 1825 exin-

183 1841 223 1873 de
247 1847 375 1872 tenetur
406 1836 590 1869 necestitate
621 1835 869 1875 praestandorum
893 1833 1052 1866 fructuum

184 1884 211 1914 cl.
223 1882 243 1913 l.
258 1882 329 1923 3.de
345 1880 449 1919 usuris.
464 1877 505 1909 D.
530 1877 617 1918 quod
634 1876 654 1908 fi
670 1876 730 1913 est;
750 1877 827 1918 quid
845 1877 876 1908 ni
893 1876 932 1906 ad
950 1874 1053 1907 usuras

183 1932 314 1964 quoque
333 1927 499 1957 teneatur,
521 1918 576 1950 etfi
595 1919 630 1951 lis
648 1919 790 1950 nondum
800 1916 978 1949 contestata
994 1916 1054 1949 fit?

183 1967 213 1997 d.
235 1965 254 1995 l.
285 1974 314 2005 3.
336 1963 366 2005 §.
389 1962 442 1993 ult.
466 1962 485 1992 l.
513 1968 539 1992 1.
563 1960 593 2002 §.
618 1968 664 2000 13.
689 1959 732 1991 D.
759 1958 803 1990 Ut
831 1958 988 2001 legatorum
1000 1960 1056 1999 seu

180 2003 460 2048 fideicommissorum
468 2002 679 2041 servandorum
697 2000 783 2035 causa
799 2006 949 2031 caveatur.
968 1999 988 2030 l.
1005 2009 1055 2036 92.

187 2047 229 2080 D.
247 2048 279 2079 de
295 2045 504 2078 conditionibus
523 2042 559 2078 &⁷³
577 2040 871 2084 demonstrationibus.
904 2041 957 2073 sed
971 2041 1056 2073 clare

894 2181 1059 2217 ciro

1076 68 1089 95 1
1139 53 1368 90 Noun-r

1080 142 1196 174 Paulus
1211 143 1239 174 d.
1256 143 1306 174 lib.
1321 152 1351 184 3.
1371 142 1501 173 Sentent.
1526 141 1575 174 tit.
1600 146 1628 178 8.
1653 142 1683 186 §.
1706 153 1735 185 4.
1758 149 1854 181 verba
1875 150 1952 184 Pau.

1081 184 1101 215 li
1118 207 1127 222 ‚
1153 183 1205 215 Ex
1221 190 1298 215 mora
1315 182 1543 224 praellandorum
1559 182 1839 228 fideicommifforum
1852 192 1951 224 velle.

1077 232 1215 265 gaiorum
1223 224 1348 265 frustus
1364 225 1401 260 ἐξ
1417 225 1509 263 usurae
1524 226 1585 265 peti
1597 225 1722 267 poffunt.
1753 228 1843 262 Mora
1857 240 1953 265 autem

1076 266 1290 306 flammetur,
1310 277 1375 297 cum
1390 264 1549 307 postulanti
1566 277 1624 298 non.
1640 270 1739 300 datar.

1123 306 1331 339 Tantundem
1356 308 1489 339 dixerim
1516 308 1555 338 de
1585 309 1873 347 pollicitationibus
1895 316 1955 346 rei-

1086 348 1225 389 publicae
1240 348 1343 380 factis.
1367 358 1437 389 quae
1456 347 1510 380 etfi
1529 348 1620 380 stricti
1638 351 1714 389 juris
1730 351 1808 390 fint,
1832 362 1890 385 nec
1902 364 1957 394 per

1086 389 1117 420 se
1140 391 1310 421 admittant
1336 389 1465 421 usuras:
1498 398 1604 421 tamen
1632 392 1726 423 bonae
1753 391 1827 424 fidei
1843 394 1956 433 judicia

1086 431 1259 463 imitantur.
1302 431 1381 473 Quo
1399 431 1492 472 jure?
1515 441 1555 462 ex
1573 430 1739 472 Rescripto
1759 434 1835 466 Divi
1860 435 1958 468 Seve-

1085 472 1162 504 ri&
1185 473 1341 504 Antonini
1365 473 1384 503 l.
1419 482 1444 504 1.
1479 472 1521 504 D.
1551 473 1584 503 de
1611 474 1876 513 pollicitationibus.
1915 478 1958 509 At

1082 513 1214 552 Paulus,
1237 515 1284 546 lib.
1319 523 1344 545 1.
1368 512 1577 553 Det-reiorum,
1601 514 1641 546 fic
1657 515 1727 547 infit
1742 516 1762 547 l.
1789 521 1836 549 16.
1860 518 1902 549 D.
1925 520 1958 550 de

1083 555 1189 594 usuris.
1214 555 1411 586 Liberalitatis
1425 556 1456 585 in
1472 557 1674 596 rempublicam
1685 556 1778 596 faft‘ae
1794 559 1887 598 usum
1896 570 1955 591 non

1084 597 1254 637 exiguntur.
1279 596 1341 628 Sed
1355 596 1418 636 jam
1436 594 1562 636 Graeci,
1586 598 1634 629 lib.
1650 608 1698 638 23.
1719 597 1833 634 Bafilic.
1858 601 1903 631 tit.
1925 610 1956 641 3.

1076 637 1167 678 schol.
1193 638 1268 668 add.
1292 638 1312 668 l.
1338 640 1387 669 16.
1411 644 1476 668 tom.
1499 647 1528 679 3.
1546 646 1616 681 pag.
1639 643 1710 677 426.
1734 640 1958 673 liberalitatem

1087 678 1353 718 apollicitatione
1371 678 1456 710 reste
1472 679 1692 711 distinxerunt.
1715 690 1786 713 nam
1803 683 1960 723 pollicitaa

1086 721 1132 751 tio
1150 719 1195 751 est
1211 718 1387 765 offerentis,
1401 718 1495 751 solius
1517 721 1680 760 promissio
1704 722 1787 754 facta
1810 724 1960 764 reipubli-

1085 770 1151 800 cae,
1175 770 1239 792 non
1257 760 1459 801 simplicum,
1482 760 1534 793 sed
1553 763 1597 793 ob
1612 762 1723 802 justam
1740 763 1882 803 causam3
1906 774 1961 805 pu·

1088 810 1138 841 ta,
1162 802 1206 833 ob
1225 802 1384 834 honorem
1401 803 1638 834 decernendum
1650 827 1659 842 ,
1684 804 1735 836 vel
1753 806 1919 837 decretum
1936 806 1956 836 l.

1086 842 1960 930 {222ititffltbssass'f..gfff?lagss'lllffabsfipffi

1095 925 1272 959 Gruterum
1286 933 1356 967 pag.
1381 935 1452 965 400.
1477 925 1557 958 Incr.
1583 936 1609 967 7.

1253 967 1288 999 P.
1315 966 1548 999 DEClMIVS.
1571 968 1605 999 P.
1630 966 1667 998 L.
1693 968 1805 1001 EROS

1309 1008 1509 1051 MERVLA.
1544 1008 1750 1041 MEDICVS

1276 1048 1497 1082 CLlNlCVS.
1523 1049 1783 1084 CHIRVRGVS

1309 1090 1572 1123 OCVLARlVS.
1594 1093 1632 1126 νἾ,
1658 1092 1743 1124 VIR.

1194 1132 1281 1165 HIC.
1304 1131 1401 1165 PRO.
1426 1132 1682 1205 LIlffBgRTATE
1705 1133 1863 1167 DEDIT.

1481 1193 1489 1198 -
1517 1199 1523 1205 .
1548 1184 1620 1207 100³
1664 1185 1669 1188 ·

1153 1213 1243 1247 HIC.
1274 1214 1370 1246 PRO.
1396 1214 1632 1248 SEVfflA'rV.
1655 1215 1701 1249 IN
1733 1216 1842 1249 REM.
1866 1217 1901 1251 P.

1311 1256 1467 1289 DEDlT.
1494 1257 1557 1289 HS.
1595 1267 1641 1291 00
1691 1267 1737 1292 00

1093 1298 1262 1330 liberalitas
1283 1308 1362 1330 vero
1379 1307 1443 1329 non
1465 1299 1554 1330 aliam
1578 1300 1621 1330 ob
1650 1299 1772 1332 causam
1791 1299 1846 1339 fit,
1870 1310 1964 1342 quam

1094 1349 1129 1371 ut
1155 1339 1327 1371 liberalitas
1350 1339 1379 1371 ἀ
1399 1339 1617 1372 munificentia
1640 1350 1844 1373 exerceatur:
1867 1349 1963 1382 atque

1096 1382 1166 1412 haec
1189 1382 1318 1422 proprie
1342 1381 1476 1412 donatio
1501 1382 1695 1422 appellatur:
1720 1383 1772 1414 illa
1799 1392 1863 1414 non
1890 1393 1964 1423 pro-

1094 1423 1162 1462 prie
1185 1422 1204 1454 l.
1233 1431 1258 1453 1.
1279 1421 1320 1454 D.
1350 1423 1408 1454 eod.
1440 1423 1486 1454 tit.
1511 1423 1608 1463 idque
1630 1424 1660 1455 in
1685 1431 1806 1455 tantum
1832 1426 1963 1464 placet:

1093 1472 1128 1495 ut
1148 1462 1256 1495 Labeo
1268 1462 1401 1502 scribat,
1419 1472 1509 1496 extra
1521 1466 1732 1496 donationum
1745 1464 1866 1496 causam
1884 1465 1965 1504 effe3
2019 1494 2022 1501 ,

1092 1504 1112 1536 fi
1130 1504 1173 1535 ob
1187 1504 1310 1536 causam
1338 1505 1429 1536 detur
1453 1506 1480 1536 d.
1503 1505 1522 1537 l.
1550 1515 1596 1543 19.
1620 1505 1649 1547 §.
1676 1516 1701 1538 1.
1727 1506 1768 1537 D.
1792 1508 1825 1537 de
1841 1508 1966 1538 donatio-

1092 1547 1187 1577 nibus.
1220 1546 1361 1577 obtinuit
1385 1547 1503 1588 igitur,
1536 1548 1638 1579 usuras
1662 1557 1702 1579 ex
1728 1548 1965 1588 pollicitatione

1093 1587 1204 1619 deberi
1224 1587 1295 1627 post
1312 1597 1454 1627 moram3
1485 1588 1558 1628 quia
1580 1588 1683 1620 voluit
1701 1588 1900 1621 Constitutio
1919 1589 1963 1621 D.

1033 1630 1049 1669 )
1092 1628 1242 1660 Severi&
1253 1629 1406 1660 Antonini
1422 1631 1450 1660 d.
1460 1630 1478 1661 l.
1494 1638 1521 1660 1.
1533 1628 1577 1660 D.
1587 1631 1620 1660 de
1630 1630 1900 1670 pollicitationibus:
1913 1630 1967 1663 sed

1092 1669 1122 1701 in
1139 1669 1347 1709 liberalitate,
1371 1669 1421 1701 seu
1434 1671 1629 1710 donatione,
1647 1671 1712 1702 hoc
1725 1681 1788 1703 non
1805 1672 1964 1704 obtinuit:

1094 1711 1168 1751 quia
1188 1708 1231 1742 D.
1256 1711 1393 1742 Severus
1420 1711 1449 1743 ἀ
1476 1711 1656 1742 Antoninus
1674 1713 1714 1743 de
1731 1721 1768 1743 ea
1792 1712 1870 1744 nihil
1887 1722 1965 1744 con-

1094 1752 1273 1787 stituerunt.
1298 1752 1328 1783 &
1348 1751 1429 1783 hanc
1446 1753 1611 1793 utriusque
1621 1752 1734 1792 speciei
1751 1752 1966 1786 differentiam

1095 1792 1202 1825 nescio
1219 1802 1257 1824 an
1279 1792 1495 1834 indigitaverit
1517 1793 1720 1825 Modestinus
1741 1794 1788 1826 lib.
1815 1798 1842 1825 8.
1869 1794 1966 1837 Diffe-

1095 1835 1322 1866 rentiarum:ex
1338 1843 1403 1875 quo
1419 1833 1582 1876 desumpta
1599 1834 1666 1866 sunt
1682 1835 1751 1866 haec
1765 1836 1861 1867 verba
1879 1836 1899 1868 l.
1916 1846 1965 1869 22.

1098 1875 1140 1906 D.
1166 1877 1198 1906 de
1213 1876 1422 1907 donationibus.
1446 1876 1524 1907 Eum
1540 1877 1591 1915 qui
1607 1877 1767 1908 donationis
1782 1881 1868 1916 causa
1879 1884 1966 1918 pecu-

1097 1917 1176 1948 niam
1191 1917 1237 1948 vel
1254 1917 1325 1958 quid
1345 1917 1427 1949 aliud
1440 1917 1585 1957 promisit,
1608 1918 1641 1948 cle
1664 1928 1742 1949 mora
1750 1918 1902 1958 fiilutionis
1918 1925 1966 1960 pe-

1099 1959 1190 1989 cunia
1204 1960 1306 1998 usuras
1329 1968 1386 1990 non
1402 1961 1515 1997 debere,
1530 1959 1651 1999 summae
1670 1960 1812 2000 <equitatis
1829 1958 1884 1998 esi:
1907 1970 1967 1992 ma-

1099 2000 1176 2031 xime
1201 2009 1266 2030 cum
1290 2000 1321 2029 in
1346 2001 1423 2032 bonoe
1433 1999 1506 2040 fidei
1522 1999 1717 2033 contractibus
1733 2001 1895 2033 donationis
1901 2004 1967 2043 spe-

1099 2041 1153 2072 cies
1169 2050 1226 2072 non
1243 2042 1403 2082 deputetur.

1083 2191 1106 2216 T
1165 2178 1283 2215 VIII.

187 2302 309 2350 Fiscum
322 2300 435 2347 exsuis
452 2300 672 2343 contraist‘ibas,
698 2298 757 2344 nisi
773 2301 805 2334 in
821 2300 939 2345 privati
957 2299 1053 2334 locum
1063 2297 1228 2345 ficccedat,
1249 2308 1288 2332 ex
1306 2307 1391 2332 mora
1404 2295 1513 2345 usuras
1528 2309 1587 2333 norz
1607 2297 1730 2333 debere:
1746 2296 1807 2345 sed
1821 2299 1964 2346 accipere.

698 2348 751 2384 An
769 2349 847 2383 idem
866 2350 898 2383 in
917 2347 1071 2395 republica
1077 2345 1254 2393 servatur?
1274 2357 1332 2382 non
1350 2347 1456 2382 videri.

190 2476 308 2549 Igitur
331 2474 361 2505 in
387 2474 480 2505 bonae
504 2472 577 2504 fidei
593 2471 737 2512 judiciis,
761 2471 790 2503 δι
808 2470 829 2503 fi
844 2480 913 2512 quae
933 2471 968 2503 iis
992 2471 1056 2503 affi-

247 2517 419 2553 minentur,
452 2514 551 2546 usurae
576 2523 617 2545 ex
648 2522 737 2544 mora
761 2513 918 2544 debentur
948 2512 1058 2544 officio

186 2557 315 2597 JudiciS.
340 2565 399 2587 una
417 2556 567 2595 exceptio
584 2554 629 2586 est
646 2556 676 2586 in
693 2553 782 2586 fisco.
806 2555 859 2594 qui
879 2553 933 2585 etii
953 2554 1057 2585 usuras

190 2598 308 2638 accipit
332 2607 372 2627 ex
387 2597 618 2634 conti-acribus,
645 2604 752 2627 tamen
778 2594 880 2627 usuras
896 2604 960 2626 non
979 2595 1032 2626 dat
1050 2606 1058 2627 ε

190 2638 246 2672 nisi
262 2638 283 2670 fi
298 2638 330 2668 in
348 2638 460 2678 privati
478 2638 584 2668 locum
609 2637 760 2668 succeffit.
786 2645 852 2668 tum
879 2636 962 2668 enim
981 2635 1060 2668 solet

190 2690 244 2713 eas
267 2681 366 2710 dare:
397 2687 430 2709 ut
452 2678 565 2709 Paulus
592 2677 692 2710 refert
716 2678 735 2709 l.
763 2687 809 2718 17.
832 2678 862 2720 §.
894 2688 923 2718 5.
953 2677 996 2710 D.
1026 2678 1059 2708 de

189 2732 210 2754 u
225 2730 297 2752 uris.

203 2722 282 2794 sDe
299 2760 463 2800 republica
489 2761 628 2791 civitatis
655 2760 828 2800 videamus.
859 2760 912 2792 sed
928 2768 993 2791 non
1005 2767 1059 2799 pu-

189 2812 243 2842 to,
266 2802 355 2843 quod
374 2799 450 2833 fisco
468 2803 574 2832 datum
592 2799 636 2832 est
653 2801 898 2843 finguiari'jiire,
920 2801 959 2832 ad
975 2809 1057 2832 rem-

190 2845 350 2888 publicam
375 2843 641 2881 interpretatione
664 2845 893 2884 porrigendum
911 2841 983 2874 effe.
1006 2850 1058 2873 ec-

189 2897 248 2926 ce,
285 2886 377 2916 heres
401 2883 541 2915 instituta
564 2882 609 2914 est
635 2884 824 2924 respublica.
848 2884 938 2926 quod
961 2883 1058 2914 hodie

190 2925 363 2969 fieriposs‘e
374 2935 415 2958 ex
431 2922 735 2964 senatusconsulto,
753 2924 796 2958 D.
814 2925 918 2959 Marci
932 2931 1058 2966 tempo-

1100 2479 1135 2502 re
1157 2470 1243 2503 faCto
1259 2494 1269 2509 ,
1300 2469 1414 2503 Paulus
1442 2470 1550 2502 audior
1571 2469 1616 2502 est
1637 2470 1655 2502 l.
1681 2479 1728 2502 20.
1755 2469 1798 2501 D.
1830 2471 1864 2501 de
1880 2471 1969 2501 »rebus
1994 2496 1996 2499 .

1101 2513 1205 2543 dubiis.
1227 2511 1370 2543 instituta
1388 2512 1482 2552 igitur
1498 2512 1590 2543 heres
1608 2511 1653 2542 est
1668 2511 1851 2551 respublica.
1875 2512 1915 2543 ab
1930 2522 1967 2543 ea

1101 2554 1210 2586 relicta
1234 2552 1303 2584 sunt
1325 2552 1575 2584 fideicommissa.
1599 2562 1687 2584 mora
1704 2553 1734 2583 in
1751 2552 1798 2584 his
1813 2552 1894 2584 facta
1911 2553 1966 2584 est.

1103 2596 1208 2636 placet
1224 2593 1288 2625 hoc
1302 2594 1465 2633 Papiniani
1482 2594 1501 2625 1.
1525 2599 1574 2634 78.
1598 2593 1627 2635 §.
1650 2603 1678 2624 2.
1702 2593 1744 2625 D.
1760 2594 1793 2624 de
1807 2593 1907 2634 legatis
1916 2594 1967 2625 lib.

1103 2647 1132 2669 2.
1157 2635 1258 2667 Etiam
1273 2635 1429 2675 respublica
1443 2633 1646 2675 fideicommissi
1665 2632 1728 2674 post
1740 2644 1845 2664 moram
1862 2635 1967 2674 usuras

1099 2675 1233 2720 proeslare
1250 2678 1371 2718 cogitur.
1395 2684 1456 2707 nec
1473 2677 1575 2709 minus
1593 2679 1697 2716 placet
1709 2676 1795 2716 quod
1811 2674 1967 2716 sequitur,

1101 2720 1156 2751 Sed
1180 2719 1318 2749 damnum
1332 2716 1360 2755 fi
1382 2717 1456 2759 quod
1480 2726 1516 2749 ex
1530 2726 1564 2748 ea
1586 2727 1615 2748 re
1629 2716 1718 2753 fuerit
1733 2718 1908 2758 sequutum,
1930 2719 1965 2748 ab

1101 2760 1339 2800 hissarciendum
1352 2761 1424 2797 erit,
1447 2760 1498 2800 qui
1509 2756 1571 2799 post
1588 2757 1694 2789 dictam
1704 2757 1879 2798 sententiam
1888 2759 1967 2799 Judi-

1100 2807 1196 2833 catum
1212 2800 1323 2840 solvere
1337 2799 1571 2840 supersederunt.
1594 2808 1644 2830 nec
1661 2799 1741 2830 aliud
1753 2800 1918 2837 servabitur
1933 2800 1965 2829 iu

1099 2844 1160 2875 litis
1172 2842 1354 2883 sumptibus,
1377 2839 1400 2874 si
1414 2842 1485 2872 ratio
1500 2841 1636 2882 litigandi
1651 2850 1707 2871 non
1714 2842 1734 2880 J
1739 2842 1794 2875 uit.
1816 2841 1965 2883 ignaviam

1099 2884 1201 2917 etenim
1210 2883 1414 2926 praetemlentes
1429 2883 1529 2915 audiri
1543 2892 1600 2915 non
1615 2888 1730 2924 oportet.

2029 352 2030 360 i
2048 341 2050 358 l
