2036 3495
319 77 382 112 AD
408 77 497 112 Lin.
526 73 617 111 XXI.
655 71 754 108 Trr.
784 72 809 107 Ι.
838 71 887 107 De
907 72 1047 108 AEclilitio
1068 70 1175 117 Edicio
1192 69 1234 112 ἐξ
1250 71 1446 108 redhibitione
1464 70 1532 114 &a

41 173 92 204 &o
114 168 237 201 AEdiles
255 167 295 200 de
310 166 474 209 Jumtntis.
505 164 546 196 Et
563 162 607 194 est
627 160 714 209 eausa
733 160 821 200 hujus
838 160 912 208 Edi-

39 214 79 244 sti
98 213 208 244 eadem
219 218 288 250 quae
308 203 824 249 mancipiorum*redhibendorum
844 203 910 244 ᾖα.

48 256 261 291 iumentorum
281 258 386 281 autem
404 247 668 289 appellationean
695 252 791 275 omne
814 253 912 284 pecus

42 288 268 330 contineatur,
293 290 452 330 qua-litum
479 286 568 319 fuiss'e
593 293 646 331 ait5
671 285 711 315 sic
735 292 841 315 autem
865 294 910 316 re-

44 335 198 374 spondet:
223 331 266 363 Et
282 331 410 363 difficile
428 330 490 366 eli,
510 336 542 359 ut
557 333 767 370 contineatur.
803 325 910 357 Vei-ba

44 377 115 407 haec
145 374 205 406 esse
230 372 371 412 negantis
401 368 585 405 contineri,
617 366 760 414 pluribus·
779 366 910 414 demon-

47 417 139 449 stravi
156 424 256 455 nuper
272 415 318 444 lib.
343 413 390 444 De
401 412 485 450 form.
510 409 677 439 emendand,
704 407 759 438 doli
782 408 849 438 malz
886 417 910 438 c.

50 468 85 489 12
123 458 150 488 δε
175 456 308 496 probant
332 453 488 493 sequentia
511 449 639 489 Ulpiani
657 449 767 479 verba:
791 458 861 480 nam
879 458 910 479 a·

46 500 111 531 liud
129 495 300 529 (lanificam
313 495 453 536 jumenta
468 513 477 529 ,
502 490 585 522 aliud
602 489 794 536 significatur
815 498 909 536 peco-

44 540 87 571 ris
117 522 338 578 apff'icllatione.
374 534 494 564 idcirco
523 533 664 572 elogium
696 530 770 562 huic
795 530 910 562 Edisso

44 580 216 620 subjectum
234 577 295 613 est,
319 574 402 615 cujus
426 573 521 604 verba
546 572 615 603 liaec
639 572 717 603 sunt.
766 571 849 613 Quae
869 573 909 602 de

42 622 251 662 jumentorum
270 618 398 648 sanitate
415 614 570 658 diximus,
588 616 627 644 de
644 621 761 644 caetero
778 622 909 659 quoque

42 672 164 703 pecore
180 659 265 690 omni
290 658 471 688 venditores
490 655 642 687 faciunto.
666 655 750 685 unde
771 654 909 699 dubitari

44 703 150 740 desiit,
173 710 210 731 an
229 699 290 730 hoc
317 697 426 729 Edisto
452 698 551 728 boves
574 705 703 736 qunque
725 704 909 741 continean-

43 752 103 774 tur.
129 742 245 774 etenim
260 741 471 780 jumentorum
495 738 706 778 appellatione
723 746 786 768 non
807 745 909 767 conti-

43 785 109 816 neri
138 793 193 815 eos
214 805 223 821 ,
256 781 360 813 verius
380 779 432 811 est.
465 779 516 810 sed
540 780 663 820 pecoris
692 778 908 819 appellatione

44 825 304 857 continebuntur.
795 861 800 866 ¹

90 866 218 898 Deinde
240 865 324 904 ajunt
348 863 472 894 AEdiles
489 885 497 899 ,
538 860 640 892 Palam
667 859 740 891 reste
769 861 908 894 dicunto,

47 910 117 950 quid
132 908 163 937 in
186 915 295 947 quoque
317 913 412 935 eorum
435 904 521 934 morbi
535 903 657 946 vitiique
667 900 719 947 fit.
764 901 814 950 fid
839 901 907 931 haec

48 949 146 980 verba
176 948 330 986 Ulpianus
355 945 374 977 l.
394 950 441 986 38.
461 944 488 985 ὃ.
506 954 533 984 3.
557 943 597 975 iic
619 943 741 989 scribit:
771 942 814 973 ht
837 941 907 972 sere

48 991 159 1022 eadem
178 988 291 1019 suntin
313 987 359 1018 liis
374 1010 383 1025 ‚
407 995 474 1023 quae
493 987 523 1016 in
548 993 711 1029 manCipiis
725 1006 734 1021 ,
759 983 845 1024 quod
865 984 908 1028 ⁸ad

46 1031 193 1064 morbum
211 1028 361 1059 vitiumve
377 1027 498 1058 attinet.
541 1026 615 1057 Inde
631 1024 672 1056 fic
692 1024 802 1056 infert:
820 1024 910 1065 quid·

49 1072 127 1113 quid
142 1071 234 1111 igitur
252 1070 302 1100 hic
319 1069 472 1105 diximus,
492 1067 553 1098 huc
569 1068 628 1098 erit
643 1066 908 1098 transferendum.

48 1122 114 1145 non
131 1119 233 1144 tamen
250 1110 310 1141 hoc
325 1109 387 1141 fine
403 1111 607 1149 exceptione:
624 1117 696 1139 nam
714 1107 818 1152 (quod
835 1116 910 1152 mox

51 1153 198 1185 observat
214 1152 244 1193 §.
262 1152 311 1191 7.)
335 1150 403 1182 sunt
420 1152 560 1191 quaedam
584 1158 652 1189 quae
677 1149 708 1193 in
733 1147 910 1180 hominibus

50 1195 177 1236 quidem
193 1193 336 1225 morbum
352 1191 489 1229 faciunt,
514 1191 543 1222 in
563 1191 711 1230 jumentis
728 1199 793 1222 non
813 1189 910 1236 adeo.

51 1246 88 1268 ac
105 1245 144 1267 ne
162 1233 343 1273 exemplum
361 1232 522 1273 quaestioni
545 1231 643 1268 effer,
667 1230 708 1262 fic
731 1239 851 1277 pergit:
876 1238 911 1261 ut

50 1285 146 1318 puta,
169 1275 188 1307 fi
212 1276 313 1306 mulus
335 1273 481 1305 castratus
503 1272 571 1311 est,
600 1281 704 1311 neque
727 1274 831 1304 morbi
855 1280 911 1302 ne-

51 1328 112 1357 que
131 1317 197 1347 vitii
215 1316 289 1355 quid
299 1316 413 1346 habere
423 1314 564 1352 videtur,
580 1314 651 1352 quia
669 1322 772 1353 neque
789 1313 829 1359 de
844 1311 912 1344 for-

49 1359 180 1391 titudine
198 1356 272 1396 quid
289 1357 353 1395 eJ'us
373 1355 566 1392 detrahitur,
579 1363 682 1391 neque
697 1355 737 1384 de
755 1354 908 1385 utilitate:

50 1409 120 1431 cum
138 1399 174 1429 ad
191 1398 403 1438 generandum
427 1404 596 1436 numquam
621 1395 655 1426 fit
672 1394 794 1426 habilis,
840 1394 911 1426 Cae-

46 1441 105 1473 lius
129 1447 257 1479 quoque
275 1437 398 1475 scribit,
421 1446 486 1468 nori
509 1437 613 1468 omnia
634 1436 776 1468 animalia
800 1435 910 1481 castra·

48 1490 78 1513 ta
103 1481 146 1511 ob
171 1480 201 1510 id
224 1478 321 1519 ipsum
347 1478 455 1509 vitiosa
479 1477 559 1516 effe,
583 1476 638 1508 nisi
662 1486 790 1522 propter
815 1477 910 1518 iplam

49 1522 268 1553 castrationem
285 1519 364 1550 faeta
379 1519 446 1549 lunt
462 1518 685 1549 imbecilliora:
708 1519 737 1550 ἃ
754 1519 826 1550 ideo
842 1527 908 1550 mu-

49 1563 113 1594 lum
138 1571 201 1592 non
232 1559 292 1591 esse
318 1559 471 1590 vitiosum.
520 1558 608 1589 Idem
632 1559 749 1598 refert,
779 1558 910 1592 Ofilium

50 1601 251 1640 existimaffe,
283 1610 397 1640 equum
418 1600 582 1631 castratum
607 1599 712 1631 sanum
730 1600 810 1640 esse3
833 1600 911 1632 ficut

50 1644 148 1684 spado
163 1651 290 1683 quoque
308 1642 394 1673 sanus
412 1641 465 1673 est.
489 1640 539 1672 sed
555 1640 575 1672 fi
593 1648 721 1682 emptor
735 1642 910 1683 ignoravit,

49 1684 198 1717 venditor
211 1683 265 1714 scit
276 1705 285 1722 ,
309 1692 348 1714 ex
365 1690 475 1722 empto
491 1681 552 1714 effe
567 1682 734 1714 actionem.

87 1725 204 1766 Jubent
228 1723 320 1765 igitur
341 1723 464 1755 AEdiles
479 1745 488 1761 ,
518 1732 574 1754 eos
598 1725 650 1764 qui
674 1724 814 1764 jumenta
835 1734 910 1757 ven-

49 1767 145 1805 dunt,
169 1764 270 1806 palam
294 1765 380 1796 reete
403 1765 527 1802 dicere,
550 1766 626 1805 quid
648 1766 680 1796 in
703 1774 832 1807 quoque
857 1776 909 1798 eo·

46 1817 117 1840 rum
140 1806 241 1839 morbi
266 1807 375 1838 vitiive
404 1805 452 1839 fit.
506 1805 559 1838 De
582 1805 666 1838 disto
691 1806 881 1847 promill'ove
898 1830 908 1847 ‚

47 1849 125 1880 nihil
143 1849 290 1887 edicunt,
313 1855 464 1888 quantum
483 1856 523 1878 ex
538 1847 642 1879 verbis
657 1848 767 1889 liquet.
792 1848 909 1881 Verum

47 1890 203 1929 Ulpianus
224 1889 253 1930 §.
280 1898 325 1921 10.
349 1890 376 1920 d.
393 1889 412 1919 l.
438 1892 487 1928 38.
519 1889 562 1919 ita
587 1887 709 1928 scribit,
739 1897 838 1930 puto,
870 1900 910 1922 eit

48 1938 159 1963 mente
173 1930 328 1961 AEdilium
345 1941 353 1961 ι
376 1930 449 1961 Νοη
464 1935 579 1960 tantum
594 1931 627 1961 ab
644 1931 769 1962 morbum
789 1931 909 1963 vitium·

46 1981 82 2003 ve
107 1972 253 2003 redhibitio
274 1970 366 2001 locum
392 1971 501 2001 babebit
518 1971 548 2001 t'rz
565 1971 726 2012 jumentis,
747 1981 847 2004 verum
869 1978 909 2004 et-

47 2015 121 2050 iam,
139 2011 169 2050 fi
186 2017 283 2042 contra
297 2011 405 2043 dietum
414 2011 635 2052 promiffumve,
658 2014 712 2044 erit
727 2013 803 2045 locus
819 2014 909 2046 redhi-

51 2055 178 2092 bitioni,
208 2053 329 2093 exempto
359 2053 574 2092 mancipiorum.
630 2052 682 2085 Sic
708 2054 827 2086 editur:
856 2055 907 2087 sed

49 2094 134 2126 deest
158 2093 291 2134 aliquid,
316 2094 374 2124 hac
395 2092 497 2124 forma
522 2093 738 2133 supplendum.
781 2096 814 2126 Si
844 2106 908 2127 cort-

51 2143 97 2166 tra
121 2134 227 2165 ditium
251 2134 449 2175 promiffumve
468 2134 598 2166 ERIT
613 2135 687 2166 locus
709 2136 908 2175 redhibitioni,

50 2177 172 2215 exemplo
188 2177 393 2215 rizancipz'orum
451 2175 493 2206 Ea
517 2176 620 2207 forma
644 2176 851 2217 significatur,
877 2179 910 2210 Si

50 2223 147 2248 contra
165 2215 272 2247 ditium
291 2215 493 2257 prorrztffuiiive
514 2218 589 2253 erit3
611 2220 665 2248 erit
688 2217 763 2250 locus
786 2221 908 2251 redhibi-

50 2259 139 2297 tioni,
164 2258 224 2289 &cn

90 2299 190 2331 Porro
215 2299 300 2339 ajunt
329 2299 448 2330 AEdiles
465 2321 475 2337 ,
518 2298 575 2330 Uti
596 2309 659 2340 quae
688 2301 788 2340 optime
808 2306 912 2333 ornata

51 2341 197 2371 vendendi
219 2340 304 2380 causti
318 2341 434 2379 fuerint
451 2362 460 2378 ,
490 2340 533 2370 ita
556 2341 728 2381 emptoribus
751 2343 911 2374 tradentur.

50 2381 168 2413 Melius
187 2381 322 2412 fortassis
339 2383 477 2421 legetur,
500 2383 670 2413 traduntur.-
686 2391 750 2422 quo
768 2384 864 2414 modo
880 2384 911 2415 in

50 2422 239 2461 quibusnam
257 2422 339 2454 libris
356 2421 545 2459 ess'e‚refcrt
564 2422 727 2455 Ruffardus
738 2423 810 2455 Not.
824 2424 910 2456 Mar-

50 2464 168 2503 ginolib.
210 2462 376 2494 Vendendi
402 2470 508 2494 autem
531 2463 643 2501 causa,
666 2473 701 2495 ut
722 2464 874 2504 Ulpianus
890 2466 911 2497 l.

49 2503 138 2544 38.§.
158 2512 202 2534 11.
225 2503 346 2541 scribit,
371 2513 515 2535 ornatum
532 2505 707 2545 jumentum
726 2506 826 2536 videri
844 2506 911 2538 Cae-

52 2545 108 2574 l·us
124 2545 185 2581 ait,
207 2553 269 2575 non
285 2545 306 2576 si
322 2545 375 2576 sub
393 2553 517 2585 tempus
535 2546 746 2584 venditionis,
766 2546 829 2577 hoc
848 2547 910 2585 est,

51 2584 148 2615 biduo
165 2583 214 2623 (id
230 2584 404 2626 est,aliquo
422 2588 585 2627 tempore)
600 2595 672 2618 ante
692 2588 911 2620 venditionem

52 2633 196 2655 ornatum
214 2624 266 2655 fit:
288 2625 339 2657 sed
362 2627 381 2658 fi
405 2628 435 2658 in
463 2627 524 2666 ipsa
548 2628 734 2659 venditione
764 2637 911 2661 ornatum

50 2665 102 2697 sit:
126 2674 178 2696 aut
193 2665 282 2703 ideo,
307 2667 425 2706 inquit,
449 2668 559 2700 venale
578 2678 649 2700 cum
667 2669 760 2707 esset,
778 2670 910 2710 inspice-

51 2714 148 2737 retur.
182 2705 361 2746 semperque
376 2717 447 2739 cum
465 2711 504 2739 de
528 2712 723 2742 ornamentis
744 2720 911 2751 ageretur,

50 2747 136 2778 &in
162 2747 306 2785 actione,
330 2748 360 2778 ἃ
383 2749 413 2779 in
437 2748 546 2781 Edicto
562 2752 716 2791 adjectum
740 2752 803 2791 est,
834 2762 911 2784 ven-

49 2789 143 2819 dendi
168 2787 256 2818 causa
280 2796 396 2831 ornata·
414 2789 504 2820 dueta
522 2791 598 2823 effe:
622 2791 741 2833 poterit
764 2793 848 2825 enim
867 2794 911 2833 ju-

45 2836 189 2873 mentum
204 2836 349 2861 ornatum
365 2829 482 2861 itineris
500 2832 587 2864 causa
603 2834 694 2872 duci,
717 2833 832 2866 deinde
857 2843 910 2865 ve-

46 2879 125 2901 nire⁴

86 2909 277 2950 Loquuntur
294 2910 387 2952 igitur
407 2912 525 2945 AEdiles
546 2916 584 2946 de
601 2915 748 2955 jumentis
771 2916 910 2956 emptori

48 2960 66 2981 a
95 2953 263 2983 venditore
295 2953 453 2984 tradendis
479 2954 544 2993 ita,
582 2957 625 2987 uti
649 2959 808 2988 vendendi
838 2967 908 2988 cau·

44 2992 73 3023 sa
96 2991 215 3024 fuerint
236 2994 356 3031 optime
385 3001 512 3034 ornata3
541 2996 580 3028 de
605 2999 835 3036 mancipiorum
856 3008 907 3029 ve.

43 3042 80 3063 ro
96 3035 290 3065 ornamentis
305 3057 315 3073 ,
340 3043 489 3074 quantum
508 3037 545 3067 ad
565 3039 659 3068 verba
676 3038 751 3070 nihil
767 3041 907 3071 edicunt.

43 3072 178 3106 Videtur
209 3083 314 3106 tamen
351 3076 400 3106 vel
431 3076 461 3107 in
493 3075 541 3108 his
573 3078 657 3110 idem
692 3080 778 3118 quod
811 3081 851 3111 de
874 3081 909 3112 il-

40 3115 97 3153 lis,
126 3124 290 3155 receptum
313 3115 513 3148 similitudine
536 3120 679 3150 rationis:
703 3121 830 3158 quando
856 3131 908 3152 ve-

40 3156 256 3229 nalitiariijlid
274 3157 339 3197 est,
362 3166 555 3201 mangones,
571 3169 662 3202 aeque
679 3159 747 3192 haec
763 3169 859 3202 atque
876 3163 907 3195 il-

112 3205 164 3228 am.
224 3222 230 3228 .

1757 81 1823 121 361

956 161 983 192 la
1006 169 1070 199 quo
1094 160 1190 202 pluris
1208 163 1373 202 venirent,
1404 171 1476 194 cum
1500 163 1694 195 ornamentis
1711 167 1826 196 vende-

955 202 1040 232 bant.
1070 203 1180 234 alludit
1198 203 1260 234 huc
1282 205 1365 245 apud
1389 203 1534 236 Plautum
1565 204 1711 237 Parasitus
1728 207 1824 237 Sticho

956 251 982 274 1.
999 252 1026 274 2.
1048 248 1093 277 18.
1116 242 1242 282 fuitque
1264 245 1338 277 inde
1354 245 1535 286 quaesitum,
1565 247 1725 286 mancipio
1750 256 1824 279 ven-

954 284 1043 322 dito,
1061 293 1098 315 an
1117 287 1292 316 ornamenti
1311 287 1526 326 appellatione
1543 288 1673 319 annulus
1692 287 1824 329 {ignato-

953 324 1016 355 rius
1031 325 1256 357 contineatur?
1279 326 1424 359 nimirum
1441 327 1600 360 habebant
1622 329 1717 360 etiam
1741 329 1821 361 servi

953 366 1086 397 annulos
1108 375 1172 397 non
1195 365 1294 398 solum
1317 367 1458 405 ferreos,
1481 369 1529 400 sed
1552 378 1721 410 argenteos
1742 379 1821 411 quo-

954 415 1016 445 que
1036 407 1064 437 ἀ
1081 415 1212 438 aureos:
1235 416 1299 438 non
1316 409 1444 448 quidem
1463 409 1609 449 gestaturi
1627 420 1701 443 eos:
1726 412 1821 451 (erat

953 447 1037 478 enim
1055 447 1119 478 hoc
1142 448 1302 487 dignitatis
1317 471 1327 487 ,
1351 449 1380 480 ἀ
1398 450 1477 480 ultra
1500 449 1641 483 servilem
1665 453 1823 484 conditio-

951 488 1052 528 nem)
1076 487 1127 519 sed
1151 488 1298 529 fignaturi
1321 498 1357 521 ea
1382 499 1451 529 quae
1473 499 1562 522 erant
1584 494 1823 525 administratio-

952 529 999 560 nis
1016 538 1146 567 eorum,
1170 539 1210 560 ne
1226 539 1241 560 a
1258 530 1418 562 conservis
1434 539 1635 571 raperentur,
1659 543 1752 573 puta,
1776 545 1824 567 es-

952 571 1099 608 culenta,
1124 571 1285 609 potulenta
1301 594 1311 610 ‚
1340 572 1417 610 alia,
1446 573 1562 604 annulo
1585 574 1690 615 fignari
1715 575 1822 614 solita,

952 611 1080 642 auctore
1100 611 1199 642 Plinio
1217 612 1265 643 lib.
1282 621 1331 653 33.
1350 612 1429 652 Hisi.
1446 620 1544 645 nat.c.
1567 624 1592 645 1.
1616 615 1742 655 Schkat
1758 617 1823 648 huc

951 652 970 683 l.
992 662 1041 692 74.
1063 651 1102 683 1).
1120 654 1153 683 de
1169 655 1246 683 verb.
1257 652 1361 694 fignif.
1387 664 1457 693 quae
1481 653 1526 686 est
1549 664 1589 686 ex
1607 655 1693 687 Pauli
1718 657 1771 689 lib.
1789 669 1821 690 2.

952 694 1001 724 Ad
1033 693 1179 725 Edictum
1204 695 1354 726 AEdilium
1380 695 1552 729 Curulium.
1578 697 1620 727 ait
1646 707 1723 729 vero
1749 698 1821 738 ille,

953 735 1139 776 signatorius
1155 736 1281 766 annulus
1299 738 1459 768 ornamenti
1475 737 1660 778 appellatione
1675 748 1732 769 non
1757 750 1822 770 con-

950 778 1069 807 tinetur.
1113 776 1187 808 Sine
1204 777 1324 816 dubio,
1348 776 1419 817 quia
1443 777 1586 810 utilitatis
1611 779 1640 811 &
1663 780 1824 812 neceffita·

950 818 991 847 tis
1014 817 1131 856 gratia,
1162 827 1226 848 non
1252 819 1382 849 ornandi
1405 819 1551 860 corporis
1575 819 1604 851 &
1631 821 1822 859 venustatis,

948 859 1047 898 gratia
1064 857 1209 889 habetur.
1232 859 1284 890 illa
1300 860 1384 890 enim
1404 861 1527 892 ratione
1546 870 1585 891 ne
1610 861 1820 903 ingenuorum

950 899 1078 940 quidem
1096 899 1261 931 hominum
1277 901 1410 932 annulos
1425 901 1609 940 [ignatorios
1627 905 1822 936 ornamentis

950 941 1166 979 annumerari,
1191 939 1345 982 Ulpianus
1363 943 1479 983 probat
1495 944 1513 976 l.
1532 953 1580 984 25.
1606 943 1633 985 §.
1658 953 1704 977 10.
1728 945 1769 977 D.
1787 947 1820 977 ‹le

950 991 1016 1013 aur.
1034 981 1164 1023 argdeg.

995 1022 1097 1054 Porro
1114 1024 1199 1063 ajunt
1213 1024 1352 1064 AEdiles,
1376 1025 1410 1057 Si
1432 1028 1501 1069 quid
1524 1028 1567 1059 ita
1584 1028 1705 1069 fabium
1720 1038 1778 1060 non
1794 1038 1819 1060 e-

952 1065 1007 1102 rit,
1032 1064 1065 1095 de
1078 1067 1248 1096 ornamentis
1264 1065 1466 1107 restituendis,
1481 1070 1658 1110 jumentisve
1674 1080 1823 1102 ornamen-

952 1111 1045 1136 torum
1061 1107 1173 1137 nomine
1191 1107 1368 1140 redhibendis
1392 1113 1423 1140 in
1446 1111 1541 1141 diebus
1549 1111 1727 1153 sexaginta:
1748 1121 1821 1143 mor-

951 1148 979 1177 bi
995 1152 1089 1178 autem
1105 1147 1212 1178 vitiive
1233 1150 1320 1186 causa
1333 1151 1466 1190 inemptis
1472 1152 1619 1190 faciendis
1634 1155 1665 1183 in
1673 1157 1728 1192 sex
1742 1163 1821 1184 men-

945 1186 1044 1226 sibus:
1073 1187 1120 1219 vel
1140 1198 1195 1230 quo
1213 1191 1331 1221 minoris
1356 1201 1420 1222 cum
1443 1194 1594 1231 venirent,
1619 1195 1756 1234 fuerint,
1787 1195 1820 1225 in

953 1238 1028 1260 anno
1045 1229 1190 1270 judicium
1218 1231 1357 1262 dabimus.
1409 1231 1490 1264 Haec
1516 1235 1611 1265 verba
1634 1245 1697 1267 non
1723 1243 1821 1275 egent

954 1270 1186 1311 explicatione:
1203 1272 1286 1304 ultro
1301 1273 1383 1304 clara
1399 1272 1562 1305 sententia.
1588 1275 1695 1307 saltem
1711 1276 1822 1308 adscri-

953 1312 1024 1343 bam
1049 1311 1232 1351 sequentem
1255 1313 1379 1354 Ulpiani
1403 1315 1655 1348 admonitionem
1681 1327 1721 1348 ex
1745 1318 1773 1359 §.
1791 1327 1822 1357 3.

954 1352 973 1384 l.
993 1357 1043 1393 38.
1067 1352 1108 1384 Et
1124 1352 1154 1392 fi
1176 1360 1321 1386 mortuum
1336 1356 1433 1394 fuerit
1450 1357 1635 1398 jumentum,
1654 1361 1722 1398 pari
1742 1361 1819 1390 mado

953 1395 1127 1425 reddendum
1141 1396 1210 1434 erit,
1233 1398 1467 1436 quemadmodum
1481 1400 1653 1439 mancipium
1667 1397 1768 1441 potest.

993 1435 1142 1476 Sequitur
1161 1437 1191 1467 in
1213 1436 1344 1468 Edicto:
1367 1439 1402 1469 Si
1411 1439 1546 1479 jumenta
1559 1441 1645 1479 paria
1661 1440 1750 1479 fimul
1771 1450 1821 1471 ve-

952 1477 1058 1507 nierint
1074 1500 1083 1515 ,
1108 1476 1144 1511 &³
1159 1477 1279 1509 atterum
1296 1480 1326 1509 in
1341 1488 1374 1509 ea
1390 1480 1476 1520 causa
1489 1480 1602 1519 fuerit,
1627 1488 1660 1512 ut
1683 1483 1821 1513 redhiberi

951 1518 1065 1553 debeam
1084 1518 1229 1557 judicium
1245 1520 1376 1550 dabimus
1389 1542 1399 1557 ,
1427 1529 1480 1560 quo
1503 1528 1656 1563 utrumque
1677 1523 1821 1561 redhibea-

952 1564 1011 1589 tur.
1036 1559 1155 1591 AEdiles
1171 1561 1300 1599 volunt,
1329 1561 1470 1601 pluribus
1484 1561 1658 1602 jumentis,
1676 1564 1822 1603 duobus,

951 1600 1041 1631 verbi
1064 1602 1182 1641 gratia,
1206 1602 1361 1640 venditis,
1386 1601 1406 1634 ii
1425 1612 1520 1635 unum
1545 1603 1580 1635 fit
1601 1603 1631 1635 in
1654 1613 1690 1636 ea
1708 1604 1794 1636 causa
1809 1628 1820 1644 ‚

950 1648 985 1674 ur
1002 1649 1134 1682 propter
1152 1643 1263 1674 vitium
1281 1643 1442 1675 redhiberi
1460 1644 1593 1683 debeat,
1617 1655 1681 1677 non
1698 1647 1729 1678 id
1751 1647 1822 1678 red·

951 1681 1054 1714 hiberi
1077 1681 1175 1715 solum
1197 1685 1284 1724 quod
1307 1684 1352 1717 est
1375 1684 1520 1717 vitiosum
1538 1695 1544 1717 :
1566 1685 1617 1719 sed
1632 1689 1728 1718 etiam
1746 1689 1822 1720 alte-

951 1733 1041 1763 rum,
1064 1724 1118 1756 etfi
1132 1734 1196 1756 non
1214 1725 1250 1757 fit
1267 1725 1437 1759 vitiosum:
1460 1737 1524 1759 non
1550 1735 1654 1760 tamen
1678 1728 1719 1760 fic
1746 1728 1823 1760 sem-

952 1773 1009 1805 per
1023 1771 1118 1805 atque
1134 1765 1311 1799 indistinete
1325 1767 1501 1801 observari:
1523 1767 1573 1801 sed
1589 1777 1655 1801 tum
1672 1771 1798 1801 demum
1811 1793 1822 1807 ,

951 1805 973 1837 fi
989 1806 1040 1838 illa
1053 1806 1140 1839 fimul
1159 1808 1336 1847 venierint,
1361 1810 1391 1841 δι
1409 1818 1567 1850 tamquam
1587 1812 1680 1851 paria.
1704 1820 1775 1842 nam
1798 1811 1821 1843 fi

950 1856 1017 1879 non
1033 1846 1121 1880 fimul
1143 1847 1264 1882 fuerint
1281 1850 1426 1890 vendita,
1450 1861 1510 1883 nec
1534 1860 1693 1893 tamquam
1718 1853 1823 1893 paria,

952 1888 1007 1920 etfi
1023 1889 1111 1929 plura
1127 1889 1302 1930 venierint,
1322 1901 1387 1924 non
1405 1894 1511 1924 omnia
1526 1892 1588 1924 ess'e
1605 1893 1824 1933 redhibenda,

952 1929 1104 1970 Ulpianus
1121 1930 1268 1964 observat
1281 1933 1301 1963 l.
1314 1938 1363 1974 38.
1376 1933 1403 1975 §.
1424 1943 1469 1966 12.
1487 1935 1513 1965 b.
1529 1939 1552 1965 t.
1575 1935 1672 1974 idque
1688 1934 1729 1966 fic
1744 1944 1822 1966 con-

951 1970 1054 2003 firmat
1070 1982 1078 2003 :
1101 1971 1183 2005 Nam
1201 1974 1229 2005 ἀ
1248 1973 1268 2006 li
1283 1973 1429 2007 vitiosum
1449 1975 1486 2007 fit
1501 1984 1598 2007 unum
1612 1976 1740 2017 jugum,
1756 1985 1824 2008 non

952 2020 1057 2044 tamen
1082 2022 1215 2055 propter
1236 2014 1301 2046 hoc
1326 2023 1440 2047 caetera
1462 2017 1534 2057 juga
1558 2017 1821 2049 redhibebuntur.

951 2055 1058 2095 Atque
1075 2056 1118 2086 ita
1135 2054 1198 2094 est,
1222 2065 1294 2088 cum
1311 2057 1450 2096 jumenta
1467 2059 1551 2097 paria
1574 2058 1722 2097 veniunt,
1746 2067 1822 2098 puta

951 2104 1012 2126 una
1034 2095 1124 2136 biga,
1147 2095 1211 2128 ssve
1234 2107 1329 2129 unum
1350 2098 1477 2139 jugum,
1501 2098 1616 2130 Edicto
1643 2099 1822 2139 expi-effum

951 2135 1032 2175 ess'e,
1059 2137 1209 2178 Ulpianus
1225 2139 1267 2170 ait
1282 2138 1309 2180 §.
1332 2149 1378 2179 14.
1398 2141 1425 2171 d.
1448 2141 1468 2172 i.
1493 2149 1528 2171 ut
1545 2149 1615 2171 cum
1633 2141 1765 2172 alterum
1788 2141 1819 2172 in

952 2186 987 2208 ea
1006 2177 1093 2208 causa
1109 2179 1162 2216 sit,
1186 2186 1222 2210 ut
1238 2179 1398 2212 redhiberi
1418 2181 1553 2220 debeat,
1574 2183 1823 2222 utrumqueied-

952 2218 1106 2250 hibeatur.
1130 2221 1282 2260 additque
1297 2244 1306 2260 ,
1330 2222 1361 2253 in
1379 2232 1414 2253 ea
1431 2232 1464 2254 re
1480 2231 1542 2253 tam
1560 2224 1695 2262 emptori
1707 2232 1820 2263 ,quam

952 2260 1110 2291 venditori
1129 2262 1263 2301 consuli,
1287 2264 1359 2294 dum
1374 2264 1516 2303 jumenta
1533 2272 1593 2294 non
1612 2264 1801 2304 separantur.

992 2300 1061 2331 Sic:
1083 2301 1104 2333 fi
1121 2303 1192 2343 biga
1208 2304 1373 2335 vendatur.
1397 2304 1489 2344 quid,
1513 2304 1533 2336 si
1552 2305 1648 2345 triga,
1671 2313 1723 2336 aut
1745 2314 1820 2345 qua-

953 2341 1040 2382 driga
1057 2341 1117 2374 fit?
1140 2343 1229 2375 simili
1256 2346 1374 2384 modo,
1398 2346 1499 2385 inquit
1524 2346 1692 2385 Ulpianus,
1715 2347 1822 2378 redhi-

954 2382 1057 2414 benda
1072 2384 1131 2415 erit
1148 2392 1227 2416 tota.
1271 2384 1357 2425 Bigae
1373 2394 1477 2417 autem
1495 2387 1681 2426 appellatio,
1705 2395 1739 2418 ut
1758 2388 1819 2418 hoc

955 2432 1131 2463 exponam,
1156 2435 1221 2456 non
1245 2425 1396 2464 fignificat
1419 2436 1544 2458 currum
1570 2429 1619 2459 cui
1640 2428 1736 2468 junCti
1759 2428 1819 2460 fint

956 2463 1028 2504 equi
1055 2467 1138 2498 duo:
1169 2466 1220 2498 sed
1243 2467 1288 2498 est
1312 2477 1430 2499 nomen
1455 2469 1597 2509 numeri3
1626 2469 1820 2510 indigitantis

955 2505 1036 2537 duos
1053 2515 1155 2547 equos
1172 2507 1267 2539 etiam
1292 2507 1355 2539 fine
1381 2518 1490 2548 curru,
1515 2509 1569 2541 etsi
1594 2519 1820 2551 comparentur

955 2546 1163 2588 plerumque,
1192 2555 1225 2579 ut
1247 2549 1416 2589 iungantur
1433 2552 1547 2582 currui.
1578 2551 1717 2584 similiter
1741 2554 1819 2593 triga

955 2587 984 2618 ἃ
1000 2589 1146 2630 quadriga
1162 2590 1256 2621 etiam
1275 2589 1336 2622 fine
1352 2600 1444 2623 cui-ru
1461 2591 1644 2632 intelligitur
1661 2594 1701 2625 de
1719 2595 1817 2638 tribus

954 2635 1008 2660 aut
1025 2638 1160 2669 quatuor
1177 2632 1266 2671 equis
1281 2633 1386 2663 cui-rui
1400 2633 1487 2674 jungi
1506 2633 1618 2665 solitis:
1645 2643 1677 2665 ut
1706 2642 1815 2665 notavi

953 2669 1002 2701 lib.
1021 2679 1047 2701 2.
1073 2672 1123 2702 De
1140 2671 1295 2710 usufructu
1311 2683 1334 2704 c.
1352 2682 1396 2705 xi.
1420 2674 1449 2706 dt
1465 2674 1605 2714 pluribus
1629 2676 1741 2714 probat
1767 2673 1819 2703 liic

954 2709 1125 2752 Dionysius
1144 2712 1379 2745 Gothofredus.
1421 2714 1516 2754 Dixi,
1540 2717 1702 2756 quidjuris
1726 2714 1760 2744 iit
1784 2715 1816 2744 in

954 2761 1019 2782 uno
1038 2753 1103 2792 pari
1127 2754 1291 2786 mularum.
1314 2755 1366 2787 sed
1388 2754 1456 2794 fac,
1480 2757 1544 2788 duo
1569 2757 1646 2793 ess'e,
1671 2756 1699 2785 ἃ
1723 2764 1817 2786 unam

954 2793 1070 2824 mulam
1090 2793 1231 2827 vitiosam
1256 2795 1338 2835 effe,
1362 2797 1411 2828 vel
1430 2806 1492 2837 par.
1515 2799 1557 2828 ait
1580 2797 1749 2841 Ulpianusj
1774 2797 1818 2824 lo-

954 2834 1018 2865 lum
1037 2843 1091 2875 par
1115 2835 1351 2876 redhibebitur,
1374 2838 1505 2870 alterum
1530 2847 1603 2869 non.
1645 2836 1692 2867 Ita
1716 2836 1735 2866 li
1752 2838 1816 2875 jam

954 2876 1039 2914 paria
1054 2874 1111 2907 fint
1132 2877 1312 2910 constituta.
1358 2878 1535 2916 Caeterum‚
1560 2877 1578 2908 fi
1595 2877 1737 2907 nondum
1759 2876 1819 2908 fine

953 2916 1122 2948 constituta
1149 2919 1231 2958 paria
1247 2943 1256 2957 ,
1287 2919 1339 2952 sed
1359 2920 1539 2961 simpliciter
1563 2925 1698 2962 quatuor
1723 2918 1818 2949 mulae

953 2966 1018 2988 uno
1045 2959 1147 2997 pretio
1172 2961 1347 3000 venierint,
1371 2962 1476 2998 unius,
1500 2960 1618 3002 imum,
1642 2967 1701 2988 erlt
1724 2959 1814 2990 mulae

952 2998 1140 3037 redhibitio,
1165 3010 1225 3032 non
1250 3004 1412 3034 omnium:
1442 3001 1472 3031 ἁ
1496 3000 1607 3030 addit:
1630 2998 1771 3047 Nam&
1788 2999 1819 3038 si

948 3040 1027 3079 palia
1047 3042 1188 3080 venierit,
1211 3044 1351 3081 dicemus,
1383 3051 1474 3072 unum
1496 3048 1600 3079 equum
1622 3049 1673 3080 qut
1695 3043 1816 3078 vztzolztr

952 3079 1007 3120 est,
1029 3091 1086 3113 non
1100 3093 1207 3114 omnem
1219 3085 1322 3124 poliam
1338 3082 1474 3113 redhiberi
1489 3086 1621 3120 oportere.
1650 3081 1814 3120 johannes

953 3122 1093 3156 Cruceus
1116 3124 1282 3161 PicarQus,
1315 3123 1405 3154 Notis
1428 3122 1465 3152 ad
1486 3121 1514 3151 b.
1538 3121 1556 3151 I.
1581 3121 1697 3160 pollam
1721 3123 1818 3155 inter·

951 3172 1091 3204 pretatur
1114 3175 1242 3208 gregem
1266 3171 1444 3233 equotigm:
1475 3165 1527 3203 qui
1549 3171 1626 3203 grex
1649 3164 1688 3194 ab
1711 3164 1816 3205 Ulpia-

1389 3211 1406 3234 z
1773 3214 1816 3237 no
