2036 3495
534 63 642 106 DE'

55 161 198 207 stantiam
214 171 272 194 non
287 162 390 193 habent
406 164 563 200 corpoream
573 183 583 200 ,
598 160 820 201 cogitationibus
834 169 867 192 ea
883 160 929 191 ‘oi-

59 205 137 241 deri‚·
158 209 232 236 unde
246 204 406 234 adulterata
423 202 549 242 opinione
564 200 728 242 avzbz'gaam
741 203 866 232 materiae
877 203 929 233 bu-

54 247 107 289 jus
123 247 246 288 intelligi
260 245 439 286 qualitatem.
469 241 549 274 Haec
567 245 607 274 de
622 243 750 274 sabino.
792 245 833 274 At
849 244 926 274 Pau-

60 288 137 320 lus?
159 288 189 320 in
204 289 295 318 aliam
314 285 445 316 discedit
459 292 598 325 partem,
622 285 653 315 in
670 283 768 316 Notis
786 285 824 316 ad
841 285 925 315 Sabi-

62 338 138 361 num
155 329 197 361 fic
215 328 361 360 scribens,
388 327 443 357 Sed
457 327 560 356 incerti
573 324 646 357 aelio
661 327 716 356 erit
730 336 795 357 cum
811 327 925 365 herede,

58 377 110 403 ut:
123 370 154 402 &
169 371 297 410 reliqua.
323 368 437 400 Paulus
456 366 623 408 fignificat,
641 366 694 398 etfi
711 368 772 398 tale
788 368 926 409 legatum

58 421 125 444 non
143 413 245 444 valcat
262 419 301 442 ex
318 409 423 441 Sabini
440 408 610 440 sententia:
635 407 697 439 effe
715 417 820 440 tamen
844 410 928 450 lega-

59 454 140 485 tario
152 454 283 486 dandam
298 461 338 483 ex
356 451 545 482 testamento
561 450 720 481 actionem
737 451 869 482 incerti:
892 459 927 483 ut

58 494 171 535 heres,
185 495 333 535 quamdiu
347 492 463 523 vixerit
474 492 658 532 legatarius,
674 492 704 523 ei
715 491 840 532 praestet
850 502 924 524 eun-

58 536 90 568 di
102 559 110 573 ‚
128 536 264 568 ducendi
276 533 459 565 facultatem
476 532 505 563 dt
522 542 558 563 ea
575 532 707 564 servitus
717 533 927 565 constituatur

57 577 114 608 sub
138 578 198 608 hac
221 577 388 613 cautione3
412 581 465 611 ut,
488 573 508 605 fi
534 573 719 613 decefferst,
743 576 794 607 vel
820 578 926 616 capite

57 619 240 650 deminutus
257 626 296 648 ex
309 625 419 657 magua
434 614 522 646 causa
532 612 649 654 fuerit,
665 617 856 649 restituatur.
879 617 926 648 lta

54 659 178 692 Paulus.
204 667 263 699 qua
279 657 387 696 caula,
402 666 466 688 non
483 658 588 689 addit:
613 656 665 690 sed
683 665 782 699 puto,
806 659 925 698 duplex

55 700 129 732 fuit.
160 709 239 738 una,
263 700 350 740 quod
378 699 668 738 animadverteret,
690 709 760 731 eam
786 701 925 740 regulam

54 742 191 780 (utalibi
207 740 350 780 ostendi)
366 750 429 772 non
441 749 668 781 usquequaque
683 740 842 773 observari
859 750 926 773 mo-

54 784 140 815 ribus
156 783 266 824 populi
285 782 428 814 Romani.
453 782 550 813 altera
566 782 658 813 causa
667 781 748 821 fuit,
765 784 852 822 quod
870 782 925 813 ser-

55 826 157 864 vitus,
181 834 250 865 quae
269 823 342 864 Jure
358 824 442 854 civili
462 822 647 861 sustinetur,
671 826 783 864 utique
800 825 925 855 videtur

52 865 131 903 effe,
150 866 178 897 ὅ(
191 875 294 897 rerum
305 872 413 897 natura
425 864 676 904 comprehendi3
694 866 767 896 licet
784 865 925 904 alioquin

53 904 158 939 careat
173 907 349 939 substantia.
373 907 435 938 Sed
452 906 520 936 haec
534 907 721 946 intelligitur
736 916 775 938 ex
786 906 925 938 Seneca:

54 949 141 989 cujus
157 949 197 980 de
215 948 366 980 similibus
381 948 474 979 rebus
491 947 585 978 verba
602 949 670 978 haec
685 947 755 979 sunt
780 945 872 988 Epist.
888 949 926 978 aci

54 989 206 1024 Lucilium
221 994 273 1030 58.
307 990 344 1021 ln
362 999 459 1020 rerum
473 994 581 1020 natura
597 991 727 1030 quaedam
741 990 826 1027 sunt,
850 998 925 1029 qua:-

53 1033 119 1063 dam
141 1041 198 1063 non
214 1033 296 1071 sunt.
339 1031 380 1062 Et
395 1031 452 1061 haec
468 1036 563 1061 atatem
577 1040 637 1071 quae
652 1039 708 1061 non
715 1031 807 1070 sant,
829 1039 925 1060 rerum

54 1079 162 1104 natura
176 1072 387 1113 complectitur,
403 1082 465 1112 quoe
472 1073 565 1102 animo
569 1072 770 1112 succurrunt,
786 1077 925 1112 tanquam

53 1116 202 1153 centauri,
216 1116 366 1156 gigantes,
383 1113 420 1148 ὅ)
434 1114 576 1154 quidquia
591 1112 761 1153 alz'udfalsa
777 1113 922 1153 cogitacio·

53 1165 89 1186 ne
96 1156 261 1194 formatum
277 1156 374 1186 habere
389 1154 520 1195 aliquam
537 1155 693 1196 imaginem
711 1155 810 1194 coepit,
825 1162 924 1194 quam-

52 1199 99 1228 vis
113 1206 170 1228 non
183 1194 496 1236 habeatsabstantiam.

93 1238 208 1270 Similis
224 1238 354 1277 quaestio
364 1236 409 1268 est
420 1237 460 1267 de
470 1235 653 1268 nominibus
663 1258 671 1272 ,
687 1236 794 1275 legato
812 1244 922 1267 eorum

51 1278 212 1311 usufructu
231 1279 249 1309 l.
269 1288 298 1318 53.
323 1278 359 1312 δέ’
374 1287 404 1317 4.
422 1277 463 1308 D.
481 1278 516 1308 de
530 1276 686 1317 usufruffia
701 1286 800 1307 earum
816 1286 924 1308 reram.

52 1320 157 1353 Verba
173 1319 193 1351 l.
211 1329 240 1360 3.
260 1317 327 1359 Posi
341 1319 416 1360 quod
431 1320 558 1349 omnium
573 1327 666 1348 rerum
683 1317 871 1359 usuffruiius
886 1318 922 1348 le-

49 1363 119 1403 gari
130 1362 246 1402 poterit.
277 1361 329 1392 An
343 1360 380 1394 &³
397 1359 569 1390 nominum?
590 1359 698 1391 Nerva
716 1361 853 1400 negavit:
868 1359 923 1398 sed

51 1401 90 1444 est
104 1404 221 1442 verius,
235 1404 309 1444 quod
326 1400 435 1442 Caffius
454 1400 490 1435 ἂμ
503 1401 644 1432 Proculus
660 1398 827 1441 existimant
837 1423 846 1437 ,
859 1407 920 1440 pos-

44 1448 80 1486 Je
106 1445 206 1486 legari.
249 1444 327 1475 Idem
349 1449 446 1474 tamen
461 1442 588 1482 Nerva,
612 1441 663 1481 ipfi
676 1451 786 1483 quoque
803 1443 922 1473 debitori

48 1484 120 1526 poffe
135 1484 347 1525 usumfrufium
360 1484 450 1525 legari
465 1483 582 1522 scribit,
598 1482 634 1518 {9⁹
650 1485 832 1515 remittendas
847 1484 873 1514 ei
888 1493 920 1514 u-

45 1528 147 1568 suras.
171 1527 267 1558 verba
284 1527 303 1558 l.
319 1535 350 1566 4.
385 1526 462 1567 Ergo
479 1527 573 1557 cautio
588 1527 674 1556 etiam
690 1526 725 1557 ab
741 1525 791 1556 hoc
802 1526 919 1565 exigen-

51 1570 90 1599 da
105 1568 167 1599 erit.
249 1567 356 1599 uaestio
369 1566 442 1606 lest,
464 1576 502 1598 an
520 1566 590 1607 post
606 1565 920 1599 senatusconsultum

51 1609 147 1650 legari
164 1618 206 1650 po
233 1618 256 1641 rt
270 1608 463 1641 ususfructus
477 1608 669 1640 nominum?
692 1608 735 1639 ait
744 1606 920 1649 Ulpianus,

49 1649 192 1683 Nervam
210 1649 344 1692 negass‘e.
368 1657 450 1689 puto
462 1673 472 1688 ‚
488 1650 560 1689 quia
576 1649 714 1682 nominis
732 1649 919 1690 appellatio-

49 1700 91 1725 ne
107 1693 291 1726 continetur
309 1690 390 1724 aetio
407 1691 428 1724 l.
444 1699 494 1732 44.
514 1690 583 1733 §.6.
600 1689 643 1725 D.
659 1692 693 1722 de
707 1691 809 1733 legatis
823 1691 871 1724 lio.
890 1699 918 1723 1.

682 69 1155 108 Usurrzucru

1217 72 1308 108 Ltss.
1347 73 1371 110 Ι.
1784 80 1852 122 367

970 161 990 192 l.
1008 170 1058 202 59.
1077 160 1119 193 D.
1137 162 1170 193 de
1185 162 1289 204 legatis
1304 163 1353 194 lib.
1370 172 1401 204 3.
1430 162 1514 196 actio
1532 172 1631 205 porro
1646 164 1786 206 iuribuS,
1811 166 1844 197 id

970 202 1034 241 est,
1056 204 1150 235 rebus
1166 204 1443 244 incorporalibus,
1466 215 1701 239 annumeratur.
1724 216 1789 239 non
1808 216 1841 238 e-

970 245 1035 276 nim
1059 245 1159 276 videri
1184 255 1287 286 neque
1309 247 1393 288 tangi
1417 247 1542 287 potest;
1566 249 1705 289 denique
1724 271 1735 287 ‚
1765 248 1843 280 nihil

969 285 1036 324 est;
1059 285 1114 317 nifi
1131 285 1217 317 fietio
1234 288 1339 319 animi.
1362 290 1481 320 Seneca
1497 289 1544 320 lib.
1563 299 1592 330 7.
1612 289 1660 320 De
1672 289 1797 330 Benefic.
1814 299 1841 321 e.

973 336 1018 359 10.
1037 326 1127 359 Video
1142 326 1197 368 ista
1212 328 1383 369 diplomata,
1407 328 1444 363 ὅ)
1456 331 1658 373 syngraphas,
1681 329 1719 366 ἐξ
1735 332 1842 363 cautio-

969 378 1037 407 nes,
1062 378 1157 400 vacua
1175 371 1297 401 habendi
1305 369 1500 411 fimulachra‚
1518 374 1635 404 umbras
1650 375 1792 414 quasdam
1806 382 1840 404 a-

968 411 1084 441 varz'tiae
1101 410 1259 442 laborantis
1270 435 1280 450 ,
1297 419 1348 452 per
1361 421 1433 454 quas
1449 414 1591 454 decipiant
1607 417 1756 452 animum,
1777 415 1842 445 ina·

968 452 1050 482 nium
1066 453 1194 492 opinione
1206 454 1386 494 gaudentem.
1403 452 1487 497 Quid
1502 457 1578 486 enim
1592 454 1756 495 istasunt?
1770 455 1841 497 quid

960 493 1063 532 faenus
1073 515 1083 531 ,
1106 493 1143 528 δ’
1159 494 1376 534 kalendarium,
1392 496 1428 531 δ’
1444 501 1551 534 usura,
1573 495 1629 535 nisi
1644 497 1776 528 bumanae
1792 505 1842 527 cu-

966 535 1098 574 piditatis
1122 541 1206 566 extra
1228 542 1367 568 naturam
1391 535 1509 579 qzcaesita
1532 540 1667 569 nomina:
1690 538 1733 569 Et
1755 536 1838 578 post.

968 575 1133 621 ,Quidsunt
1149 574 1206 617 istoe
1222 577 1343 617 tabulae,
1364 581 1435 619 quid
1449 580 1669 619 computationes
1685 579 1722 614 ὅ)
1739 589 1840 611 voena-

968 619 992 648 le
1016 623 1126 658 tempus
1149 618 1186 652 &³
1200 618 1432 660 sanguinolentae
1454 618 1606 658 centesimae
1620 620 1637 652 ‚9
1666 621 1841 652 voluntaria

968 659 1044 690 mala
1058 669 1094 690 ex
1108 657 1308 700 constitutione
1323 659 1419 702 nostra
1428 662 1585 702 pendentia
1603 685 1612 701 ,
1636 663 1666 692 in
1676 664 1778 703 quilius
1794 662 1839 692 ni-

968 701 1008 731 bil
1023 699 1060 740 est
1071 723 1080 738 ,
1095 703 1171 742 quod
1177 702 1289 745 subjici
1309 704 1416 740 oculis,
1436 704 1510 744 quod
1532 704 1622 734 teneri
1634 713 1724 733 manu
1735 701 1838 743 poffit‚

967 743 1065 772 inanis
1081 743 1216 773 avaritia
1223 743 1350 783 somnia.
1387 745 1418 776 Si
1435 744 1530 785 igitur
1545 744 1675 784 proprie
1691 749 1756 775 non
1772 743 1839 775 exi-

968 782 1053 814 stunt
1077 784 1225 816 nomina:
1251 794 1315 816 non
1342 785 1469 825 poffunt
1490 786 1521 817 in
1540 787 1651 824 bonis,
1675 793 1730 816 aut
1747 792 1838 816 extra

968 824 1054 855 bona
1077 824 1188 856 videri.
1231 824 1277 856 Ita
1300 825 1418 858 Nervae
1445 826 1590 860 sedebat:
1614 827 1744 867 utique,
1767 825 1787 858 fi
1805 835 1839 857 u-

967 864 1138 896 susfructus
1164 866 1301 897 nominis
1320 868 1460 908 legetur,
1483 869 1553 908 alii,
1575 877 1669 909 quam
1687 867 1839 903 debitori.

967 914 1138 943 caeterum,
1162 905 1182 937 fi
1208 907 1347 939 debitori
1374 910 1498 950 legetur
1513 933 1523 949 ‚
1545 917 1659 942 contra
1683 908 1839 941 existima-

967 947 1038 978 bat:
1062 947 1144 987 quafi
1159 947 1197 992 *ei
1219 948 1282 987 jam
1306 958 1372 981 non
1397 958 1460 982 tam
1477 952 1572 992 legari
1590 951 1736 983 videatur
1753 949 1838 982 usus-

968 987 1090 1019 fructus
1105 988 1257 1019 aetionis:
1274 998 1367 1029 quam
1379 991 1407 1022 ei
1424 993 1544 1023 remitti
1563 992 1652 1024 usura
1669 993 1735 1033 ejus
1750 990 1839 1035 quod

968 1030 1076 1061 debet.
1098 1029 1242 1069 prorsus,
1267 1038 1301 1061 ut
1316 1030 1335 1062 fi
1353 1032 1392 1062 ab
1409 1032 1529 1065 herede
1544 1035 1759 1070 conveniatur
1773 1057 1783 1073 ‚
1807 1032 1839 1064 se

968 1071 1046 1102 tueri
1063 1071 1156 1110 poffit
1172 1071 1369 1110 exceptione
1384 1095 1394 1110 ‚
1426 1073 1523 1106 Extra
1541 1084 1634 1114 quam
1651 1074 1671 1107 sl
1687 1085 1724 1106 ea
1742 1084 1839 1117 pecu-

967 1114 1017 1143 nia
1036 1119 1140 1143 utatur
1159 1110 1329 1144 secundum
1347 1115 1547 1148 voluntatem
1572 1117 1749 1155 testatoris3
1773 1125 1839 1148 non

967 1153 1148 1193 refragante
1164 1152 1458 1197 SenatusconsultO.
1484 1156 1537 1188 Sic
1552 1156 1672 1193 Nerva.
1704 1157 1766 1189 Sed
1787 1167 1841 1189 ve-

966 1195 1032 1225 rior
1059 1193 1121 1225 visa
1144 1193 1189 1226 cst
1212 1195 1366 1226 sententia
1391 1196 1519 1228 Proculi
1545 1198 1574 1228 δ(
1602 1198 1713 1237 Caffii,
1736 1198 1841 1230 existi-

967 1235 1144 1274 mantium,
1173 1235 1339 1268 nominum
1366 1237 1592 1269 usumfructum
1624 1240 1719 1280 leg-ari
1751 1239 1840 1279 poffe

965 1286 1029 1308 non
1065 1284 1188 1308 tantum
1222 1277 1389 1316 debitori,
1420 1278 1472 1310 sed
1497 1279 1528 1310 &
1550 1280 1744 1321 cuicumque
1768 1281 1838 1311 aiii:

965 1319 1038 1357 quia
1055 1319 1191 1357 placuit,
1216 1320 1360 1352 omnium
1378 1329 1447 1359 quae
1465 1321 1495 1352 in
1514 1321 1606 1353 bonis
1625 1320 1712 1360 sunt,
1736 1321 1839 1353 uium-

964 1359 1101 1392 fructum
1128 1360 1224 1400 legari
1252 1360 1359 1400 poffe3
1383 1362 1543 1403 bonorum
1568 1369 1675 1394 autem
1701 1364 1839 1404 appella·

963 1402 1053 1432 tione
1077 1410 1141 1432 non
1167 1409 1290 1433 tantum
1314 1411 1453 1443 corpora
1471 1426 1481 1440 ,
1511 1402 1563 1435 sed
1589 1404 1618 1435 <St
1640 1405 1783 1436 actiones
1807 1404 1838 1436 δε

962 1443 1092 1474 nomina
1107 1443 1314 1474 continentur
1337 1444 1354 1474 l.
1374 1453 1424 1483 49.
1446 1443 1489 1476 D.
1512 1446 1546 1476 de
1560 1445 1839 1488 verborumfignifi-

963 1486 1092 1515 catione.-
1110 1483 1181 1524 quia
1199 1493 1388 1524 quamquam
1409 1494 1444 1517 re
1460 1495 1536 1517 vera
1552 1496 1618 1518 non
1635 1487 1713 1526 sint,
1730 1496 1837 1520 tamen

961 1532 1117 1566 quatenus
1141 1526 1341 1567 cogitatione
1366 1526 1395 1558 ὅ(
1415 1527 1485 1567 jure
1506 1526 1688 1568 finguntur,
1714 1525 1775 1560 esse
1793 1529 1839 1561 in-

961 1567 1158 1608 telliguntur.
1184 1567 1270 1598 valet
1286 1567 1382 1608 igitur
1403 1567 1543 1609 legatum
1569 1567 1761 1600 ususfructus
1779 1578 1837 1601 no-

962 1609 1100 1640 minum:
1123 1607 1176 1640 sed
1202 1608 1349 1640 adhibito
1371 1610 1516 1641 remedio
1539 1608 1696 1641 cautionis
1720 1612 1748 1642 d.
1763 1610 1784 1642 l.
1803 1621 1836 1653 3⁴.

962 1649 1051 1724 &sti-t.
1072 1648 1195 1724 scillicet
1215 1650 1256 1683 de
1278 1650 1386 1691 pretio
1410 1651 1550 1685 nominis
1564 1650 1659 1684 finito
1677 1649 1838 1694 usuftufilu

959 1700 994 1724 xe
1024 1700 1113 1724 ituen
1137 1701 1172 1725 o.

727 1795 800 1831 CA
825 1805 893 1831 1³15
918 1807 942 1832 T
991 1795 1150 1835 XXIII.

494 1876 545 1912 De
561 1865 721 1924 usufruc‘in
738 1876 872 1911 omnium
888 1876 1033 1927 bonorum
1052 1876 1102 1911 vel
1113 1877 1216 1924 partis
1231 1877 1387 1915 bonorum.

44 1980 138 2054 Sed
151 1988 215 2013 non
226 1987 346 2012 tantum
362 1978 550 2021 singularum
566 1987 670 2011 rerum
682 2001 691 2018 ,
700 1987 809 2010 verum
822 1978 918 2010 etiam

112 2022 245 2062 plurium
258 2045 266 2060 ‚
281 2023 312 2053 id
329 2021 391 2058 est,
409 2022 504 2061 partis
522 2022 701 2058 bonorum,
725 2020 917 2051 ususfructus

44 2063 140 2104 legari
156 2063 282 2103 potest3
299 2072 331 2093 ut
347 2061 502 2102 Ulpianus
517 2061 619 2094 refert
635 2064 666 2093 in
683 2060 796 2102 Fragm.
809 2062 854 2092 tit.
866 2071 915 2100 24.

43 2103 72 2145 §.
83 2109 131 2135 26.
151 2105 198 2142 ἃ,
212 2104 231 2136 fi
249 2113 312 2136 non
327 2103 503 2144 specialiter
512 2103 595 2134 faeta
611 2103 646 2134 sit
661 2106 757 2143 partis
773 2106 917 2141 mentio;

45 2146 104 2184 ait,
128 2146 288 2177 dimidiam
310 2153 432 2186 partem
457 2145 617 2176 bonorum
643 2144 802 2176 contineri
825 2144 847 2175 l.
864 2153 914 2185 43.

45 2184 145 2217 D.-de
168 2186 336 2227 usufrac'ia.
365 2187 499 2226 amplius
525 2185 631 2226 potest
653 2187 749 2217 etiam
772 2185 916 2218 omnium

45 2227 203 2258 botrorum
222 2229 316 2269 legari
335 2227 536 2267 ususfructus.
554 2227 574 2259 l.
587 2237 635 2264 29·
653 2226 695 2258 D.
711 2228 769 2258 eod.
781 2228 827 2258 tit.
844 2235 915 2259 nam

43 2266 115 2300 Lex
132 2267 313 2300 Duodecim
331 2267 527 2300 Tabularum
542 2268 626 2309 juffit
638 2267 702 2300 fine
717 2268 781 2300 fine
800 2268 830 2299 δε
845 2274 914 2300 mo·

42 2310 86 2340 do
98 2334 106 2348 ‚
124 2311 167 2341 uti
187 2309 410 2347 paterfamilias
430 2310 470 2341 de
487 2310 624 2351 pecunia
640 2311 690 2340 sua
708 2310 849 2349 legassk,
872 2309 915 2340 ita

39 2349 88 2391 jus
104 2350 166 2383 esse
180 2352 200 2382 l.
214 2361 280 2383 120.
294 2350 336 2382 D.
353 2352 386 2382 de
400 2354 551 2382 verborum
559 2350 784 2391 fignificatione.
808 2360 915 2391 neque

42 2394 107 2423 hoc
131 2394 267 2424 mutavit
293 2392 362 2423 Lex
384 2391 535 2424 Falcidia.
566 2401 759 2432 quamquam
787 2392 913 2431 voluit,

41 2433 197 2465 observari
210 2444 219 2472 3
237 2443 276 2465 ne
288 2434 422 2465 heredes
432 2434 534 2465 minus
549 2433 704 2472 habeant,
721 2442 814 2474 quam
824 2442 914 2472 quar-

41 2482 104 2506 tam
115 2483 235 2515 partem
246 2475 431 2507 hereditatis
446 2475 465 2506 l.
480 2484 504 2507 1.
519 2474 559 2505 Di
580 2476 631 2506 Ad
640 2475 727 2516 legem
742 2474 911 2506 Falcidiam.

42 2525 115 2548 eum
131 2517 214 2548 enim
231 2518 362 2548 modum
380 2515 401 2548 fi
419 2516 556 2548 excedat
572 2515 724 2556 testator,
740 2516 849 2557 legans
867 2516 912 2547 ul-

40 2563 88 2587 tra
108 2557 315 2590 dodrantem:
334 2557 468 2589 Falcidia
486 2558 624 2599 legatum
642 2567 707 2589 non
722 2556 804 2588 fecit
819 2557 912 2588 inuti-

42 2596 90 2628 le:
106 2597 157 2629 sed
171 2597 307 2638 permisit
323 2599 451 2638 heredi,
467 2599 507 2630 de
524 2600 632 2639 legato
648 2606 791 2638 quartam
807 2599 912 2629 detra-

42 2636 119 2668 here
136 2638 153 2668 li
166 2639 253 2680 73.§.
265 2650 294 2679 5.
315 2639 355 2671 D.
369 2641 428 2671 eod.
447 2642 493 2672 tit.
518 2639 569 2671 Eo
585 2641 682 2681 igitur
697 2639 784 2671 sensu
801 2639 910 2679 Ulpia-

43 2687 101 2709 nus
125 2681 153 2709 d.
176 2679 193 2710 l.
213 2680 341 2718 295ait,
368 2681 509 2712 Omnium
530 2683 667 2712 bonorum
684 2680 911 2712 usumfructum

39 2718 130 2759 posse
141 2720 253 2760 legari3
268 2721 322 2752 nifi
331 2722 467 2753 excedat
478 2723 641 2754 dodrantis
657 2721 910 2754 aestimationem.

83 2760 163 2792 illud
180 2762 277 2800 quaeri
290 2761 414 2800 potest,
431 2764 506 2801 quid
516 2773 557 2795 eo
574 2764 683 2804 legato
699 2763 912 2795 contineatur.

42 2800 72 2832 ἀ
90 2801 111 2833 fi
125 2801 252 2841 quidem
271 2802 369 2841 adjus
382 2802 487 2834 Civile
505 2803 705 2845 respicimus:
723 2806 828 2836 verius
847 2802 912 2842 est,

42 2844 130 2882 quod
151 2843 190 2873 de
207 2842 264 2874 suis
281 2843 478 2883 temporibus
495 2844 659 2877 attestatur
674 2845 813 2884 Cicero,
831 2844 912 2885 Topi-

40 2885 80 2914 cis
103 2882 122 2925 §
150 2893 178 2924 3.
202 2886 345 2916 omnium
367 2885 529 2916 dumtaxat
549 2895 654 2918 rerum
680 2895 809 2927 quarum
833 2885 913 2917 salva

40 2924 209 2956 substantia
228 2949 237 2961 ‚
261 2925 370 2956 utendi
394 2924 519 2956 fruendi
541 2926 648 2967 potest
670 2927 732 2959 ess'e
756 2927 912 2966 facultas,

43 2965 182 3008 legatum
208 2966 268 2998 else
294 2965 530 2998 u‘umfruetum.
562 2975 594 2998 at
616 2967 686 3006 post
703 2969 913 3000 Senatuscon·

42 3006 157 3040 fultum
175 3016 239 3046 quo
260 3006 396 3048 placuit,
421 3008 562 3039 omnium
581 3017 653 3048 quae
668 3010 699 3040 in
716 3009 810 3041 bonis
825 3007 912 3048 sunt,

43 3047 269 3080 usumfructum
287 3049 381 3089 legari
399 3047 506 3089 posse,
529 3051 573 3080 u‘ti
594 3050 648 3080 suo
665 3050 741 3080 loco
756 3051 912 3089 vidimus,

43 3089 157 3122 deinde
173 3091 257 3121 nulla
274 3095 320 3122 r‘e.t
340 3090 385 3120 cst
401 3093 470 3129 ciuae
482 3098 549 3131 non,
561 3092 654 3130 cadat
669 3090 700 3121 in
721 3089 911 3124 ususfructus

44 3129 183 3171 legatum
199 3132 217 3164 l.
227 3135 278 3167 69.
293 3130 333 3162 D.
350 3132 401 3162 'Aa
417 3131 503 3171 legem
513 3130 688 3164 Falcidiam.-
702 3130 765 3163 sive
775 3132 910 3164 fintcora

42 3179 139 3213 pora,
152 3173 326 3206 immobilia
337 3195 346 3212 ‚
360 3173 493 3205 mobilia
508 3173 632 3205 velsese
647 3175 832 3215 moventia3
845 3174 909 3209 five

961 1977 1223 2019 fintquantitates
1240 1990 1310 2021 quae
1327 1981 1491 2021 pondere,
1507 1990 1661 2021 numero,
1678 1982 1833 2024 mensura,

961 2020 1170 2058 aessimantur3
1194 2022 1257 2053 five
1276 2024 1307 2054 in
1323 2024 1392 2062 jure
1410 2022 1581 2055 consistant
1597 2047 1607 2063 ‚
1632 2032 1666 2055 ut
1689 2025 1829 2057 nomina.

961 2061 1026 2093 hoc
1051 2061 1195 2094 Scaevola
1217 2063 1236 2094 1.
1257 2072 1305 2103 37.
1325 2063 1367 2094 D.
1386 2065 1420 2094 de
1435 2070 1489 2100 usu
1505 2064 1541 2099 &’
1558 2065 1712 2106 usufrailu
1728 2066 1835 2107 legato.

964 2102 1062 2134 Uxori
1076 2114 1140 2135 mete
1154 2103 1369 2143 usumfruilum
1386 2106 1445 2146 lego
1464 2108 1599 2141 honorum
1615 2116 1759 2144 meorum,
1783 2117 1832 2138 us-

959 2154 1014 2185 que
1029 2146 1099 2176 dum
1107 2145 1175 2184 filia
1184 2154 1246 2175 mea
1260 2155 1351 2176 annor
1359 2147 1472 2186 impleut
1487 2146 1646 2180 octodecim.
1671 2148 1834 2195 Quaesitum

958 2183 998 2224 est
1013 2207 1023 2224 ,
1044 2195 1083 2217 an
1098 2187 1270 2226 praediofrum
1295 2193 1355 2218 tam
1377 2186 1546 2225 rusticorum
1564 2211 1574 2228 ,
1597 2198 1686 2231 quam
1708 2192 1832 2222 urbano-

957 2236 1022 2258 rum
1031 2250 1040 2263 ,
1059 2227 1095 2261 ὅ)
1105 2229 1308 2266 mancipiorum
1317 2251 1326 2267 ‚
1343 2227 1567 2269 &stapellec‘iilis
1577 2253 1586 2269 ,
1602 2233 1724 2272 itemque
1735 2232 1833 2263 kalen-

957 2269 1033 2299 darii
1055 2268 1242 2309 ususfruc'ius
1264 2270 1302 2300 acl
1324 2279 1443 2301 uxorem
1460 2272 1634 2311 pertineat?
1656 2273 1833 2313 Respondit,

948 2310 1112 2349 secundum
1133 2319 1166 2340 ea
1187 2319 1248 2351 quce
1266 2317 1514 2351 proponerentur,
1538 2314 1666 2344 omnium
1676 2315 1831 2352 pertinere.

958 2350 1010 2381 Sic
1027 2349 1187 2383 Scaevola:
1209 2360 1265 2391 per
1282 2351 1508 2384 usumfruCtum
1525 2353 1699 2386 kalendarii
1716 2355 1833 2387 intelli-

957 2400 1035 2433 gens
1052 2391 1156 2423 usuras
1167 2393 1351 2425 nominum:
1367 2393 1454 2425 idest
1465 2416 1475 2432 ,
1491 2393 1596 2426 usuras
1612 2395 1742 2428 sortium
1754 2405 1832 2436 quas

955 2433 1023 2465 aliis
1046 2433 1221 2465 collocavit
1236 2433 1417 2466 defunctus.
1447 2433 1493 2466 est
1507 2437 1592 2468 enim
1614 2436 1831 2472 kalendarium

955 2474 1036 2506 liber
1061 2475 1094 2506 in
1117 2483 1183 2515 quo
1206 2474 1373 2515 descriptae
1396 2474 1514 2515 usurae,
1537 2476 1580 2509 fin
1607 2479 1666 2510 ulis
1685 2478 1831 2512 kalendis

955 2516 1120 2556 exigendae
1136 2516 1379 2557 solvendaeque,
1403 2526 1461 2557 pro
1479 2526 1570 2550 more
1621 2529 1744 2552 eterum
1763 2530 1830 2562 quo

955 2558 996 2588 de
1011 2558 1061 2598 egi
1078 2556 1127 2588 lib.
1147 2566 1174 2589 2.
1199 2557 1246 2588 De
1254 2558 1368 2596 foenore
1383 2557 1420 2593 53⁹
1435 2559 1532 2596 usuris
1548 2567 1611 2602 cap.
1632 2570 1657 2592 1.
1676 2561 1830 2595 Putemus

955 2598 1070 2639 igitur,
1095 2598 1201 2639 legato
1218 2598 1361 2631 omnium
1383 2599 1544 2633 bonorum
1561 2602 1738 2642 usufructu,
1763 2614 1830 2637 non

954 2640 1054 2672 modo
1069 2639 1211 2671 omniurn
1226 2649 1399 2680 corporum
1409 2642 1662 2683 &quantitatum
1672 2668 1682 2684 ,
1698 2644 1750 2677 sed
1764 2655 1830 2678 am-

954 2681 1036 2721 plius
1056 2681 1153 2713 etiam
1170 2690 1275 2713 rerum
1291 2683 1561 2724 incorporalium,
1584 2694 1619 2717 ut
1634 2685 1828 2728 kalendarii,

954 2721 1019 2754 five
1035 2722 1220 2761 nominum,
1245 2722 1276 2754 ἂ
1292 2723 1472 2763 actionum,
1494 2725 1723 2760 usumfructum
1741 2737 1829 2760 com-

955 2763 1122 2804 prehendi.
1149 2763 1179 2795 &
1196 2771 1299 2796 tamen
1314 2765 1377 2796 hoc
1394 2765 1436 2798 ita
1451 2769 1688 2802 exaudiendum
1706 2770 1769 2802 est:
1791 2776 1827 2801 ut

955 2813 1013 2835 eae
1029 2804 1253 2837 contineantur
1268 2806 1409 2839 actiones
1425 2817 1503 2848 quas
1513 2810 1662 2843 adversus
1677 2812 1756 2842 alios
1771 2810 1827 2842 ha·

957 2845 1054 2877 bebat
1065 2845 1232 2880 defunctus
1247 2847 1267 2879 l.
1280 2857 1327 2887 24.
1339 2847 1380 2880 D.
1397 2850 1455 2880 eod.
1474 2852 1520 2883 tit.
1536 2851 1556 2883 l.
1570 2860 1597 2884 1.
1611 2852 1642 2883 C.
1659 2854 1691 2883 de
1705 2851 1828 2890 usufru-

955 2885 1014 2918 ἑῖα.
1041 2896 1111 2918 nam
1130 2888 1176 2919 hae
1193 2889 1320 2921 demum
1343 2890 1476 2924 veniunt
1490 2894 1705 2933 appellatione
1722 2893 1827 2924 bono-

956 2937 1025 2960 rum
1042 2928 1106 2969 ejus
1122 2928 1141 2961 l.
1156 2939 1205 2967 49.
1225 2929 1267 2962 D.
1284 2933 1317 2963 de
1334 2933 1484 2964 verborum
1501 2933 1725 2976 fignz'ficatione.
1750 2932 1825 2966 solae

956 2978 1087 3011 quoque
1097 2970 1145 3002 hae
1159 2970 1277 3004 habent
1292 2974 1462 3006 utilitatem
1472 2984 1533 3014 qua
1545 2973 1735 3006 ususf1·u6tus
1750 2975 1827 3008 aesti·

955 3019 1068 3043 matur.
1098 3020 1220 3045 caeterae
1231 3014 1345 3055 quibus
1363 3016 1430 3048 aliis
1450 3016 1618 3047 tenebatur
1635 3014 1825 3057 defunctus,

956 3061 1022 3084 non
1039 3052 1108 3085 sunt
1125 3054 1155 3085 in
1170 3055 1255 3096 ejus,
1271 3056 1324 3088 sed
1342 3057 1374 3090 in
1395 3058 1560 3088 creditoris
1577 3056 1681 3088 bonis.
1699 3057 1740 3089 ita
1758 3068 1826 3091 non

978 3093 1060 3126 otest
1075 3095 1183 3128 harum
1194 3120 1204 3136 ‚
1220 3097 1274 3130 nisi
1290 3098 1475 3138 desipimus,
1492 3098 1613 3137 legatus
1631 3097 1730 3130 videri
1747 3100 1826 3134 usus-

969 3135 1211 3178 rustus,legato
1227 3149 1244 3171 a
1263 3138 1416 3171 defuncto
1436 3137 1560 3170 suorum
1578 3138 1737 3173 bonorum
1757 3143 1825 3174 usu-

950 3174 1067 3212 fructu,
1078 3187 1232 3219 praeterea
1241 3188 1370 3213 tenetur
1378 3180 1469 3212 heres
1478 3180 1518 3212 de
1527 3179 1669 3213 defuncti
1682 3192 1742 3216 aere
1752 3185 1824 3216 alie-

1760 3234 1822 3257 no:
