2036 3495
157 120 232 158 415

116 219 119 221 ·
158 210 234 242 vet,
250 201 338 243 quod
349 200 388 231 de
399 198 523 230 caeteris'
534 195 761 238 quaestionibus
776 204 841 226 non
851 193 897 225 est
914 194 1033 235 cogita.

157 255 236 277 tum.
254 242 358 274 omnis
368 248 473 271 autem
484 238 653 270 transactio
668 236 822 268 consensu
834 235 951 267 finitur.
970 235 1033 275 pla-

158 296 212 318 cet
231 285 325 325 igitur
344 281 553 311 Diocletiano
571 280 602 310 dt
622 277 842 315 Maximinum
860 278 900 307 de
919 276 1032 316 quibus

157 336 223 359 non
243 324 288 356 est
308 322 505 362 cogitatum,
534 321 575 352 de
594 319 641 350 his
660 328 726 350 non
745 318 807 349 ess'e
825 317 1034 356 transactum,

158 367 280 408 quiade
297 364 417 394 hisnon
433 362 479 394 est
489 359 686 393 consensum.
712 359 807 400 Atqui
826 358 966 398 dietum,
980 352 1037 390 Ni-

159 408 204 440 hil
222 405 356 446 amplius
375 404 462 444 peti:
489 404 588 443 idque
607 401 741 433 verbum
759 401 790 432 in
807 399 966 432 infinitum
985 409 1036 440 pa-

159 458 218 481 tet.
235 447 288 479 Sic
297 454 403 477 tamen
413 444 657 485 explicandum:
673 452 714 474 ne
731 443 946 482 latius,-qu:im
962 450 1037 472 con-

159 489 280 522 sensum
289 487 325 519 fit
335 509 345 525 ,
356 495 517 528 evagetur.
539 485 584 518 Ita
595 483 834 524 inspicientibus
843 482 1038 528 transigenti-

160 540 214 563 um
223 529 470 569 animum,(nam
480 528 584 559 omnis
594 526 699 566 pastio
712 527 740 556 ὅ(
751 525 932 556 conventio
943 532 1041 564 magis

162 580 274 603 eorum
290 570 397 603 animo
412 570 552 609 regitur,
567 576 661 608 quam
674 567 799 606 verbis)
810 566 941 607 perinde
959 569 1040 604 erit,

160 623 198 645 ac
214 612 234 644 si
250 611 370 645 dictum
388 611 465 643 effer
476 634 486 649 ‚
501 608 592 641 Nihil
608 608 742 649 amplius
761 617 802 638 eo
818 606 947 638 nomine
962 607 1039 646 peti.

160 663 257 695 atque
274 653 338 685 boc
355 653 417 685 esse
435 652 520 684 civili
536 651 604 691 jure
622 658 788 690 receptum
808 648 886 694 olim
911 647 1042 679 tradidit

160 696 352 737 Papinianus
367 696 415 726 lib.
436 703 461 725 1.
483 691 716 732 Definitionum,
731 699 772 721 ex
788 699 853 731 quo
869 698 900 720 in
919 688 937 719 l.
950 699 981 729 5.
999 688 1041 721 D.

162 739 197 769 de
212 736 455 768 transactionibus
472 734 540 765 haec
556 741 668 765 extant
687 732 793 763 verba.
818 731 892 762 Cum
909 729 1041 771 Aquilia-

161 789 201 811 na
210 776 363 820 stipulatio
379 777 594 816 interponitur,
610 784 673 816 quai
690 783 727 805 ex
743 772 877 813 consensu
891 773 1040 811 redditur,

162 821 226 852 lites
249 821 283 851 c'le
305 821 410 862 quibus
424 827 483 848 non
501 815 539 858 est
558 819 734 861 cogitatum,
757 816 790 845 in
810 817 861 854 luo
873 812 959 861 statu
974 814 1042 844 *reti-

163 869 282 893 nentur.
298 861 497 892 liberalitatem
512 859 586 889 enim
595 859 748 898 captiojam
755 857 953 896 interpretatio
964 855 1041 886 Pru-

164 905 283 934 dentum
291 903 400 944 fregit.
424 899 548 932 Merito
559 898 716 939 suspectus
726 897 770 929 est
781 897 835 928 hic
851 897 1042 940 locusicum

164 945 250 976 enim
267 944 432 986 Papiniani
450 941 552 974 sermo
568 940 613 972 est
631 941 671 972 de
683 939 894 971 transactione
906 946 957 969 cui
974 937 1042 968 sub-

162 986 245 1027 {ecia
271 985 316 1017 est
341 984 375 1017 sti
402 984 502 1015 ulatio
526 982 710 1024 Aquiliana,
734 980 764 1012 ἄ
781 988 856 1011 mox
872 979 1042 1019 acceptila-

166 1028 232 1059 tio:
255 1027 326 1068 quis
352 1036 372 1058 u
409 1037 423 1058 s
440 1024 549 1063 vocis,
574 1021 798 1055 liberalitatem?
820 1021 904 1053 nulla
925 1028 1041 1066 transa-

166 1069 265 1101 tuoni
281 1068 511 1101 communione
526 1067 600 1097 cum
615 1064 824 1097 liberalitate:
840 1072 857 1094 a
873 1071 933 1104 qua
951 1062 1044 1093 distat

164 1118 239 1142 toto
262 1111 347 1143 coelo
364 1111 384 1141 l.
406 1118 431 1141 1.
451 1107 493 1139 D·.
511 1107 569 1139 eod.
587 1108 634 1138 tit.
659 1106 758 1148 magis
775 1104 881 1146 potuit
900 1102 1043 1149 Papinia-

166 1161 226 1184 nus
238 1152 383 1194 cogitare
399 1151 440 1182 de
456 1149 644 1181 liberatione
658 1156 728 1188 quae
744 1147 911 1187 contingat
923 1154 979 1186 per
992 1144 1043 1191 βι-

165 1193 366 1239 pulationem
377 1191 576 1232 Aquilianam
586 1190 616 1222 δι
625 1189 763 1221 secutam
777 1196 855 1219 mox
872 1186 1043 1226 acceptila-

166 1235 300 1266 tionem.
324 1234 420 1274 igitur
436 1232 587 1264 accedam
605 1230 701 1262 Petro
718 1230 820 1261 Fabro
838 1230 876 1260 a'd
892 1229 911 1259 l.
932 1232 980 1262 28.
999 1226 1043 1259 D.

167 1278 200 1308 de
216 1276 324 1318 regulis
333 1276 432 1318 juris,
455 1282 515 1314 pro
529 1273 731 1304 liberalitatem
749 1270 926 1302 restituenti
944 1269 1044 1300 tibera-

167 1319 281 1349 tionem.
305 1316 395 1357 quod
410 1315 571 1356 &placuit
579 1313 724 1345 Arnoldo
741 1311 862 1343 Vinnio
873 1334 882 1350 ,
894 1311 1045 1342 Detrans-

165 1358 221 1391 act.
234 1369 258 1390 c.
270 1357 324 1390 uit.
337 1368 367 1389 n.
383 1361 430 1389 16.
453 1355 582 1396 Nempe
597 1354 702 1396 potest
721 1353 888 1398 transafflo
905 1351 972 1397 fieri
988 1359 1044 1382 nu-

166 1402 212 1433 do
223 1401 336 1441 pasto:
354 1400 449 1430 etiam
465 1397 667 1438 stipulatione
677 1395 859 1436 Aquiliana,
877 1392 1044 1438 insequen-

167 1442 201 1474 te
225 1449 303 1474 mox
325 1439 590 1480 acceptilatione:
615 1436 637 1469 ss
660 1445 731 1468 reus
752 1435 840 1467 malit
855 1435 981 1466 liberari
997 1441 1042 1480 ip-

165 1482 201 1515 so
215 1484 305 1524 jure,
329 1489 423 1522 quam
442 1479 525 1520 pafti
542 1478 696 1510 conventi
711 1476 920 1516 exceptione.
945 1474 1043 1515 Aqui-

168 1524 250 1557 liana
266 1523 351 1554 enim
368 1521 528 1561 stipulatio
546 1526 646 1551 novat
664 1518 694 1549 &
711 1517 840 1558 perimit
858 1515 1042 1562 praeceden-

167 1567 217 1597 tes
233 1563 469 1605 obligationes;
484 1568 582 1602 atque
597 1559 659 1601 ipsa
676 1558 777 1590 rursus
795 1557 1045 1598 acceptilatione

166 1605 333 1648 Perimitur
350 1603 369 1635 l.
387 1613 418 1643 4.
437 1601 480 1634 D.
498 1603 557 1634 eod.
576 1603 623 1633 tit.
647 1601 699 1633 illa
714 1609 812 1641 porro
830 1600 932 1631 vehin
948 1598 1046 1638 speci-

167 1657 219 1680 em
238 1645 441 1686 concipitur,
458 1644 509 1675 vel
525 1643 729 1685 generaliter.
752 1640 794 1673 fic
812 1639 930 1672 factum
946 1641 985 1671 ab
1006 1640 1046 1672 A·

164 1689 270 1730 quilio
288 1685 386 1719 Gallo
401 1686 421 1717 l.
444 1690 491 1721 18.
506 1685 536 1727 §.
556 1694 582 1717 1.
599 1683 643 1716 D.
666 1684 699 1715 de
714 1682 936 1723 acceptilatione.
960 1682 1046 1722 prio·

164 1739 201 1763 re
219 1728 290 1762 casu
306 1729 474 1760 dumtaxat
490 1736 553 1759 una
569 1733 707 1758 novatur
729 1733 766 1756 ac
782 1724 906 1756 tollitur
923 1722 1045 1764 species

169 1770 329 1812 expressa:
353 1768 533 1810 posteriore
549 1774 710 1799 novantur
726 1775 838 1798 omnes
857 1765 1046 1812 praeceden-

167 1822 215 1846 tes
227 1813 442 1854 obligationes
452 1818 582 1850 ,eaeque
594 1818 672 1841 mox
690 1816 748 1848 per
763 1806 1046 1848 acceptilationem

167 1854 342 1887 tolluntur:
367 1852 495 1893 utique,
519 1851 540 1883 fi
567 1851 599 1882 id
621 1849 723 1882 aetum
742 1848 778 1881 fit
806 1848 824 1879 l.
841 1852 872 1880 6.
897 1847 933 1883 ὅ)
955 1846 1047 1895 7.·D.

167 1897 228 1929 eod.
245 1897 292 1928 tit.
310 1895 454 1935 alioquin
472 1892 512 1925 ad
529 1902 581 1924 eas
597 1892 637 1924 de
649 1891 764 1931 quibus
781 1899 846 1922 non
864 1889 907 1921 ess
926 1898 1046 1930 cogita·

167 1945 256 1976 turn,
278 1946 343 1969 non
362 1936 513 1977 pertinet.
536 1933 642 1975 atqui,
661 1933 806 1974 inquies,
830 1931 986 1973 generalis
1003 1929 1048 1963 est

167 1978 379 2019 stipulationis
395 1976 573 2018 Aquilianae
590 1974 702 2007 sermo.
748 1973 809 2005 Sed
828 1971 981 2004 consensu
999 1982 1047 2004 re-

169 2021 273 2062 gitur,
295 2019 374 2051 ficut
399 2018 547 2060 paetum,
570 2024 667 2057 atque
689 2016 784 2047 etiam
801 2013 964 2054 stipulatio
980 2014 1000 2045 l.
1022 2023 1048 2045 1.

170 2064 200 2102 ἓ.
221 2072 249 2101 q.
267 2061 310 2093 D.
335 2062 368 2092 ‹le
384 2060 490 2101 pastis.
516 2067 614 2100 porro
639 2066 703 2089 non
721 2056 765 2088 est
783 2054 971 2093 consensus,
995 2054 1050 2086 uifi

171 2095 312 2134 volentis
329 2111 427 2143 atque
444 2099 672 2142 intelligentis;
696 2107 769 2129 cum
787 2097 822 2129 iit
840 2096 934 2128 animi
951 2096 1049 2142 astus.

172 2152 295 2176 tantum
324 2144 418 2185 igitur
444 2143 578 2174 veniunt
601 2142 632 2172 in
660 2140 858 2179 Aquilianam
875 2137 1050 2184 stipulatio-

170 2193 244 2218 nem
257 2208 268 2225 ,
293 2185 348 2216 etii
364 2184 469 2216 verbis
487 2183 629 2215 latiffime
645 2180 807 2219 diffusam,
831 2180 1048 2220 obligationes

172 2226 213 2259 de
230 2226 346 2267 quibus
362 2225 537 2266 cogitatum
552 2223 614 2256 est:
631 2223 704 2263 quia
718 2224 749 2254 in
767 2222 821 2253 has
832 2222 960 2253 demum
973 2228 1047 2252 con·

171 2267 296 2300 sensum
321 2266 385 2299 est:
409 2274 535 2297 caeterae
558 2267 589 2296 in
615 2264 668 2295 suo
689 2264 768 2295 statu
785 2271 924 2295 manent.
955 2261 985 2293 ἀ
1002 2261 1048 2293 est

173 2309 427 2346 observandum,
453 2307 542 2348 quod
565 2306 754 2346 Papinianus
771 2308 799 2336 d.
818 2306 837 2335 l.
853 2315 882 2345 5.
906 2303 1046 2344 subjicit:

175 2351 390 2383 Liberationem
398 2351 474 2380 enim
488 2349 642 2389 captiosam
656 2346 851 2387 interpretatio
865 2346 1047 2379 Prudentum

172 2393 275 2435 Fregit.
299 2391 340 2424 fic
358 2389 528 2432 legendum
553 2397 586 2420 ut
603 2389 678 2420 dixi.
702 2387 825 2426 sensuS‚
850 2387 1045 2419 Prudentuin

171 2432 395 2475 interpretatio
409 2432 441 2465 in
459 2431 484 2464 F
486 2431 534 2464 ori
552 2429 787 2472 disputatione,
809 2430 841 2460 in
864 2437 926 2470 qua
944 2438 981 2460 ea
997 2437 1048 2461 res

748 106 1058 143 Genuam

1118 105 1352 141 Noonr

1076 194 1262 226 vertebatur
1278 218 1288 233 ‚
1316 194 1488 227 infirmavit
1503 218 1512 233 ,
1543 195 1767 236 compescuit,
1790 197 1950 239 inhibuit,

1076 236 1141 267 vim
1157 235 1321 274 formulae,
1339 246 1401 277 qua
1416 235 1536 268 infinita
1552 237 1698 268 liberatio
1713 240 1752 268 ad
1768 241 1949 278 captionem

1079 276 1130 307 seu
1146 277 1304 309 laeiionern
1323 279 1561 318 imprudentum
1573 278 1758 318 hominum,
1774 288 1885 312 contra
1896 289 1950 313 eo·

1078 327 1149 349 rum
1165 319 1385 357 voluntatem,
1410 319 1503 350 facile
1519 320 1734 360 contingeret.
1896 338 1901 344 -

1120 359 1216 391 Aliud
1241 361 1424 401 exemplum
1449 360 1493 392 est
1509 361 1540 392 in
1561 360 1609 392 his
1626 360 1780 392 Scaevolae
1799 361 1905 393 verbis
1920 362 1952 394 in

1080 400 1101 432 l.
1118 410 1147 440 3.
1175 400 1204 442 ὃ.
1228 409 1252 432 1.
1278 401 1320 433 D.
1344 404 1377 432 de
1403 400 1656 433 transactionibus.
1700 402 1775 433 Cum
1797 402 1954 434 transnato

1075 447 1194 482 propter
1204 440 1451 483 fideicommiffum
1468 443 1556 484 facia
1571 442 1654 484 effet,
1677 442 1750 485 [ὃ]
1766 442 1863 484 postea
1879 446 1954 476 codi-

1082 482 1141 513 cilli
1157 485 1260 523 reperti
1275 488 1365 521 sunt:
1381 494 1473 526 quaero
1484 507 1493 523 ,
1516 494 1555 516 an
1571 490 1678 526 quanto
1696 486 1791 516 minus
1806 493 1844 516 ex
1857 491 1955 517 trans·

1083 522 1194 555 ustione
1216 530 1364 561 consecuta
1386 532 1479 557 mater
1502 525 1633 567 defunffl
1650 525 1749 566 fuerit
1764 550 1772 565 ,
1795 536 1883 568 quam
1901 534 1957 568 pro

1079 570 1164 606 parte
1183 565 1238 602 sua
1254 564 1310 606 est,
1333 568 1364 598 id
1385 570 1422 598 ex
1438 566 1644 608 fideicor'nmiffi
1660 568 1747 607 causa
1765 569 1838 606 cons
1864 569 1896 599 ui
1908 570 1955 600 cle-

1084 605 1172 637 beat?
1191 605 1363 646 Respondit,
1380 608 1485 640 debere.
1510 608 1619 642 Ecce:
1636 608 1828 641 testamento
1864 609 1954 643 liire-
2007 640 2012 646 .

1083 647 1192 692 lietum
1209 647 1254 678 est
1268 649 1333 688 ejus
1352 651 1441 680 matri
1451 649 1726 683 fideicommissum
1745 659 1842 682 certae
1859 660 1958 692 quan-

1087 689 1200 721 titatis,
1232 690 1272 720 de
1289 699 1330 720 eo
1348 689 1594 724 fideicommiffo
1609 700 1711 724 mater
1728 692 1867 734 transigit
1882 701 1959 724 cum

1084 729 1204 770 scripto
1225 729 1353 762 herede.
1385 731 1493 772 postea
1511 734 1644 775 repertis
1660 733 1837 773 codicillis,
1860 735 1954 766 intel·
2009 759 2011 761 >

1084 771 1202 803 lefitum
1219 770 1283 810 est,
1300 773 1391 804 matri
1408 773 1477 813 plus
1495 773 1557 805 effe
1574 774 1738 814 relictum,
1754 784 1848 815 quam
1865 775 1956 807 testa·

1086 820 1198 844 mento
1214 811 1317 844 fuerat
1333 814 1522 854 expressum.
1540 816 1707 856 quaeritur‚
1723 825 1761 847 an
1772 825 1892 857 quanto
1903 817 1960 848 mi«

1085 863 1144 886 nus
1159 863 1200 885 ex
1216 854 1426 887 transactione
1442 856 1611 888 consecuta
1626 863 1725 889 mater
1739 857 1854 895 fuerit,
1866 866 1958 897 quam

1086 905 1146 936 pro
1164 904 1254 935 parte
1272 895 1322 926 sua
1339 895 1403 936 est,
1424 897 1457 929 id
1475 906 1606 939 propter
1622 899 1790 930 codicillos
1811 909 1851 930 ex
1867 898 1957 931 fidei-

1086 936 1241 969 commissi
1268 938 1357 969 causa
1380 937 1533 979 consequi
1558 939 1699 972 debeat?
1722 939 1877 971 Scaevoiae
1895 941 1958 981 pla-

1086 979 1172 1017 cuit,
1197 977 1327 1010 debere.
1369 978 1443 1011 Nec
1468 980 1531 1012 est:
1555 982 1642 1019 quod
1663 981 1807 1013 videatur
1823 982 1887 1022 ipse
1905 981 1961 1014 fibi

1085 1020 1308 1052 contradicere
1324 1020 1345 1052 l.
1363 1025 1411 1061 78.
1429 1021 1457 1063 §.
1468 1020 1525 1061 firi.
1544 1022 1585 1053 D.
1606 1022 1657 1054 Ad
1672 1022 1959 1063 Senatusconsultum

1088 1060 1308 1092 Trebellianum.
1344 1060 1388 1094 est
1414 1063 1497 1093 enim
1516 1063 1573 1094 alia
1591 1062 1634 1095 ibi
1652 1063 1791 1105 species,
1815 1074 1907 1104 quam
1926 1065 1958 1096 in

1086 1104 1114 1133 d.
1128 1102 1155 1144 ἓ.
1172 1103 1226 1134 1.l.
1237 1113 1266 1149 3.
1287 1111 1358 1149 nam
1378 1103 1408 1134 in
1426 1105 1452 1134 d.
1471 1104 1490 1136 l.
1503 1104 1653 1146 78.§.fin.
1679 1104 1762 1136 facta
1780 1104 1843 1137 fuit
1860 1113 1958 1138 trans-

1086 1143 1168 1175 aftio
1183 1144 1222 1176 de
1237 1144 1483 1177 fideicommiffo
1499 1147 1684 1179 hereditatis
1700 1146 1891 1179 testamento
1907 1147 1958 1179 da-

1087 1193 1146 1217 tae:
1170 1194 1241 1226 quae
1265 1195 1330 1217 non
1356 1185 1462 1226 potest
1486 1186 1619 1219 rescindi
1643 1198 1704 1227 co,
1728 1190 1815 1228 quod
1835 1192 1958 1230 reperta

1085 1227 1203 1258 deinde
1228 1225 1287 1258 fint
1302 1226 1508 1260 instrumenta
1524 1230 1638 1269 quibus
1657 1230 1792 1270 liqueat,
1818 1239 1886 1262 eam
1906 1230 1959 1265 he‘-

1086 1268 1256 1300 feditatem
1281 1267 1343 1299 ess'e
1360 1270 1567 1309 ampliorem,
1592 1276 1684 1310 quam
1702 1271 1794 1302 initio
1811 1272 1961 1303 credidis·
2012 1286 2014 1288 ·

1087 1308 1155 1340 seut
1178 1317 1296 1350 partes.
1327 1318 1400 1340 cum
1418 1310 1528 1351 utique
1547 1313 1586 1342 de
1604 1312 1784 1344 hereditate
1802 1312 1960 1354 transege-

1087 1350 1168 1383 rint:
1192 1358 1226 1381 ut
1240 1350 1301 1390 jam
1318 1349 1407 1392 supra
1425 1351 1684 1385 demonstratum.
1715 1363 1825 1385 verum
1845 1354 1874 1385 in
1893 1356 1920 1385 d.
1937 1355 1958 1386 1.

1088 1390 1164 1438 3.-§.
1187 1401 1213 1423 1.
1246 1391 1291 1423 est
1309 1393 1436 1432 quidem
1455 1395 1624 1426 transactio
1640 1394 1722 1426 sacta
1739 1396 1778 1426 de
1793 1394 1961 1427 fideicom-

1087 1433 1178 1464 miss'o
1200 1433 1231 1464 in
1257 1432 1446 1465 testamento
1469 1435 1598 1468 relicto:
1624 1435 1675 1467 sed
1702 1437 1819 1477 reperti
1844 1437 1960 1468 deinde

1087 1473 1160 1519 sunt*
1173 1474 1336 1513 codicilli,
1362 1476 1476 1516 quibus
1492 1486 1646 1516 praeterea
1660 1478 1743 1508 aliud
1760 1477 1805 1509 est
1818 1478 1962 1510 relictum

1088 1513 1382 1556 fideicommissum,
1401 1518 1442 1548 de
1458 1527 1523 1557 quo
1536 1528 1600 1550 non
1620 1518 1681 1550 fuit
1697 1527 1844 1559 tempore
1862 1527 1960 1551 trans·

1088 1556 1222 1602 astionis
1246 1557 1440 1598 cogitatum:
1464 1559 1536 1599 quia
1561 1569 1626 1591 non
1653 1567 1720 1591 erat
1744 1570 1785 1591 eo
1814 1564 1962 1599 tempore

1086 1606 1265 1639 cognitum.
1298 1608 1335 1630 ac
1355 1599 1417 1639 jam
1435 1601 1607 1640 quaeritur.
1631 1610 1669 1633 an
1687 1600 1858 1633 transaeio
1875 1601 1960 1633 fasta

1088 1640 1128 1671 de
1140 1638 1375 1671 testamentario
1388 1639 1632 1674 fideicommiffo
1643 1643 1681 1674 ad
1694 1642 1877 1675 codicillare
1888 1653 1963 1684 por-

1088 1680 1232 1722 rigatur?
1257 1681 1351 1721 poffit
1374 1684 1446 1722 quis
1471 1683 1631 1715 dubitare:
1659 1692 1700 1715 eo
1716 1685 1803 1724 quod
1819 1683 1964 1716 codicilli

1090 1722 1333 1763 quodammodo
1351 1723 1508 1755 habentui·
1522 1734 1581 1765 pro
1591 1732 1680 1766 parte
1691 1724 1866 1757 testamenti
1883 1726 1962 1764 l.14.

1091 1764 1136 1796 D.
1155 1765 1189 1795 de
1200 1764 1269 1804 jure
1285 1763 1493 1804 codicillorum,
1509 1766 1528 1797 l.
1544 1775 1592 1798 11.
1611 1766 1653 1798 D.
1674 1764 1853 1807 thanzenta
1870 1775 1965 1809 quem·

1088 1806 1242 1838 admodum
1255 1807 1442 1846 aperiantur:
1466 1807 1496 1838 ἃ
1515 1808 1567 1847 qui
1587 1808 1627 1839 de
1647 1807 1838 1839 testamento
1858 1808 1963 1841 tranfi-

1088 1847 1154 1889 git,
1175 1846 1363 1888 intelligitur
1387 1847 1427 1879 de
1450 1849 1599 1880 omuibus
1615 1850 1680 1890 ejus
1698 1849 1838 1890 partibus
1857 1848 1963 1882 tranfi-

1089 1897 1177 1929 gere.
1208 1887 1262 1920 sed
1287 1889 1437 1920 servanda
1460 1891 1505 1921 eit
1530 1890 1754 1929 interpretatio
1775 1890 1857 1923 Celsi
1874 1891 1893 1922 l.
1916 1901 1964 1924 12.

1091 1930 1134 1962 D.
1150 1930 1183 1961 de
1197 1930 1458 1970 transactionibus,
1477 1940 1545 1963 eam
1562 1931 1779 1964 difficultatem
1795 1930 1837 1964 fic
1852 1940 1968 1964 attem-

1090 1972 1241 2013 perantis.
1266 1971 1339 2003 Non
1351 1971 1537 2012 eslfei·endus
1552 1975 1603 2016 qui
1612 1973 1786 2015 generaliter
1802 1975 1833 2004 in
1847 1973 1891 2004 his
1899 1982 1963 2015 quae

1092 2010 1256 2052 testamento
1274 2015 1298 2044 ei
1311 2013 1409 2044 relitia
1421 2017 1510 2053 sunt,
1528 2019 1727 2056 transegerat,
1744 2013 1773 2053 fi
1783 2012 1879 2054 polleo
1897 2025 1964 2046 cau·

1085 2056 1171 2094 jetur
1182 2077 1191 2093 ,
1214 2055 1248 2084 de
1263 2063 1291 2084 eo
1308 2054 1361 2087 solo
1376 2055 1507 2096 cogitaffe
1522 2058 1596 2097 qaod
1608 2058 1704 2096 prima
1716 2062 1800 2096 parte
1816 2054 1964 2096 tellemen-

1093 2097 1135 2134 ti,
1160 2105 1194 2126 ac
1208 2104 1264 2125 non
1279 2096 1365 2126 etiam
1379 2097 1455 2136 quod
1466 2095 1617 2137 posteriore
1632 2097 1759 2139 legatum
1774 2095 1825 2135 fit.
1869 2097 1904 2128 St'
1922 2096 1965 2128 ta-

1091 2146 1156 2168 men
1175 2134 1270 2177 postea
1294 2138 1416 2168 codicilli
1433 2138 1646 2178 proferuntur.-
1669 2144 1726 2169 noa
1750 2139 1871 2178 improbe
1893 2139 1966 2170 mibi

1093 2177 1223 2209 dicturus
1239 2179 1373 2216 videtur,
1388 2180 1421 2209 de
1434 2187 1464 2209 eo
1481 2182 1636 2210 dumtaxat
1643 2180 1676 2219 se
1691 2179 1824 2221 cogitaffe
1838 2180 1913 2221 quod
1929 2179 1964 2210 il·

1090 2220 1186 2251 larum
1204 2219 1388 2258 tabularum,
1404 2226 1476 2261 quas
1494 2228 1564 2251 tunc
1580 2227 1720 2258 noverat,
1735 2223 1884 2262 scriptura
1899 2231 1965 2252 con-

1091 2263 1241 2292 tineretur.
1288 2260 1458 2292 Florentiae
1478 2271 1492 2292 a
1509 2261 1676 2293 Taurellio
1694 2261 1735 2293 fic
1751 2263 1871 2301 editur,
1896 2262 1962 2294 dEo

1081 2303 1142 2344 solo
1164 2301 1294 2344 cogitaffe
1308 2303 1383 2343 quod
1404 2305 1511 2341 prima.
1553 2303 1685 2341 Scrib0‚
1709 2302 1773 2334 dEo
1791 2303 1851 2343 solo
1869 2304 1964 2346 cogita

1090 2343 1142 2375 SE
1159 2346 1233 2386 quod
1247 2345 1352 2383 prima.
1399 2343 1433 2375 ld
1453 2343 1626 2385 fignificat,
1650 2346 1682 2375 de
1704 2354 1732 2375 eo
1747 2345 1809 2385 solo
1833 2343 1963 2386 cogitaffe

1084 2387 1114 2426 se
1133 2387 1209 2427 quod
1230 2386 1336 2425 prima.
1384 2384 1459 2416 Hoc
1485 2384 1587 2417 sensus
1615 2387 1733 2428 exigit:
1758 2387 1788 2418 ἃ
1810 2385 1851 2418 iic
1868 2387 1962 2427 paulo

1089 2428 1160 2468 post
1179 2427 1321 2468 loquitur
1343 2426 1598 2468 jurisconsultus.

904 2539 1119 2576 cix—ur
1176 2538 1248 2573 VI.

175 2630 342 2667 Prcetorem
359 2631 450 2676 pafia
467 2635 618 2666 conventa
638 2630 670 2664 in
687 2630 741 2663 hoc
757 2628 865 2663 Editio
881 2638 939 2662 non
957 2627 1075 2662 afflone
1086 2625 1238 2674 ‚lei-vare,
1254 2624 1313 2671 sed
1330 2627 1520 2670 exceptione‚·
1546 2623 1588 2664 ἐξ
1610 2624 1666 2671 effi
1684 2626 1713 2659 ei
1717 2623 1889 2668 sermonem
1907 2634 1965 2660 nott

227 2681 264 2714 de
286 2680 441 2724 quibusvis
460 2681 579 2724 puetis,
592 2677 654 2725 sed
679 2679 714 2713 de
738 2678 785 2711 his
811 2677 917 2722 quibus
932 2677 1058 2722 agitur,

1089 2677 1141 2711 Ne
1154 2682 1292 2721 petatur.
1326 2686 1361 2708 ea
1376 2675 1528 2709 Prcetori's
1553 2686 1637 2708 inens
1661 2675 1739 2709 unde
1765 2675 1966 2719 conjiciatur:

226 2740 296 2764 cum
315 2725 463 2773 Iatiffima
492 2735 536 2762 int
552 2729 618 2774 ejus
632 2728 738 2766 verba.
783 2726 955 2772 Ulpianum
970 2726 1002 2759 in
1020 2724 1125 2760 Ediai
1142 2725 1389 2769 inteipretatione
1402 2735 1581 2757 enumerare
1600 2724 1702 2757 omnia
1719 2725 1894 2769 pellionum
1911 2735 1967 2769 ge·

225 2785 320 2812 nera:
348 2787 416 2810 cum
433 2775 554 2811 Prcetor
568 2783 644 2822 agat
667 2776 704 2811 de
719 2776 821 2822 pastis
838 2774 949 2818 naalis,
976 2774 1027 2809 Ne
1043 2781 1177 2820 petatur.
1215 2770 1256 2811 ὅς’)
1273 2784 1337 2818 quce
1346 2771 1391 2818 fit
1405 2774 1470 2818 ejus
1486 2773 1531 2806 rei
1548 2771 1653 2807 ratio?

242 2886 245 2888 “
259 2885 389 2919 asienus
405 2883 528 2916 ostendi
539 2907 556 2923 ,.
564 2884 678 2924 verba,
691 2884 779 2926 patio
793 2890 955 2924 conventa,
971 2883 1002 2915 in
1017 2882 1058 2915 E·

180 2889 258 2964 H
275 2927 363 2960 dieto
383 2935 493 2968 patere
511 2925 583 2956 iate.
608 2927 759 2968 deinceps
776 2926 965 2968 disputabo,
980 2925 1057 2966 quid

181 2972 261 3005 velit
283 2968 434 3007 Praetor3
463 2975 536 2999 cum
564 2966 627 3005 ait,
646 2967 733 3007 paea
755 2974 897 2999 conventa
913 2968 1057 3008 servabo.-

179 3022 246 3046 non
263 3012 349 3044 enim
363 3010 484 3050 liquet,
501 3008 668 3048 quomodo
685 3017 721 3038 ea
734 3007 854 3042 servet:
874 3017 977 3040 utrum
992 3016 1057 3040 tan-

183 3063 251 3087 tum
269 3049 534 3093 exceptionibus,
551 3058 590 3080 an
605 3048 701 3079 etiam
718 3048 906 3081 actionibus.
936 3046 1054 3081 Dices:

183 3097 329 3137 utrisque
343 3094 443 3125 utitur
456 3092 487 3123 in
501 3089 621 3132 judicio
634 3088 762 3120 familiae
777 3090 987 3129 erciscundae,
1003 3098 1057 3121 aut

183 3136 348 3170 communi
375 3130 572 3171 dividundo,
595 3130 846 3170 adjudicationes
869 3132 908 3162 ab
935 3132 1056 3163 arbitro

181 3179 280 3212 stelas
306 3176 443 3208 tuiturus
459 3174 479 3207 l.
495 3183 545 3213 44.
564 3171 593 3214 §.
614 3180 641 3204 1.
659 3171 702 3203 D.
737 3169 863 3201 Familiae
878 3173 1059 3210 erciscundae.

184 3228 218 3254 at
234 3220 299 3253 hoc
318 3217 375 3250 etii
390 3217 458 3249 illic
481 3223 553 3258 agat
571 3214 693 3247 Praetor
701 3235 720 3253 ,.
736 3212 894 3244 invitante
913 3213 1055 3246 ratione:

1100 2882 1154 2914 hic
1169 2891 1234 2914 non
1253 2882 1327 2924 agit.
1360 2891 1424 2913 non
1449 2881 1493 2913 est
1510 2882 1594 2914 enirn
1612 2882 1656 2914 illi
1674 2882 1839 2924 negotium
1857 2882 1886 2914 in
1904 2879 1967 2913 hoc

1099 2923 1235 2963 Edicto,
1253 2924 1495 2964 qualiacumque
1513 2924 1602 2964 pasta
1617 2932 1777 2956 conventa
1797 2924 1967 2964 qualicum-

1100 2968 1163 3006 que
1179 2966 1279 2998 modo
1295 2965 1428 2997 servare.
1452 2964 1487 2997 ln
1504 2964 1662 2997 infinitum
1679 2973 1784 2997 tamen
1801 2970 1910 3004 patent
1925 2962 1966 2994 E-

1101 3007 1174 3038 diCti
1193 3007 1288 3038 verba
1299 3030 1309 3047 ,
1322 3006 1409 3048 pasta
1426 3013 1569 3038 conventa
1581 3007 1707 3043 servabo.
1731 3005 1876 3037 Memini.
1913 3003 1966 3035 sed

1100 3047 1238 3080 finienda
1253 3048 1303 3080 illa
1321 3048 1499 3089 amplitudo
1516 3047 1560 3079 est
1576 3046 1785 3082 destinatione
1799 3043 1973 3083 Praetoris,

1100 3089 1209 3122 saltem
1235 3090 1375 3122 volentis
1399 3090 1546 3130 adiuvare
1564 3088 1683 3130 Legem
1701 3085 1882 3119 Duodecim
1902 3083 1968 3116 Ta-

1099 3131 1263 3164 bularum:
1287 3140 1377 3172 quae,
1400 3138 1434 3161 ut
1450 3129 1539 3171 supra
1555 3131 1639 3168 dixi,
1655 3129 1762 3160 locuta
1778 3125 1840 3157 fuit
1858 3126 1898 3158 de
1913 3136 1971 3167 pa-

1100 3172 1178 3211 c‘tis,
1202 3173 1316 3212 quibus
1340 3172 1466 3213 agitur,
1490 3170 1542 3203 Ne
1567 3175 1708 3214 petatur:
1733 3176 1836 3207 neque
1860 3176 1967 3200 tamen

1100 3214 1268 3253 omnibus,
1285 3214 1336 3246 sed
1352 3213 1501 3253 legitimis
1520 3212 1549 3243 δι
1565 3208 1764 3244 solemnibus.
1788 3216 1896 3242 motus
1912 3209 1969 3256 igi-

1922 3256 1972 3279 tur
