<?xml version="1.0" encoding="UTF-8"?>
<!DOCTYPE html PUBLIC "-//W3C//DTD XHTML 1.0 Transitional//EN"
    "http://www.w3.org/TR/xhtml1/DTD/xhtml1-transitional.dtd">
<html xmlns="http://www.w3.org/1999/xhtml" xml:lang="en" lang="en">
 <head>
  <title>
</title>
<meta http-equiv="Content-Type" content="text/html;charset=utf-8" />
  <meta name='ocr-system' content='tesseract 3.04.00' />
  <meta name='ocr-capabilities' content='ocr_page ocr_carea ocr_par ocr_line ocrx_word'/>
</head>
<body>
  <div class='ocr_page' id='page_1' title='image "./gerardinoodtnovi00nood_0351.png"; bbox 0 0 2036 3495; ppageno 0'>
   <div class='ocr_carea' id='block_1_1' title="bbox 534 51 1388 111">
    <p class='ocr_par' dir='ltr' id='par_1_1' title="bbox 534 51 1388 111">
     <span class='ocr_line' id='line_1_1' title="bbox 534 51 1388 111; baseline -0.016 1"><span class='ocrx_word' id='word_1_1' title='bbox 534 62 1166 111; x_wconf 49' lang='lat' dir='ltr'>DE&#39;Usu‘FR‘u&#39;c‘ru</span> <span class='ocrx_word' id='word_1_2' title='bbox 1229 51 1388 101; x_wconf 54' lang='lat' dir='ltr'>&#39;meL</span> 
     </span>
    </p>
   </div>
   <div class='ocr_carea' id='block_1_2' title="bbox 53 158 950 3232">
    <p class='ocr_par' dir='ltr' id='par_1_2' title="bbox 53 158 945 2067">
     <span class='ocr_line' id='line_1_2' title="bbox 59 158 932 214; baseline -0.017 -9"><span class='ocrx_word' id='word_1_3' title='bbox 59 172 130 214; x_wconf 68' lang='lat' dir='ltr'>effe,</span> <span class='ocrx_word' id='word_1_4' title='bbox 153 172 241 205; x_wconf 73' lang='lat' dir='ltr'>etiam</span> <span class='ocrx_word' id='word_1_5' title='bbox 263 170 328 202; x_wconf 84' lang='lat' dir='ltr'>c&#39;um</span> <span class='ocrx_word' id='word_1_6' title='bbox 351 165 537 209; x_wconf 69' lang='lat' dir='ltr'>ususfructus</span> <span class='ocrx_word' id='word_1_7' title='bbox 558 164 669 196; x_wconf 84' lang='lat' dir='ltr'>alienus</span> <span class='ocrx_word' id='word_1_8' title='bbox 685 159 743 200; x_wconf 78' lang='lat' dir='ltr'>est:</span> <span class='ocrx_word' id='word_1_9' title='bbox 765 161 835 203; x_wconf 87' lang='lat' dir='ltr'>quia</span> <span class='ocrx_word' id='word_1_10' title='bbox 851 158 932 195; x_wconf 81' lang='lat' dir='ltr'>usus-</span> 
     </span>
     <span class='ocr_line' id='line_1_3' title="bbox 53 202 932 256; baseline -0.018 -9"><span class='ocrx_word' id='word_1_11' title='bbox 53 214 176 256; x_wconf 77' lang='lat' dir='ltr'>fructus</span> <span class='ocrx_word' id='word_1_12' title='bbox 190 222 248 244; x_wconf 90' lang='lat' dir='ltr'>non</span> <span class='ocrx_word' id='word_1_13' title='bbox 264 211 383 243; x_wconf 81' lang='lat' dir='ltr'>dominii</span> <span class='ocrx_word' id='word_1_14' title='bbox 392 233 402 249; x_wconf 94' lang='lat'>,</span> <span class='ocrx_word' id='word_1_15' title='bbox 409 210 464 251; x_wconf 76' lang='lat' dir='ltr'>sed</span> <span class='ocrx_word' id='word_1_16' title='bbox 471 207 629 250; x_wconf 80' lang='lat' dir='ltr'>servitutis</span> <span class='ocrx_word' id='word_1_17' title='bbox 640 213 710 245; x_wconf 85' lang='lat' dir='ltr'>pars</span> <span class='ocrx_word' id='word_1_18' title='bbox 719 202 780 240; x_wconf 86' lang='lat' dir='ltr'>fit:</span> <span class='ocrx_word' id='word_1_19' title='bbox 795 212 845 233; x_wconf 88' lang='lat' dir='ltr'>nec</span> <span class='ocrx_word' id='word_1_20' title='bbox 853 202 932 241; x_wconf 75' lang='lat' dir='ltr'>falfi&gt;</span> 
     </span>
     <span class='ocr_line' id='line_1_4' title="bbox 58 243 934 292; baseline -0.018 -4"><span class='ocrx_word' id='word_1_21' title='bbox 58 257 118 288; x_wconf 79' lang='lat' dir='ltr'>uici</span> <span class='ocrx_word' id='word_1_22' title='bbox 133 262 225 288; x_wconf 86' lang='lat' dir='ltr'>totum</span> <span class='ocrx_word' id='word_1_23' title='bbox 240 262 331 285; x_wconf 71' lang='lat' dir='ltr'>vntum</span> <span class='ocrx_word' id='word_1_24' title='bbox 348 250 418 292; x_wconf 88' lang='lat' dir='ltr'>effe,</span> <span class='ocrx_word' id='word_1_25' title='bbox 441 250 525 292; x_wconf 85' lang='lat' dir='ltr'>cujus</span> <span class='ocrx_word' id='word_1_26' title='bbox 539 257 596 279; x_wconf 85' lang='lat' dir='ltr'>non</span> <span class='ocrx_word' id='word_1_27' title='bbox 607 243 699 289; x_wconf 72' lang='lat' dir='ltr'>potest</span> <span class='ocrx_word' id='word_1_28' title='bbox 715 244 776 291; x_wconf 78' lang='lat' dir='ltr'>ulla</span> <span class='ocrx_word' id='word_1_29' title='bbox 787 252 859 285; x_wconf 85' lang='lat' dir='ltr'>pars</span> <span class='ocrx_word' id='word_1_30' title='bbox 876 244 934 274; x_wconf 77' lang='lat' dir='ltr'>dici</span> 
     </span>
     <span class='ocr_line' id='line_1_5' title="bbox 59 284 934 337; baseline -0.018 -7"><span class='ocrx_word' id='word_1_31' title='bbox 59 299 179 330; x_wconf 84' lang='lat' dir='ltr'>alterius</span> <span class='ocrx_word' id='word_1_32' title='bbox 194 294 254 337; x_wconf 84' lang='lat' dir='ltr'>effe.</span> <span class='ocrx_word' id='word_1_33' title='bbox 285 296 336 326; x_wconf 84' lang='lat' dir='ltr'>boc</span> <span class='ocrx_word' id='word_1_34' title='bbox 354 292 391 328; x_wconf 55' lang='grc' dir='ltr'>ὅ)</span> <span class='ocrx_word' id='word_1_35' title='bbox 405 292 571 333; x_wconf 78' lang='lat' dir='ltr'><em>Julianus:</em></span> <span class='ocrx_word' id='word_1_36' title='bbox 588 288 625 323; x_wconf 67' lang='grc' dir='ltr'>ὅ)</span> <span class='ocrx_word' id='word_1_37' title='bbox 640 287 679 328; x_wconf 65' lang='lat' dir='ltr'>‘st</span> <span class='ocrx_word' id='word_1_38' title='bbox 695 295 807 317; x_wconf 79' lang='lat' dir='ltr'>verius.</span> <span class='ocrx_word' id='word_1_39' title='bbox 852 284 934 317; x_wconf 85' lang='lat' dir='ltr'>Haec</span> 
     </span>
     <span class='ocr_line' id='line_1_6' title="bbox 59 329 933 377; baseline -0.019 -5"><span class='ocrx_word' id='word_1_40' title='bbox 59 339 146 372; x_wconf 88' lang='lat' dir='ltr'>Pauli</span> <span class='ocrx_word' id='word_1_41' title='bbox 165 338 262 370; x_wconf 90' lang='lat' dir='ltr'>verba</span> <span class='ocrx_word' id='word_1_42' title='bbox 271 335 434 377; x_wconf 80' lang='lat' dir='ltr'>pertinent</span> <span class='ocrx_word' id='word_1_43' title='bbox 443 333 482 364; x_wconf 90' lang='lat' dir='ltr'>ad</span> <span class='ocrx_word' id='word_1_44' title='bbox 492 331 537 364; x_wconf 92' lang='lat' dir='ltr'>rei</span> <span class='ocrx_word' id='word_1_45' title='bbox 548 329 800 361; x_wconf 77' lang='lat' dir='ltr'>vindicationem</span> <span class='ocrx_word' id='word_1_46' title='bbox 814 336 823 357; x_wconf 72' lang='grc' dir='ltr'>ι</span> <span class='ocrx_word' id='word_1_47' title='bbox 840 335 933 367; x_wconf 86' lang='lat' dir='ltr'>quam</span> 
     </span>
     <span class='ocr_line' id='line_1_7' title="bbox 58 370 933 418; baseline -0.018 -5"><span class='ocrx_word' id='word_1_48' title='bbox 58 381 173 413; x_wconf 73' lang='lat' dir='ltr'>Paulus</span> <span class='ocrx_word' id='word_1_49' title='bbox 200 376 346 418; x_wconf 82' lang='lat' dir='ltr'>exposuit</span> <span class='ocrx_word' id='word_1_50' title='bbox 369 375 423 407; x_wconf 92' lang='lat' dir='ltr'>lib.</span> <span class='ocrx_word' id='word_1_51' title='bbox 449 383 499 406; x_wconf 87' lang='lat'>21.</span> <span class='ocrx_word' id='word_1_52' title='bbox 529 371 581 405; x_wconf 88' lang='lat' dir='ltr'>Ad</span> <span class='ocrx_word' id='word_1_53' title='bbox 605 370 776 407; x_wconf 78' lang='lat' dir='ltr'>Edictum,</span> <span class='ocrx_word' id='word_1_54' title='bbox 801 377 840 399; x_wconf 85' lang='lat' dir='ltr'>ex</span> <span class='ocrx_word' id='word_1_55' title='bbox 866 377 933 408; x_wconf 90' lang='lat' dir='ltr'>quo</span> 
     </span>
     <span class='ocr_line' id='line_1_8' title="bbox 59 408 933 462; baseline -0.018 -7"><span class='ocrx_word' id='word_1_56' title='bbox 59 423 224 462; x_wconf 83' lang='lat' dir='ltr'>desumpta</span> <span class='ocrx_word' id='word_1_57' title='bbox 243 419 311 450; x_wconf 92' lang='lat' dir='ltr'>sunt</span> <span class='ocrx_word' id='word_1_58' title='bbox 326 418 391 457; x_wconf 84' lang='lat' dir='ltr'>ejus</span> <span class='ocrx_word' id='word_1_59' title='bbox 407 415 515 447; x_wconf 89' lang='lat' dir='ltr'>verba.</span> <span class='ocrx_word' id='word_1_60' title='bbox 539 421 576 444; x_wconf 88' lang='lat' dir='ltr'>ea</span> <span class='ocrx_word' id='word_1_61' title='bbox 593 421 691 453; x_wconf 89' lang='lat' dir='ltr'>porro</span> <span class='ocrx_word' id='word_1_62' title='bbox 706 410 788 442; x_wconf 83' lang='lat' dir='ltr'>actio</span> <span class='ocrx_word' id='word_1_63' title='bbox 806 408 851 440; x_wconf 88' lang='lat' dir='ltr'>est</span> <span class='ocrx_word' id='word_1_64' title='bbox 867 409 933 448; x_wconf 89' lang='lat' dir='ltr'>rei,</span> 
     </span>
     <span class='ocr_line' id='line_1_9' title="bbox 57 451 934 502; baseline -0.019 -5"><span class='ocrx_word' id='word_1_65' title='bbox 57 465 91 497; x_wconf 87' lang='lat' dir='ltr'>id</span> <span class='ocrx_word' id='word_1_66' title='bbox 107 463 172 502; x_wconf 84' lang='lat' dir='ltr'>est,</span> <span class='ocrx_word' id='word_1_67' title='bbox 197 460 328 493; x_wconf 87' lang='lat' dir='ltr'>dominii</span> <span class='ocrx_word' id='word_1_68' title='bbox 347 458 410 490; x_wconf 90' lang='lat' dir='ltr'>five</span> <span class='ocrx_word' id='word_1_69' title='bbox 427 455 631 497; x_wconf 80' lang='lat' dir='ltr'>proprietatis</span> <span class='ocrx_word' id='word_1_70' title='bbox 649 453 713 491; x_wconf 86' lang='lat' dir='ltr'>rei,</span> <span class='ocrx_word' id='word_1_71' title='bbox 738 451 934 488; x_wconf 76' lang='lat' dir='ltr'>vindicati03</span> 
     </span>
     <span class='ocr_line' id='line_1_10' title="bbox 57 495 933 546; baseline -0.018 -8"><span class='ocrx_word' id='word_1_72' title='bbox 57 505 181 546; x_wconf 88' lang='lat' dir='ltr'>solique</span> <span class='ocrx_word' id='word_1_73' title='bbox 200 504 290 533; x_wconf 83' lang='lat' dir='ltr'>datur</span> <span class='ocrx_word' id='word_1_74' title='bbox 308 500 336 531; x_wconf 89' lang='lat' dir='ltr'>ei</span> <span class='ocrx_word' id='word_1_75' title='bbox 354 499 406 540; x_wconf 91' lang='lat' dir='ltr'>qui</span> <span class='ocrx_word' id='word_1_76' title='bbox 424 495 530 538; x_wconf 88' lang='lat' dir='ltr'>potest</span> <span class='ocrx_word' id='word_1_77' title='bbox 547 496 734 532; x_wconf 87' lang='lat' dir='ltr'><strong>intendere,</strong></span> <span class='ocrx_word' id='word_1_78' title='bbox 755 502 821 524; x_wconf 91' lang='lat' dir='ltr'>rem</span> <span class='ocrx_word' id='word_1_79' title='bbox 839 501 933 531; x_wconf 86' lang='lat' dir='ltr'>quam</span> 
     </span>
     <span class='ocr_line' id='line_1_11' title="bbox 57 533 932 588; baseline -0.017 -9"><span class='ocrx_word' id='word_1_80' title='bbox 57 548 159 588; x_wconf 85' lang='lat' dir='ltr'>petit,</span> <span class='ocrx_word' id='word_1_81' title='bbox 178 545 259 576; x_wconf 88' lang='lat' dir='ltr'>suam</span> <span class='ocrx_word' id='word_1_82' title='bbox 275 539 355 574; x_wconf 84' lang='lat' dir='ltr'>esse:</span> <span class='ocrx_word' id='word_1_83' title='bbox 379 547 415 571; x_wconf 87' lang='lat' dir='ltr'>ut</span> <span class='ocrx_word' id='word_1_84' title='bbox 432 539 548 570; x_wconf 90' lang='lat' dir='ltr'>eodem</span> <span class='ocrx_word' id='word_1_85' title='bbox 566 537 648 569; x_wconf 90' lang='lat' dir='ltr'>libro</span> <span class='ocrx_word' id='word_1_86' title='bbox 666 536 764 567; x_wconf 90' lang='lat' dir='ltr'>docet</span> <span class='ocrx_word' id='word_1_87' title='bbox 781 534 896 567; x_wconf 81' lang='lat' dir='ltr'>Paulus</span> <span class='ocrx_word' id='word_1_88' title='bbox 913 533 932 564; x_wconf 91' lang='lat' dir='ltr'>l.</span> 
     </span>
     <span class='ocr_line' id='line_1_12' title="bbox 58 575 934 630; baseline -0.018 -9"><span class='ocrx_word' id='word_1_89' title='bbox 58 594 107 630; x_wconf 75' lang='lat'>23.</span> <span class='ocrx_word' id='word_1_90' title='bbox 126 587 166 619; x_wconf 94' lang='lat' dir='ltr'>D.</span> <span class='ocrx_word' id='word_1_91' title='bbox 182 589 215 618; x_wconf 81' lang='lat' dir='ltr'>cie</span> <span class='ocrx_word' id='word_1_92' title='bbox 231 586 272 616; x_wconf 84' lang='lat' dir='ltr'>rei</span> <span class='ocrx_word' id='word_1_93' title='bbox 288 582 494 615; x_wconf 75' lang='lat' dir='ltr'><em>vindicatione.</em></span> <span class='ocrx_word' id='word_1_94' title='bbox 520 579 619 611; x_wconf 89' lang='lat' dir='ltr'>debet</span> <span class='ocrx_word' id='word_1_95' title='bbox 636 578 734 609; x_wconf 85' lang='lat' dir='ltr'>etiam</span> <span class='ocrx_word' id='word_1_96' title='bbox 752 578 778 607; x_wconf 90' lang='lat' dir='ltr'>is</span> <span class='ocrx_word' id='word_1_97' title='bbox 796 575 934 617; x_wconf 77' lang='lat' dir='ltr'>designa-</span> 
     </span>
     <span class='ocr_line' id='line_1_13' title="bbox 57 617 934 666; baseline -0.017 -4"><span class='ocrx_word' id='word_1_98' title='bbox 57 640 92 662; x_wconf 86' lang='lat' dir='ltr'>re</span> <span class='ocrx_word' id='word_1_99' title='bbox 109 638 194 666; x_wconf 87' lang='lat' dir='ltr'>rem,</span> <span class='ocrx_word' id='word_1_100' title='bbox 218 627 247 657; x_wconf 70' lang='grc' dir='ltr'>ἀ</span> <span class='ocrx_word' id='word_1_101' title='bbox 264 632 369 656; x_wconf 89' lang='lat' dir='ltr'>utrum</span> <span class='ocrx_word' id='word_1_102' title='bbox 385 630 506 659; x_wconf 82' lang='lat' dir='ltr'>totam,</span> <span class='ocrx_word' id='word_1_103' title='bbox 530 630 568 651; x_wconf 92' lang='lat' dir='ltr'>an</span> <span class='ocrx_word' id='word_1_104' title='bbox 586 628 729 660; x_wconf 82' lang='lat' dir='ltr'>partem,</span> <span class='ocrx_word' id='word_1_105' title='bbox 754 617 783 649; x_wconf 70' lang='grc' dir='ltr'>ἂ</span> <span class='ocrx_word' id='word_1_106' title='bbox 801 625 934 658; x_wconf 82' lang='lat' dir='ltr'>quotam</span> 
     </span>
     <span class='ocr_line' id='line_1_14' title="bbox 55 658 935 713; baseline -0.018 -10"><span class='ocrx_word' id='word_1_107' title='bbox 55 678 164 713; x_wconf 85' lang='lat' dir='ltr'>petat:</span> <span class='ocrx_word' id='word_1_108' title='bbox 181 675 215 699; x_wconf 90' lang='lat' dir='ltr'>ut</span> <span class='ocrx_word' id='word_1_109' title='bbox 231 667 315 698; x_wconf 90' lang='lat' dir='ltr'>idem</span> <span class='ocrx_word' id='word_1_110' title='bbox 332 664 446 696; x_wconf 88' lang='lat' dir='ltr'>Paulus</span> <span class='ocrx_word' id='word_1_111' title='bbox 463 663 581 695; x_wconf 87' lang='lat' dir='ltr'>indicat</span> <span class='ocrx_word' id='word_1_112' title='bbox 595 661 614 693; x_wconf 89' lang='lat' dir='ltr'>l.</span> <span class='ocrx_word' id='word_1_113' title='bbox 624 665 654 692; x_wconf 84' lang='lat'>6.</span> <span class='ocrx_word' id='word_1_114' title='bbox 672 660 715 691; x_wconf 88' lang='lat' dir='ltr'>D.</span> <span class='ocrx_word' id='word_1_115' title='bbox 731 661 791 690; x_wconf 83' lang='lat' dir='ltr'>eod.</span> <span class='ocrx_word' id='word_1_116' title='bbox 810 660 856 689; x_wconf 88' lang='lat' dir='ltr'>tit.</span> <span class='ocrx_word' id='word_1_117' title='bbox 878 658 935 699; x_wconf 82' lang='lat' dir='ltr'>igi-</span> 
     </span>
     <span class='ocr_line' id='line_1_15' title="bbox 58 702 934 751; baseline -0.016 -7"><span class='ocrx_word' id='word_1_118' title='bbox 58 722 109 744; x_wconf 85' lang='lat' dir='ltr'>tur</span> <span class='ocrx_word' id='word_1_119' title='bbox 126 711 298 751; x_wconf 81' lang='lat' dir='ltr'>fingamus,</span> <span class='ocrx_word' id='word_1_120' title='bbox 317 706 455 747; x_wconf 83' lang='lat' dir='ltr'>aliquem</span> <span class='ocrx_word' id='word_1_121' title='bbox 475 705 658 740; x_wconf 85' lang='lat' dir='ltr'>vindicare,</span> <span class='ocrx_word' id='word_1_122' title='bbox 674 702 810 733; x_wconf 87' lang='lat' dir='ltr'>fundum</span> <span class='ocrx_word' id='word_1_123' title='bbox 828 707 934 731; x_wconf 87' lang='lat' dir='ltr'>totum</span> 
     </span>
     <span class='ocr_line' id='line_1_16' title="bbox 56 741 933 786; baseline -0.017 0"><span class='ocrx_word' id='word_1_124' title='bbox 56 753 143 786; x_wconf 89' lang='lat' dir='ltr'>suum</span> <span class='ocrx_word' id='word_1_125' title='bbox 165 750 245 783; x_wconf 83' lang='lat' dir='ltr'>effe:</span> <span class='ocrx_word' id='word_1_126' title='bbox 270 758 343 780; x_wconf 91' lang='lat' dir='ltr'>cum</span> <span class='ocrx_word' id='word_1_127' title='bbox 370 747 490 779; x_wconf 88' lang='lat' dir='ltr'>alienus</span> <span class='ocrx_word' id='word_1_128' title='bbox 507 745 543 777; x_wconf 86' lang='lat' dir='ltr'>fi&#39;t</span> <span class='ocrx_word' id='word_1_129' title='bbox 562 743 765 776; x_wconf 87' lang='lat' dir='ltr'>ususfructus.</span> <span class='ocrx_word' id='word_1_130' title='bbox 781 748 828 774; x_wconf 75' lang='lat' dir='ltr'>lan</span> <span class='ocrx_word' id='word_1_131' title='bbox 847 741 933 772; x_wconf 84' lang='lat' dir='ltr'>recte</span> 
     </span>
     <span class='ocr_line' id='line_1_17' title="bbox 56 783 932 837; baseline -0.018 -9"><span class='ocrx_word' id='word_1_132' title='bbox 56 794 147 837; x_wconf 74' lang='lat' dir='ltr'>agit?</span> <span class='ocrx_word' id='word_1_133' title='bbox 169 801 242 824; x_wconf 87' lang='lat' dir='ltr'>nam</span> <span class='ocrx_word' id='word_1_134' title='bbox 258 788 451 822; x_wconf 85' lang='lat' dir='ltr'>ususfructus</span> <span class='ocrx_word' id='word_1_135' title='bbox 466 786 652 819; x_wconf 83' lang='lat' dir='ltr'>naturaliter</span> <span class='ocrx_word' id='word_1_136' title='bbox 669 784 814 816; x_wconf 85' lang='lat' dir='ltr'>cohaeret</span> <span class='ocrx_word' id='word_1_137' title='bbox 831 783 932 814; x_wconf 86' lang='lat' dir='ltr'>domi·</span> 
     </span>
     <span class='ocr_line' id='line_1_18' title="bbox 57 823 934 875; baseline -0.017 -6"><span class='ocrx_word' id='word_1_138' title='bbox 57 838 131 875; x_wconf 79' lang='lat' dir='ltr'>nio,</span> <span class='ocrx_word' id='word_1_139' title='bbox 155 835 287 874; x_wconf 85' lang='lat' dir='ltr'>ejusque</span> <span class='ocrx_word' id='word_1_140' title='bbox 311 840 381 873; x_wconf 89' lang='lat' dir='ltr'>pars</span> <span class='ocrx_word' id='word_1_141' title='bbox 400 829 455 861; x_wconf 90' lang='lat' dir='ltr'>est.</span> <span class='ocrx_word' id='word_1_142' title='bbox 487 838 548 860; x_wconf 86' lang='lat' dir='ltr'>nec</span> <span class='ocrx_word' id='word_1_143' title='bbox 563 828 689 859; x_wconf 87' lang='lat' dir='ltr'>videtur</span> <span class='ocrx_word' id='word_1_144' title='bbox 706 826 777 866; x_wconf 88' lang='lat' dir='ltr'>quis</span> <span class='ocrx_word' id='word_1_145' title='bbox 797 834 872 856; x_wconf 90' lang='lat' dir='ltr'>vere</span> <span class='ocrx_word' id='word_1_146' title='bbox 891 823 934 854; x_wconf 85' lang='lat' dir='ltr'>di-</span> 
     </span>
     <span class='ocr_line' id='line_1_19' title="bbox 57 867 934 916; baseline -0.015 -6"><span class='ocrx_word' id='word_1_147' title='bbox 57 885 149 916; x_wconf 85' lang='lat' dir='ltr'>cere,</span> <span class='ocrx_word' id='word_1_148' title='bbox 166 876 302 907; x_wconf 87' lang='lat' dir='ltr'>fundum</span> <span class='ocrx_word' id='word_1_149' title='bbox 321 881 427 904; x_wconf 92' lang='lat' dir='ltr'>totum</span> <span class='ocrx_word' id='word_1_150' title='bbox 443 870 505 903; x_wconf 89' lang='lat' dir='ltr'>esse</span> <span class='ocrx_word' id='word_1_151' title='bbox 524 869 631 908; x_wconf 82' lang='lat' dir='ltr'>suum3</span> <span class='ocrx_word' id='word_1_152' title='bbox 655 877 728 899; x_wconf 86' lang='lat' dir='ltr'>curn</span> <span class='ocrx_word' id='word_1_153' title='bbox 745 867 848 906; x_wconf 87' lang='lat' dir='ltr'>aliqua</span> <span class='ocrx_word' id='word_1_154' title='bbox 863 872 934 906; x_wconf 85' lang='lat' dir='ltr'>pars</span> 
     </span>
     <span class='ocr_line' id='line_1_20' title="bbox 57 907 934 957; baseline -0.017 -5"><span class='ocrx_word' id='word_1_155' title='bbox 57 929 122 952; x_wconf 86' lang='lat' dir='ltr'>non</span> <span class='ocrx_word' id='word_1_156' title='bbox 140 917 186 950; x_wconf 87' lang='lat' dir='ltr'>est</span> <span class='ocrx_word' id='word_1_157' title='bbox 205 917 282 957; x_wconf 85' lang='lat' dir='ltr'>ejus.</span> <span class='ocrx_word' id='word_1_158' title='bbox 307 914 369 945; x_wconf 85' lang='lat' dir='ltr'>Sed</span> <span class='ocrx_word' id='word_1_159' title='bbox 382 913 496 945; x_wconf 86' lang='lat' dir='ltr'>Paulus</span> <span class='ocrx_word' id='word_1_160' title='bbox 514 911 669 952; x_wconf 89' lang='lat' dir='ltr'>Julianum</span> <span class='ocrx_word' id='word_1_161' title='bbox 686 909 854 950; x_wconf 83' lang='lat' dir='ltr'>sequutus,</span> <span class='ocrx_word' id='word_1_162' title='bbox 871 907 934 944; x_wconf 90' lang='lat' dir='ltr'>ait,</span> 
     </span>
     <span class='ocr_line' id='line_1_21' title="bbox 57 949 936 993; baseline -0.018 1"><span class='ocrx_word' id='word_1_163' title='bbox 57 962 163 993; x_wconf 89' lang='lat' dir='ltr'>verius</span> <span class='ocrx_word' id='word_1_164' title='bbox 180 958 242 991; x_wconf 86' lang='lat' dir='ltr'>esse</span> <span class='ocrx_word' id='word_1_165' title='bbox 258 958 288 989; x_wconf 88' lang='lat' dir='ltr'>in</span> <span class='ocrx_word' id='word_1_166' title='bbox 309 956 369 987; x_wconf 87' lang='lat' dir='ltr'>hac</span> <span class='ocrx_word' id='word_1_167' title='bbox 385 954 531 992; x_wconf 86' lang='lat' dir='ltr'>actione,</span> <span class='ocrx_word' id='word_1_168' title='bbox 547 953 644 984; x_wconf 88' lang='lat' dir='ltr'>alium</span> <span class='ocrx_word' id='word_1_169' title='bbox 665 950 764 982; x_wconf 89' lang='lat' dir='ltr'>videri</span> <span class='ocrx_word' id='word_1_170' title='bbox 780 949 936 985; x_wconf 83' lang='lat' dir='ltr'>fundum,</span> 
     </span>
     <span class='ocr_line' id='line_1_22' title="bbox 59 989 937 1036; baseline -0.018 -1"><span class='ocrx_word' id='word_1_171' title='bbox 59 1003 154 1036; x_wconf 84' lang='lat' dir='ltr'>alium</span> <span class='ocrx_word' id='word_1_172' title='bbox 181 999 272 1032; x_wconf 87' lang='lat' dir='ltr'>fundi</span> <span class='ocrx_word' id='word_1_173' title='bbox 299 996 546 1029; x_wconf 72' lang='lat' dir='ltr'>usumfruaum:</span> <span class='ocrx_word' id='word_1_174' title='bbox 567 995 656 1026; x_wconf 89' lang='lat' dir='ltr'>illum</span> <span class='ocrx_word' id='word_1_175' title='bbox 676 993 714 1024; x_wconf 90' lang='lat' dir='ltr'>ad</span> <span class='ocrx_word' id='word_1_176' title='bbox 738 1000 827 1029; x_wconf 88' lang='lat' dir='ltr'>rem,</span> <span class='ocrx_word' id='word_1_177' title='bbox 852 989 937 1020; x_wconf 87' lang='lat' dir='ltr'>hunc</span> 
     </span>
     <span class='ocr_line' id='line_1_23' title="bbox 61 1035 937 1082; baseline -0.018 -5"><span class='ocrx_word' id='word_1_178' title='bbox 61 1045 100 1077; x_wconf 81' lang='lat' dir='ltr'>&#39;ad</span> <span class='ocrx_word' id='word_1_179' title='bbox 118 1044 161 1076; x_wconf 89' lang='lat' dir='ltr'>rei</span> <span class='ocrx_word' id='word_1_180' title='bbox 179 1038 488 1082; x_wconf 82' lang='lat' dir='ltr'>modumspectare:</span> <span class='ocrx_word' id='word_1_181' title='bbox 514 1045 615 1076; x_wconf 88' lang='lat' dir='ltr'>eaque</span> <span class='ocrx_word' id='word_1_182' title='bbox 633 1035 758 1066; x_wconf 86' lang='lat' dir='ltr'>ratione</span> <span class='ocrx_word' id='word_1_183' title='bbox 775 1040 870 1073; x_wconf 88' lang='lat' dir='ltr'>quem</span> <span class='ocrx_word' id='word_1_184' title='bbox 891 1039 937 1062; x_wconf 86' lang='lat' dir='ltr'>rc-</span> 
     </span>
     <span class='ocr_line' id='line_1_24' title="bbox 60 1073 935 1121; baseline -0.018 -3"><span class='ocrx_word' id='word_1_185' title='bbox 60 1085 112 1118; x_wconf 81' lang='lat' dir='ltr'>cte</span> <span class='ocrx_word' id='word_1_186' title='bbox 132 1085 258 1121; x_wconf 86' lang='lat' dir='ltr'>dicere,</span> <span class='ocrx_word' id='word_1_187' title='bbox 275 1088 381 1113; x_wconf 88' lang='lat' dir='ltr'>totum</span> <span class='ocrx_word' id='word_1_188' title='bbox 399 1079 485 1111; x_wconf 87' lang='lat' dir='ltr'>suum</span> <span class='ocrx_word' id='word_1_189' title='bbox 505 1077 566 1109; x_wconf 78' lang='lat' dir='ltr'>effe</span> <span class='ocrx_word' id='word_1_190' title='bbox 582 1075 715 1108; x_wconf 84' lang='lat' dir='ltr'>fundum</span> <span class='ocrx_word' id='word_1_191' title='bbox 727 1098 737 1114; x_wconf 92' lang='lat'>,</span> <span class='ocrx_word' id='word_1_192' title='bbox 752 1073 816 1106; x_wconf 86' lang='lat' dir='ltr'>five</span> <span class='ocrx_word' id='word_1_193' title='bbox 835 1080 935 1104; x_wconf 85' lang='lat' dir='ltr'>totam</span> 
     </span>
     <span class='ocr_line' id='line_1_25' title="bbox 61 1112 937 1163; baseline -0.017 -5"><span class='ocrx_word' id='word_1_194' title='bbox 61 1127 146 1159; x_wconf 88' lang='lat' dir='ltr'>suam</span> <span class='ocrx_word' id='word_1_195' title='bbox 166 1124 228 1156; x_wconf 85' lang='lat' dir='ltr'>esse</span> <span class='ocrx_word' id='word_1_196' title='bbox 244 1123 336 1155; x_wconf 91' lang='lat' dir='ltr'>fundi</span> <span class='ocrx_word' id='word_1_197' title='bbox 354 1121 604 1163; x_wconf 76' lang='lat' dir='ltr'>proprietatem,</span> <span class='ocrx_word' id='word_1_198' title='bbox 616 1127 633 1149; x_wconf 91' lang='lat' dir='ltr'>a</span> <span class='ocrx_word' id='word_1_199' title='bbox 649 1126 715 1158; x_wconf 89' lang='lat' dir='ltr'>quo</span> <span class='ocrx_word' id='word_1_200' title='bbox 731 1115 834 1147; x_wconf 86' lang='lat' dir='ltr'>fundo</span> <span class='ocrx_word' id='word_1_201' title='bbox 852 1112 937 1144; x_wconf 87' lang='lat' dir='ltr'>abest</span> 
     </span>
     <span class='ocr_line' id='line_1_26' title="bbox 61 1159 937 1202; baseline -0.018 -2"><span class='ocrx_word' id='word_1_202' title='bbox 61 1165 278 1200; x_wconf 66' lang='lat' dir='ltr'>ususfructus}</span> <span class='ocrx_word' id='word_1_203' title='bbox 301 1164 377 1196; x_wconf 86' lang='lat' dir='ltr'>licet</span> <span class='ocrx_word' id='word_1_204' title='bbox 395 1171 459 1194; x_wconf 90' lang='lat' dir='ltr'>non</span> <span class='ocrx_word' id='word_1_205' title='bbox 478 1159 572 1202; x_wconf 85' lang='lat' dir='ltr'>poffit</span> <span class='ocrx_word' id='word_1_206' title='bbox 589 1160 716 1196; x_wconf 87' lang='lat' dir='ltr'>dicere,</span> <span class='ocrx_word' id='word_1_207' title='bbox 741 1165 846 1188; x_wconf 90' lang='lat' dir='ltr'>toturn</span> <span class='ocrx_word' id='word_1_208' title='bbox 864 1163 937 1185; x_wconf 88' lang='lat' dir='ltr'>eum</span> 
     </span>
     <span class='ocr_line' id='line_1_27' title="bbox 61 1196 937 1244; baseline -0.018 -2"><span class='ocrx_word' id='word_1_209' title='bbox 61 1209 197 1242; x_wconf 86' lang='lat' dir='ltr'>fundum</span> <span class='ocrx_word' id='word_1_210' title='bbox 213 1207 301 1239; x_wconf 92' lang='lat' dir='ltr'>omni</span> <span class='ocrx_word' id='word_1_211' title='bbox 318 1205 416 1237; x_wconf 86' lang='lat' dir='ltr'>modo</span> <span class='ocrx_word' id='word_1_212' title='bbox 432 1201 520 1244; x_wconf 83' lang='lat' dir='ltr'>suum</span> <span class='ocrx_word' id='word_1_213' title='bbox 538 1199 619 1238; x_wconf 89' lang='lat' dir='ltr'>esse,</span> <span class='ocrx_word' id='word_1_214' title='bbox 644 1199 708 1231; x_wconf 87' lang='lat' dir='ltr'>five</span> <span class='ocrx_word' id='word_1_215' title='bbox 727 1206 828 1229; x_wconf 91' lang='lat' dir='ltr'>totam</span> <span class='ocrx_word' id='word_1_216' title='bbox 844 1196 937 1227; x_wconf 80' lang='lat' dir='ltr'>fundi</span> 
     </span>
     <span class='ocr_line' id='line_1_28' title="bbox 62 1237 938 1294; baseline -0.018 -11"><span class='ocrx_word' id='word_1_217' title='bbox 62 1252 293 1294; x_wconf 83' lang='lat' dir='ltr'>proprietatem</span> <span class='ocrx_word' id='word_1_218' title='bbox 313 1246 400 1277; x_wconf 88' lang='lat' dir='ltr'>omni</span> <span class='ocrx_word' id='word_1_219' title='bbox 420 1243 519 1275; x_wconf 84' lang='lat' dir='ltr'>modo</span> <span class='ocrx_word' id='word_1_220' title='bbox 538 1241 622 1272; x_wconf 86' lang='lat' dir='ltr'>suam</span> <span class='ocrx_word' id='word_1_221' title='bbox 640 1239 711 1272; x_wconf 84' lang='lat' dir='ltr'>effe.</span> <span class='ocrx_word' id='word_1_222' title='bbox 750 1238 865 1270; x_wconf 88' lang='lat' dir='ltr'>Similis</span> <span class='ocrx_word' id='word_1_223' title='bbox 881 1237 938 1267; x_wconf 88' lang='lat' dir='ltr'>ob-</span> 
     </span>
     <span class='ocr_line' id='line_1_29' title="bbox 61 1279 938 1328; baseline -0.017 -4"><span class='ocrx_word' id='word_1_224' title='bbox 61 1291 199 1324; x_wconf 87' lang='lat' dir='ltr'>servatio</span> <span class='ocrx_word' id='word_1_225' title='bbox 217 1289 262 1320; x_wconf 84' lang='lat' dir='ltr'>est</span> <span class='ocrx_word' id='word_1_226' title='bbox 278 1289 308 1320; x_wconf 91' lang='lat' dir='ltr'>in</span> <span class='ocrx_word' id='word_1_227' title='bbox 321 1286 441 1328; x_wconf 84' lang='lat' dir='ltr'>judicio</span> <span class='ocrx_word' id='word_1_228' title='bbox 457 1283 587 1315; x_wconf 83' lang='lat' dir='ltr'>familiae</span> <span class='ocrx_word' id='word_1_229' title='bbox 603 1280 798 1313; x_wconf 72' lang='lat' dir='ltr'>erciscundae</span> <span class='ocrx_word' id='word_1_230' title='bbox 809 1279 839 1310; x_wconf 86' lang='lat'>&amp;</span> <span class='ocrx_word' id='word_1_231' title='bbox 850 1287 938 1310; x_wconf 88' lang='lat' dir='ltr'>com-</span> 
     </span>
     <span class='ocr_line' id='line_1_30' title="bbox 63 1320 938 1366; baseline -0.018 0"><span class='ocrx_word' id='word_1_232' title='bbox 63 1334 150 1366; x_wconf 85' lang='lat' dir='ltr'>muni</span> <span class='ocrx_word' id='word_1_233' title='bbox 168 1330 363 1363; x_wconf 74' lang='lat' dir='ltr'>dividundox</span> <span class='ocrx_word' id='word_1_234' title='bbox 387 1326 516 1358; x_wconf 87' lang='lat' dir='ltr'>auctore</span> <span class='ocrx_word' id='word_1_235' title='bbox 534 1323 651 1355; x_wconf 87' lang='lat' dir='ltr'>eodem</span> <span class='ocrx_word' id='word_1_236' title='bbox 672 1321 812 1362; x_wconf 85' lang='lat' dir='ltr'>Ulpiano</span> <span class='ocrx_word' id='word_1_237' title='bbox 842 1320 861 1351; x_wconf 94' lang='lat' dir='ltr'>l.</span> <span class='ocrx_word' id='word_1_238' title='bbox 891 1323 938 1350; x_wconf 88' lang='lat'>16.</span> 
     </span>
     <span class='ocr_line' id='line_1_31' title="bbox 62 1361 941 1419; baseline -0.016 -14"><span class='ocrx_word' id='word_1_239' title='bbox 62 1375 93 1419; x_wconf 53' lang='grc' dir='ltr'>ᾗ,</span> <span class='ocrx_word' id='word_1_240' title='bbox 114 1384 139 1407; x_wconf 82' lang='lat'>1.</span> <span class='ocrx_word' id='word_1_241' title='bbox 158 1373 198 1407; x_wconf 90' lang='lat' dir='ltr'>D.</span> <span class='ocrx_word' id='word_1_242' title='bbox 215 1371 341 1403; x_wconf 76' lang='lat' dir='ltr'>Familia·</span> <span class='ocrx_word' id='word_1_243' title='bbox 359 1368 545 1409; x_wconf 70' lang='lat' dir='ltr'>erciscundae:</span> <span class='ocrx_word' id='word_1_244' title='bbox 569 1364 652 1405; x_wconf 86' lang='lat' dir='ltr'>apud</span> <span class='ocrx_word' id='word_1_245' title='bbox 677 1373 773 1404; x_wconf 88' lang='lat' dir='ltr'>quem</span> <span class='ocrx_word' id='word_1_246' title='bbox 801 1361 941 1402; x_wconf 80' lang='lat' dir='ltr'>Julianus</span> 
     </span>
     <span class='ocr_line' id='line_1_32' title="bbox 63 1403 940 1455; baseline -0.018 -7"><span class='ocrx_word' id='word_1_247' title='bbox 63 1417 125 1455; x_wconf 86' lang='lat' dir='ltr'>ait,</span> <span class='ocrx_word' id='word_1_248' title='bbox 149 1415 183 1445; x_wconf 86' lang='lat' dir='ltr'>Si</span> <span class='ocrx_word' id='word_1_249' title='bbox 200 1414 252 1444; x_wconf 84' lang='lat' dir='ltr'>alii</span> <span class='ocrx_word' id='word_1_250' title='bbox 260 1412 411 1452; x_wconf 82' lang='lat' dir='ltr'>fundum,</span> <span class='ocrx_word' id='word_1_251' title='bbox 436 1409 488 1440; x_wconf 88' lang='lat' dir='ltr'>alii</span> <span class='ocrx_word' id='word_1_252' title='bbox 507 1405 723 1445; x_wconf 77' lang='lat' dir='ltr'>usumfructum</span> <span class='ocrx_word' id='word_1_253' title='bbox 737 1404 842 1444; x_wconf 76' lang='lat' dir='ltr'>Judex</span> <span class='ocrx_word' id='word_1_254' title='bbox 858 1403 940 1444; x_wconf 75' lang='lat' dir='ltr'>adju-</span> 
     </span>
     <span class='ocr_line' id='line_1_33' title="bbox 64 1445 940 1494; baseline -0.018 -4"><span class='ocrx_word' id='word_1_255' title='bbox 64 1458 224 1494; x_wconf 78' lang='lat' dir='ltr'>dicaverit,</span> <span class='ocrx_word' id='word_1_256' title='bbox 247 1463 304 1485; x_wconf 84' lang='lat' dir='ltr'>non</span> <span class='ocrx_word' id='word_1_257' title='bbox 323 1450 530 1484; x_wconf 82' lang='lat' dir='ltr'>communicari</span> <span class='ocrx_word' id='word_1_258' title='bbox 554 1445 781 1488; x_wconf 67' lang='lat' dir='ltr'>usumfructum.</span> <span class='ocrx_word' id='word_1_259' title='bbox 826 1445 940 1476; x_wconf 79' lang='lat' dir='ltr'>Sensus</span> 
     </span>
     <span class='ocr_line' id='line_1_34' title="bbox 65 1485 942 1538; baseline -0.016 -8"><span class='ocrx_word' id='word_1_260' title='bbox 65 1499 128 1531; x_wconf 85' lang='lat' dir='ltr'>est:</span> <span class='ocrx_word' id='word_1_261' title='bbox 153 1499 239 1538; x_wconf 87' lang='lat' dir='ltr'>quod</span> <span class='ocrx_word' id='word_1_262' title='bbox 266 1494 286 1527; x_wconf 87' lang='lat' dir='ltr'><strong>fi</strong></span> <span class='ocrx_word' id='word_1_263' title='bbox 312 1495 414 1534; x_wconf 87' lang='lat' dir='ltr'>Judex</span> <span class='ocrx_word' id='word_1_264' title='bbox 439 1489 616 1532; x_wconf 79' lang='lat' dir='ltr'>injudicio</span> <span class='ocrx_word' id='word_1_265' title='bbox 637 1488 767 1520; x_wconf 79' lang='lat' dir='ltr'>famiiiae</span> <span class='ocrx_word' id='word_1_266' title='bbox 785 1485 942 1518; x_wconf 86' lang='lat' dir='ltr'>erciscun-</span> 
     </span>
     <span class='ocr_line' id='line_1_35' title="bbox 64 1528 942 1575; baseline -0.017 -3"><span class='ocrx_word' id='word_1_267' title='bbox 64 1541 113 1573; x_wconf 86' lang='lat' dir='ltr'>dae</span> <span class='ocrx_word' id='word_1_268' title='bbox 131 1540 183 1570; x_wconf 91' lang='lat' dir='ltr'>uni</span> <span class='ocrx_word' id='word_1_269' title='bbox 201 1538 355 1575; x_wconf 88' lang='lat' dir='ltr'>fundum,</span> <span class='ocrx_word' id='word_1_270' title='bbox 377 1534 428 1566; x_wconf 85' lang='lat' dir='ltr'>alii</span> <span class='ocrx_word' id='word_1_271' title='bbox 443 1533 585 1573; x_wconf 84' lang='lat' dir='ltr'>ejusdem</span> <span class='ocrx_word' id='word_1_272' title='bbox 603 1530 694 1561; x_wconf 87' lang='lat' dir='ltr'>fundi</span> <span class='ocrx_word' id='word_1_273' title='bbox 713 1528 942 1560; x_wconf 65' lang='lat' dir='ltr'>usumfructum</span> 
     </span>
     <span class='ocr_line' id='line_1_36' title="bbox 66 1571 942 1623; baseline -0.017 -9"><span class='ocrx_word' id='word_1_274' title='bbox 66 1581 316 1623; x_wconf 78' lang='lat' dir='ltr'>adjudicaverit:</span> <span class='ocrx_word' id='word_1_275' title='bbox 350 1586 414 1608; x_wconf 89' lang='lat' dir='ltr'>non</span> <span class='ocrx_word' id='word_1_276' title='bbox 439 1574 485 1606; x_wconf 87' lang='lat' dir='ltr'>est</span> <span class='ocrx_word' id='word_1_277' title='bbox 514 1572 694 1605; x_wconf 87' lang='lat' dir='ltr'>communis</span> <span class='ocrx_word' id='word_1_278' title='bbox 718 1571 884 1608; x_wconf 83' lang='lat' dir='ltr'>utriusque</span> <span class='ocrx_word' id='word_1_279' title='bbox 908 1578 942 1600; x_wconf 93' lang='lat' dir='ltr'>u-</span> 
     </span>
     <span class='ocr_line' id='line_1_37' title="bbox 66 1612 943 1655; baseline -0.016 0"><span class='ocrx_word' id='word_1_280' title='bbox 66 1621 256 1655; x_wconf 84' lang='lat' dir='ltr'>susfructus:</span> <span class='ocrx_word' id='word_1_281' title='bbox 280 1620 330 1651; x_wconf 89' lang='lat' dir='ltr'>sed</span> <span class='ocrx_word' id='word_1_282' title='bbox 354 1618 407 1649; x_wconf 82' lang='lat' dir='ltr'>hic</span> <span class='ocrx_word' id='word_1_283' title='bbox 431 1616 514 1648; x_wconf 87' lang='lat' dir='ltr'>solus</span> <span class='ocrx_word' id='word_1_284' title='bbox 540 1612 790 1650; x_wconf 85' lang='lat' dir='ltr'>usumfructum,</span> <span class='ocrx_word' id='word_1_285' title='bbox 813 1612 866 1642; x_wconf 90' lang='lat' dir='ltr'>ille</span> <span class='ocrx_word' id='word_1_286' title='bbox 889 1619 943 1642; x_wconf 87' lang='lat' dir='ltr'>nu-</span> 
     </span>
     <span class='ocr_line' id='line_1_38' title="bbox 68 1653 942 1702; baseline -0.017 -6"><span class='ocrx_word' id='word_1_287' title='bbox 68 1666 141 1696; x_wconf 83' lang='lat' dir='ltr'>dam</span> <span class='ocrx_word' id='word_1_288' title='bbox 158 1663 248 1695; x_wconf 79' lang='lat' dir='ltr'>fundi</span> <span class='ocrx_word' id='word_1_289' title='bbox 268 1660 497 1702; x_wconf 80' lang='lat' dir='ltr'>proprietatem</span> <span class='ocrx_word' id='word_1_290' title='bbox 514 1656 657 1688; x_wconf 86' lang='lat' dir='ltr'>habebit.</span> <span class='ocrx_word' id='word_1_291' title='bbox 681 1655 769 1694; x_wconf 88' lang='lat' dir='ltr'>atqui</span> <span class='ocrx_word' id='word_1_292' title='bbox 783 1653 874 1684; x_wconf 87' lang='lat' dir='ltr'>fundi</span> <span class='ocrx_word' id='word_1_293' title='bbox 891 1661 942 1690; x_wconf 88' lang='lat' dir='ltr'>ap-</span> 
     </span>
     <span class='ocr_line' id='line_1_39' title="bbox 67 1693 942 1748; baseline -0.017 -10"><span class='ocrx_word' id='word_1_294' title='bbox 67 1707 242 1748; x_wconf 84' lang='lat' dir='ltr'>pellatione</span> <span class='ocrx_word' id='word_1_295' title='bbox 267 1711 333 1734; x_wconf 88' lang='lat' dir='ltr'>non</span> <span class='ocrx_word' id='word_1_296' title='bbox 358 1701 446 1732; x_wconf 81' lang='lat' dir='ltr'>venit</span> <span class='ocrx_word' id='word_1_297' title='bbox 472 1699 554 1730; x_wconf 87' lang='lat' dir='ltr'>nuda</span> <span class='ocrx_word' id='word_1_298' title='bbox 572 1720 581 1736; x_wconf 88' lang='lat'>,</span> <span class='ocrx_word' id='word_1_299' title='bbox 611 1696 665 1728; x_wconf 88' lang='lat' dir='ltr'>sed</span> <span class='ocrx_word' id='word_1_300' title='bbox 687 1696 780 1734; x_wconf 85' lang='lat' dir='ltr'>plena</span> <span class='ocrx_word' id='word_1_301' title='bbox 798 1693 942 1735; x_wconf 87' lang='lat' dir='ltr'>proprie-</span> 
     </span>
     <span class='ocr_line' id='line_1_40' title="bbox 69 1734 943 1779; baseline -0.016 0"><span class='ocrx_word' id='word_1_302' title='bbox 69 1757 126 1779; x_wconf 88' lang='lat' dir='ltr'>tas.</span> <span class='ocrx_word' id='word_1_303' title='bbox 158 1745 194 1778; x_wconf 85' lang='lat' dir='ltr'>fit</span> <span class='ocrx_word' id='word_1_304' title='bbox 215 1746 258 1777; x_wconf 86' lang='lat' dir='ltr'>ita</span> <span class='ocrx_word' id='word_1_305' title='bbox 281 1742 416 1774; x_wconf 84' lang='lat' dir='ltr'>naturali</span> <span class='ocrx_word' id='word_1_306' title='bbox 435 1740 524 1771; x_wconf 83' lang='lat' dir='ltr'>verbi</span> <span class='ocrx_word' id='word_1_307' title='bbox 546 1737 795 1779; x_wconf 80' lang='lat' dir='ltr'>significatione:</span> <span class='ocrx_word' id='word_1_308' title='bbox 820 1734 872 1766; x_wconf 91' lang='lat' dir='ltr'>sed</span> <span class='ocrx_word' id='word_1_309' title='bbox 893 1734 943 1775; x_wconf 90' lang='lat' dir='ltr'>Ju-</span> 
     </span>
     <span class='ocr_line' id='line_1_41' title="bbox 70 1777 945 1820; baseline -0.014 -1"><span class='ocrx_word' id='word_1_310' title='bbox 70 1789 134 1820; x_wconf 83' lang='lat' dir='ltr'>dex</span> <span class='ocrx_word' id='word_1_311' title='bbox 158 1786 286 1818; x_wconf 84' lang='lat' dir='ltr'>familiae</span> <span class='ocrx_word' id='word_1_312' title='bbox 313 1782 504 1815; x_wconf 61' lang='lat' dir='ltr'>erciscundae</span> <span class='ocrx_word' id='word_1_313' title='bbox 527 1779 666 1819; x_wconf 87' lang='lat' dir='ltr'>sequitui·</span> <span class='ocrx_word' id='word_1_314' title='bbox 685 1777 835 1809; x_wconf 74' lang='lat' dir='ltr'>civilemt</span> <span class='ocrx_word' id='word_1_315' title='bbox 860 1777 945 1808; x_wconf 87' lang='lat' dir='ltr'>nulla</span> 
     </span>
     <span class='ocr_line' id='line_1_42' title="bbox 68 1818 944 1866; baseline -0.015 -5"><span class='ocrx_word' id='word_1_316' title='bbox 68 1828 181 1866; x_wconf 83' lang='lat' dir='ltr'>causa,</span> <span class='ocrx_word' id='word_1_317' title='bbox 203 1837 258 1858; x_wconf 82' lang='lat' dir='ltr'>cur</span> <span class='ocrx_word' id='word_1_318' title='bbox 281 1826 320 1856; x_wconf 81' lang='lat' dir='ltr'>ab</span> <span class='ocrx_word' id='word_1_319' title='bbox 337 1834 372 1855; x_wconf 87' lang='lat' dir='ltr'>ea</span> <span class='ocrx_word' id='word_1_320' title='bbox 392 1824 531 1859; x_wconf 83' lang='lat' dir='ltr'>recedat.</span> <span class='ocrx_word' id='word_1_321' title='bbox 564 1822 630 1852; x_wconf 90' lang='lat' dir='ltr'>imo</span> <span class='ocrx_word' id='word_1_322' title='bbox 653 1820 717 1861; x_wconf 84' lang='lat' dir='ltr'>agit</span> <span class='ocrx_word' id='word_1_323' title='bbox 743 1828 783 1850; x_wconf 91' lang='lat' dir='ltr'>eo</span> <span class='ocrx_word' id='word_1_324' title='bbox 801 1818 921 1858; x_wconf 75' lang='lat' dir='ltr'>iudicio</span> <span class='ocrx_word' id='word_1_325' title='bbox 934 1841 944 1857; x_wconf 95' lang='lat'>,</span> 
     </span>
     <span class='ocr_line' id='line_1_43' title="bbox 69 1860 945 1907; baseline -0.014 -5"><span class='ocrx_word' id='word_1_326' title='bbox 69 1880 106 1902; x_wconf 88' lang='lat' dir='ltr'>ut</span> <span class='ocrx_word' id='word_1_327' title='bbox 123 1872 234 1907; x_wconf 74' lang='lat' dir='ltr'>tollat,</span> <span class='ocrx_word' id='word_1_328' title='bbox 259 1876 322 1899; x_wconf 90' lang='lat' dir='ltr'>non</span> <span class='ocrx_word' id='word_1_329' title='bbox 342 1875 374 1897; x_wconf 92' lang='lat' dir='ltr'>ut</span> <span class='ocrx_word' id='word_1_330' title='bbox 399 1866 528 1896; x_wconf 86' lang='lat' dir='ltr'>inducat</span> <span class='ocrx_word' id='word_1_331' title='bbox 551 1861 826 1894; x_wconf 86' lang='lat' dir='ltr'>communionem.</span> <span class='ocrx_word' id='word_1_332' title='bbox 857 1860 945 1899; x_wconf 87' lang='lat' dir='ltr'>quod</span> 
     </span>
     <span class='ocr_line' id='line_1_44' title="bbox 70 1901 944 1946; baseline -0.015 -2"><span class='ocrx_word' id='word_1_333' title='bbox 70 1912 215 1944; x_wconf 84' lang='lat' dir='ltr'>futurum</span> <span class='ocrx_word' id='word_1_334' title='bbox 240 1908 357 1946; x_wconf 80' lang='lat' dir='ltr'>fuerit;</span> <span class='ocrx_word' id='word_1_335' title='bbox 381 1907 402 1939; x_wconf 87' lang='lat' dir='ltr'>si</span> <span class='ocrx_word' id='word_1_336' title='bbox 428 1905 608 1946; x_wconf 74' lang='lat' dir='ltr'>adJudicato</span> <span class='ocrx_word' id='word_1_337' title='bbox 634 1903 686 1934; x_wconf 90' lang='lat' dir='ltr'>uui</span> <span class='ocrx_word' id='word_1_338' title='bbox 710 1902 812 1933; x_wconf 84' lang='lat' dir='ltr'>fundo</span> <span class='ocrx_word' id='word_1_339' title='bbox 831 1924 841 1939; x_wconf 90' lang='lat'>,</span> <span class='ocrx_word' id='word_1_340' title='bbox 868 1901 944 1932; x_wconf 88' lang='lat' dir='ltr'>alte·</span> 
     </span>
     <span class='ocr_line' id='line_1_45' title="bbox 71 1942 945 1987; baseline -0.015 -2"><span class='ocrx_word' id='word_1_341' title='bbox 71 1955 98 1986; x_wconf 84' lang='lat' dir='ltr'>ri</span> <span class='ocrx_word' id='word_1_342' title='bbox 125 1951 284 1984; x_wconf 76' lang='lat' dir='ltr'>usufructu</span> <span class='ocrx_word' id='word_1_343' title='bbox 302 1973 312 1987; x_wconf 95' lang='lat'><strong>‚</strong></span> <span class='ocrx_word' id='word_1_344' title='bbox 341 1948 476 1979; x_wconf 87' lang='lat' dir='ltr'>fundum</span> <span class='ocrx_word' id='word_1_345' title='bbox 506 1956 565 1985; x_wconf 83' lang='lat' dir='ltr'>pro</span> <span class='ocrx_word' id='word_1_346' title='bbox 588 1944 686 1985; x_wconf 87' lang='lat' dir='ltr'>pleno</span> <span class='ocrx_word' id='word_1_347' title='bbox 711 1944 776 1983; x_wconf 83' lang='lat' dir='ltr'>ejus</span> <span class='ocrx_word' id='word_1_348' title='bbox 801 1942 945 1974; x_wconf 89' lang='lat' dir='ltr'>dominio</span> 
     </span>
     <span class='ocr_line' id='line_1_46' title="bbox 71 1984 945 2035; baseline -0.014 -9"><span class='ocrx_word' id='word_1_349' title='bbox 71 1994 275 2035; x_wconf 79' lang='lat' dir='ltr'>accipiamus.</span> <span class='ocrx_word' id='word_1_350' title='bbox 301 1990 371 2022; x_wconf 87' lang='lat' dir='ltr'>Sic:</span> <span class='ocrx_word' id='word_1_351' title='bbox 394 1990 446 2021; x_wconf 89' lang='lat' dir='ltr'>ubi</span> <span class='ocrx_word' id='word_1_352' title='bbox 464 1986 656 2020; x_wconf 82' lang='lat' dir='ltr'>ususfructus</span> <span class='ocrx_word' id='word_1_353' title='bbox 673 1985 754 2026; x_wconf 89' lang='lat' dir='ltr'>Juris</span> <span class='ocrx_word' id='word_1_354' title='bbox 772 1984 945 2016; x_wconf 83' lang='lat' dir='ltr'>subtilitate</span> 
     </span>
     <span class='ocr_line' id='line_1_47' title="bbox 72 2035 737 2067; baseline -0.012 0"><span class='ocrx_word' id='word_1_355' title='bbox 72 2035 253 2067; x_wconf 64' lang='lat' dir='ltr'>aestimatur.</span> <span class='ocrx_word' id='word_1_356' title='bbox 734 2059 737 2064; x_wconf 69' lang='grc'>,</span> 
     </span>
    </p>

    <p class='ocr_par' dir='ltr' id='par_1_3' title="bbox 69 2064 946 2573">
     <span class='ocr_line' id='line_1_48' title="bbox 111 2064 945 2110; baseline -0.016 -1"><span class='ocrx_word' id='word_1_357' title='bbox 111 2078 154 2109; x_wconf 86' lang='lat' dir='ltr'>At</span> <span class='ocrx_word' id='word_1_358' title='bbox 174 2076 287 2107; x_wconf 89' lang='lat' dir='ltr'>Paulus</span> <span class='ocrx_word' id='word_1_359' title='bbox 303 2073 323 2105; x_wconf 82' lang='lat' dir='ltr'>l.</span> <span class='ocrx_word' id='word_1_360' title='bbox 341 2082 370 2110; x_wconf 85' lang='lat'>4.</span> <span class='ocrx_word' id='word_1_361' title='bbox 390 2071 434 2103; x_wconf 93' lang='lat' dir='ltr'>D.</span> <span class='ocrx_word' id='word_1_362' title='bbox 452 2071 485 2102; x_wconf 85' lang='lat' dir='ltr'>de</span> <span class='ocrx_word' id='word_1_363' title='bbox 507 2068 666 2110; x_wconf 77' lang='lat' dir='ltr'>usufructu</span> <span class='ocrx_word' id='word_1_364' title='bbox 682 2091 691 2107; x_wconf 90' lang='lat'>,</span> <span class='ocrx_word' id='word_1_365' title='bbox 728 2064 945 2109; x_wconf 74' lang='lat' dir='ltr'>Ususfrucius,</span> 
     </span>
     <span class='ocr_line' id='line_1_49' title="bbox 69 2106 946 2160; baseline -0.015 -9"><span class='ocrx_word' id='word_1_366' title='bbox 69 2118 194 2160; x_wconf 86' lang='lat' dir='ltr'>inquit,</span> <span class='ocrx_word' id='word_1_367' title='bbox 218 2119 250 2148; x_wconf 86' lang='lat' dir='ltr'>in</span> <span class='ocrx_word' id='word_1_368' title='bbox 272 2115 372 2146; x_wconf 83' lang='lat' dir='ltr'>multis</span> <span class='ocrx_word' id='word_1_369' title='bbox 395 2112 505 2151; x_wconf 84' lang='lat' dir='ltr'>cafibus</span> <span class='ocrx_word' id='word_1_370' title='bbox 525 2119 596 2153; x_wconf 84' lang='lat' dir='ltr'>pars</span> <span class='ocrx_word' id='word_1_371' title='bbox 619 2111 738 2142; x_wconf 75' lang='lat' dir='ltr'>dominii</span> <span class='ocrx_word' id='word_1_372' title='bbox 761 2106 817 2149; x_wconf 83' lang='lat' dir='ltr'>est:</span> <span class='ocrx_word' id='word_1_373' title='bbox 845 2107 881 2143; x_wconf 60' lang='grc' dir='ltr'>ὅ)</span> <span class='ocrx_word' id='word_1_374' title='bbox 899 2112 946 2139; x_wconf 69' lang='lat' dir='ltr'>exi·</span> 
     </span>
     <span class='ocr_line' id='line_1_50' title="bbox 71 2148 943 2201; baseline -0.013 -9"><span class='ocrx_word' id='word_1_375' title='bbox 71 2167 134 2197; x_wconf 86' lang='lat' dir='ltr'>tat,</span> <span class='ocrx_word' id='word_1_376' title='bbox 151 2160 226 2201; x_wconf 79' lang='lat' dir='ltr'>quod</span> <span class='ocrx_word' id='word_1_377' title='bbox 242 2158 289 2188; x_wconf 86' lang='lat' dir='ltr'>vel</span> <span class='ocrx_word' id='word_1_378' title='bbox 301 2160 422 2198; x_wconf 71' lang='lat' dir='ltr'>praesens</span> <span class='ocrx_word' id='word_1_379' title='bbox 437 2155 483 2185; x_wconf 88' lang='lat' dir='ltr'>vel</span> <span class='ocrx_word' id='word_1_380' title='bbox 502 2155 533 2185; x_wconf 82' lang='lat' dir='ltr'>in</span> <span class='ocrx_word' id='word_1_381' title='bbox 551 2155 622 2184; x_wconf 78' lang='lat' dir='ltr'>diem</span> <span class='ocrx_word' id='word_1_382' title='bbox 641 2152 707 2183; x_wconf 82' lang='lat' dir='ltr'>dari</span> <span class='ocrx_word' id='word_1_383' title='bbox 721 2149 820 2192; x_wconf 75' lang='lat' dir='ltr'>potest.</span> <span class='ocrx_word' id='word_1_384' title='bbox 866 2148 943 2181; x_wconf 92' lang='lat' dir='ltr'>Non</span> 
     </span>
     <span class='ocr_line' id='line_1_51' title="bbox 73 2191 945 2235; baseline -0.014 -2"><span class='ocrx_word' id='word_1_385' title='bbox 73 2211 179 2234; x_wconf 84' lang='lat' dir='ltr'>tamen</span> <span class='ocrx_word' id='word_1_386' title='bbox 197 2200 302 2231; x_wconf 84' lang='lat' dir='ltr'>voluit</span> <span class='ocrx_word' id='word_1_387' title='bbox 321 2198 434 2230; x_wconf 85' lang='lat' dir='ltr'>Paulus</span> <span class='ocrx_word' id='word_1_388' title='bbox 446 2219 454 2235; x_wconf 87' lang='lat'><em>‚</em></span> <span class='ocrx_word' id='word_1_389' title='bbox 471 2193 719 2231; x_wconf 74' lang='lat' dir='ltr'>usumfructum,</span> <span class='ocrx_word' id='word_1_390' title='bbox 735 2191 756 2223; x_wconf 83' lang='lat' dir='ltr'>si</span> <span class='ocrx_word' id='word_1_391' title='bbox 773 2195 854 2223; x_wconf 88' lang='lat' dir='ltr'>intra</span> <span class='ocrx_word' id='word_1_392' title='bbox 870 2191 945 2222; x_wconf 89' lang='lat' dir='ltr'>artis</span> 
     </span>
     <span class='ocr_line' id='line_1_52' title="bbox 72 2234 945 2275; baseline -0.013 -1"><span class='ocrx_word' id='word_1_393' title='bbox 72 2243 294 2275; x_wconf 80' lang='lat' dir='ltr'>auctoritatem</span> <span class='ocrx_word' id='word_1_394' title='bbox 318 2238 512 2270; x_wconf 80' lang='lat' dir='ltr'>subsistamus</span> <span class='ocrx_word' id='word_1_395' title='bbox 531 2260 539 2274; x_wconf 88' lang='lat'><strong>‚</strong></span> <span class='ocrx_word' id='word_1_396' title='bbox 566 2235 628 2267; x_wconf 82' lang='lat' dir='ltr'>effe</span> <span class='ocrx_word' id='word_1_397' title='bbox 652 2234 786 2266; x_wconf 87' lang='lat' dir='ltr'>dominii</span> <span class='ocrx_word' id='word_1_398' title='bbox 812 2241 945 2274; x_wconf 85' lang='lat' dir='ltr'>partem.</span> 
     </span>
     <span class='ocr_line' id='line_1_53' title="bbox 73 2274 945 2322; baseline -0.014 -6"><span class='ocrx_word' id='word_1_399' title='bbox 73 2293 186 2316; x_wconf 87' lang='lat' dir='ltr'>contra</span> <span class='ocrx_word' id='word_1_400' title='bbox 201 2280 373 2322; x_wconf 81' lang='lat' dir='ltr'>fignificat,</span> <span class='ocrx_word' id='word_1_401' title='bbox 388 2278 632 2315; x_wconf 87' lang='lat' dir='ltr'>usumfructum,</span> <span class='ocrx_word' id='word_1_402' title='bbox 649 2286 722 2308; x_wconf 88' lang='lat' dir='ltr'>cum</span> <span class='ocrx_word' id='word_1_403' title='bbox 740 2275 772 2306; x_wconf 91' lang='lat' dir='ltr'>in</span> <span class='ocrx_word' id='word_1_404' title='bbox 783 2283 849 2306; x_wconf 85' lang='lat' dir='ltr'>arte</span> <span class='ocrx_word' id='word_1_405' title='bbox 864 2274 945 2314; x_wconf 87' lang='lat' dir='ltr'>Juris</span> 
     </span>
     <span class='ocr_line' id='line_1_54' title="bbox 72 2315 946 2361; baseline -0.013 -4"><span class='ocrx_word' id='word_1_406' title='bbox 72 2335 138 2358; x_wconf 81' lang='lat' dir='ltr'>non</span> <span class='ocrx_word' id='word_1_407' title='bbox 159 2324 195 2356; x_wconf 85' lang='lat' dir='ltr'>fit</span> <span class='ocrx_word' id='word_1_408' title='bbox 221 2322 353 2355; x_wconf 88' lang='lat' dir='ltr'>dominii</span> <span class='ocrx_word' id='word_1_409' title='bbox 377 2330 467 2361; x_wconf 81' lang='lat' dir='ltr'>pars3</span> <span class='ocrx_word' id='word_1_410' title='bbox 489 2319 696 2352; x_wconf 86' lang='lat' dir='ltr'>nihilominus</span> <span class='ocrx_word' id='word_1_411' title='bbox 721 2317 829 2357; x_wconf 87' lang='lat' dir='ltr'>(quod</span> <span class='ocrx_word' id='word_1_412' title='bbox 847 2325 888 2347; x_wconf 83' lang='lat' dir='ltr'>ex</span> <span class='ocrx_word' id='word_1_413' title='bbox 904 2315 946 2346; x_wconf 90' lang='lat' dir='ltr'>se-</span> 
     </span>
     <span class='ocr_line' id='line_1_55' title="bbox 73 2356 945 2408; baseline -0.013 -9"><span class='ocrx_word' id='word_1_414' title='bbox 73 2366 244 2408; x_wconf 85' lang='lat' dir='ltr'>quentibus</span> <span class='ocrx_word' id='word_1_415' title='bbox 267 2363 424 2404; x_wconf 86' lang='lat' dir='ltr'>liquebit)</span> <span class='ocrx_word' id='word_1_416' title='bbox 449 2361 620 2401; x_wconf 85' lang='lat' dir='ltr'>aliquando</span> <span class='ocrx_word' id='word_1_417' title='bbox 644 2360 791 2391; x_wconf 85' lang='lat' dir='ltr'>dominio</span> <span class='ocrx_word' id='word_1_418' title='bbox 814 2356 945 2389; x_wconf 75' lang='lat' dir='ltr'>similem</span> 
     </span>
     <span class='ocr_line' id='line_1_56' title="bbox 73 2399 945 2441; baseline -0.014 0"><span class='ocrx_word' id='word_1_419' title='bbox 73 2409 124 2441; x_wconf 85' lang='lat' dir='ltr'>vel</span> <span class='ocrx_word' id='word_1_420' title='bbox 142 2406 276 2440; x_wconf 88' lang='lat' dir='ltr'>dominii</span> <span class='ocrx_word' id='word_1_421' title='bbox 296 2406 371 2436; x_wconf 92' lang='lat' dir='ltr'>loco</span> <span class='ocrx_word' id='word_1_422' title='bbox 390 2403 516 2435; x_wconf 86' lang='lat' dir='ltr'>baberi:</span> <span class='ocrx_word' id='word_1_423' title='bbox 541 2403 708 2433; x_wconf 84' lang='lat' dir='ltr'>locutione</span> <span class='ocrx_word' id='word_1_424' title='bbox 726 2409 790 2430; x_wconf 89' lang='lat' dir='ltr'>non</span> <span class='ocrx_word' id='word_1_425' title='bbox 810 2399 945 2430; x_wconf 85' lang='lat' dir='ltr'>diffimili</span> 
     </span>
     <span class='ocr_line' id='line_1_57' title="bbox 74 2441 945 2489; baseline -0.015 -7"><span class='ocrx_word' id='word_1_426' title='bbox 74 2450 150 2482; x_wconf 89' lang='lat' dir='ltr'>huic</span> <span class='ocrx_word' id='word_1_427' title='bbox 163 2448 284 2489; x_wconf 71' lang='lat' dir='ltr'>Virgilii</span> <span class='ocrx_word' id='word_1_428' title='bbox 299 2447 386 2486; x_wconf 83' lang='lat' dir='ltr'>lib.7.</span> <span class='ocrx_word' id='word_1_429' title='bbox 405 2445 528 2477; x_wconf 84' lang='lat' dir='ltr'>Aeneid.</span> <span class='ocrx_word' id='word_1_430' title='bbox 547 2444 619 2479; x_wconf 81' lang='lat' dir='ltr'>vers</span> <span class='ocrx_word' id='word_1_431' title='bbox 630 2446 696 2474; x_wconf 44' lang='lat'>266.</span> <span class='ocrx_word' id='word_1_432' title='bbox 718 2441 832 2481; x_wconf 78' lang='lat' dir='ltr'>(quam</span> <span class='ocrx_word' id='word_1_433' title='bbox 851 2441 945 2480; x_wconf 83' lang='lat' dir='ltr'>Vige-</span> 
     </span>
     <span class='ocr_line' id='line_1_58' title="bbox 73 2482 944 2528; baseline -0.014 -4"><span class='ocrx_word' id='word_1_434' title='bbox 73 2499 125 2524; x_wconf 84' lang='lat' dir='ltr'>rus</span> <span class='ocrx_word' id='word_1_435' title='bbox 149 2492 293 2527; x_wconf 86' lang='lat' dir='ltr'>notavit,</span> <span class='ocrx_word' id='word_1_436' title='bbox 319 2488 365 2518; x_wconf 85' lang='lat' dir='ltr'>De</span> <span class='ocrx_word' id='word_1_437' title='bbox 381 2487 534 2528; x_wconf 65' lang='lat' dir='ltr'>praecipuis</span> <span class='ocrx_word' id='word_1_438' title='bbox 558 2485 664 2517; x_wconf 81' lang='lat' dir='ltr'>Graecae</span> <span class='ocrx_word' id='word_1_439' title='bbox 687 2482 820 2514; x_wconf 71' lang='lat' dir='ltr'>dictionis</span> <span class='ocrx_word' id='word_1_440' title='bbox 837 2482 944 2513; x_wconf 73' lang='lat' dir='ltr'>idiotis·</span> 
     </span>
     <span class='ocr_line' id='line_1_59' title="bbox 71 2529 424 2573; baseline -0.017 -8"><span class='ocrx_word' id='word_1_441' title='bbox 71 2534 143 2570; x_wconf 66' lang='lat' dir='ltr'>inis,</span> <span class='ocrx_word' id='word_1_442' title='bbox 167 2539 227 2573; x_wconf 86' lang='lat' dir='ltr'>cap.</span> <span class='ocrx_word' id='word_1_443' title='bbox 247 2541 266 2571; x_wconf 81' lang='lat'><strong>3</strong></span> <span class='ocrx_word' id='word_1_444' title='bbox 293 2529 357 2566; x_wconf 65' lang='lat' dir='ltr'>lect.</span> <span class='ocrx_word' id='word_1_445' title='bbox 374 2530 424 2569; x_wconf 82' lang='lat'>7.)</span> 
     </span>
    </p>

    <p class='ocr_par' dir='ltr' id='par_1_4' title="bbox 117 2565 851 2610">
     <span class='ocr_line' id='line_1_60' title="bbox 117 2565 851 2610; baseline -0.012 -5"><span class='ocrx_word' id='word_1_446' title='bbox 117 2575 191 2606; x_wconf 84' lang='lat' dir='ltr'>Pars</span> <span class='ocrx_word' id='word_1_447' title='bbox 207 2573 277 2604; x_wconf 82' lang='lat' dir='ltr'>mibi</span> <span class='ocrx_word' id='word_1_448' title='bbox 285 2572 363 2610; x_wconf 73' lang='lat' dir='ltr'>pacis</span> <span class='ocrx_word' id='word_1_449' title='bbox 379 2572 431 2601; x_wconf 83' lang='lat' dir='ltr'>erit</span> <span class='ocrx_word' id='word_1_450' title='bbox 441 2571 574 2601; x_wconf 75' lang='lat' dir='ltr'>dextram</span> <span class='ocrx_word' id='word_1_451' title='bbox 589 2566 709 2608; x_wconf 79' lang='lat' dir='ltr'>tetigiffe</span> <span class='ocrx_word' id='word_1_452' title='bbox 719 2565 851 2608; x_wconf 64' lang='lat' dir='ltr'>tyranni.</span> 
     </span>
    </p>

    <p class='ocr_par' dir='ltr' id='par_1_5' title="bbox 73 2603 950 3232">
     <span class='ocr_line' id='line_1_61' title="bbox 73 2603 947 2656; baseline -0.013 -10"><span class='ocrx_word' id='word_1_453' title='bbox 73 2616 153 2647; x_wconf 86' lang='lat' dir='ltr'>Vult</span> <span class='ocrx_word' id='word_1_454' title='bbox 168 2615 264 2656; x_wconf 82' lang='lat' dir='ltr'>igitur</span> <span class='ocrx_word' id='word_1_455' title='bbox 276 2612 404 2650; x_wconf 77' lang='lat' dir='ltr'>Paulus,</span> <span class='ocrx_word' id='word_1_456' title='bbox 422 2610 650 2643; x_wconf 78' lang='lat' dir='ltr'>usumfructum</span> <span class='ocrx_word' id='word_1_457' title='bbox 668 2607 730 2639; x_wconf 89' lang='lat' dir='ltr'>esse</span> <span class='ocrx_word' id='word_1_458' title='bbox 749 2605 893 2638; x_wconf 87' lang='lat' dir='ltr'>dominio</span> <span class='ocrx_word' id='word_1_459' title='bbox 913 2603 947 2636; x_wconf 85' lang='lat' dir='ltr'>fi-</span> 
     </span>
     <span class='ocr_line' id='line_1_62' title="bbox 73 2645 948 2692; baseline -0.013 -4"><span class='ocrx_word' id='word_1_460' title='bbox 73 2657 181 2689; x_wconf 85' lang='lat' dir='ltr'>milem</span> <span class='ocrx_word' id='word_1_461' title='bbox 193 2654 264 2692; x_wconf 78' lang='lat' dir='ltr'>,vel</span> <span class='ocrx_word' id='word_1_462' title='bbox 282 2652 414 2686; x_wconf 86' lang='lat' dir='ltr'>domimi</span> <span class='ocrx_word' id='word_1_463' title='bbox 429 2654 523 2685; x_wconf 91' lang='lat' dir='ltr'>loco:</span> <span class='ocrx_word' id='word_1_464' title='bbox 544 2661 608 2683; x_wconf 87' lang='lat' dir='ltr'>non</span> <span class='ocrx_word' id='word_1_465' title='bbox 626 2654 731 2682; x_wconf 87' lang='lat' dir='ltr'>tamen</span> <span class='ocrx_word' id='word_1_466' title='bbox 748 2645 948 2687; x_wconf 86' lang='lat' dir='ltr'>ubique,sed</span> 
     </span>
     <span class='ocr_line' id='line_1_63' title="bbox 75 2688 948 2734; baseline -0.013 -5"><span class='ocrx_word' id='word_1_467' title='bbox 75 2699 108 2729; x_wconf 87' lang='lat' dir='ltr'>in</span> <span class='ocrx_word' id='word_1_468' title='bbox 125 2696 233 2728; x_wconf 88' lang='lat' dir='ltr'>multis</span> <span class='ocrx_word' id='word_1_469' title='bbox 249 2694 378 2727; x_wconf 88' lang='lat' dir='ltr'>casibus.</span> <span class='ocrx_word' id='word_1_470' title='bbox 403 2694 543 2734; x_wconf 73' lang='lat' dir='ltr'>quibus?</span> <span class='ocrx_word' id='word_1_471' title='bbox 562 2702 627 2724; x_wconf 90' lang='lat' dir='ltr'>non</span> <span class='ocrx_word' id='word_1_472' title='bbox 644 2691 732 2723; x_wconf 81' lang='lat' dir='ltr'>addit</span> <span class='ocrx_word' id='word_1_473' title='bbox 748 2689 877 2722; x_wconf 87' lang='lat' dir='ltr'>Paulus:</span> <span class='ocrx_word' id='word_1_474' title='bbox 896 2688 948 2719; x_wconf 87' lang='lat' dir='ltr'>sed</span> 
     </span>
     <span class='ocr_line' id='line_1_64' title="bbox 73 2731 947 2780; baseline -0.011 -11"><span class='ocrx_word' id='word_1_475' title='bbox 73 2745 155 2780; x_wconf 89' lang='lat' dir='ltr'>puto</span> <span class='ocrx_word' id='word_1_476' title='bbox 171 2738 200 2768; x_wconf 93' lang='lat' dir='ltr'>in</span> <span class='ocrx_word' id='word_1_477' title='bbox 219 2737 349 2777; x_wconf 87' lang='lat' dir='ltr'>legatis,</span> <span class='ocrx_word' id='word_1_478' title='bbox 364 2736 506 2775; x_wconf 84' lang='lat' dir='ltr'>itemque</span> <span class='ocrx_word' id='word_1_479' title='bbox 521 2737 551 2766; x_wconf 88' lang='lat' dir='ltr'>in</span> <span class='ocrx_word' id='word_1_480' title='bbox 570 2732 825 2775; x_wconf 86' lang='lat' dir='ltr'>stipulationibus</span> <span class='ocrx_word' id='word_1_481' title='bbox 844 2731 871 2761; x_wconf 70' lang='grc' dir='ltr'>ὃ(</span> <span class='ocrx_word' id='word_1_482' title='bbox 888 2739 947 2760; x_wconf 87' lang='lat' dir='ltr'>cae-</span> 
     </span>
     <span class='ocr_line' id='line_1_65' title="bbox 76 2771 947 2816; baseline -0.013 -4"><span class='ocrx_word' id='word_1_483' title='bbox 76 2779 153 2812; x_wconf 92' lang='lat' dir='ltr'>teris</span> <span class='ocrx_word' id='word_1_484' title='bbox 177 2777 409 2809; x_wconf 86' lang='lat' dir='ltr'>contractibus:</span> <span class='ocrx_word' id='word_1_485' title='bbox 436 2778 466 2808; x_wconf 94' lang='lat' dir='ltr'>in</span> <span class='ocrx_word' id='word_1_486' title='bbox 489 2776 604 2816; x_wconf 88' lang='lat' dir='ltr'>quibus</span> <span class='ocrx_word' id='word_1_487' title='bbox 627 2775 725 2815; x_wconf 88' lang='lat' dir='ltr'>magis</span> <span class='ocrx_word' id='word_1_488' title='bbox 744 2771 947 2812; x_wconf 79' lang='lat' dir='ltr'>loquentium</span> 
     </span>
     <span class='ocr_line' id='line_1_66' title="bbox 75 2813 944 2858; baseline -0.01 -7"><span class='ocrx_word' id='word_1_489' title='bbox 75 2821 225 2853; x_wconf 85' lang='lat' dir='ltr'>voluntas</span> <span class='ocrx_word' id='word_1_490' title='bbox 251 2818 425 2858; x_wconf 86' lang='lat' dir='ltr'>spectatur,</span> <span class='ocrx_word' id='word_1_491' title='bbox 455 2826 548 2857; x_wconf 85' lang='lat' dir='ltr'>quarn</span> <span class='ocrx_word' id='word_1_492' title='bbox 563 2816 643 2856; x_wconf 88' lang='lat' dir='ltr'>Juris</span> <span class='ocrx_word' id='word_1_493' title='bbox 660 2815 813 2847; x_wconf 78' lang='lat' dir='ltr'>iubtilitas</span> <span class='ocrx_word' id='word_1_494' title='bbox 837 2813 944 2852; x_wconf 89' lang='lat' dir='ltr'>pleris-</span> 
     </span>
     <span class='ocr_line' id='line_1_67' title="bbox 77 2854 946 2904; baseline -0.013 -9"><span class='ocrx_word' id='word_1_495' title='bbox 77 2872 141 2904; x_wconf 82' lang='lat' dir='ltr'>que</span> <span class='ocrx_word' id='word_1_496' title='bbox 156 2860 330 2901; x_wconf 87' lang='lat' dir='ltr'>incognita.</span> <span class='ocrx_word' id='word_1_497' title='bbox 357 2859 404 2890; x_wconf 78' lang='lat' dir='ltr'>Sit</span> <span class='ocrx_word' id='word_1_498' title='bbox 420 2860 450 2890; x_wconf 90' lang='lat' dir='ltr'>in</span> <span class='ocrx_word' id='word_1_499' title='bbox 468 2860 573 2898; x_wconf 83' lang='lat' dir='ltr'>legato</span> <span class='ocrx_word' id='word_1_500' title='bbox 590 2857 774 2896; x_wconf 86' lang='lat' dir='ltr'>exemplum</span> <span class='ocrx_word' id='word_1_501' title='bbox 791 2855 874 2895; x_wconf 86' lang='lat' dir='ltr'>apud</span> <span class='ocrx_word' id='word_1_502' title='bbox 894 2854 946 2885; x_wconf 87' lang='lat' dir='ltr'>Pa·</span> 
     </span>
     <span class='ocr_line' id='line_1_68' title="bbox 77 2894 947 2947; baseline -0.013 -12"><span class='ocrx_word' id='word_1_503' title='bbox 77 2904 253 2947; x_wconf 85' lang='lat' dir='ltr'>pinianum.</span> <span class='ocrx_word' id='word_1_504' title='bbox 271 2901 288 2931; x_wconf 85' lang='lat' dir='ltr'>l.</span> <span class='ocrx_word' id='word_1_505' title='bbox 308 2903 346 2941; x_wconf 82' lang='lat'>76</span> <span class='ocrx_word' id='word_1_506' title='bbox 375 2900 402 2941; x_wconf 84' lang='lat'>§.</span> <span class='ocrx_word' id='word_1_507' title='bbox 424 2910 452 2930; x_wconf 80' lang='lat'>2.</span> <span class='ocrx_word' id='word_1_508' title='bbox 476 2899 515 2930; x_wconf 87' lang='lat' dir='ltr'>D.</span> <span class='ocrx_word' id='word_1_509' title='bbox 543 2900 575 2929; x_wconf 74' lang='lat' dir='ltr'>de</span> <span class='ocrx_word' id='word_1_510' title='bbox 600 2899 700 2939; x_wconf 80' lang='lat' dir='ltr'>legatis</span> <span class='ocrx_word' id='word_1_511' title='bbox 717 2897 763 2928; x_wconf 86' lang='lat' dir='ltr'>lib.</span> <span class='ocrx_word' id='word_1_512' title='bbox 784 2907 812 2928; x_wconf 69' lang='grc' dir='ltr'>ε.</span> <span class='ocrx_word' id='word_1_513' title='bbox 840 2894 947 2926; x_wconf 87' lang='lat' dir='ltr'>Verba</span> 
     </span>
     <span class='ocr_line' id='line_1_69' title="bbox 77 2937 946 2986; baseline -0.012 -10"><span class='ocrx_word' id='word_1_514' title='bbox 77 2944 250 2986; x_wconf 83' lang='lat' dir='ltr'>Papiniani.</span> <span class='ocrx_word' id='word_1_515' title='bbox 279 2941 420 2972; x_wconf 80' lang='lat' dir='ltr'>Dominus</span> <span class='ocrx_word' id='word_1_516' title='bbox 440 2941 535 2970; x_wconf 73' lang='lat' dir='ltr'>herede</span> <span class='ocrx_word' id='word_1_517' title='bbox 546 2939 713 2978; x_wconf 69' lang='lat' dir='ltr'>fructuario</span> <span class='ocrx_word' id='word_1_518' title='bbox 722 2938 852 2978; x_wconf 69' lang='lat' dir='ltr'>stripto‚</span> <span class='ocrx_word' id='word_1_519' title='bbox 869 2937 946 2976; x_wconf 83' lang='lat' dir='ltr'>fun-</span> 
     </span>
     <span class='ocr_line' id='line_1_70' title="bbox 78 2981 948 3026; baseline -0.016 -6"><span class='ocrx_word' id='word_1_520' title='bbox 78 2991 147 3021; x_wconf 80' lang='lat' dir='ltr'>dum</span> <span class='ocrx_word' id='word_1_521' title='bbox 156 2987 212 3026; x_wconf 73' lang='lat' dir='ltr'>fub</span> <span class='ocrx_word' id='word_1_522' title='bbox 228 2984 385 3015; x_wconf 70' lang='lat' dir='ltr'>conditione</span> <span class='ocrx_word' id='word_1_523' title='bbox 409 2982 536 3022; x_wconf 79' lang='lat' dir='ltr'>legavit:</span> <span class='ocrx_word' id='word_1_524' title='bbox 559 2981 720 3011; x_wconf 81' lang='lat' dir='ltr'>voluntatis</span> <span class='ocrx_word' id='word_1_525' title='bbox 735 2981 809 3009; x_wconf 77' lang='lat' dir='ltr'>ratio</span> <span class='ocrx_word' id='word_1_526' title='bbox 825 2988 881 3008; x_wconf 86' lang='lat' dir='ltr'>non</span> <span class='ocrx_word' id='word_1_527' title='bbox 898 2984 948 3016; x_wconf 83' lang='lat' dir='ltr'>pa-</span> 
     </span>
     <span class='ocr_line' id='line_1_71' title="bbox 79 3020 950 3067; baseline -0.013 -8"><span class='ocrx_word' id='word_1_528' title='bbox 79 3032 174 3067; x_wconf 81' lang='lat' dir='ltr'>titur,</span> <span class='ocrx_word' id='word_1_529' title='bbox 197 3033 230 3057; x_wconf 80' lang='lat' dir='ltr'>ut</span> <span class='ocrx_word' id='word_1_530' title='bbox 245 3028 332 3056; x_wconf 71' lang='lat' dir='ltr'>&#39;heres</span> <span class='ocrx_word' id='word_1_531' title='bbox 356 3034 391 3054; x_wconf 80' lang='lat' dir='ltr'>ex</span> <span class='ocrx_word' id='word_1_532' title='bbox 413 3026 497 3058; x_wconf 79' lang='lat' dir='ltr'>caula</span> <span class='ocrx_word' id='word_1_533' title='bbox 508 3021 630 3063; x_wconf 67' lang='lat' dir='ltr'>fructus</span> <span class='ocrx_word' id='word_1_534' title='bbox 649 3020 866 3052; x_wconf 79' lang='lat' dir='ltr'>emolumentum</span> <span class='ocrx_word' id='word_1_535' title='bbox 883 3021 950 3049; x_wconf 87' lang='lat' dir='ltr'>reti·</span> 
     </span>
     <span class='ocr_line' id='line_1_72' title="bbox 81 3060 947 3103; baseline -0.015 -1"><span class='ocrx_word' id='word_1_536' title='bbox 81 3077 157 3102; x_wconf 80' lang='lat' dir='ltr'>neat.</span> <span class='ocrx_word' id='word_1_537' title='bbox 194 3071 339 3099; x_wconf 62' lang='lat' dir='ltr'>diversum</span> <span class='ocrx_word' id='word_1_538' title='bbox 363 3067 394 3095; x_wconf 82' lang='lat' dir='ltr'>in</span> <span class='ocrx_word' id='word_1_539' title='bbox 416 3065 522 3095; x_wconf 79' lang='lat' dir='ltr'>caeteris</span> <span class='ocrx_word' id='word_1_540' title='bbox 540 3064 710 3103; x_wconf 80' lang='lat' dir='ltr'>praedz‘orum</span> <span class='ocrx_word' id='word_1_541' title='bbox 734 3060 947 3100; x_wconf 75' lang='lat' dir='ltr'>servitutibus,</span> 
     </span>
     <span class='ocr_line' id='line_1_73' title="bbox 82 3100 949 3154; baseline -0.015 -11"><span class='ocrx_word' id='word_1_542' title='bbox 82 3123 152 3154; x_wconf 82' lang='lat' dir='ltr'>quas</span> <span class='ocrx_word' id='word_1_543' title='bbox 175 3111 250 3141; x_wconf 65' lang='lat' dir='ltr'>heres</span> <span class='ocrx_word' id='word_1_544' title='bbox 277 3108 394 3144; x_wconf 77' lang='lat' dir='ltr'>babuit,</span> <span class='ocrx_word' id='word_1_545' title='bbox 418 3112 578 3146; x_wconf 72' lang='lat' dir='ltr'>reponsum</span> <span class='ocrx_word' id='word_1_546' title='bbox 601 3102 657 3145; x_wconf 77' lang='lat' dir='ltr'>eft.-</span> <span class='ocrx_word' id='word_1_547' title='bbox 680 3104 814 3144; x_wconf 80' lang='lat' dir='ltr'>quoniam</span> <span class='ocrx_word' id='word_1_548' title='bbox 824 3100 949 3139; x_wconf 74' lang='lat' dir='ltr'>fructus</span> 
     </span>
     <span class='ocr_line' id='line_1_74' title="bbox 75 3142 948 3194; baseline -0.011 -11"><span class='ocrx_word' id='word_1_549' title='bbox 75 3153 214 3194; x_wconf 80' lang='lat' dir='ltr'>portionis</span> <span class='ocrx_word' id='word_1_550' title='bbox 229 3148 322 3192; x_wconf 75' lang='lat' dir='ltr'>instar</span> <span class='ocrx_word' id='word_1_551' title='bbox 336 3150 452 3179; x_wconf 75' lang='lat' dir='ltr'>obtinet.</span> <span class='ocrx_word' id='word_1_552' title='bbox 478 3145 615 3187; x_wconf 81' lang='lat' dir='ltr'>Legatos</span> <span class='ocrx_word' id='word_1_553' title='bbox 627 3144 671 3175; x_wconf 83' lang='lat' dir='ltr'>est</span> <span class='ocrx_word' id='word_1_554' title='bbox 686 3154 703 3175; x_wconf 89' lang='lat' dir='ltr'>a</span> <span class='ocrx_word' id='word_1_555' title='bbox 719 3142 869 3174; x_wconf 86' lang='lat' dir='ltr'>testatore</span> <span class='ocrx_word' id='word_1_556' title='bbox 879 3142 948 3174; x_wconf 84' lang='lat' dir='ltr'>fun-</span> 
     </span>
     <span class='ocr_line' id='line_1_75' title="bbox 82 3184 947 3232; baseline -0.013 -5"><span class='ocrx_word' id='word_1_557' title='bbox 82 3196 140 3227; x_wconf 87' lang='lat' dir='ltr'>dus</span> <span class='ocrx_word' id='word_1_558' title='bbox 162 3194 248 3232; x_wconf 82' lang='lat' dir='ltr'>cujus</span> <span class='ocrx_word' id='word_1_559' title='bbox 277 3189 468 3225; x_wconf 82' lang='lat' dir='ltr'>ususfructus</span> <span class='ocrx_word' id='word_1_560' title='bbox 497 3195 564 3220; x_wconf 76' lang='lat' dir='ltr'>erat</span> <span class='ocrx_word' id='word_1_561' title='bbox 586 3187 669 3228; x_wconf 84' lang='lat' dir='ltr'>apud</span> <span class='ocrx_word' id='word_1_562' title='bbox 699 3185 853 3218; x_wconf 85' lang='lat' dir='ltr'>heredem</span> <span class='ocrx_word' id='word_1_563' title='bbox 877 3184 947 3217; x_wconf 86' lang='lat' dir='ltr'>scri-</span> 
     </span>
    </p>
   </div>
   <div class='ocr_carea' id='block_1_3' title="bbox 1767 68 1854 107">
    <p class='ocr_par' dir='ltr' id='par_1_6' title="bbox 1767 68 1854 107">
     <span class='ocr_line' id='line_1_76' title="bbox 1767 68 1854 107; baseline -0.023 0"><span class='ocrx_word' id='word_1_564' title='bbox 1767 68 1854 107; x_wconf 76' lang='lat'>‘325</span> 
     </span>
    </p>
   </div>
   <div class='ocr_carea' id='block_1_4' title="bbox 974 145 1868 3265">
    <p class='ocr_par' dir='ltr' id='par_1_7' title="bbox 974 145 1868 3253">
     <span class='ocr_line' id='line_1_77' title="bbox 974 145 1854 198; baseline -0.008 -10"><span class='ocrx_word' id='word_1_565' title='bbox 974 164 1077 198; x_wconf 88' lang='lat' dir='ltr'>ptum.</span> <span class='ocrx_word' id='word_1_566' title='bbox 1108 155 1279 196; x_wconf 82' lang='lat' dir='ltr'>quaeritur,</span> <span class='ocrx_word' id='word_1_567' title='bbox 1303 161 1408 185; x_wconf 87' lang='lat' dir='ltr'>utrum</span> <span class='ocrx_word' id='word_1_568' title='bbox 1424 150 1579 192; x_wconf 84' lang='lat' dir='ltr'>legatario</span> <span class='ocrx_word' id='word_1_569' title='bbox 1598 147 1755 183; x_wconf 85' lang='lat' dir='ltr'>debeatur</span> <span class='ocrx_word' id='word_1_570' title='bbox 1770 145 1854 182; x_wconf 80' lang='lat' dir='ltr'>nuda</span> 
     </span>
     <span class='ocr_line' id='line_1_78' title="bbox 975 193 1854 238; baseline -0.009 -8"><span class='ocrx_word' id='word_1_571' title='bbox 975 198 1066 230; x_wconf 87' lang='lat' dir='ltr'>fundi</span> <span class='ocrx_word' id='word_1_572' title='bbox 1085 198 1283 238; x_wconf 84' lang='lat' dir='ltr'>proprietas3</span> <span class='ocrx_word' id='word_1_573' title='bbox 1298 205 1337 226; x_wconf 88' lang='lat' dir='ltr'>an</span> <span class='ocrx_word' id='word_1_574' title='bbox 1356 193 1479 226; x_wconf 73' lang='lat' dir='ltr'>solida?</span> <span class='ocrx_word' id='word_1_575' title='bbox 1503 202 1576 225; x_wconf 88' lang='lat' dir='ltr'>nam</span> <span class='ocrx_word' id='word_1_576' title='bbox 1592 193 1714 233; x_wconf 83' lang='lat' dir='ltr'>legatus</span> <span class='ocrx_word' id='word_1_577' title='bbox 1733 200 1854 232; x_wconf 88' lang='lat' dir='ltr'>propo-</span> 
     </span>
     <span class='ocr_line' id='line_1_79' title="bbox 977 233 1851 278; baseline -0.009 -6"><span class='ocrx_word' id='word_1_578' title='bbox 977 243 1064 272; x_wconf 85' lang='lat' dir='ltr'>nitur</span> <span class='ocrx_word' id='word_1_579' title='bbox 1090 239 1236 278; x_wconf 88' lang='lat' dir='ltr'>fundus;</span> <span class='ocrx_word' id='word_1_580' title='bbox 1260 237 1422 277; x_wconf 84' lang='lat' dir='ltr'>habetque</span> <span class='ocrx_word' id='word_1_581' title='bbox 1445 235 1582 267; x_wconf 87' lang='lat' dir='ltr'>fundum</span> <span class='ocrx_word' id='word_1_582' title='bbox 1598 257 1607 273; x_wconf 93' lang='lat'><strong><em>‚</em></strong></span> <span class='ocrx_word' id='word_1_583' title='bbox 1638 234 1760 265; x_wconf 86' lang='lat' dir='ltr'>habens</span> <span class='ocrx_word' id='word_1_584' title='bbox 1785 233 1851 274; x_wconf 83' lang='lat' dir='ltr'>ejus</span> 
     </span>
     <span class='ocr_line' id='line_1_80' title="bbox 974 275 1854 323; baseline -0.009 -10"><span class='ocrx_word' id='word_1_585' title='bbox 974 281 1227 323; x_wconf 87' lang='lat' dir='ltr'>proprietatem:</span> <span class='ocrx_word' id='word_1_586' title='bbox 1240 279 1371 310; x_wconf 82' lang='lat' dir='ltr'>etiinon</span> <span class='ocrx_word' id='word_1_587' title='bbox 1383 277 1499 308; x_wconf 87' lang='lat' dir='ltr'>habeat</span> <span class='ocrx_word' id='word_1_588' title='bbox 1518 275 1765 308; x_wconf 85' lang='lat' dir='ltr'>usumfructum:</span> <span class='ocrx_word' id='word_1_589' title='bbox 1779 275 1854 316; x_wconf 86' lang='lat' dir='ltr'>quia</span> 
     </span>
     <span class='ocr_line' id='line_1_81' title="bbox 975 315 1854 360; baseline -0.008 -6"><span class='ocrx_word' id='word_1_590' title='bbox 975 321 1170 355; x_wconf 67' lang='lat' dir='ltr'>ususfructus</span> <span class='ocrx_word' id='word_1_591' title='bbox 1195 322 1226 353; x_wconf 91' lang='lat' dir='ltr'>in</span> <span class='ocrx_word' id='word_1_592' title='bbox 1251 328 1319 352; x_wconf 86' lang='lat' dir='ltr'>arte</span> <span class='ocrx_word' id='word_1_593' title='bbox 1344 319 1424 360; x_wconf 91' lang='lat' dir='ltr'>Juris</span> <span class='ocrx_word' id='word_1_594' title='bbox 1448 327 1513 350; x_wconf 89' lang='lat' dir='ltr'>non</span> <span class='ocrx_word' id='word_1_595' title='bbox 1539 317 1669 358; x_wconf 86' lang='lat' dir='ltr'>estpars</span> <span class='ocrx_word' id='word_1_596' title='bbox 1685 316 1798 355; x_wconf 86' lang='lat' dir='ltr'>fundi,</span> <span class='ocrx_word' id='word_1_597' title='bbox 1821 315 1854 346; x_wconf 90' lang='lat' dir='ltr'>id</span> 
     </span>
     <span class='ocr_line' id='line_1_82' title="bbox 976 357 1854 403; baseline -0.009 -7"><span class='ocrx_word' id='word_1_598' title='bbox 976 364 1039 403; x_wconf 85' lang='lat' dir='ltr'>est,</span> <span class='ocrx_word' id='word_1_599' title='bbox 1065 363 1219 401; x_wconf 83' lang='lat' dir='ltr'>dominii3</span> <span class='ocrx_word' id='word_1_600' title='bbox 1243 361 1295 394; x_wconf 91' lang='lat' dir='ltr'>sed</span> <span class='ocrx_word' id='word_1_601' title='bbox 1312 360 1489 398; x_wconf 87' lang='lat' dir='ltr'>servitutis,</span> <span class='ocrx_word' id='word_1_602' title='bbox 1512 368 1547 391; x_wconf 92' lang='lat' dir='ltr'>ut</span> <span class='ocrx_word' id='word_1_603' title='bbox 1563 360 1624 390; x_wconf 90' lang='lat' dir='ltr'>via.</span> <span class='ocrx_word' id='word_1_604' title='bbox 1655 367 1686 390; x_wconf 88' lang='lat' dir='ltr'>at</span> <span class='ocrx_word' id='word_1_605' title='bbox 1712 357 1854 398; x_wconf 84' lang='lat' dir='ltr'>Papinia-</span> 
     </span>
     <span class='ocr_line' id='line_1_83' title="bbox 976 398 1856 445; baseline -0.008 -8"><span class='ocrx_word' id='word_1_606' title='bbox 976 415 1034 438; x_wconf 88' lang='lat' dir='ltr'>nus</span> <span class='ocrx_word' id='word_1_607' title='bbox 1055 405 1121 436; x_wconf 90' lang='lat' dir='ltr'>abit</span> <span class='ocrx_word' id='word_1_608' title='bbox 1147 414 1163 436; x_wconf 88' lang='lat' dir='ltr'>a</span> <span class='ocrx_word' id='word_1_609' title='bbox 1184 402 1424 445; x_wconf 73' lang='lat' dir='ltr'>scrupulositate</span> <span class='ocrx_word' id='word_1_610' title='bbox 1448 401 1548 433; x_wconf 85' lang='lat' dir='ltr'>artis:</span> <span class='ocrx_word' id='word_1_611' title='bbox 1574 399 1723 441; x_wconf 90' lang='lat' dir='ltr'>sequutus</span> <span class='ocrx_word' id='word_1_612' title='bbox 1740 398 1856 432; x_wconf 81' lang='lat' dir='ltr'>defun·</span> 
     </span>
     <span class='ocr_line' id='line_1_84' title="bbox 975 440 1855 484; baseline -0.009 -5"><span class='ocrx_word' id='word_1_613' title='bbox 975 447 1019 479; x_wconf 79' lang='lat' dir='ltr'>cti</span> <span class='ocrx_word' id='word_1_614' title='bbox 1043 446 1263 484; x_wconf 84' lang='lat' dir='ltr'>voluntatem,</span> <span class='ocrx_word' id='word_1_615' title='bbox 1287 444 1475 476; x_wconf 84' lang='lat' dir='ltr'>auctoritate</span> <span class='ocrx_word' id='word_1_616' title='bbox 1501 442 1687 474; x_wconf 88' lang='lat' dir='ltr'>Duodecim</span> <span class='ocrx_word' id='word_1_617' title='bbox 1715 440 1855 472; x_wconf 87' lang='lat' dir='ltr'>Tabula-</span> 
     </span>
     <span class='ocr_line' id='line_1_85' title="bbox 977 483 1854 526; baseline -0.009 -6"><span class='ocrx_word' id='word_1_618' title='bbox 977 498 1045 521; x_wconf 86' lang='lat' dir='ltr'>rum</span> <span class='ocrx_word' id='word_1_619' title='bbox 1062 488 1092 519; x_wconf 91' lang='lat' dir='ltr'>in</span> <span class='ocrx_word' id='word_1_620' title='bbox 1112 487 1302 519; x_wconf 84' lang='lat' dir='ltr'>testamento</span> <span class='ocrx_word' id='word_1_621' title='bbox 1321 494 1381 526; x_wconf 84' lang='lat' dir='ltr'>pro</span> <span class='ocrx_word' id='word_1_622' title='bbox 1400 484 1471 525; x_wconf 80' lang='lat' dir='ltr'>lege</span> <span class='ocrx_word' id='word_1_623' title='bbox 1490 483 1731 515; x_wconf 82' lang='lat' dir='ltr'>observandam.</span> <span class='ocrx_word' id='word_1_624' title='bbox 1758 483 1787 513; x_wconf 75' lang='grc' dir='ltr'>ἃ</span> <span class='ocrx_word' id='word_1_625' title='bbox 1806 491 1854 513; x_wconf 83' lang='lat' dir='ltr'>re-</span> 
     </span>
     <span class='ocr_line' id='line_1_86' title="bbox 979 525 1854 565; baseline -0.008 -4"><span class='ocrx_word' id='word_1_626' title='bbox 979 531 1048 561; x_wconf 86' lang='lat' dir='ltr'>cte:</span> <span class='ocrx_word' id='word_1_627' title='bbox 1072 538 1143 561; x_wconf 91' lang='lat' dir='ltr'>nam</span> <span class='ocrx_word' id='word_1_628' title='bbox 1170 528 1342 560; x_wconf 85' lang='lat' dir='ltr'>defunctus</span> <span class='ocrx_word' id='word_1_629' title='bbox 1359 550 1370 565; x_wconf 84' lang='lat'>‚</span> <span class='ocrx_word' id='word_1_630' title='bbox 1401 526 1600 558; x_wconf 83' lang='lat' dir='ltr'>exerciturus</span> <span class='ocrx_word' id='word_1_631' title='bbox 1629 525 1854 556; x_wconf 85' lang='lat' dir='ltr'>liberalitatem</span> 
     </span>
     <span class='ocr_line' id='line_1_87' title="bbox 978 565 1854 613; baseline -0.009 -10"><span class='ocrx_word' id='word_1_632' title='bbox 978 581 1052 613; x_wconf 85' lang='lat' dir='ltr'>erga</span> <span class='ocrx_word' id='word_1_633' title='bbox 1074 571 1280 611; x_wconf 85' lang='lat' dir='ltr'>legatarium,</span> <span class='ocrx_word' id='word_1_634' title='bbox 1305 578 1370 600; x_wconf 91' lang='lat' dir='ltr'>non</span> <span class='ocrx_word' id='word_1_635' title='bbox 1395 568 1521 599; x_wconf 87' lang='lat' dir='ltr'>videtur</span> <span class='ocrx_word' id='word_1_636' title='bbox 1546 565 1699 604; x_wconf 82' lang='lat' dir='ltr'>voluiffe,</span> <span class='ocrx_word' id='word_1_637' title='bbox 1723 566 1761 597; x_wconf 91' lang='lat' dir='ltr'>ad</span> <span class='ocrx_word' id='word_1_638' title='bbox 1780 572 1854 596; x_wconf 90' lang='lat' dir='ltr'>eum</span> 
     </span>
     <span class='ocr_line' id='line_1_88' title="bbox 979 607 1854 646; baseline -0.009 -2"><span class='ocrx_word' id='word_1_639' title='bbox 979 613 1086 644; x_wconf 82' lang='lat' dir='ltr'>venire</span> <span class='ocrx_word' id='word_1_640' title='bbox 1104 614 1197 643; x_wconf 88' lang='lat' dir='ltr'>inane</span> <span class='ocrx_word' id='word_1_641' title='bbox 1214 611 1305 643; x_wconf 89' lang='lat' dir='ltr'>fundi</span> <span class='ocrx_word' id='word_1_642' title='bbox 1317 619 1436 641; x_wconf 89' lang='lat' dir='ltr'>nomen</span> <span class='ocrx_word' id='word_1_643' title='bbox 1454 608 1516 640; x_wconf 85' lang='lat' dir='ltr'>fine</span> <span class='ocrx_word' id='word_1_644' title='bbox 1533 607 1669 639; x_wconf 87' lang='lat' dir='ltr'>utilitate</span> <span class='ocrx_word' id='word_1_645' title='bbox 1681 608 1747 646; x_wconf 72' lang='lat' dir='ltr'>eius</span> <span class='ocrx_word' id='word_1_646' title='bbox 1763 614 1854 638; x_wconf 88' lang='lat' dir='ltr'>natu-</span> 
     </span>
     <span class='ocr_line' id='line_1_89' title="bbox 978 648 1854 695; baseline -0.008 -9"><span class='ocrx_word' id='word_1_647' title='bbox 978 654 1044 686; x_wconf 83' lang='lat' dir='ltr'>rali.</span> <span class='ocrx_word' id='word_1_648' title='bbox 1079 654 1169 694; x_wconf 82' lang='lat' dir='ltr'>quod</span> <span class='ocrx_word' id='word_1_649' title='bbox 1187 654 1280 695; x_wconf 89' lang='lat' dir='ltr'>igitur</span> <span class='ocrx_word' id='word_1_650' title='bbox 1303 651 1457 683; x_wconf 87' lang='lat' dir='ltr'>convenit</span> <span class='ocrx_word' id='word_1_651' title='bbox 1476 649 1575 682; x_wconf 85' lang='lat' dir='ltr'>menti</span> <span class='ocrx_word' id='word_1_652' title='bbox 1595 648 1775 685; x_wconf 85' lang='lat' dir='ltr'>testatoris,</span> <span class='ocrx_word' id='word_1_653' title='bbox 1797 656 1854 688; x_wconf 90' lang='lat' dir='ltr'>pu-</span> 
     </span>
     <span class='ocr_line' id='line_1_90' title="bbox 978 689 1855 736; baseline -0.009 -9"><span class='ocrx_word' id='word_1_654' title='bbox 978 703 1025 727; x_wconf 86' lang='lat' dir='ltr'>tat</span> <span class='ocrx_word' id='word_1_655' title='bbox 1049 695 1256 736; x_wconf 82' lang='lat' dir='ltr'>Papinianus,</span> <span class='ocrx_word' id='word_1_656' title='bbox 1280 695 1310 725; x_wconf 92' lang='lat' dir='ltr'>in</span> <span class='ocrx_word' id='word_1_657' title='bbox 1336 693 1401 725; x_wconf 91' lang='lat' dir='ltr'>hoc</span> <span class='ocrx_word' id='word_1_658' title='bbox 1427 691 1562 723; x_wconf 87' lang='lat' dir='ltr'>articulo</span> <span class='ocrx_word' id='word_1_659' title='bbox 1587 690 1720 731; x_wconf 88' lang='lat' dir='ltr'>perinde</span> <span class='ocrx_word' id='word_1_660' title='bbox 1738 689 1855 720; x_wconf 86' lang='lat' dir='ltr'>haben-</span> 
     </span>
     <span class='ocr_line' id='line_1_91' title="bbox 977 731 1856 772; baseline -0.008 -4"><span class='ocrx_word' id='word_1_661' title='bbox 977 739 1053 769; x_wconf 89' lang='lat' dir='ltr'>dum</span> <span class='ocrx_word' id='word_1_662' title='bbox 1078 736 1140 768; x_wconf 78' lang='lat' dir='ltr'>ell&#39;e</span> <span class='ocrx_word' id='word_1_663' title='bbox 1167 735 1412 772; x_wconf 68' lang='lat' dir='ltr'>usumfructum,</span> <span class='ocrx_word' id='word_1_664' title='bbox 1436 742 1472 764; x_wconf 85' lang='lat' dir='ltr'>ac</span> <span class='ocrx_word' id='word_1_665' title='bbox 1495 731 1518 764; x_wconf 90' lang='lat' dir='ltr'>fi</span> <span class='ocrx_word' id='word_1_666' title='bbox 1534 731 1612 763; x_wconf 81' lang='lat' dir='ltr'>effet</span> <span class='ocrx_word' id='word_1_667' title='bbox 1628 731 1765 763; x_wconf 89' lang='lat' dir='ltr'>dominii</span> <span class='ocrx_word' id='word_1_668' title='bbox 1783 739 1856 770; x_wconf 86' lang='lat' dir='ltr'>por-</span> 
     </span>
     <span class='ocr_line' id='line_1_92' title="bbox 978 771 1857 817; baseline -0.008 -8"><span class='ocrx_word' id='word_1_669' title='bbox 978 779 1044 816; x_wconf 84' lang='lat' dir='ltr'>tio,</span> <span class='ocrx_word' id='word_1_670' title='bbox 1068 778 1213 817; x_wconf 87' lang='lat' dir='ltr'>quamvis</span> <span class='ocrx_word' id='word_1_671' title='bbox 1239 778 1312 808; x_wconf 87' lang='lat' dir='ltr'>alias</span> <span class='ocrx_word' id='word_1_672' title='bbox 1338 785 1402 808; x_wconf 89' lang='lat' dir='ltr'>non</span> <span class='ocrx_word' id='word_1_673' title='bbox 1424 774 1479 806; x_wconf 86' lang='lat' dir='ltr'>fit:</span> <span class='ocrx_word' id='word_1_674' title='bbox 1501 783 1604 815; x_wconf 89' lang='lat' dir='ltr'>eaque</span> <span class='ocrx_word' id='word_1_675' title='bbox 1626 773 1749 804; x_wconf 87' lang='lat' dir='ltr'>ratione</span> <span class='ocrx_word' id='word_1_676' title='bbox 1767 771 1857 803; x_wconf 84' lang='lat' dir='ltr'>here·</span> 
     </span>
     <span class='ocr_line' id='line_1_93' title="bbox 978 813 1857 859; baseline -0.007 -9"><span class='ocrx_word' id='word_1_677' title='bbox 978 821 1052 851; x_wconf 85' lang='lat' dir='ltr'>dem</span> <span class='ocrx_word' id='word_1_678' title='bbox 1068 819 1222 859; x_wconf 77' lang='lat' dir='ltr'>legatario</span> <span class='ocrx_word' id='word_1_679' title='bbox 1238 818 1370 859; x_wconf 75' lang='lat' dir='ltr'>obligari</span> <span class='ocrx_word' id='word_1_680' title='bbox 1389 818 1428 848; x_wconf 82' lang='lat' dir='ltr'>ad</span> <span class='ocrx_word' id='word_1_681' title='bbox 1440 815 1643 847; x_wconf 88' lang='lat' dir='ltr'>traditionem</span> <span class='ocrx_word' id='word_1_682' title='bbox 1660 813 1768 846; x_wconf 84' lang='lat' dir='ltr'>solidae</span> <span class='ocrx_word' id='word_1_683' title='bbox 1783 822 1857 854; x_wconf 89' lang='lat' dir='ltr'>pro-</span> 
     </span>
     <span class='ocr_line' id='line_1_94' title="bbox 977 853 1857 902; baseline -0.005 -12"><span class='ocrx_word' id='word_1_684' title='bbox 977 860 1123 902; x_wconf 83' lang='lat' dir='ltr'>prietatis</span> <span class='ocrx_word' id='word_1_685' title='bbox 1147 859 1259 898; x_wconf 83' lang='lat' dir='ltr'>fundi3</span> <span class='ocrx_word' id='word_1_686' title='bbox 1283 868 1344 890; x_wconf 83' lang='lat' dir='ltr'>nec</span> <span class='ocrx_word' id='word_1_687' title='bbox 1368 857 1456 899; x_wconf 90' lang='lat' dir='ltr'>posse</span> <span class='ocrx_word' id='word_1_688' title='bbox 1481 866 1521 889; x_wconf 87' lang='lat' dir='ltr'>ex</span> <span class='ocrx_word' id='word_1_689' title='bbox 1552 856 1642 888; x_wconf 90' lang='lat' dir='ltr'>causa</span> <span class='ocrx_word' id='word_1_690' title='bbox 1663 855 1785 887; x_wconf 75' lang='lat' dir='ltr'>fructus</span> <span class='ocrx_word' id='word_1_691' title='bbox 1825 853 1857 886; x_wconf 87' lang='lat' dir='ltr'>ui</span> 
     </span>
     <span class='ocr_line' id='line_1_95' title="bbox 979 897 1858 942; baseline -0.006 -10"><span class='ocrx_word' id='word_1_692' title='bbox 979 903 1045 942; x_wconf 79' lang='lat' dir='ltr'>eJ&#39;us</span> <span class='ocrx_word' id='word_1_693' title='bbox 1064 908 1149 938; x_wconf 83' lang='lat' dir='ltr'>erat,</span> <span class='ocrx_word' id='word_1_694' title='bbox 1166 901 1304 931; x_wconf 87' lang='lat' dir='ltr'>retinere</span> <span class='ocrx_word' id='word_1_695' title='bbox 1317 900 1582 931; x_wconf 87' lang='lat' dir='ltr'>emolumentum.</span> <span class='ocrx_word' id='word_1_696' title='bbox 1606 898 1681 937; x_wconf 89' lang='lat' dir='ltr'>quin</span> <span class='ocrx_word' id='word_1_697' title='bbox 1698 897 1783 929; x_wconf 89' lang='lat' dir='ltr'>idem</span> <span class='ocrx_word' id='word_1_698' title='bbox 1827 906 1858 927; x_wconf 86' lang='lat' dir='ltr'>a·</span> 
     </span>
     <span class='ocr_line' id='line_1_96' title="bbox 978 938 1858 984; baseline -0.005 -10"><span class='ocrx_word' id='word_1_699' title='bbox 978 945 1124 984; x_wconf 81' lang='lat' dir='ltr'>pinianus</span> <span class='ocrx_word' id='word_1_700' title='bbox 1139 941 1159 972; x_wconf 92' lang='lat' dir='ltr'>l.</span> <span class='ocrx_word' id='word_1_701' title='bbox 1177 945 1230 973; x_wconf 87' lang='lat'>66.</span> <span class='ocrx_word' id='word_1_702' title='bbox 1248 941 1275 982; x_wconf 86' lang='lat'>§.</span> <span class='ocrx_word' id='word_1_703' title='bbox 1294 945 1323 971; x_wconf 89' lang='lat'>6.</span> <span class='ocrx_word' id='word_1_704' title='bbox 1342 940 1383 971; x_wconf 89' lang='lat' dir='ltr'>D.</span> <span class='ocrx_word' id='word_1_705' title='bbox 1401 942 1458 971; x_wconf 81' lang='lat' dir='ltr'>eod.</span> <span class='ocrx_word' id='word_1_706' title='bbox 1478 941 1524 971; x_wconf 89' lang='lat' dir='ltr'>tit.</span> <span class='ocrx_word' id='word_1_707' title='bbox 1544 939 1663 978; x_wconf 79' lang='lat' dir='ltr'>Fando,</span> <span class='ocrx_word' id='word_1_708' title='bbox 1678 940 1803 980; x_wconf 86' lang='lat' dir='ltr'>inquit,</span> <span class='ocrx_word' id='word_1_709' title='bbox 1820 938 1858 969; x_wconf 90' lang='lat' dir='ltr'>le-</span> 
     </span>
     <span class='ocr_line' id='line_1_97' title="bbox 977 981 1858 1026; baseline -0.005 -11"><span class='ocrx_word' id='word_1_710' title='bbox 977 990 1064 1026; x_wconf 77' lang='lat' dir='ltr'>gato,</span> <span class='ocrx_word' id='word_1_711' title='bbox 1083 981 1111 1020; x_wconf 85' lang='lat' dir='ltr'><strong><em>fi</em></strong></span> <span class='ocrx_word' id='word_1_712' title='bbox 1137 981 1323 1022; x_wconf 66' lang='lat' dir='ltr'>ususfructus</span> <span class='ocrx_word' id='word_1_713' title='bbox 1348 982 1461 1012; x_wconf 83' lang='lat' dir='ltr'>alienus</span> <span class='ocrx_word' id='word_1_714' title='bbox 1472 981 1532 1020; x_wconf 81' lang='lat' dir='ltr'>stt,</span> <span class='ocrx_word' id='word_1_715' title='bbox 1555 981 1745 1012; x_wconf 81' lang='lat' dir='ltr'>nibilominus</span> <span class='ocrx_word' id='word_1_716' title='bbox 1757 986 1858 1021; x_wconf 87' lang='lat' dir='ltr'>peten-</span> 
     </span>
     <span class='ocr_line' id='line_1_98' title="bbox 979 1021 1858 1065; baseline -0.005 -8"><span class='ocrx_word' id='word_1_717' title='bbox 979 1030 1034 1057; x_wconf 79' lang='lat' dir='ltr'>aus</span> <span class='ocrx_word' id='word_1_718' title='bbox 1048 1023 1088 1065; x_wconf 80' lang='lat' dir='ltr'>est</span> <span class='ocrx_word' id='word_1_719' title='bbox 1104 1025 1139 1055; x_wconf 82' lang='lat' dir='ltr'>ab</span> <span class='ocrx_word' id='word_1_720' title='bbox 1166 1024 1272 1054; x_wconf 78' lang='lat' dir='ltr'>herede.</span> <span class='ocrx_word' id='word_1_721' title='bbox 1325 1022 1523 1063; x_wconf 74' lang='lat' dir='ltr'>UJmfructus</span> <span class='ocrx_word' id='word_1_722' title='bbox 1547 1024 1641 1061; x_wconf 86' lang='lat' dir='ltr'>enim,</span> <span class='ocrx_word' id='word_1_723' title='bbox 1664 1021 1715 1060; x_wconf 88' lang='lat' dir='ltr'>etfi</span> <span class='ocrx_word' id='word_1_724' title='bbox 1738 1024 1770 1053; x_wconf 86' lang='lat' dir='ltr'>in</span> <span class='ocrx_word' id='word_1_725' title='bbox 1788 1021 1858 1063; x_wconf 84' lang='lat' dir='ltr'>jure</span> 
     </span>
     <span class='ocr_line' id='line_1_99' title="bbox 980 1063 1858 1106; baseline -0.003 -8"><span class='ocrx_word' id='word_1_726' title='bbox 980 1077 1038 1098; x_wconf 83' lang='lat' dir='ltr'>non</span> <span class='ocrx_word' id='word_1_727' title='bbox 1053 1070 1084 1097; x_wconf 76' lang='lat' dir='ltr'>in</span> <span class='ocrx_word' id='word_1_728' title='bbox 1097 1071 1180 1106; x_wconf 87' lang='lat' dir='ltr'>parte</span> <span class='ocrx_word' id='word_1_729' title='bbox 1197 1063 1342 1103; x_wconf 72' lang='lat' dir='ltr'>confisiit,</span> <span class='ocrx_word' id='word_1_730' title='bbox 1358 1064 1578 1095; x_wconf 85' lang='lat' dir='ltr'>emolumentum</span> <span class='ocrx_word' id='word_1_731' title='bbox 1596 1070 1692 1095; x_wconf 86' lang='lat' dir='ltr'>tamen</span> <span class='ocrx_word' id='word_1_732' title='bbox 1708 1066 1751 1095; x_wconf 85' lang='lat' dir='ltr'>rei</span> <span class='ocrx_word' id='word_1_733' title='bbox 1768 1065 1858 1095; x_wconf 87' lang='lat' dir='ltr'>conti-</span> 
     </span>
     <span class='ocr_line' id='line_1_100' title="bbox 980 1104 1860 1147; baseline -0.006 -7"><span class='ocrx_word' id='word_1_734' title='bbox 980 1114 1037 1140; x_wconf 82' lang='lat' dir='ltr'>net.</span> <span class='ocrx_word' id='word_1_735' title='bbox 1062 1109 1206 1137; x_wconf 79' lang='lat' dir='ltr'>enimvero</span> <span class='ocrx_word' id='word_1_736' title='bbox 1217 1107 1316 1145; x_wconf 84' lang='lat' dir='ltr'>fundo</span> <span class='ocrx_word' id='word_1_737' title='bbox 1333 1105 1448 1145; x_wconf 76' lang='lat' dir='ltr'>relicto,</span> <span class='ocrx_word' id='word_1_738' title='bbox 1472 1107 1503 1136; x_wconf 86' lang='lat' dir='ltr'>ob</span> <span class='ocrx_word' id='word_1_739' title='bbox 1520 1106 1645 1147; x_wconf 86' lang='lat' dir='ltr'>reliquas</span> <span class='ocrx_word' id='word_1_740' title='bbox 1662 1104 1860 1146; x_wconf 74' lang='lat' dir='ltr'>praestatz&#39;ones</span> 
     </span>
     <span class='ocr_line' id='line_1_101' title="bbox 980 1142 1860 1191; baseline -0.002 -11"><span class='ocrx_word' id='word_1_741' title='bbox 980 1159 1042 1191; x_wconf 86' lang='lat' dir='ltr'>quae</span> <span class='ocrx_word' id='word_1_742' title='bbox 1071 1149 1197 1189; x_wconf 79' lang='lat' dir='ltr'>legatum</span> <span class='ocrx_word' id='word_1_743' title='bbox 1221 1150 1383 1188; x_wconf 81' lang='lat' dir='ltr'>lequuntur</span> <span class='ocrx_word' id='word_1_744' title='bbox 1401 1169 1410 1185; x_wconf 93' lang='lat'><strong>‚</strong></span> <span class='ocrx_word' id='word_1_745' title='bbox 1439 1153 1562 1188; x_wconf 82' lang='lat' dir='ltr'>agetur:</span> <span class='ocrx_word' id='word_1_746' title='bbox 1583 1148 1664 1177; x_wconf 80' lang='lat' dir='ltr'>verbi</span> <span class='ocrx_word' id='word_1_747' title='bbox 1685 1148 1787 1188; x_wconf 84' lang='lat' dir='ltr'>gratia</span> <span class='ocrx_word' id='word_1_748' title='bbox 1803 1169 1813 1185; x_wconf 86' lang='lat'>‚</span> <span class='ocrx_word' id='word_1_749' title='bbox 1829 1142 1860 1185; x_wconf 80' lang='lat' dir='ltr'><em>fi</em></span> 
     </span>
     <span class='ocr_line' id='line_1_102' title="bbox 974 1186 1860 1231; baseline -0.002 -10"><span class='ocrx_word' id='word_1_750' title='bbox 974 1191 1094 1231; x_wconf 73' lang='lat' dir='ltr'>fundus</span> <span class='ocrx_word' id='word_1_751' title='bbox 1105 1189 1223 1231; x_wconf 83' lang='lat' dir='ltr'>pignori</span> <span class='ocrx_word' id='word_1_752' title='bbox 1246 1192 1352 1227; x_wconf 74' lang='lat' dir='ltr'>datus,</span> <span class='ocrx_word' id='word_1_753' title='bbox 1377 1188 1424 1218; x_wconf 76' lang='lat' dir='ltr'>vel</span> <span class='ocrx_word' id='word_1_754' title='bbox 1447 1189 1541 1218; x_wconf 84' lang='lat' dir='ltr'>aliena</span> <span class='ocrx_word' id='word_1_755' title='bbox 1553 1186 1676 1228; x_wconf 85' lang='lat' dir='ltr'>poffeffio</span> <span class='ocrx_word' id='word_1_756' title='bbox 1687 1187 1739 1225; x_wconf 83' lang='lat' dir='ltr'>fit.</span> <span class='ocrx_word' id='word_1_757' title='bbox 1785 1188 1860 1220; x_wconf 84' lang='lat' dir='ltr'>Non</span> 
     </span>
     <span class='ocr_line' id='line_1_103' title="bbox 982 1229 1860 1272; baseline -0.002 -9"><span class='ocrx_word' id='word_1_758' title='bbox 982 1233 1055 1263; x_wconf 82' lang='lat' dir='ltr'>idem</span> <span class='ocrx_word' id='word_1_759' title='bbox 1061 1231 1173 1272; x_wconf 86' lang='lat' dir='ltr'>placuit</span> <span class='ocrx_word' id='word_1_760' title='bbox 1188 1232 1221 1261; x_wconf 84' lang='lat' dir='ltr'>de</span> <span class='ocrx_word' id='word_1_761' title='bbox 1235 1231 1339 1261; x_wconf 82' lang='lat' dir='ltr'>caeteris</span> <span class='ocrx_word' id='word_1_762' title='bbox 1347 1230 1548 1265; x_wconf 75' lang='lat' dir='ltr'>servitutibus.</span> <span class='ocrx_word' id='word_1_763' title='bbox 1573 1229 1623 1260; x_wconf 81' lang='lat' dir='ltr'>Ab</span> <span class='ocrx_word' id='word_1_764' title='bbox 1639 1231 1756 1260; x_wconf 87' lang='lat' dir='ltr'>eodem</span> <span class='ocrx_word' id='word_1_765' title='bbox 1773 1230 1860 1268; x_wconf 78' lang='lat' dir='ltr'>prin-</span> 
     </span>
     <span class='ocr_line' id='line_1_104' title="bbox 983 1269 1861 1314; baseline -0.002 -10"><span class='ocrx_word' id='word_1_766' title='bbox 983 1274 1071 1314; x_wconf 88' lang='lat' dir='ltr'>cipio</span> <span class='ocrx_word' id='word_1_767' title='bbox 1083 1272 1225 1313; x_wconf 88' lang='lat' dir='ltr'>Julianus</span> <span class='ocrx_word' id='word_1_768' title='bbox 1241 1272 1262 1303; x_wconf 90' lang='lat' dir='ltr'>l.</span> <span class='ocrx_word' id='word_1_769' title='bbox 1277 1275 1307 1302; x_wconf 90' lang='lat'>6.</span> <span class='ocrx_word' id='word_1_770' title='bbox 1326 1270 1368 1302; x_wconf 90' lang='lat' dir='ltr'>D.</span> <span class='ocrx_word' id='word_1_771' title='bbox 1385 1271 1418 1301; x_wconf 84' lang='lat' dir='ltr'>de</span> <span class='ocrx_word' id='word_1_772' title='bbox 1442 1269 1600 1310; x_wconf 69' lang='lat' dir='ltr'>ttjufruc&#39;tu</span> <span class='ocrx_word' id='word_1_773' title='bbox 1622 1279 1722 1301; x_wconf 79' lang='lat' dir='ltr'>earum</span> <span class='ocrx_word' id='word_1_774' title='bbox 1745 1279 1861 1310; x_wconf 81' lang='lat' dir='ltr'>rerum,</span> 
     </span>
     <span class='ocr_line' id='line_1_105' title="bbox 983 1311 1862 1355; baseline -0.006 -9"><span class='ocrx_word' id='word_1_775' title='bbox 983 1314 1035 1353; x_wconf 85' lang='lat' dir='ltr'>Si,</span> <span class='ocrx_word' id='word_1_776' title='bbox 1055 1314 1176 1355; x_wconf 88' lang='lat' dir='ltr'>inquit,</span> <span class='ocrx_word' id='word_1_777' title='bbox 1184 1314 1304 1354; x_wconf 82' lang='lat' dir='ltr'>functus</span> <span class='ocrx_word' id='word_1_778' title='bbox 1320 1314 1373 1343; x_wconf 86' lang='lat' dir='ltr'>tibi</span> <span class='ocrx_word' id='word_1_779' title='bbox 1389 1312 1501 1353; x_wconf 78' lang='lat' dir='ltr'>legatus</span> <span class='ocrx_word' id='word_1_780' title='bbox 1515 1311 1637 1352; x_wconf 79' lang='lat' dir='ltr'>fuiffet,</span> <span class='ocrx_word' id='word_1_781' title='bbox 1654 1311 1691 1346; x_wconf 51' lang='grc' dir='ltr'>ἐξ</span> <span class='ocrx_word' id='word_1_782' title='bbox 1702 1312 1773 1342; x_wconf 82' lang='lat' dir='ltr'>mihi</span> <span class='ocrx_word' id='word_1_783' title='bbox 1788 1312 1862 1353; x_wconf 88' lang='lat' dir='ltr'>ejus-</span> 
     </span>
     <span class='ocr_line' id='line_1_106' title="bbox 984 1354 1863 1396; baseline -0.005 -8"><span class='ocrx_word' id='word_1_784' title='bbox 984 1359 1046 1388; x_wconf 84' lang='lat' dir='ltr'>dem</span> <span class='ocrx_word' id='word_1_785' title='bbox 1067 1357 1162 1396; x_wconf 77' lang='lat' dir='ltr'>suncti</span> <span class='ocrx_word' id='word_1_786' title='bbox 1194 1354 1405 1393; x_wconf 77' lang='lat' dir='ltr'>ususfructus:</span> <span class='ocrx_word' id='word_1_787' title='bbox 1438 1356 1553 1385; x_wconf 82' lang='lat' dir='ltr'>haberes</span> <span class='ocrx_word' id='word_1_788' title='bbox 1580 1360 1613 1384; x_wconf 84' lang='lat' dir='ltr'>tu</span> <span class='ocrx_word' id='word_1_789' title='bbox 1634 1354 1748 1394; x_wconf 74' lang='lat' dir='ltr'>quidem</span> <span class='ocrx_word' id='word_1_790' title='bbox 1772 1354 1863 1384; x_wconf 86' lang='lat' dir='ltr'>totius</span> 
     </span>
     <span class='ocr_line' id='line_1_107' title="bbox 977 1393 1862 1439; baseline -0.003 -10"><span class='ocrx_word' id='word_1_791' title='bbox 977 1398 1073 1439; x_wconf 69' lang='lat' dir='ltr'>fundi</span> <span class='ocrx_word' id='word_1_792' title='bbox 1087 1398 1309 1438; x_wconf 72' lang='lat' dir='ltr'>proprietatem,</span> <span class='ocrx_word' id='word_1_793' title='bbox 1326 1397 1379 1435; x_wconf 83' lang='lat' dir='ltr'>sed</span> <span class='ocrx_word' id='word_1_794' title='bbox 1391 1401 1506 1436; x_wconf 86' lang='lat' dir='ltr'>partem</span> <span class='ocrx_word' id='word_1_795' title='bbox 1520 1404 1587 1426; x_wconf 84' lang='lat' dir='ltr'>cum</span> <span class='ocrx_word' id='word_1_796' title='bbox 1601 1393 1777 1436; x_wconf 65' lang='lat' dir='ltr'>usufructu,</span> <span class='ocrx_word' id='word_1_797' title='bbox 1791 1402 1862 1436; x_wconf 85' lang='lat' dir='ltr'>par-</span> 
     </span>
     <span class='ocr_line' id='line_1_108' title="bbox 987 1437 1863 1478; baseline -0.002 -8"><span class='ocrx_word' id='word_1_798' title='bbox 987 1437 1115 1477; x_wconf 82' lang='lat' dir='ltr'>zemfine</span> <span class='ocrx_word' id='word_1_799' title='bbox 1129 1437 1299 1478; x_wconf 70' lang='lat' dir='ltr'>usufructu.</span> <span class='ocrx_word' id='word_1_800' title='bbox 1344 1437 1444 1478; x_wconf 82' lang='lat' dir='ltr'>idque</span> <span class='ocrx_word' id='word_1_801' title='bbox 1468 1438 1499 1468; x_wconf 87' lang='lat' dir='ltr'>iu</span> <span class='ocrx_word' id='word_1_802' title='bbox 1524 1443 1648 1468; x_wconf 89' lang='lat' dir='ltr'>tantum</span> <span class='ocrx_word' id='word_1_803' title='bbox 1665 1437 1803 1478; x_wconf 89' lang='lat' dir='ltr'>placuit:</span> <span class='ocrx_word' id='word_1_804' title='bbox 1827 1444 1863 1468; x_wconf 86' lang='lat' dir='ltr'>ut</span> 
     </span>
     <span class='ocr_line' id='line_1_109' title="bbox 985 1477 1864 1519; baseline -0.002 -7"><span class='ocrx_word' id='word_1_805' title='bbox 985 1480 1191 1512; x_wconf 88' lang='lat' dir='ltr'>Modestinus</span> <span class='ocrx_word' id='word_1_806' title='bbox 1208 1480 1228 1510; x_wconf 92' lang='lat' dir='ltr'>l.</span> <span class='ocrx_word' id='word_1_807' title='bbox 1256 1488 1301 1515; x_wconf 88' lang='lat'>19.</span> <span class='ocrx_word' id='word_1_808' title='bbox 1328 1478 1371 1510; x_wconf 91' lang='lat' dir='ltr'>D.</span> <span class='ocrx_word' id='word_1_809' title='bbox 1396 1479 1429 1509; x_wconf 81' lang='lat' dir='ltr'>de</span> <span class='ocrx_word' id='word_1_810' title='bbox 1451 1482 1506 1512; x_wconf 84' lang='lat' dir='ltr'>ulu</span> <span class='ocrx_word' id='word_1_811' title='bbox 1530 1477 1567 1512; x_wconf 61' lang='lat'>55⁴?</span> <span class='ocrx_word' id='word_1_812' title='bbox 1590 1477 1748 1517; x_wconf 72' lang='lat' dir='ltr'>usufructu</span> <span class='ocrx_word' id='word_1_813' title='bbox 1769 1478 1864 1519; x_wconf 83' lang='lat' dir='ltr'>legato</span> 
     </span>
     <span class='ocr_line' id='line_1_110' title="bbox 986 1518 1865 1561; baseline -0.003 -7"><span class='ocrx_word' id='word_1_814' title='bbox 986 1522 1028 1554; x_wconf 84' lang='lat' dir='ltr'>fic</span> <span class='ocrx_word' id='word_1_815' title='bbox 1044 1522 1168 1554; x_wconf 87' lang='lat' dir='ltr'>scribat.</span> <span class='ocrx_word' id='word_1_816' title='bbox 1211 1521 1245 1552; x_wconf 85' lang='lat' dir='ltr'>Sz·</span> <span class='ocrx_word' id='word_1_817' title='bbox 1261 1521 1312 1551; x_wconf 85' lang='lat' dir='ltr'>alii</span> <span class='ocrx_word' id='word_1_818' title='bbox 1326 1520 1472 1558; x_wconf 76' lang='lat' dir='ltr'>fundum,</span> <span class='ocrx_word' id='word_1_819' title='bbox 1491 1519 1542 1550; x_wconf 83' lang='lat' dir='ltr'>alii</span> <span class='ocrx_word' id='word_1_820' title='bbox 1555 1518 1772 1559; x_wconf 68' lang='lat' dir='ltr'>usumfructum</span> <span class='ocrx_word' id='word_1_821' title='bbox 1787 1520 1865 1561; x_wconf 88' lang='lat' dir='ltr'>ejus·</span> 
     </span>
     <span class='ocr_line' id='line_1_111' title="bbox 986 1558 1863 1603; baseline -0.003 -8"><span class='ocrx_word' id='word_1_822' title='bbox 986 1566 1049 1595; x_wconf 81' lang='lat' dir='ltr'>dem</span> <span class='ocrx_word' id='word_1_823' title='bbox 1068 1564 1185 1603; x_wconf 82' lang='lat' dir='ltr'>fundi,</span> <span class='ocrx_word' id='word_1_824' title='bbox 1210 1560 1328 1603; x_wconf 77' lang='lat' dir='ltr'>testator</span> <span class='ocrx_word' id='word_1_825' title='bbox 1351 1561 1513 1603; x_wconf 77' lang='lat' dir='ltr'>legaverit:</span> <span class='ocrx_word' id='word_1_826' title='bbox 1529 1558 1559 1598; x_wconf 87' lang='lat' dir='ltr'><em>fi</em></span> <span class='ocrx_word' id='word_1_827' title='bbox 1573 1569 1601 1590; x_wconf 84' lang='lat' dir='ltr'>eo</span> <span class='ocrx_word' id='word_1_828' title='bbox 1614 1559 1755 1601; x_wconf 84' lang='lat' dir='ltr'>proposito</span> <span class='ocrx_word' id='word_1_829' title='bbox 1763 1561 1863 1601; x_wconf 83' lang='lat' dir='ltr'>fecit,</span> 
     </span>
     <span class='ocr_line' id='line_1_112' title="bbox 986 1602 1862 1644; baseline -0.002 -8"><span class='ocrx_word' id='word_1_830' title='bbox 986 1612 1020 1637; x_wconf 87' lang='lat' dir='ltr'>ut</span> <span class='ocrx_word' id='word_1_831' title='bbox 1035 1605 1107 1636; x_wconf 83' lang='lat' dir='ltr'>alter</span> <span class='ocrx_word' id='word_1_832' title='bbox 1124 1606 1234 1636; x_wconf 82' lang='lat' dir='ltr'>nudam</span> <span class='ocrx_word' id='word_1_833' title='bbox 1252 1605 1454 1644; x_wconf 72' lang='lat' dir='ltr'>proprietatem</span> <span class='ocrx_word' id='word_1_834' title='bbox 1470 1602 1603 1639; x_wconf 83' lang='lat' dir='ltr'>baberet,</span> <span class='ocrx_word' id='word_1_835' title='bbox 1625 1611 1721 1633; x_wconf 80' lang='lat' dir='ltr'>errore</span> <span class='ocrx_word' id='word_1_836' title='bbox 1743 1602 1862 1634; x_wconf 79' lang='lat' dir='ltr'>labitur.</span> 
     </span>
     <span class='ocr_line' id='line_1_113' title="bbox 987 1643 1863 1686; baseline -0.003 -8"><span class='ocrx_word' id='word_1_837' title='bbox 987 1647 1071 1679; x_wconf 87' lang='lat' dir='ltr'>Nam</span> <span class='ocrx_word' id='word_1_838' title='bbox 1096 1644 1223 1677; x_wconf 70' lang='lat' dir='ltr'>detracto</span> <span class='ocrx_word' id='word_1_839' title='bbox 1249 1643 1428 1686; x_wconf 55' lang='lat' dir='ltr'>usufructu,</span> <span class='ocrx_word' id='word_1_840' title='bbox 1451 1644 1653 1684; x_wconf 80' lang='lat' dir='ltr'>proprietatem</span> <span class='ocrx_word' id='word_1_841' title='bbox 1677 1653 1742 1674; x_wconf 84' lang='lat' dir='ltr'>eum</span> <span class='ocrx_word' id='word_1_842' title='bbox 1768 1643 1863 1685; x_wconf 83' lang='lat' dir='ltr'>legare</span> 
     </span>
     <span class='ocr_line' id='line_1_114' title="bbox 986 1683 1864 1729; baseline -0.003 -9"><span class='ocrx_word' id='word_1_843' title='bbox 986 1694 1093 1729; x_wconf 83' lang='lat' dir='ltr'>oportet</span> <span class='ocrx_word' id='word_1_844' title='bbox 1109 1697 1137 1719; x_wconf 85' lang='lat' dir='ltr'>eo</span> <span class='ocrx_word' id='word_1_845' title='bbox 1154 1689 1242 1719; x_wconf 82' lang='lat' dir='ltr'>modo.</span> <span class='ocrx_word' id='word_1_846' title='bbox 1277 1685 1370 1717; x_wconf 87' lang='lat' dir='ltr'>Titio</span> <span class='ocrx_word' id='word_1_847' title='bbox 1388 1685 1525 1717; x_wconf 85' lang='lat' dir='ltr'>fundum</span> <span class='ocrx_word' id='word_1_848' title='bbox 1541 1684 1684 1716; x_wconf 84' lang='lat' dir='ltr'>detracto</span> <span class='ocrx_word' id='word_1_849' title='bbox 1701 1683 1864 1717; x_wconf 84' lang='lat' dir='ltr'>usufructu</span> 
     </span>
     <span class='ocr_line' id='line_1_115' title="bbox 986 1725 1866 1771; baseline -0.003 -10"><span class='ocrx_word' id='word_1_850' title='bbox 986 1731 1081 1771; x_wconf 84' lang='lat' dir='ltr'>lego,</span> <span class='ocrx_word' id='word_1_851' title='bbox 1103 1728 1186 1770; x_wconf 87' lang='lat' dir='ltr'>[vel]</span> <span class='ocrx_word' id='word_1_852' title='bbox 1206 1728 1280 1768; x_wconf 73' lang='lat' dir='ltr'>Seio</span> <span class='ocrx_word' id='word_1_853' title='bbox 1297 1727 1438 1768; x_wconf 87' lang='lat' dir='ltr'>ejusdem</span> <span class='ocrx_word' id='word_1_854' title='bbox 1456 1726 1548 1758; x_wconf 84' lang='lat' dir='ltr'>fundi</span> <span class='ocrx_word' id='word_1_855' title='bbox 1566 1725 1793 1759; x_wconf 86' lang='lat' dir='ltr'>usumfructum</span> <span class='ocrx_word' id='word_1_856' title='bbox 1810 1726 1866 1758; x_wconf 73' lang='lat' dir='ltr'>hei·</span> 
     </span>
     <span class='ocr_line' id='line_1_116' title="bbox 987 1767 1864 1814; baseline -0.005 -11"><span class='ocrx_word' id='word_1_857' title='bbox 987 1782 1037 1804; x_wconf 86' lang='lat' dir='ltr'>res</span> <span class='ocrx_word' id='word_1_858' title='bbox 1064 1774 1151 1802; x_wconf 78' lang='lat' dir='ltr'>dato,</span> <span class='ocrx_word' id='word_1_859' title='bbox 1197 1770 1285 1814; x_wconf 75' lang='lat' dir='ltr'>Quod</span> <span class='ocrx_word' id='word_1_860' title='bbox 1306 1768 1362 1807; x_wconf 89' lang='lat' dir='ltr'>nifi</span> <span class='ocrx_word' id='word_1_861' title='bbox 1377 1769 1498 1808; x_wconf 81' lang='lat' dir='ltr'>fecerit,</span> <span class='ocrx_word' id='word_1_862' title='bbox 1522 1767 1709 1808; x_wconf 73' lang='lat' dir='ltr'>ususfructus</span> <span class='ocrx_word' id='word_1_863' title='bbox 1727 1768 1804 1799; x_wconf 88' lang='lat' dir='ltr'>inter</span> <span class='ocrx_word' id='word_1_864' title='bbox 1819 1778 1864 1799; x_wconf 91' lang='lat' dir='ltr'>eos</span> 
     </span>
     <span class='ocr_line' id='line_1_117' title="bbox 988 1808 1865 1851; baseline -0.005 -7"><span class='ocrx_word' id='word_1_865' title='bbox 988 1813 1276 1845; x_wconf 78' lang='lat' dir='ltr'>communicabitur:</span> <span class='ocrx_word' id='word_1_866' title='bbox 1301 1810 1342 1841; x_wconf 87' lang='lat' dir='ltr'>Et</span> <span class='ocrx_word' id='word_1_867' title='bbox 1361 1819 1421 1851; x_wconf 89' lang='lat' dir='ltr'>pro</span> <span class='ocrx_word' id='word_1_868' title='bbox 1445 1811 1569 1841; x_wconf 87' lang='lat' dir='ltr'>ratione</span> <span class='ocrx_word' id='word_1_869' title='bbox 1593 1810 1681 1840; x_wconf 81' lang='lat' dir='ltr'>addit</span> <span class='ocrx_word' id='word_1_870' title='bbox 1705 1808 1865 1841; x_wconf 85' lang='lat' dir='ltr'>Modesti·</span> 
     </span>
     <span class='ocr_line' id='line_1_118' title="bbox 989 1851 1863 1894; baseline -0.003 -8"><span class='ocrx_word' id='word_1_871' title='bbox 989 1863 1066 1886; x_wconf 80' lang='lat' dir='ltr'>nus:</span> <span class='ocrx_word' id='word_1_872' title='bbox 1084 1855 1158 1894; x_wconf 85' lang='lat' dir='ltr'>quod</span> <span class='ocrx_word' id='word_1_873' title='bbox 1174 1853 1319 1883; x_wconf 83' lang='lat' dir='ltr'>interdum</span> <span class='ocrx_word' id='word_1_874' title='bbox 1332 1852 1400 1892; x_wconf 85' lang='lat' dir='ltr'>plus</span> <span class='ocrx_word' id='word_1_875' title='bbox 1416 1851 1493 1882; x_wconf 89' lang='lat' dir='ltr'>valet</span> <span class='ocrx_word' id='word_1_876' title='bbox 1499 1852 1648 1892; x_wconf 82' lang='lat' dir='ltr'>scriptura</span> <span class='ocrx_word' id='word_1_877' title='bbox 1659 1860 1765 1892; x_wconf 83' lang='lat' dir='ltr'>,quam</span> <span class='ocrx_word' id='word_1_878' title='bbox 1777 1858 1863 1892; x_wconf 85' lang='lat' dir='ltr'>pera·</span> 
     </span>
     <span class='ocr_line' id='line_1_119' title="bbox 988 1892 1866 1934; baseline -0.002 -7"><span class='ocrx_word' id='word_1_879' title='bbox 988 1895 1123 1934; x_wconf 69' lang='lat' dir='ltr'>ctumsit.</span> <span class='ocrx_word' id='word_1_880' title='bbox 1148 1894 1259 1925; x_wconf 85' lang='lat' dir='ltr'>Sensus</span> <span class='ocrx_word' id='word_1_881' title='bbox 1276 1892 1473 1932; x_wconf 80' lang='lat' dir='ltr'>Modestini3</span> <span class='ocrx_word' id='word_1_882' title='bbox 1489 1893 1577 1933; x_wconf 91' lang='lat' dir='ltr'>quod</span> <span class='ocrx_word' id='word_1_883' title='bbox 1596 1901 1637 1923; x_wconf 84' lang='lat' dir='ltr'>ex</span> <span class='ocrx_word' id='word_1_884' title='bbox 1653 1900 1783 1932; x_wconf 88' lang='lat' dir='ltr'>recepta</span> <span class='ocrx_word' id='word_1_885' title='bbox 1796 1902 1866 1925; x_wconf 87' lang='lat' dir='ltr'>ver-</span> 
     </span>
     <span class='ocr_line' id='line_1_120' title="bbox 988 1933 1866 1977; baseline -0.002 -9"><span class='ocrx_word' id='word_1_886' title='bbox 988 1938 1019 1968; x_wconf 89' lang='lat' dir='ltr'>bi</span> <span class='ocrx_word' id='word_1_887' title='bbox 1038 1937 1306 1977; x_wconf 87' lang='lat' dir='ltr'>interpretatione</span> <span class='ocrx_word' id='word_1_888' title='bbox 1319 1935 1489 1975; x_wconf 87' lang='lat' dir='ltr'>aliquando</span> <span class='ocrx_word' id='word_1_889' title='bbox 1503 1934 1593 1966; x_wconf 85' lang='lat' dir='ltr'>aliter</span> <span class='ocrx_word' id='word_1_890' title='bbox 1604 1934 1759 1973; x_wconf 89' lang='lat' dir='ltr'>accipitur</span> <span class='ocrx_word' id='word_1_891' title='bbox 1775 1933 1866 1966; x_wconf 85' lang='lat' dir='ltr'>testa-</span> 
     </span>
     <span class='ocr_line' id='line_1_121' title="bbox 989 1975 1865 2019; baseline -0.003 -9"><span class='ocrx_word' id='word_1_892' title='bbox 989 1979 1067 2010; x_wconf 92' lang='lat' dir='ltr'>toris</span> <span class='ocrx_word' id='word_1_893' title='bbox 1085 1977 1257 2019; x_wconf 83' lang='lat' dir='ltr'>scriptura,</span> <span class='ocrx_word' id='word_1_894' title='bbox 1275 1985 1367 2016; x_wconf 90' lang='lat' dir='ltr'>quam</span> <span class='ocrx_word' id='word_1_895' title='bbox 1386 1985 1419 2007; x_wconf 86' lang='lat' dir='ltr'>re</span> <span class='ocrx_word' id='word_1_896' title='bbox 1436 1984 1510 2007; x_wconf 87' lang='lat' dir='ltr'>vera</span> <span class='ocrx_word' id='word_1_897' title='bbox 1524 1975 1627 2006; x_wconf 91' lang='lat' dir='ltr'>voluit</span> <span class='ocrx_word' id='word_1_898' title='bbox 1641 1982 1695 2006; x_wconf 86' lang='lat' dir='ltr'>aut</span> <span class='ocrx_word' id='word_1_899' title='bbox 1708 1976 1865 2016; x_wconf 86' lang='lat' dir='ltr'>cogitavit</span> 
     </span>
     <span class='ocr_line' id='line_1_122' title="bbox 989 2015 1865 2058; baseline -0.003 -6"><span class='ocrx_word' id='word_1_900' title='bbox 989 2020 1130 2052; x_wconf 87' lang='lat' dir='ltr'>testator.</span> <span class='ocrx_word' id='word_1_901' title='bbox 1164 2019 1215 2050; x_wconf 89' lang='lat' dir='ltr'>Sic</span> <span class='ocrx_word' id='word_1_902' title='bbox 1232 2018 1262 2050; x_wconf 90' lang='lat' dir='ltr'>in</span> <span class='ocrx_word' id='word_1_903' title='bbox 1281 2018 1401 2058; x_wconf 79' lang='lat' dir='ltr'>legatis.</span> <span class='ocrx_word' id='word_1_904' title='bbox 1433 2016 1522 2049; x_wconf 89' lang='lat' dir='ltr'>ldem</span> <span class='ocrx_word' id='word_1_905' title='bbox 1539 2017 1570 2048; x_wconf 90' lang='lat' dir='ltr'>in</span> <span class='ocrx_word' id='word_1_906' title='bbox 1587 2015 1865 2057; x_wconf 82' lang='lat' dir='ltr'>stipulationibus,</span> 
     </span>
     <span class='ocr_line' id='line_1_123' title="bbox 990 2055 1865 2099; baseline -0.005 -5"><span class='ocrx_word' id='word_1_907' title='bbox 990 2063 1019 2094; x_wconf 71' lang='grc' dir='ltr'><strong>ἂ</strong></span> <span class='ocrx_word' id='word_1_908' title='bbox 1035 2063 1159 2093; x_wconf 69' lang='lat' dir='ltr'>caeteris</span> <span class='ocrx_word' id='word_1_909' title='bbox 1180 2059 1409 2091; x_wconf 86' lang='lat' dir='ltr'>contractibus.</span> <span class='ocrx_word' id='word_1_910' title='bbox 1441 2059 1472 2090; x_wconf 90' lang='lat' dir='ltr'>in</span> <span class='ocrx_word' id='word_1_911' title='bbox 1495 2058 1610 2099; x_wconf 89' lang='lat' dir='ltr'>quibus</span> <span class='ocrx_word' id='word_1_912' title='bbox 1633 2055 1865 2090; x_wconf 79' lang='lat' dir='ltr'>contrahentes</span> 
     </span>
     <span class='ocr_line' id='line_1_124' title="bbox 990 2099 1865 2144; baseline -0.003 -9"><span class='ocrx_word' id='word_1_913' title='bbox 990 2104 1089 2144; x_wconf 85' lang='lat' dir='ltr'>magis</span> <span class='ocrx_word' id='word_1_914' title='bbox 1107 2103 1147 2134; x_wconf 88' lang='lat' dir='ltr'>ad</span> <span class='ocrx_word' id='word_1_915' title='bbox 1163 2101 1313 2133; x_wconf 82' lang='lat' dir='ltr'>effectum</span> <span class='ocrx_word' id='word_1_916' title='bbox 1332 2109 1436 2132; x_wconf 87' lang='lat' dir='ltr'>rerum</span> <span class='ocrx_word' id='word_1_917' title='bbox 1448 2107 1657 2139; x_wconf 88' lang='lat' dir='ltr'>mutuamque</span> <span class='ocrx_word' id='word_1_918' title='bbox 1673 2099 1865 2140; x_wconf 86' lang='lat' dir='ltr'>utilitatem,</span> 
     </span>
     <span class='ocr_line' id='line_1_125' title="bbox 990 2140 1868 2185; baseline -0.003 -8"><span class='ocrx_word' id='word_1_919' title='bbox 990 2155 1083 2185; x_wconf 88' lang='lat' dir='ltr'>quam</span> <span class='ocrx_word' id='word_1_920' title='bbox 1101 2145 1138 2174; x_wconf 88' lang='lat' dir='ltr'>ad</span> <span class='ocrx_word' id='word_1_921' title='bbox 1156 2143 1231 2175; x_wconf 83' lang='lat' dir='ltr'>artis</span> <span class='ocrx_word' id='word_1_922' title='bbox 1250 2142 1453 2174; x_wconf 88' lang='lat' dir='ltr'>subtilitatem</span> <span class='ocrx_word' id='word_1_923' title='bbox 1465 2140 1645 2182; x_wconf 87' lang='lat' dir='ltr'>respiciunt.</span> <span class='ocrx_word' id='word_1_924' title='bbox 1669 2150 1728 2173; x_wconf 91' lang='lat' dir='ltr'>nos</span> <span class='ocrx_word' id='word_1_925' title='bbox 1740 2142 1868 2179; x_wconf 84' lang='lat' dir='ltr'>veroin</span> 
     </span>
     <span class='ocr_line' id='line_1_126' title="bbox 990 2182 1866 2225; baseline -0.005 -7"><span class='ocrx_word' id='word_1_926' title='bbox 990 2187 1037 2218; x_wconf 91' lang='lat' dir='ltr'>his</span> <span class='ocrx_word' id='word_1_927' title='bbox 1054 2185 1252 2225; x_wconf 81' lang='lat' dir='ltr'>explicandis</span> <span class='ocrx_word' id='word_1_928' title='bbox 1271 2183 1429 2224; x_wconf 88' lang='lat' dir='ltr'>sequimur</span> <span class='ocrx_word' id='word_1_929' title='bbox 1447 2183 1535 2223; x_wconf 89' lang='lat' dir='ltr'>quod</span> <span class='ocrx_word' id='word_1_930' title='bbox 1554 2182 1657 2214; x_wconf 79' lang='lat' dir='ltr'>actum</span> <span class='ocrx_word' id='word_1_931' title='bbox 1669 2182 1714 2214; x_wconf 87' lang='lat' dir='ltr'>est</span> <span class='ocrx_word' id='word_1_932' title='bbox 1729 2183 1747 2214; x_wconf 91' lang='lat' dir='ltr'>l.</span> <span class='ocrx_word' id='word_1_933' title='bbox 1758 2192 1809 2224; x_wconf 82' lang='lat'>34.</span> <span class='ocrx_word' id='word_1_934' title='bbox 1821 2182 1866 2215; x_wconf 90' lang='lat' dir='ltr'>D.</span> 
     </span>
     <span class='ocr_line' id='line_1_127' title="bbox 988 2223 1864 2268; baseline -0.002 -10"><span class='ocrx_word' id='word_1_935' title='bbox 988 2229 1022 2259; x_wconf 82' lang='lat' dir='ltr'>cle</span> <span class='ocrx_word' id='word_1_936' title='bbox 1044 2227 1151 2267; x_wconf 83' lang='lat' dir='ltr'>regulis</span> <span class='ocrx_word' id='word_1_937' title='bbox 1171 2227 1260 2268; x_wconf 82' lang='lat' dir='ltr'>juris.</span> <span class='ocrx_word' id='word_1_938' title='bbox 1289 2226 1332 2256; x_wconf 89' lang='lat' dir='ltr'>ita</span> <span class='ocrx_word' id='word_1_939' title='bbox 1358 2234 1432 2256; x_wconf 91' lang='lat' dir='ltr'>cum</span> <span class='ocrx_word' id='word_1_940' title='bbox 1456 2223 1625 2256; x_wconf 82' lang='lat' dir='ltr'>verifimile</span> <span class='ocrx_word' id='word_1_941' title='bbox 1647 2223 1712 2263; x_wconf 90' lang='lat' dir='ltr'>est,</span> <span class='ocrx_word' id='word_1_942' title='bbox 1736 2233 1864 2256; x_wconf 85' lang='lat' dir='ltr'>contra-</span> 
     </span>
     <span class='ocr_line' id='line_1_128' title="bbox 990 2266 1864 2309; baseline -0.003 -9"><span class='ocrx_word' id='word_1_943' title='bbox 990 2270 1102 2300; x_wconf 87' lang='lat' dir='ltr'>hentes</span> <span class='ocrx_word' id='word_1_944' title='bbox 1122 2266 1273 2309; x_wconf 67' lang='lat' dir='ltr'>promifl‘o</span> <span class='ocrx_word' id='word_1_945' title='bbox 1291 2266 1413 2305; x_wconf 88' lang='lat' dir='ltr'>fundo,</span> <span class='ocrx_word' id='word_1_946' title='bbox 1438 2275 1502 2297; x_wconf 90' lang='lat' dir='ltr'>non</span> <span class='ocrx_word' id='word_1_947' title='bbox 1519 2267 1558 2297; x_wconf 89' lang='lat' dir='ltr'>ad</span> <span class='ocrx_word' id='word_1_948' title='bbox 1577 2266 1691 2297; x_wconf 88' lang='lat' dir='ltr'>nudam</span> <span class='ocrx_word' id='word_1_949' title='bbox 1710 2266 1864 2298; x_wconf 84' lang='lat' dir='ltr'>intendis-</span> 
     </span>
     <span class='ocr_line' id='line_1_129' title="bbox 990 2306 1864 2350; baseline -0.003 -9"><span class='ocrx_word' id='word_1_950' title='bbox 990 2311 1020 2342; x_wconf 89' lang='lat' dir='ltr'>se</span> <span class='ocrx_word' id='word_1_951' title='bbox 1046 2310 1274 2350; x_wconf 86' lang='lat' dir='ltr'>proprietatem</span> <span class='ocrx_word' id='word_1_952' title='bbox 1294 2307 1358 2340; x_wconf 87' lang='lat' dir='ltr'>fine</span> <span class='ocrx_word' id='word_1_953' title='bbox 1383 2308 1519 2340; x_wconf 87' lang='lat' dir='ltr'>utilitate</span> <span class='ocrx_word' id='word_1_954' title='bbox 1537 2306 1717 2339; x_wconf 83' lang='lat' dir='ltr'>fructuum:</span> <span class='ocrx_word' id='word_1_955' title='bbox 1741 2309 1864 2347; x_wconf 88' lang='lat' dir='ltr'>optima</span> 
     </span>
     <span class='ocr_line' id='line_1_130' title="bbox 990 2347 1864 2391; baseline -0.005 -7"><span class='ocrx_word' id='word_1_956' title='bbox 990 2353 1114 2384; x_wconf 84' lang='lat' dir='ltr'>ratione</span> <span class='ocrx_word' id='word_1_957' title='bbox 1134 2352 1399 2391; x_wconf 85' lang='lat' dir='ltr'>interpretamur,</span> <span class='ocrx_word' id='word_1_958' title='bbox 1416 2350 1504 2390; x_wconf 88' lang='lat' dir='ltr'>quod</span> <span class='ocrx_word' id='word_1_959' title='bbox 1520 2349 1563 2380; x_wconf 91' lang='lat' dir='ltr'>illi</span> <span class='ocrx_word' id='word_1_960' title='bbox 1583 2349 1738 2387; x_wconf 85' lang='lat' dir='ltr'>voluere,</span> <span class='ocrx_word' id='word_1_961' title='bbox 1763 2347 1864 2380; x_wconf 88' lang='lat' dir='ltr'>usum-</span> 
     </span>
     <span class='ocr_line' id='line_1_131' title="bbox 989 2388 1864 2432; baseline -0.003 -7"><span class='ocrx_word' id='word_1_962' title='bbox 989 2393 1128 2425; x_wconf 85' lang='lat' dir='ltr'>fructum</span> <span class='ocrx_word' id='word_1_963' title='bbox 1145 2392 1207 2424; x_wconf 77' lang='lat' dir='ltr'>ess&#39;e</span> <span class='ocrx_word' id='word_1_964' title='bbox 1226 2391 1319 2423; x_wconf 86' lang='lat' dir='ltr'>instar</span> <span class='ocrx_word' id='word_1_965' title='bbox 1336 2391 1431 2432; x_wconf 88' lang='lat' dir='ltr'>partis</span> <span class='ocrx_word' id='word_1_966' title='bbox 1449 2390 1560 2428; x_wconf 83' lang='lat' dir='ltr'>fundi,</span> <span class='ocrx_word' id='word_1_967' title='bbox 1576 2388 1641 2421; x_wconf 86' lang='lat' dir='ltr'>five</span> <span class='ocrx_word' id='word_1_968' title='bbox 1657 2389 1765 2421; x_wconf 78' lang='lat' dir='ltr'>haberi</span> <span class='ocrx_word' id='word_1_969' title='bbox 1787 2390 1864 2422; x_wconf 92' lang='lat' dir='ltr'>loco</span> 
     </span>
     <span class='ocr_line' id='line_1_132' title="bbox 989 2430 1864 2472; baseline -0.002 -6"><span class='ocrx_word' id='word_1_970' title='bbox 989 2435 1140 2472; x_wconf 87' lang='lat' dir='ltr'>dominii,</span> <span class='ocrx_word' id='word_1_971' title='bbox 1165 2435 1240 2465; x_wconf 87' lang='lat' dir='ltr'>licet</span> <span class='ocrx_word' id='word_1_972' title='bbox 1254 2434 1330 2472; x_wconf 86' lang='lat' dir='ltr'>juris</span> <span class='ocrx_word' id='word_1_973' title='bbox 1344 2433 1518 2464; x_wconf 86' lang='lat' dir='ltr'>subtilitate</span> <span class='ocrx_word' id='word_1_974' title='bbox 1534 2440 1600 2462; x_wconf 88' lang='lat' dir='ltr'>non</span> <span class='ocrx_word' id='word_1_975' title='bbox 1617 2430 1664 2462; x_wconf 81' lang='lat' dir='ltr'>iit.</span> <span class='ocrx_word' id='word_1_976' title='bbox 1696 2430 1747 2462; x_wconf 85' lang='lat' dir='ltr'>Eo</span> <span class='ocrx_word' id='word_1_977' title='bbox 1763 2433 1864 2464; x_wconf 85' lang='lat' dir='ltr'>modo</span> 
     </span>
     <span class='ocr_line' id='line_1_133' title="bbox 989 2472 1865 2516; baseline -0.003 -8"><span class='ocrx_word' id='word_1_978' title='bbox 989 2476 1130 2516; x_wconf 79' lang='lat' dir='ltr'>Julianus</span> <span class='ocrx_word' id='word_1_979' title='bbox 1145 2476 1164 2507; x_wconf 92' lang='lat' dir='ltr'>l.</span> <span class='ocrx_word' id='word_1_980' title='bbox 1182 2480 1230 2515; x_wconf 89' lang='lat'>58.</span> <span class='ocrx_word' id='word_1_981' title='bbox 1248 2474 1289 2505; x_wconf 93' lang='lat' dir='ltr'>D.</span> <span class='ocrx_word' id='word_1_982' title='bbox 1308 2476 1341 2505; x_wconf 82' lang='lat' dir='ltr'>cie</span> <span class='ocrx_word' id='word_1_983' title='bbox 1356 2475 1508 2504; x_wconf 81' lang='lat' dir='ltr'>verborum</span> <span class='ocrx_word' id='word_1_984' title='bbox 1524 2472 1764 2513; x_wconf 80' lang='lat' dir='ltr'>obligationibus,</span> <span class='ocrx_word' id='word_1_985' title='bbox 1781 2472 1865 2516; x_wconf 77' lang='lat' dir='ltr'>Qui,</span> 
     </span>
     <span class='ocr_line' id='line_1_134' title="bbox 990 2512 1865 2558; baseline -0.005 -8"><span class='ocrx_word' id='word_1_986' title='bbox 990 2519 1114 2558; x_wconf 82' lang='lat' dir='ltr'>inquit,</span> <span class='ocrx_word' id='word_1_987' title='bbox 1138 2512 1651 2556; x_wconf 74' lang='lat' dir='ltr'>usumfructumfundz&#39;stipulatur,</span> <span class='ocrx_word' id='word_1_988' title='bbox 1675 2515 1774 2545; x_wconf 81' lang='lat' dir='ltr'>deinde</span> <span class='ocrx_word' id='word_1_989' title='bbox 1787 2518 1865 2555; x_wconf 85' lang='lat' dir='ltr'>fun-</span> 
     </span>
     <span class='ocr_line' id='line_1_135' title="bbox 990 2553 1863 2598; baseline -0.005 -7"><span class='ocrx_word' id='word_1_990' title='bbox 990 2561 1077 2597; x_wconf 81' lang='lat' dir='ltr'>dum,</span> <span class='ocrx_word' id='word_1_991' title='bbox 1087 2558 1191 2597; x_wconf 83' lang='lat' dir='ltr'>fimilis</span> <span class='ocrx_word' id='word_1_992' title='bbox 1207 2555 1244 2597; x_wconf 73' lang='lat' dir='ltr'>est</span> <span class='ocrx_word' id='word_1_993' title='bbox 1262 2558 1287 2587; x_wconf 88' lang='lat' dir='ltr'>ei</span> <span class='ocrx_word' id='word_1_994' title='bbox 1302 2559 1352 2598; x_wconf 83' lang='lat' dir='ltr'>qui</span> <span class='ocrx_word' id='word_1_995' title='bbox 1364 2563 1477 2597; x_wconf 86' lang='lat' dir='ltr'>partem</span> <span class='ocrx_word' id='word_1_996' title='bbox 1484 2556 1581 2596; x_wconf 82' lang='lat' dir='ltr'>fundi</span> <span class='ocrx_word' id='word_1_997' title='bbox 1588 2553 1863 2596; x_wconf 79' lang='lat' dir='ltr'>stipulatur,dein·</span> 
     </span>
     <span class='ocr_line' id='line_1_136' title="bbox 992 2597 1864 2641; baseline -0.002 -9"><span class='ocrx_word' id='word_1_998' title='bbox 992 2603 1025 2633; x_wconf 80' lang='lat' dir='ltr'>de</span> <span class='ocrx_word' id='word_1_999' title='bbox 1039 2606 1147 2631; x_wconf 85' lang='lat' dir='ltr'>totum:</span> <span class='ocrx_word' id='word_1_1000' title='bbox 1162 2601 1232 2641; x_wconf 86' lang='lat' dir='ltr'>quia</span> <span class='ocrx_word' id='word_1_1001' title='bbox 1240 2599 1360 2638; x_wconf 81' lang='lat' dir='ltr'>fundus</span> <span class='ocrx_word' id='word_1_1002' title='bbox 1378 2599 1444 2628; x_wconf 86' lang='lat' dir='ltr'>dari</span> <span class='ocrx_word' id='word_1_1003' title='bbox 1458 2607 1515 2628; x_wconf 89' lang='lat' dir='ltr'>non</span> <span class='ocrx_word' id='word_1_1004' title='bbox 1530 2598 1724 2638; x_wconf 84' lang='lat' dir='ltr'>intelligitur,</span> <span class='ocrx_word' id='word_1_1005' title='bbox 1731 2597 1761 2637; x_wconf 83' lang='lat' dir='ltr'><em>fi</em></span> <span class='ocrx_word' id='word_1_1006' title='bbox 1780 2598 1864 2636; x_wconf 82' lang='lat' dir='ltr'>usus·</span> 
     </span>
     <span class='ocr_line' id='line_1_137' title="bbox 984 2639 1862 2683; baseline -0.001 -10"><span class='ocrx_word' id='word_1_1007' title='bbox 984 2642 1108 2683; x_wconf 71' lang='lat' dir='ltr'>fructus</span> <span class='ocrx_word' id='word_1_1008' title='bbox 1123 2641 1303 2672; x_wconf 71' lang='lat' dir='ltr'>detrabatur.</span> <span class='ocrx_word' id='word_1_1009' title='bbox 1351 2639 1547 2679; x_wconf 86' lang='lat' dir='ltr'>Pomponius</span> <span class='ocrx_word' id='word_1_1010' title='bbox 1559 2647 1691 2680; x_wconf 91' lang='lat' dir='ltr'>quoque</span> <span class='ocrx_word' id='word_1_1011' title='bbox 1710 2640 1730 2670; x_wconf 88' lang='lat' dir='ltr'>l.</span> <span class='ocrx_word' id='word_1_1012' title='bbox 1748 2643 1800 2672; x_wconf 88' lang='lat'>66.</span> <span class='ocrx_word' id='word_1_1013' title='bbox 1820 2641 1862 2672; x_wconf 65' lang='grc' dir='ltr'>Β.</span> 
     </span>
     <span class='ocr_line' id='line_1_138' title="bbox 991 2680 1864 2722; baseline -0.003 -7"><span class='ocrx_word' id='word_1_1014' title='bbox 991 2686 1024 2715; x_wconf 80' lang='lat' dir='ltr'>ae</span> <span class='ocrx_word' id='word_1_1015' title='bbox 1041 2683 1236 2715; x_wconf 82' lang='lat' dir='ltr'>contrahenda</span> <span class='ocrx_word' id='word_1_1016' title='bbox 1250 2682 1406 2722; x_wconf 82' lang='lat' dir='ltr'>emptione,</span> <span class='ocrx_word' id='word_1_1017' title='bbox 1425 2682 1461 2713; x_wconf 84' lang='lat' dir='ltr'>In</span> <span class='ocrx_word' id='word_1_1018' title='bbox 1476 2681 1625 2712; x_wconf 77' lang='lat' dir='ltr'>vendendo</span> <span class='ocrx_word' id='word_1_1019' title='bbox 1636 2703 1647 2719; x_wconf 86' lang='lat'>,</span> <span class='ocrx_word' id='word_1_1020' title='bbox 1658 2680 1778 2722; x_wconf 85' lang='lat' dir='ltr'>iuquit,</span> <span class='ocrx_word' id='word_1_1021' title='bbox 1787 2682 1864 2722; x_wconf 89' lang='lat' dir='ltr'>fun-</span> 
     </span>
     <span class='ocr_line' id='line_1_139' title="bbox 991 2721 1865 2767; baseline -0.003 -11"><span class='ocrx_word' id='word_1_1022' title='bbox 991 2727 1024 2756; x_wconf 81' lang='lat' dir='ltr'>do</span> <span class='ocrx_word' id='word_1_1023' title='bbox 1048 2726 1178 2767; x_wconf 68' lang='lat' dir='ltr'>quadam</span> <span class='ocrx_word' id='word_1_1024' title='bbox 1193 2746 1203 2761; x_wconf 88' lang='lat'>,</span> <span class='ocrx_word' id='word_1_1025' title='bbox 1235 2721 1345 2761; x_wconf 84' lang='lat' dir='ltr'>etiamsi</span> <span class='ocrx_word' id='word_1_1026' title='bbox 1370 2732 1427 2754; x_wconf 88' lang='lat' dir='ltr'>non</span> <span class='ocrx_word' id='word_1_1027' title='bbox 1451 2724 1666 2762; x_wconf 80' lang='lat' dir='ltr'>condicantur,</span> <span class='ocrx_word' id='word_1_1028' title='bbox 1698 2721 1865 2764; x_wconf 73' lang='lat' dir='ltr'>prceltunda</span> 
     </span>
     <span class='ocr_line' id='line_1_140' title="bbox 982 2764 1864 2808; baseline -0.005 -10"><span class='ocrx_word' id='word_1_1029' title='bbox 982 2768 1069 2806; x_wconf 85' lang='lat' dir='ltr'>sunt.</span> <span class='ocrx_word' id='word_1_1030' title='bbox 1097 2766 1208 2804; x_wconf 78' lang='lat' dir='ltr'>veluti,</span> <span class='ocrx_word' id='word_1_1031' title='bbox 1231 2774 1266 2796; x_wconf 90' lang='lat' dir='ltr'>ne</span> <span class='ocrx_word' id='word_1_1032' title='bbox 1280 2764 1402 2803; x_wconf 82' lang='lat' dir='ltr'>fundus</span> <span class='ocrx_word' id='word_1_1033' title='bbox 1422 2766 1578 2795; x_wconf 80' lang='lat' dir='ltr'>evincatur</span> <span class='ocrx_word' id='word_1_1034' title='bbox 1601 2770 1656 2796; x_wconf 88' lang='lat' dir='ltr'>aut</span> <span class='ocrx_word' id='word_1_1035' title='bbox 1677 2764 1864 2808; x_wconf 73' lang='lat' dir='ltr'>ususfructus·</span> 
     </span>
     <span class='ocr_line' id='line_1_141' title="bbox 989 2804 1864 2850; baseline -0.005 -11"><span class='ocrx_word' id='word_1_1036' title='bbox 989 2809 1061 2850; x_wconf 81' lang='lat' dir='ltr'>ejus.</span> <span class='ocrx_word' id='word_1_1037' title='bbox 1106 2807 1152 2839; x_wconf 89' lang='lat' dir='ltr'>Ita</span> <span class='ocrx_word' id='word_1_1038' title='bbox 1167 2805 1340 2848; x_wconf 84' lang='lat' dir='ltr'>igiturest:</span> <span class='ocrx_word' id='word_1_1039' title='bbox 1363 2804 1573 2845; x_wconf 70' lang='lat' dir='ltr'>ususfructus,</span> <span class='ocrx_word' id='word_1_1040' title='bbox 1597 2807 1725 2847; x_wconf 87' lang='lat' dir='ltr'>quot-ies</span> <span class='ocrx_word' id='word_1_1041' title='bbox 1743 2808 1783 2837; x_wconf 83' lang='lat' dir='ltr'>de</span> <span class='ocrx_word' id='word_1_1042' title='bbox 1806 2814 1864 2835; x_wconf 91' lang='lat' dir='ltr'>no-</span> 
     </span>
     <span class='ocr_line' id='line_1_142' title="bbox 991 2847 1864 2889; baseline -0.003 -9"><span class='ocrx_word' id='word_1_1043' title='bbox 991 2850 1084 2881; x_wconf 88' lang='lat' dir='ltr'>minis</span> <span class='ocrx_word' id='word_1_1044' title='bbox 1100 2849 1272 2880; x_wconf 85' lang='lat' dir='ltr'>subtilitate</span> <span class='ocrx_word' id='word_1_1045' title='bbox 1288 2847 1463 2889; x_wconf 87' lang='lat' dir='ltr'>disputatur</span> <span class='ocrx_word' id='word_1_1046' title='bbox 1478 2857 1517 2879; x_wconf 85' lang='lat' dir='ltr'>ex</span> <span class='ocrx_word' id='word_1_1047' title='bbox 1534 2856 1601 2879; x_wconf 89' lang='lat' dir='ltr'>arte</span> <span class='ocrx_word' id='word_1_1048' title='bbox 1614 2849 1711 2888; x_wconf 76' lang='lat' dir='ltr'>Juris,</span> <span class='ocrx_word' id='word_1_1049' title='bbox 1731 2855 1791 2878; x_wconf 85' lang='lat' dir='ltr'>nec</span> <span class='ocrx_word' id='word_1_1050' title='bbox 1808 2855 1864 2877; x_wconf 93' lang='lat' dir='ltr'>vo-</span> 
     </span>
     <span class='ocr_line' id='line_1_143' title="bbox 992 2886 1860 2930; baseline -0.006 -8"><span class='ocrx_word' id='word_1_1051' title='bbox 992 2892 1094 2922; x_wconf 86' lang='lat' dir='ltr'>luntas</span> <span class='ocrx_word' id='word_1_1052' title='bbox 1119 2891 1319 2930; x_wconf 85' lang='lat' dir='ltr'>loquentium</span> <span class='ocrx_word' id='word_1_1053' title='bbox 1343 2888 1389 2921; x_wconf 89' lang='lat' dir='ltr'>est</span> <span class='ocrx_word' id='word_1_1054' title='bbox 1413 2888 1597 2930; x_wconf 87' lang='lat' dir='ltr'>quaestioni,</span> <span class='ocrx_word' id='word_1_1055' title='bbox 1621 2896 1657 2920; x_wconf 91' lang='lat' dir='ltr'>ut</span> <span class='ocrx_word' id='word_1_1056' title='bbox 1676 2890 1706 2919; x_wconf 84' lang='lat' dir='ltr'>in</span> <span class='ocrx_word' id='word_1_1057' title='bbox 1724 2886 1860 2918; x_wconf 81' lang='lat' dir='ltr'>formula</span> 
     </span>
     <span class='ocr_line' id='line_1_144' title="bbox 991 2929 1862 2969; baseline -0.003 -5"><span class='ocrx_word' id='word_1_1058' title='bbox 991 2932 1125 2964; x_wconf 80' lang='lat' dir='ltr'>actionis</span> <span class='ocrx_word' id='word_1_1059' title='bbox 1143 2930 1363 2969; x_wconf 78' lang='lat' dir='ltr'>confessoriae‚</span> <span class='ocrx_word' id='word_1_1060' title='bbox 1381 2939 1435 2962; x_wconf 85' lang='lat' dir='ltr'>aut</span> <span class='ocrx_word' id='word_1_1061' title='bbox 1452 2934 1496 2963; x_wconf 89' lang='lat' dir='ltr'>rei</span> <span class='ocrx_word' id='word_1_1062' title='bbox 1515 2929 1758 2966; x_wconf 87' lang='lat' dir='ltr'>vindicationis,</span> <span class='ocrx_word' id='word_1_1063' title='bbox 1782 2929 1862 2961; x_wconf 83' lang='lat' dir='ltr'>item</span> 
     </span>
     <span class='ocr_line' id='line_1_145' title="bbox 992 2969 1862 3015; baseline -0.005 -10"><span class='ocrx_word' id='word_1_1064' title='bbox 992 2976 1022 3005; x_wconf 89' lang='lat' dir='ltr'>in</span> <span class='ocrx_word' id='word_1_1065' title='bbox 1039 2973 1272 3015; x_wconf 67' lang='lat' dir='ltr'>adjudicatione</span> <span class='ocrx_word' id='word_1_1066' title='bbox 1294 2972 1413 3013; x_wconf 88' lang='lat' dir='ltr'>Judicis</span> <span class='ocrx_word' id='word_1_1067' title='bbox 1429 2971 1557 3004; x_wconf 80' lang='lat' dir='ltr'>familiae</span> <span class='ocrx_word' id='word_1_1068' title='bbox 1575 2969 1786 3008; x_wconf 80' lang='lat' dir='ltr'>erciscundae,</span> <span class='ocrx_word' id='word_1_1069' title='bbox 1808 2976 1862 3001; x_wconf 85' lang='lat' dir='ltr'>aut</span> 
     </span>
     <span class='ocr_line' id='line_1_146' title="bbox 992 3011 1862 3053; baseline -0.007 -6"><span class='ocrx_word' id='word_1_1070' title='bbox 992 3016 1153 3047; x_wconf 86' lang='lat' dir='ltr'>communi</span> <span class='ocrx_word' id='word_1_1071' title='bbox 1170 3015 1363 3053; x_wconf 65' lang='lat' dir='ltr'>dividuum,</span> <span class='ocrx_word' id='word_1_1072' title='bbox 1383 3024 1447 3046; x_wconf 89' lang='lat' dir='ltr'>non</span> <span class='ocrx_word' id='word_1_1073' title='bbox 1465 3014 1510 3045; x_wconf 89' lang='lat' dir='ltr'>est</span> <span class='ocrx_word' id='word_1_1074' title='bbox 1527 3015 1570 3044; x_wconf 86' lang='lat' dir='ltr'>rei</span> <span class='ocrx_word' id='word_1_1075' title='bbox 1587 3011 1782 3049; x_wconf 83' lang='lat' dir='ltr'>dominium,</span> <span class='ocrx_word' id='word_1_1076' title='bbox 1806 3020 1862 3041; x_wconf 86' lang='lat' dir='ltr'>ne-</span> 
     </span>
     <span class='ocr_line' id='line_1_147' title="bbox 993 3051 1864 3098; baseline -0.007 -10"><span class='ocrx_word' id='word_1_1077' title='bbox 993 3066 1055 3096; x_wconf 86' lang='lat' dir='ltr'>que</span> <span class='ocrx_word' id='word_1_1078' title='bbox 1074 3058 1115 3089; x_wconf 89' lang='lat' dir='ltr'>rei</span> <span class='ocrx_word' id='word_1_1079' title='bbox 1133 3066 1221 3098; x_wconf 86' lang='lat' dir='ltr'>pars:</span> <span class='ocrx_word' id='word_1_1080' title='bbox 1244 3057 1296 3088; x_wconf 88' lang='lat' dir='ltr'>sed</span> <span class='ocrx_word' id='word_1_1081' title='bbox 1317 3056 1364 3097; x_wconf 80' lang='lat' dir='ltr'>jus</span> <span class='ocrx_word' id='word_1_1082' title='bbox 1381 3066 1397 3087; x_wconf 85' lang='lat' dir='ltr'>a</span> <span class='ocrx_word' id='word_1_1083' title='bbox 1415 3056 1560 3087; x_wconf 87' lang='lat' dir='ltr'>dominio</span> <span class='ocrx_word' id='word_1_1084' title='bbox 1582 3053 1611 3083; x_wconf 76' lang='grc' dir='ltr'>ἀ</span> <span class='ocrx_word' id='word_1_1085' title='bbox 1630 3059 1718 3093; x_wconf 85' lang='lat' dir='ltr'>parte</span> <span class='ocrx_word' id='word_1_1086' title='bbox 1734 3052 1801 3092; x_wconf 85' lang='lat' dir='ltr'>ejus</span> <span class='ocrx_word' id='word_1_1087' title='bbox 1819 3051 1864 3083; x_wconf 88' lang='lat' dir='ltr'>se-</span> 
     </span>
     <span class='ocr_line' id='line_1_148' title="bbox 993 3093 1864 3140; baseline -0.005 -10"><span class='ocrx_word' id='word_1_1088' title='bbox 993 3107 1141 3140; x_wconf 88' lang='lat' dir='ltr'>paratum.</span> <span class='ocrx_word' id='word_1_1089' title='bbox 1165 3107 1317 3130; x_wconf 86' lang='lat' dir='ltr'>caeterum</span> <span class='ocrx_word' id='word_1_1090' title='bbox 1333 3099 1362 3129; x_wconf 90' lang='lat' dir='ltr'>in</span> <span class='ocrx_word' id='word_1_1091' title='bbox 1380 3098 1489 3138; x_wconf 84' lang='lat' dir='ltr'>legatis</span> <span class='ocrx_word' id='word_1_1092' title='bbox 1506 3096 1536 3126; x_wconf 88' lang='lat'><strong>&amp;</strong></span> <span class='ocrx_word' id='word_1_1093' title='bbox 1552 3093 1789 3133; x_wconf 83' lang='lat' dir='ltr'>contractibus,</span> <span class='ocrx_word' id='word_1_1094' title='bbox 1808 3094 1864 3126; x_wconf 90' lang='lat' dir='ltr'>ubi</span> 
     </span>
     <span class='ocr_line' id='line_1_149' title="bbox 992 3135 1864 3181; baseline -0.007 -9"><span class='ocrx_word' id='word_1_1095' title='bbox 992 3141 1142 3181; x_wconf 82' lang='lat' dir='ltr'>quaeritur</span> <span class='ocrx_word' id='word_1_1096' title='bbox 1160 3141 1310 3172; x_wconf 83' lang='lat' dir='ltr'>voluntas</span> <span class='ocrx_word' id='word_1_1097' title='bbox 1336 3139 1492 3170; x_wconf 76' lang='lat' dir='ltr'>testatoris</span> <span class='ocrx_word' id='word_1_1098' title='bbox 1515 3144 1567 3167; x_wconf 89' lang='lat' dir='ltr'>aut</span> <span class='ocrx_word' id='word_1_1099' title='bbox 1584 3135 1864 3175; x_wconf 88' lang='lat' dir='ltr'>contrahentium,</span> 
     </span>
     <span class='ocr_line' id='line_1_150' title="bbox 992 3177 1863 3253; baseline -0.009 -37"><span class='ocrx_word' id='word_1_1100' title='bbox 992 3183 1089 3225; x_wconf 76' lang='lat' dir='ltr'>magis</span> <span class='ocrx_word' id='word_1_1101' title='bbox 1113 3182 1311 3253; x_wconf 56' lang='lat' dir='ltr'>adqdominii</span> <span class='ocrx_word' id='word_1_1102' title='bbox 1335 3179 1483 3214; x_wconf 80' lang='lat' dir='ltr'>effectum</span> <span class='ocrx_word' id='word_1_1103' title='bbox 1500 3200 1511 3217; x_wconf 88' lang='lat'><em>‚</em></span> <span class='ocrx_word' id='word_1_1104' title='bbox 1542 3186 1636 3219; x_wconf 84' lang='lat' dir='ltr'>quam</span> <span class='ocrx_word' id='word_1_1105' title='bbox 1656 3177 1700 3210; x_wconf 86' lang='lat' dir='ltr'>ad</span> <span class='ocrx_word' id='word_1_1106' title='bbox 1723 3177 1863 3248; x_wconf 54' lang='lat' dir='ltr'>nomsiqis</span> 
     </span>
    </p>

    <p class='ocr_par' dir='ltr' id='par_1_8' title="bbox 1156 3228 1860 3265">
     <span class='ocr_line' id='line_1_151' title="bbox 1156 3228 1860 3265; baseline -0.006 -13"><span class='ocrx_word' id='word_1_1107' title='bbox 1156 3244 1161 3252; x_wconf 79' lang='grc'>.</span> <span class='ocrx_word' id='word_1_1108' title='bbox 1193 3234 1206 3256; x_wconf 87' lang='lat' dir='ltr'>s</span> <span class='ocrx_word' id='word_1_1109' title='bbox 1225 3233 1246 3265; x_wconf 78' lang='lat'>3</span> <span class='ocrx_word' id='word_1_1110' title='bbox 1806 3228 1860 3249; x_wconf 66' lang='lat' dir='ltr'>it:-</span> 
     </span>
    </p>
   </div>
  </div>
 </body>
</html>
