2036 3495
347 96 411 129 An
438 94 532 130 L11i.
561 85 692 128 XXVI.
725 90 818 128 Tm.
846 83 888 125 X.
917 88 967 124 De
980 84 1132 135 suspeffls
1160 92 1312 128 tutoribus
1334 89 1376 133 ἐξ
1397 97 1588 132 curatoribus

75 186 183 216 autem
202 182 349 223 deposito
369 179 479 214 officio
497 182 526 214 ἀ
542 179 606 213 alio
622 180 767 222 sumpto,
792 180 880 212 finita
904 186 951 211 tu·

77 225 141 256 tela
157 223 221 262 est,
246 225 275 255 ἃ
294 224 398 264 potest
423 224 530 255 tutelae
554 223 619 263 agi:
641 232 704 254 non
728 223 823 262 igitur
846 221 890 267 est
914 230 949 251 0-

77 274 136 307 pus
151 264 353 296 accusatione
369 265 399 296 &
417 265 596 301 remotione
615 262 752 302 suspecti,
764 271 888 294 tutoris.
920 261 947 294 1-

76 310 151 338 dem
172 305 235 338 esse
261 307 466 344 quaerendum
494 308 538 338 ait
564 304 592 346 §t
616 313 643 344 7.
666 304 689 336 si
713 313 878 350 proponas.
895 303 948 334 ali·

74 355 170 387 quem
190 345 306 379 desiisse
326 346 387 378 esse
404 355 543 379 tutorem
561 368 571 383 ‚
595 345 625 376 ἀ
649 348 767 377 rursum
795 344 945 385 coepisse,

75 389 207 430 (utputa
224 397 325 429 usque
341 389 380 419 ad
398 396 521 427 tempus
539 387 587 419 vel
607 387 645 417 ad
669 386 888 419 conditionem
912 395 946 417 c-

72 437 123 461 rat
138 430 248 468 (latua,
270 430 385 461 deinde
401 429 532 465 iterum,
551 428 600 458 vel
617 428 858 464 superveniente
867 436 944 458 con-

74 470 199 504 ditione
221 468 475 507 testamentaria,
500 469 550 499 vel
574 469 668 501 etiam
693 479 708 500 a
730 468 868 500 Praetoie
892 469 949 499 da-v

76 518 128 543 tus
145 511 209 551 est)
223 522 260 543 an
277 510 430 550 suspectus
446 509 594 550 postulari
612 510 730 549 peffit?
742 510 783 540 Et
797 511 859 548 ait,
871 510 946 548 quia

74 553 146 584 duae
164 554 272 585 tutelae
290 550 375 588 sunt,
400 551 420 583 si
437 551 499 589 est,
523 552 576 591 qui
595 560 666 583 eum
694 552 802 583 tutelae
820 551 943 590 judicio

71 595 265 632 conveniat,
290 592 494 630 aequiffimum
513 593 572 624 erit
593 593 718 629 dicere,
742 591 859 623 cessare
884 593 943 622 cri-

70 643 147 668 men
165 633 303 674 suspecti.
329 633 436 676 Quid,
453 633 475 665 si
493 633 557 674 ipse
575 641 663 665 tutor
680 633 724 665 est
740 633 841 670 solus,
854 642 941 664 num-

71 677 150 716 quid
166 677 239 717 quia
257 675 364 706 tutclae
382 674 479 707 cess‘at
492 697 502 713 ,
527 675 740 707 removendus
755 673 791 705 sit
814 675 854 705 ab
882 674 942 705 liae

70 716 359 755 administratione,
390 715 474 757 quafi
498 718 530 748 in
554 716 613 748 hac
637 715 793 756 suspectus
818 725 859 747 ex
880 725 940 754 co,

70 759 162 799 quod
179 759 211 790 in
235 759 291 789 alia
309 757 389 790 male
406 756 543 790 versatus
558 754 620 789 fit?
641 756 723 789 Haec
745 756 876 797 quaesti'o
898 757 940 788 fic

69 800 264 841 proponitur
288 801 317 831 in
336 799 364 840 ὃ.
388 803 417 834 8.
455 808 516 830 nec
540 798 679 839 sequitur
703 797 873 837 responsio.
898 808 940 829 ex

69 850 162 873 more
187 848 291 872 tamen
312 840 490 880 disputandi
513 840 668 874 Veterum
693 840 938 880 interrogationi

69 881 187 914 inclusa
203 881 369 913 affirmatio
386 882 485 913 videri
503 882 617 913 debet:
632 888 728 921 atque
745 880 819 912 inde
838 881 936 921 expli-

70 923 207 955 candum
223 932 354 963 quoque
373 924 459 963 quod
473 923 590 954 ibidem
615 922 772 962 sequitur:
798 920 882 962 Ergo
908 921 938 952 ὅ(

69 967 102 996 iri
118 973 158 996 eo
176 965 230 1005 qui
249 972 376 996 curator
396 963 477 996 solus
493 964 561 1005 post
578 963 697 996 finitam
715 963 848 997 tutelam
861 972 938 997 con-

70 1004 211 1038 firmatus
228 1005 292 1044 est,
316 1006 399 1037 idem
419 1006 481 1038 dici
498 1005 611 1047 potest.
654 1005 732 1036 Sunt
756 1004 785 1035 &
801 1004 858 1035 alia
883 1005 938 1035 hu·

68 1047 117 1087 jus
133 1049 256 1087 generis
278 1048 442 1088 complura
467 1046 494 1088 §.
511 1057 539 1084 9.
564 1056 607 1078 10.
625 1045 661 1081 &²
682 1055 727 1077 11.
754 1045 805 1076 sed
828 1055 867 1077 ex
890 1045 937 1077 su-

69 1089 248 1127 perioribus
263 1088 424 1120 intellectu
440 1098 505 1120 non
522 1087 671 1120 difficilia.
683 1087 761 1119 Illud
778 1095 841 1118 non
860 1096 935 1126 pra:-

69 1130 262 1168 termittam3
287 1139 356 1161 nam
374 1130 413 1161 ab
430 1131 545 1161 eodem
563 1129 655 1160 fonte
672 1126 801 1172 profluit
816 1150 826 1166 ,
849 1130 937 1168 quod

68 1171 101 1202 in
119 1170 148 1211 §.
166 1175 195 1205 8.
219 1168 288 1211 Infl.
306 1172 332 1202 h.
349 1176 370 1202 t.
394 1171 436 1202 ait
452 1170 654 1211 justinianus:
677 1169 708 1202 Si
726 1168 855 1208 suspecti
882 1179 936 1200 co-

67 1212 174 1253 gnitio
196 1211 335 1251 suscepta
351 1212 467 1250 suerit,
487 1212 691 1252 posteaquam
709 1218 796 1243 tutor
814 1211 862 1256 xjel
881 1220 934 1242 cu-

68 1260 157 1285 rator
172 1252 355 1291 decesserit,
379 1254 574 1294 extinguitur
591 1252 719 1292 suspecti
735 1253 890 1292 cognitio.

112 1292 280 1334 Reliquum
300 1294 364 1333 est,
389 1302 423 1325 ut
438 1296 478 1326 de
505 1293 621 1325 effeftu
647 1292 795 1334 postulati
822 1293 935 1324 tutoris

69 1334 221 1375 suspecti,
243 1337 347 1374 deque
365 1335 478 1366 remoti
501 1344 595 1375 poena
612 1357 621 1372 ,
645 1334 866 1366 deliberemus.
891 1333 935 1364 ef-

67 1375 185 1408 festum
203 1375 351 1406 institutae
366 1375 584 1416 postulationis
603 1376 756 1415 proponit
790 1374 869 1416 Imp.
884 1375 934 1414 Ju-

68 1416 216 1448 stini’anus
233 1416 259 1457 §.
281 1425 308 1457 7.
328 1415 399 1457 Infl.
416 1417 443 1448 h.
462 1423 484 1448 t.
508 1417 554 1448 his
571 1417 694 1449 vei-bis:
718 1417 751 1448 Si
763 1417 934 1457 quirsuspe-

67 1457 130 1489 &us
141 1455 326 1498 postulatur,
357 1460 452 1498 quoad
474 1459 597 1499 cognitio
616 1457 763 1497 finiatur,
785 1458 933 1496 interdici-

67 1505 118 1531 tur
132 1501 157 1530 ei
171 1496 380 1537 administratio
391 1521 400 1536 ,
418 1505 452 1529 ut
469 1498 632 1539 Papiniano
647 1499 743 1539 vis'zim
758 1497 806 1538 esi.
831 1498 933 1531 idem-

67 1548 131 1579 que
146 1539 314 1570 confirmat
331 1538 487 1580 Ulpianus
502 1540 521 1570 l.
543 1549 590 1579 14.
610 1539 639 1581 §.
659 1548 685 1570 1.
703 1539 744 1571 D.
762 1542 795 1569 tile
812 1540 934 1578 Μειδίο-

66 1582 126 1612 nib.
150 1579 340 1611 Gordianus'
355 1580 374 1611 l.
392 1589 420 1620 7.
439 1581 471 1612 C.
495 1580 524 1612 b.
548 1586 569 1612 t.
592 1581 699 1619 addit,
722 1581 834 1618 alium,
857 1590 932 1620 puta

66 1628 247 1653 curatorem
266 1644 276 1659 ,
299 1621 416 1652 interea
433 1622 464 1652 in
483 1622 588 1654 locum
606 1622 679 1663 ejus‘
693 1621 723 1653 in
748 1622 935 1654 administra-

69 1663 161 1694 tione
178 1672 281 1694 rerum
299 1663 508 1695 ordinandum
525 1662 597 1694 esse.
638 1662 693 1694 Est
711 1672 789 1695 vero
807 1662 875 1695 hoc
885 1664 934 1704 jus

65 1703 239 1745 singulare,
261 1704 476 1735 introuuoum
501 1704 532 1736 in
555 1704 701 1735 favorem
723 1704 934 1745 pupillorum}

68 1746 210 1785 ideoque
227 1753 291 1776 non
318 1744 505 1777 trahendum
529 1746 568 1777 ad
591 1745 867 1786 consequentiam:
889 1748 935 1786 ju*

66 1787 154 1817 dicio
172 1786 211 1816 ab
235 1787 428 1817 executione
447 1796 511 1817 non
533 1786 629 1818 facile
652 1786 837 1818 inchoando
859 1787 880 1818 l.
907 1796 933 1819 i.

68 1827 102 1858 C.
120 1829 153 1858 de
169 1833 280 1858 execat.
296 1828 338 1857 rei
349 1828 443 1868 Juciic.
466 1827 537 1859 sane
558 1828 589 1859 in
614 1827 679 1860 aliis
705 1829 765 1859 reis
794 1829 934 1860 criminis

66 1867 253 1908 postulatis,
277 1868 375 1900 simile
397 1869 473 1908 quid
495 1878 649 1910 nusquam
674 1869 856 1908 proditum:
880 1868 935 1901 etsi

66 1910 210 1950 placeat,
234 1918 290 1940 eos
308 1919 412 1941 novos
429 1909 569 1941 honores
590 1918 743 1950 appetere
758 1920 822 1941 non
840 1910 934 1942 debe·

65 1960 122 1987 re,
143 1959 310 1989 antequam
336 1952 539 1991 purgaverint
563 1951 781 1983 innocentiam
807 1951 890 1983 suzim
912 1951 933 1983 1.

65 1993 146 2022 unic.
162 1992 194 2022 C.
217 1997 249 2022 ae
268 1993 322 2022 reis
342 1992 478 2033 postulat.
502 1992 548 2023 lib.
571 2002 617 2025 10.
641 1992 686 2023 iit.
705 1998 756 2033 58.
801 1991 878 2024 Dixi
894 1992 935 2024 de

65 2031 183 2064 effectu
216 2032 365 2063 institutae
396 2032 615 2073 postulationis
648 2032 776 2074 suspecti
809 2034 934 2070 tutoris,

64 2072 226 2113 exspectas
251 2073 400 2106 effectum
425 2074 577 2111 nrolaatae.
629 2073 686 2105 Est
709 2076 760 2114 is;
789 2083 825 2106 ut
848 2082 935 2106 tutor

65 2114 127 2146 esse
144 2114 281 2152 desinat,
304 2114 391 2148 fatto
409 2115 611 2156 Magistratus
630 2125 646 2146 a
671 2116 768 2147 tutela
790 2123 933 2147 remotus

64 2155 94 2197 §.
114 2156 167 2186 ult.
188 2153 259 2196 lnst.
280 2155 367 2200 Quib.
387 2159 460 2188 mod.
486 2161 543 2187 tiit.
555 2156 612 2196 fin.
638 2157 656 2187 i.
680 2165 725 2195 14.
744 2156 772 2199 §.
791 2167 819 2189 2.
840 2157 879 2188 D.
896 2159 933 2188 cle

56 2198 147 2238 Joluc.
175 2197 204 2228 &
228 2197 305 2228 alius
326 2198 356 2228 in
375 2198 439 2237 ejus
457 2197 562 2228 locum
586 2197 795 2230 constituatur
812 2198 830 2230 l.
847 2203 877 2229 6.
897 2198 932 2229 C.

63 2239 92 2268 h.
114 2243 136 2269 t.
160 2237 226 2277 ipso
251 2246 355 2269 tamen
381 2240 448 2278 jure
473 2238 516 2270 est
540 2246 643 2269 tutor:
674 2240 703 2270 c&
728 2241 852 2280 optime
876 2239 930 2270 Pa-

63 2279 210 2320 pinianus
232 2279 252 2311 i.
279 2288 326 2311 10.
351 2280 396 2310 l).
420 2281 448 2311 h.
473 2285 494 2310 t.
525 2279 646 2310 Decreta
670 2280 806 2311 Praetoris
829 2286 862 2315 ut
877 2279 929 2322 fii-

52 2320 174 2360 specius
196 2326 334 2359 remotus,
365 2320 525 2360 periculum
538 2322 643 2361 saturi
665 2323 793 2361 temporis
813 2331 870 2352 non
892 2323 929 2353 ii-

62 2369 137 2392 mec:
173 2364 307 2402 iniquum
336 2363 411 2392 enim
440 2362 575 2401 videtur,
612 2364 750 2393 removeri
779 2364 893 2403 quidem
911 2373 929 2394 α

64 2403 156 2434 tutela
172 2403 218 2433 vel
241 2413 313 2434 cum
330 2426 340 2442 ,
369 2405 399 2434 in
418 2403 561 2443 futurum
585 2409 682 2434 autem
701 2413 757 2435 non
780 2404 831 2444 effe
843 2406 928 2444 Jecu-

64 2451 139 2475 rums

104 2483 200 2516 Poena
215 2493 312 2519 porro
331 2486 446 2516 remoti
466 2485 580 2517 tutoris
596 2484 852 2525 suspettimajoie
861 2496 929 2527 pre·

64 2524 161 2554 mitur
177 2525 379 2564 difficultate,
402 2526 432 2558 &
450 2535 524 2562 ,cura
542 2536 622 2566 opus
638 2527 734 2558 habet
754 2528 927 2568 diligentis·

63 2564 154 2602 sima,
178 2574 249 2596 curn
271 2575 402 2607 propter
419 2568 496 2606 alia,
519 2574 585 2599 tum
606 2576 738 2607 propter
755 2568 823 2599 haee
848 2568 926 2610 lmp.

61 2605 222 2644 justiniani
240 2606 267 2645 §.
288 2611 317 2637 6.
337 2606 408 2648 lnfi.
426 2609 453 2639 h.
477 2613 500 2639 t.
525 2609 640 2640 vei-ba:
664 2609 818 2649 Suspebius
842 2620 928 2641 remo-

61 2652 128 2685 tus,
144 2645 174 2685 fi
187 2649 299 2688 quidem
314 2649 345 2678 ob
358 2650 470 2684 dolium
492 2651 620 2687 famosas
635 2649 691 2687 cll:
704 2650 737 2693 st
755 2653 787 2681 ob
802 2652 927 2693 culpam,

60 2697 120 2718 non
135 2698 220 2728 aeque.
245 2687 344 2729 Quod
361 2691 399 2721 de
419 2691 496 2721 dolo
514 2692 611 2729 dicit,
629 2691 673 2722 est
688 2693 831 2723 omnium
851 2702 925 2724 con-

58 2728 146 2760 sensu
169 2739 288 2761 verum.
332 2730 373 2760 At
388 2739 480 2769 quam
497 2733 645 2773 intelligit
664 2734 805 2772 culpam:
822 2742 926 2766 utrum

57 2769 171 2808 latam,
195 2780 232 2801 an
256 2770 386 2802 levem?
409 2770 553 2812 Plerique
570 2783 680 2805 omncs
695 2774 799 2805 levem
823 2774 927 2807 existi·

58 2819 155 2842 mant.
179 2811 249 2849 sed,
274 2810 383 2851 spero,
408 2812 571 2853 ignoscent
587 2815 663 2846 milii
679 2839 687 2850 ,
714 2815 806 2845 latam
830 2816 922 2847 inter·

56 2853 204 2893 pretanti.
248 2850 367 2892 Utique
384 2852 404 2884 fi
422 2863 486 2885 rem
501 2863 646 2894 putemus
670 2855 731 2887 sine
749 2855 865 2887 affectu
882 2865 926 2888 at-

57 2902 120 2934 que
139 2893 315 2925 ambitione
333 2902 426 2934 quam
449 2894 683 2935 flmpliciffime,
716 2907 750 2928 ut
772 2905 923 2936 oportet3

55 2936 174 2974 patitur
196 2935 324 2973 quidem
349 2934 425 2974 juris
456 2938 655 2976 providentia
682 2945 841 2976 tutorem,
866 2938 922 2974 etfi

55 2977 176 3007 bonum
204 2977 232 3006 &
258 2974 413 3012 sancium,
446 2977 488 3008 ob
510 2978 633 3018 culpam
665 2979 777 3016 latam,
802 2980 833 3011 id
858 2979 921 3018 est,

55 3018 126 3059 quia
144 3016 242 3049 nescit
259 3018 347 3056 quod
364 3026 474 3049 omnes
494 3018 591 3050 sciunt
607 3021 624 3049 l.
642 3029 710 3060 213.
732 3020 760 3060 §.
778 3030 806 3051 2.
835 3021 923 3053 ade

54 3060 131 3090 verb.
165 3058 251 3099 ignis.
275 3066 432 3098 tamquam
459 3059 644 3099 socordem,
677 3070 783 3100 eoque
807 3062 844 3092 ad
869 3064 920 3093 ad-

56 3101 130 3131 mini
162 3103 291 3130 randum
310 3101 453 3139 ineptum
479 3109 574 3139 atque
596 3101 760 3140 inutilem,
784 3112 801 3133 a
824 3104 921 3134 tutela

54 3142 228 3173 removeri:
253 3148 391 3171 tutorem
417 3150 494 3172 vero
517 3142 683 3174 honestum
711 3143 739 3173 ἀ
764 3144 919 3184 probum,

53 3181 177 3223 insuper
200 3182 238 3216 ad
262 3181 564 3218 administrationem
587 3192 696 3227 aptum
725 3192 821 3227 atque
850 3186 916 3219 ido-

1799 104 1871 149 445²

993 186 1109 218 neum,
1132 179 1177 211 ob
1194 188 1291 220 quam
1305 183 1416 216 levem.
1428 185 1616 226 cu·lpam,id
1632 186 1697 227 est,
1713 187 1756 220 ob
1766 198 1864 229 quem.

992 219 1097 251 levem
1115 230 1274 266 errorem,
1297 233 1318 254 a
1336 228 1434 257 tutela
1451 229 1630 267 removeri,
1653 238 1722 269 quae
1745 234 1862 270 patitui·

991 262 1141 292 naturalis
1158 271 1211 295 aut
1236 265 1339 296 civilis
1355 268 1460 299 ratio?
1485 267 1564 300 Non
1588 279 1637 302 me
1660 270 1762 312 fugit,
1786 283 1860 307 eum

990 301 1034 332 ob
1051 302 1326 349 leyemculpam,
1357 307 1375 338 si
1400 317 1458 348 qua
1479 311 1603 350 pupillo
1634 314 1800 352 nocuerit,
1831 319 1859 346 ei

990 349 1091 373 teneri
1115 343 1247 377 actione>
1266 347 1384 379 tutelae.
1430 348 1548 383 Verum
1578 353 1618 384 de
1649 353 1707 386 hac
1732 355 1860 388 demum

989 385 1140 422 quaei‘itur
1157 407 1166 423 ,
1197 385 1286 418 finita
1305 389 1406 418 tutela
1429 390 1457 430 ᾗ,
1485 392 1538 423 uic.
1562 392 1635 435 Inst.
1663 396 1714 427 De
1729 396 1857 429 Atilicin.

988 429 1044 454 tut.
1061 424 1208 472 'proesens'
1219 435 1327 459 aute-m
1342 430 1530 463 deliberatio
1554 435 1600 466 est
1620 437 1660 468 de
1684 438 1860 469 accusatio-

987 473 1028 495 ne
1047 465 1077 495 &
1095 475 1276 500 remotione
1292 469 1575 510 inspecti,tantum
1594 477 1859 511 locumvconssan-

988 512 1019 536 te
1039 507 1140 538 tutela,
1152 508 1292 543 habente
1313 511 1340 552 §.
1359 516 1386 545 ὃ.
1404 511 1478 552 lnsb.
1495 515 1523 546 h.
1541 522 1563 546 t.
1606 517 1706 559 Igitur
1722 522 1798 561 quid
1817 522 1858 553 ia-

986 545 1162 591 befanius?
1185 549 1204 581 fi
1222 552 1305 583 enirn
1325 552 1369 583 ob
1386 553 1490 586 levem
1508 557 1632 598 culpam
1652 569 1716 592 non
1736 571 1856 594 conve-

986 596 1070 619 nitur
1087 590 1225 622 durante
1237 593 1336 624 tutela
1359 602 1447 626 tutor
1465 596 1484 627 l.
1510 602 1538 631 8.
1550 600 1604 631 χ1).
1629 601 1657 632 h.
1675 607 1698 634 t.
1729 613 1789 635 nec
1811 605 1859 635 oli

985 637 1089 675 caina
1108 633 1206 662 tutela
1224 642 1372 673 umquam
1390 645 1591 671 removetur:
1615 651 1724 675 nonne
1744 644 1854 678 furiofi

983 669 1038 709 fit,
1062 679 1092 701 in
1112 673 1138 702 d.
1156 673 1183 714 ᾗ.
1198 678 1228 704 6.
1253 684 1422 720 q1uaercre3
1453 687 1490 710 an
1519 680 1564 712 ob
1594 682 1698 715 levem
1728 687 1856 727 culpam

983 720 1144 759 remotua,
1169 714 1295 747 infamis
1313 716 1392 749 fiat?
1416 718 1537 752 Contra
1551 744 1562 759 ,
1585 722 1605 754 sl
1624 731 1732 764 tutor,
1748 735 1857 767 quam«

984 761 1076 792 quam
1096 764 1142 785 Vir
1159 755 1263 788 bonus
1281 757 1311 789 dt
1329 759 1466 799 probus,
1490 771 1507 792 a
1527 765 1626 797 tutela
1643 762 1770 807 optimo
1784 769 1857 809 jure

983 802 1168 829 removetur
1198 798 1241 828 ob
1264 799 1388 839 culpam
1420 801 1533 842 latam,
1557 805 1589 838 id
1613 806 1676 846 est,
1707 809 1784 848 quia
1801 819 1854 852 ap-

981 843 1091 874 paret,
1116 846 1188 869 euin
1212 839 1253 870 ad
1278 841 1582 878 administrationem
1612 857 1679 881 non
1699 849 1761 882 effe
1788 852 1858 884 ido-

981 883 1091 907 neum:
1115 887 1168 912 aut
1184 879 1265 911 fallit
1287 890 1339 913 rne
1353 884 1495 925 animus,
1518 896 1572 919 aut
1595 889 1625 921 iu
1641 892 1670 922 d.
1694 891 1722 933 §2
1739 896 1770 924 6.
1792 891 1858 926 fuit

981 921 1070 962 caula
1103 920 1317 962 admonendi,
1352 931 1491 958 tutorem
1515 930 1559 960 ob
1588 932 1713 972 culpam
1738 934 1854 974 latam,

981 957 1093 1004 idest,
1118 970 1158 997 ne
1182 963 1305 1010 pupillo
1331 974 1450 999 noceat
1471 968 1674 1010 simplicitate
1688 997 1698 1012 ‚
1721 984 1760 1007 an
1782 976 1855 1008 stul-

982 1007 1070 1045 titia,
1087 1011 1109 1046 *a
1126 1004 1225 1035 tutela
1243 1007 1371 1051 quidem
1391 1013 1570 1051 removeri,
1603 1013 1656 1046 sed
1682 1016 1764 1048 salva
1787 1019 1854 1050 exi-

980 1040 1167 1075 stimatione.
1216 1046 1346 1082 Prorsus
1369 1054 1604 1086 convenienter
1629 1056 1703 1089 huic
1725 1057 1854 1098 Ulpiani

978 1083 999 1113 l.
1023 1092 1052 1123 3.
1075 1083 1246 1133 §.pinu
1264 1088 1292 1119 h.
1316 1095 1337 1120 z.
1362 1089 1427 1134 Qui
1440 1094 1472 1123 ob
1480 1094 1656 1136 segnitiem,
1678 1099 1726 1130 vel
1740 1099 1856 1140 rustici·

980 1129 1085 1163 tatem,
1108 1132 1265 1173 tiiertiam,
1283 1129 1515 1174 fimpizcrtcitem‚
1536 1138 1584 1167 vel
1606 1140 1742 1180 ineptiam
1764 1151 1853 1173 remo-

980 1172 1027 1196 tus
1040 1165 1099 1204 fit,
1130 1177 1162 1198 m
1180 1169 1233 1199 hac
1256 1174 1341 1207 cirula
1362 1171 1421 1214 est,
1457 1183 1491 1207 ut
1514 1179 1628 1220 integra
1644 1181 1852 1222 existimatione

980 1208 1072 1238 tuccia
1094 1208 1141 1254 ‘oei
1169 1219 1241 1255 eura
1264 1213 1356 1245 abeat.
1399 1215 1459 1248 Per
1484 1217 1669 1261 segnitiem,
1700 1223 1854 1256 rusticita-

981 1255 1068 1294 tem,
1096 1259 1261 1297 inei-tiam,
1294 1253 1526 1294 simplicitatem
1543 1283 1552 1298 ,
1576 1262 1750 1304 ineptiam,
1772 1266 1854 1298 indi-

977 1298 1068 1329 gitari
1087 1289 1282 1332 socordiam,
1307 1295 1339 1327 id
1356 1295 1420 1335 est,
1432 1307 1466 1330 ut
1480 1299 1697 1339 Jurisconsulti
1715 1306 1852 1346 loquun-

979 1339 1047 1368 tur,
1084 1333 1208 1379 culpam
1234 1335 1348 1375 latam,
1380 1340 1486 1372 multis
1510 1342 1722 1378 demonstravi
1747 1348 1795 1379 lib.
1823 1358 1852 1380 1.

977 1372 1122 1403 Probabzl.
1145 1384 1169 1405 c.
1194 1375 1248 1407 ult.
1291 1377 1432 1411 Proinde
1456 1390 1528 1414 cum
1554 1382 1694 1426 Ulpiano
1722 1388 1851 1421 infamis

977 1422 1041 1459 non
1060 1413 1195 1459 liabetur
1213 1424 1320 1464 tutor,
1344 1419 1388 1451 ob
1412 1420 1597 1464 segnitiem,
1623 1428 1853 1471 rusticitatem,

975 1462 1143 1501 inertiam,
1174 1456 1429 1500 simplicitatem,
1460 1464 1512 1495 vel
1539 1466 1713 1510 ineptiam,
1744 1480 1853 1505 remo-

976 1504 1044 1528 tus:
1068 1499 1143 1537 quid
1161 1498 1274 1538 restat,
1297 1499 1351 1532 nisi
1366 1525 1378 1541 ‚
1399 1510 1434 1534 ut
1448 1504 1477 1536 ei
1495 1505 1623 1540 infamis
1645 1519 1711 1543 non
1733 1512 1853 1546 habea-

975 1544 1024 1569 tur
1041 1540 1202 1577 tutor,ob
1217 1541 1309 1573 latam
1325 1544 1451 1584 cuipam
1468 1550 1637 1582 remotus?
1659 1560 1854 1595 quamquam

974 1579 1017 1610 ob
1037 1579 1149 1611 dolum*
1164 1583 1265 1614 tutela
1280 1583 1367 1616 abire
1379 1585 1494 1628 J'uffus,
1525 1589 1650 1623 infamis
1675 1603 1852 1636 reputetur.

978 1620 1041 1667 §ed
1064 1620 1191 1662 refer-cg
1214 1626 1301 1664 quod
1325 1625 1422 1667 alter,
1453 1628 1528 1662 dum
1551 1630 1653 1665 sciens
1682 1635 1713 1668 δι
1737 1628 1853 1672 volens

976 1663 1126 1703 improbe
1147 1662 1274 1696 fraudat
1299 1666 1484 1709 hominem,
1508 1671 1596 1705 hunc
1625 1671 1826 1717 impuberem

976 1703 1006 1734 ἃ
1021 1711 1078 1743 per
1089 1711 1219 1751 taetatem
1237 1706 1268 1738 se
1281 1716 1347 1740 non
1370 1710 1530 1746 valentem
1547 1711 1746 1758 defendere,
1761 1702 1852 1754 ideo’-

976 1752 1038 1784 que
1067 1754 1132 1785 ejus
1155 1748 1263 1779 tutelae
1287 1757 1324 1780 ac
1354 1748 1431 1783 fidei
1461 1756 1679 1797 commiss'um,
1715 1754 1850 1800 peffimb

976 1788 1128 1827 exemplo
1147 1789 1308 1830 abrumpit
1322 1791 1447 1824 vincula
1469 1794 1615 1830 humana:
1631 1798 1793 1837 socletatis
1810 1803 1851 1836 ad

977 1829 1127 1876 tuendam
1148 1838 1353 1864 communem
1380 1833 1599 1872 infirmitatem
1628 1849 1850 1886 comparatae,

976 1875 1183 1909 optlmOJure
1198 1870 1386 1915 sceleratus,
1411 1878 1510 1917 turpis
1527 1889 1565 1911 ac
1591 1881 1730 1916 nefarius
1753 1884 1851 1919 habe-

977 1916 1038 1955 tur,
1079 1910 1170 1943 Alter
1186 1921 1317 1952 contra,
1342 1915 1363 1947 fi
1379 1915 1466 1952 forte
1490 1928 1588 1953 nocet
1611 1925 1756 1965 pupillo;
1780 1936 1848 1962 non

977 1957 1011 1995 ut
1026 1950 1079 1982 ille
1100 1952 1214 1984 volens
1239 1955 1269 1986 &
1293 1955 1392 1990 sciens
1417 1967 1532 2000 peccat
1553 1962 1720 2004 improbe:
1748 1970 1848 2010 magis

976 1999 1124 2031 ignorans
1141 1994 1170 2025 ἀ
1188 1996 1301 2028 nolens
1317 1998 1346 2029 ei
1370 2008 1488 2041 nocet,
1511 2004 1622 2044 utique
1639 2016 1703 2039 non
1729 2009 1848 2043 callidi·

978 2036 1044 2078 tate
1064 2034 1185 2066 consilii
1201 2059 1211 2074 ,
1227 2036 1278 2084 sed
1295 2037 1423 2071 stultitia
1440 2050 1537 2086 atque
1553 2054 1682 2087 errore,
1694 2047 1744 2081 sed
1764 2050 1851 2083 infir-

978 2082 1088 2106 mitate
1106 2084 1225 2122 naturce
1241 2087 1269 2109 ei
1288 2085 1397 2119 parum
1412 2081 1571 2124 faventis,
1588 2087 1727 2130 ideoque
1743 2091 1782 2124 ab
1797 2093 1846 2126 in-

975 2113 1071 2161 famia
1087 2126 1174 2163 omni
1193 2118 1333 2151 humano
1360 2122 1428 2163 jure
1445 2127 1649 2162 excusandus.
1692 2129 1772 2165 Non
1790 2135 1848 2166 du-

976 2155 1064 2202 bito,
1088 2166 1162 2204 quin
1183 2159 1244 2191 huc
1258 2160 1380 2202 spectet
1401 2173 1533 2207 quoque
1557 2168 1691 2210 sequens
1716 2164 1848 2215 Ulpiani

974 2197 1138 2245 diligentia
1167 2200 1187 2232 l.
1205 2211 1234 2241 4.
1257 2201 1285 2244 ᾗ.
1304 2212 1329 2235 1.
1350 2204 1387 2240 &²
1407 2216 1435 2238 2.
1461 2207 1502 2240 D.
1521 2210 1547 2240 h.
1564 2215 1584 2241 t.
1609 2211 1731 2249 Decreto
1750 2217 1844 2258 igitur

973 2239 1079 2286 delieoii
1097 2241 1187 2288 causa
1203 2247 1368 2276 removendi
1376 2246 1545 2289 figmficari
1559 2273 1568 2289 ,
1591 2257 1626 2284 ut
1648 2260 1785 2296 appareat
1807 2260 1843 2290 de

971 2278 1189 2327 exzstmtaizone.
1237 2283 1281 2315 Ut
1303 2289 1454 2329 exemplo
1485 2291 1604 2331 liqueat
1635 2292 1844 2336 Ulpiani'ob·

972 2320 1127 2367 servatio,
1151 2333 1308 2371 apponam
1325 2327 1498 2364 formulam
1523 2334 1644 2367 decreti
1669 2338 1844 2380 duplicemi

972 2364 1144 2410 priorttalis
1161 2367 1213 2413 sit:
1239 2366 1401 2413 Quoniam
1419 2381 1569 2415 apparet,
1588 2375 1693 2418 Sejum
1709 2375 1843 2417 tutelam

974 2402 1105 2444 Maevii,
1129 2406 1173 2437 ob
1191 2416 1342 2455 ineptiam
1359 2412 1386 2443 ἃ
1404 2413 1634 2454 simplicitatem
1651 2422 1844 2457 administra=

971 2453 1005 2476 re
1023 2454 1088 2477 non
1106 2447 1218 2496 posse,
1236 2452 1358 2483 idcirco
1382 2463 1455 2486 eum
1480 2464 1497 2487 a
1522 2458 1620 2492 tutela
1643 2462 1750 2504 abire,
1775 2466 1842 2506 pla-

970 2493 1035 2532 cet.
1068 2486 1103 2519 In
1123 2488 1182 2520 nac
1200 2492 1337 2537 formula
1352 2494 1466 2527 inserta
1480 2506 1497 2527 a
1512 2496 1652 2533 Praetore
1667 2498 1757 2538 causa
1774 2516 1841 2540 nou

970 2527 1164 2575 infamante,
1187 2530 1276 2570 SeJus
1309 2543 1326 2564 a
1351 2537 1451 2568 tutela
1476 2538 1575 2571 abibit
1598 2542 1721 2586 integra
1743 2548 1844 2580 existi-

971 2578 1123 2601 matione.
1173 2572 1275 2618 Aliter
1298 2583 1336 2606 ac
1358 2575 1379 2607 si
1403 2577 1445 2609 fic
1466 2579 1669 2619 decernatur:
1702 2586 1840 2631 Quando

970 2618 1120 2658 apparet,
1145 2611 1251 2653 Seium
1269 2617 1399 2649 tutelam
1426 2618 1536 2653 Maevii
1551 2622 1671 2664 geffiffe
1685 2621 1766 2665 ,dolo⁴
1778 2638 1841 2660 ma·

971 2652 1023 2691 103
1047 2653 1168 2684 ideirco
1192 2664 1263 2686 euin
1289 2666 1306 2687 a
1335 2660 1433 2691 tutela
1459 2662 1545 2695 abire
1563 2665 1672 2704 jubeo.
1712 2669 1747 2700 ln
1780 2670 1841 2701 hac

970 2692 1109 2725 formula
1134 2696 1177 2726 ob
1200 2696 1309 2730 dolum
1340 2709 1483 2737 remotus
1516 2713 1533 2736 a
1562 2706 1701 2740 Praetore
1733 2717 1820 2743 tutor

970 2736 1082 2774 procul
1100 2735 1200 2768 dubio
1215 2738 1340 2784 infamis
1356 2742 1425 2774 erit.
1501 2746 1555 2777 uia*
1567 2756 1632 2787 ergo
1646 2747 1663 2778 .9
1683 2748 1744 2790 (fic
1766 2734 1838 2791 per:

970 2783 1016 2815 git
1040 2777 1068 2822 d.
1094 2776 1144 2824 loc.
1172 2776 1345 2820 Ulpianus)
1366 2781 1397 2820 fi
1415 2792 1471 2815 non
1506 2788 1698 2828 zgnificaverit
1720 2792 1836 2827 causant

969 2822 1129 2862 remotionis
1146 2819 1346 2865 'decreto-suo?
1367 2824 1549 2865 Papinianus
1563 2829 1623 2865 ait,
1647 2828 1768 2871 debuzffi:
1791 2835 1836 2864 di-

968 2866 1011 2894 ει,
1042 2859 1120 2891 bunc
1141 2866 1258 2902 mtegrae
1279 2862 1330 2904 effe
1347 2865 1450 2902 famae.
1499 2867 1658 2900 Videlicet
1672 2893 1682 2908 ,
1706 2873 1777 2912 quia
1800 2875 1833 2907 in

968 2900 1100 2945 decreto
1132 2909 1196 2932 non
1222 2904 1361 2943 expressa
1387 2908 1572 2938 remotionis
1593 2910 1701 2950 causa,
1727 2915 1834 2952 potest

967 2941 1066 2985 yideri
1096 2950 1159 2973 non
1179 2943 1222 2974 ob
1241 2945 1350 2978 dolum
1369 2949 1481 2979 malum
1506 2956 1648 2980 remotus
1671 2959 1832 2993 tamquam

965 2982 1129 3020 improbus
1158 2984 1187 3015 ἃ
1209 2984 1397 3028 flagitiosus:
1429 2989 1479 3018 sed
1508 2988 1551 3019 ob
1583 2989 1675 3023 latam
1704 2996 1833 3036 culpam

965 3028 1122 3063 tamquam
1141 3025 1265 3064 ineptus
1285 3037 1339 3059 aut
1355 3029 1470 3068 segnis:
1493 3027 1548 3059 ctfi
1564 3030 1703 3071 alioquin
1730 3036 1834 3071 fidelis

965 3063 995 3093 &
1014 3064 1140 3103 probus.
1184 3066 1260 3099 Non
1279 3069 1454 3099 omittenda
1478 3078 1607 3110 quoquc
1631 3073 1675 3106 est
1699 3075 1832 3117 sequens

966 3102 1091 3143 Ulpiani
1114 3109 1293 3140 moderatio
1310 3109 1329 3138 l.
1346 3118 1374 3147 3.
1393 3108 1421 3149 §.
1441 3109 1494 3140 ztlc.
1512 3112 1540 3142 d.
1567 3117 1587 3142 τ.
1612 3113 1700 3158 Quod
1715 3117 1746 3156 fl
1765 3124 1831 3161 quis

961 3146 996 3175 ol>
1004 3145 1143 3185 fraudem
1163 3159 1218 3179 non
1241 3150 1390 3179 removebit
1408 3149 1530 3191 aliquem
1545 3174 1554 3189 ,
1571 3152 1624 3192 sed
1640 3157 1669 3187 ei
1689 3160 1830 3201 adjunxit

960 3187 1181 3231 (curatorem)
1203 3190 1480 3260 ⁷¹23²kfgi⁶f<¹m0sufi
1505 3200 1566 3233 qua
1592 3197 1739 3235 tatione?
1761 3205 1832 3243 quia

1221 3256 1247 3260 t-
1284 3251 1288 3259 .
1323 3239 1342 3270 3
1775 3253 1830 3274 :tori
