2052 3487
192 143 260 178 252

191 229 253 253 cat.
297 222 402 262 Atque
419 217 493 248 hnic
512 215 769 255 interpretationi
793 225 874 248 meae
898 214 953 247 etsi
971 213 1062 246 'suffi-

189 268 280 294 ceret
295 263 376 294 ratio
401 260 430 290 &
447 259 627 290 communis
647 256 768 295 sensus,
791 265 899 289 tamen
918 257 1061 288 testimo-

190 305 278 336 nium
300 302 388 334 dabit
413 299 592 341 Imperator
617 299 817 337 Alexander,
842 299 897 330 sub
921 307 986 340 quo
1004 297 1063 329 flo-

189 345 251 376 ruit
268 343 395 380 Paulus;
416 350 456 372 ne
473 341 542 381 quis
558 349 670 381 putet,
693 349 762 372 eam
780 340 953 372 abhorrere
971 348 988 371 a
1004 340 1062 372 dis·

189 385 307 426 ciplina
324 383 388 423 ejus
407 383 571 423 temporis.
620 381 725 413 Verba
745 381 917 413 Alexandri
940 382 970 412 in
994 382 1013 412 l.
1032 391 1062 420 53.

192 426 227 457 C.
251 427 284 456 de
307 424 481 465 testamentis
505 424 574 455 haec
597 422 675 456 sunt.
723 422 774 454 Ex
795 421 957 463 imperfesto
982 419 1065 462 testa·

190 475 282 498 mento
303 476 356 497 nec
382 466 580 506 Imperatorem
603 466 786 496 hereditatem
800 465 950 495 vindicare
962 463 1036 504 poffe
1053 486 1063 501 ‚

178 510 259 549 saepe
273 506 441 548 rescriptum
458 505 506 547 est.
552 508 635 538 Licet
658 508 733 537 enim
747 506 794 537 lex
817 507 929 546 imperii
936 505 1063 546 solenni·

188 551 241 580 bus
263 548 353 589 Juris
378 548 582 588 Imperatorem
596 548 721 589 solverit
741 559 749 580 :
786 548 860 578 nihil
888 553 983 577 tamen
1005 553 1064 576 tam

181 592 334 632 proprium
355 591 469 630 imperii
492 588 551 629 esl,
575 600 662 632 quam
685 590 796 632 legibus
818 589 930 619 vivere.
974 586 1064 629 Quid

187 631 243 662 hic
259 632 467 665 Alexander?
490 633 533 663 ait
551 655 560 670 ‚
594 631 824 672 Imperatorem
848 639 906 661 non
921 628 992 669 poffe
1009 628 1064 659 he-

183 673 357 705 reditatem
384 673 547 705 vindicare
569 671 827 713 eximperfecto
858 669 1063 702 testamento.

183 713 286 757 Quod
307 714 328 746 fi
353 714 422 747 est:
453 715 530 755 quid
555 714 753 746 ni'dicamus
773 736 783 751 ,
814 712 966 749 Paulum,
990 719 1065 742 cum

177 759 254 796 ait,
288 756 518 796 imperatorem
536 756 652 798 'legata
677 764 732 786 aut
757 752 998 786 fideicommissa
1025 761 1065 783 ex

182 797 380 839 imperfecto
406 797 599 830 testamento
624 797 787 829 vindicare
802 819 811 835 ,
835 795 1065 826 inverecundum

184 839 259 880 effe,
283 838 428 871 modeste
453 838 629 879 significare
646 862 656 878 ,
688 847 753 870 non
778 836 841 868 effe
869 835 1058 878 Imperatori

180 882 249 922 jus,
273 890 313 911 ex
328 879 522 920 imperfecto
539 879 732 912 testamento
755 887 867 920 petere
884 878 988 919 legata
1005 883 1059 908 aut

182 920 450 955 fideicommissa?
472 921 546 954 Nec
561 929 684 954 tanturn
701 923 820 962 patitur
835 919 922 951 hunc
939 917 1059 950 sensum

181 963 265 995 seQa
290 965 445 1004 temporis
468 973 533 1005 quo
556 964 638 995 vixit
670 962 806 995 Paulus:
837 960 889 993 sed
921 969 982 992 nec
1013 961 1059 991 lo-

184 1005 304 1045 quendi
325 1005 394 1037 usus
419 1014 456 1037 ac
480 1014 592 1037 norma
607 1006 636 1036 ei
658 1003 779 1037 resistit.
797 1002 909 1043 utique
927 1001 1061 1032 Marcia-

182 1055 246 1078 nus
263 1047 282 1079 l.
300 1051 330 1081 8.
354 1046 381 1089 §.
398 1050 428 1079 6.
455 1046 498 1078 D.
543 1047 659 1094 Quibus
677 1046 765 1077 modis
777 1047 888 1086 pignus
903 1043 950 1074 vel
972 1043 1058 1089 hypo:

182 1088 265 1120 theca
270 1089 424 1129 solvitur,
447 1097 520 1120 cum
537 1095 652 1130 negat,
675 1086 829 1119 creditori
847 1086 900 1127 qui
920 1085 1060 1116 debitori

178 1130 325 1172 pignoris
341 1130 563 1162 venditionem
579 1128 721 1170 permisit
736 1152 746 1167 ‚
770 1126 877 1159 secuta
900 1125 1060 1157 venditio-

177 1180 240 1211 ne,
262 1171 420 1212 superess'e
435 1171 616 1204 vindicandi
632 1169 775 1212 pignoris
790 1168 998 1205 facultatem,
1020 1166 1061 1198 ad

178 1212 331 1246 eumdem
370 1213 441 1245 lane
459 1213 592 1244 modurn
608 1213 651 1244 ait
668 1235 678 1252 ‚
708 1219 782 1243 eum
806 1210 1000 1255 inverecunde
1014 1209 1061 1239 cle-

173 1254 304 1293 fiderare
321 1264 338 1286 a
374 1255 482 1286 ionem
499 1253 789 1295 hypothecariam3
812 1261 871 1290 ac,
894 1250 915 1283 fi
939 1250 1060 1281 deiide-

180 1304 234 1328 ret
247 1319 257 1334 ,
281 1296 501 1337 repellendum
518 1295 590 1328 effe.
635 1292 744 1326 Verba
761 1292 919 1324 Marciani
945 1291 967 1323 fi
985 1291 1061 1338 'qui-s

182 1336 341 1379 inspicere
358 1337 437 1369 velit
453 1360 462 1377 ‚
486 1338 556 1369 haec
572 1336 652 1369 sunt.
695 1336 730 1367 Si
744 1335 894 1366 voluntate
912 1334 1062 1363 creditoris

176 1378 298 1419 fundus
313 1379 458 1411 alienatus
475 1376 514 1420 est
527 1401 536 1417 ‚
557 1377 754 1410 inverecunde
769 1375 912 1420 applicari
921 1372 979 1411 fibi
996 1382 1061 1404 eum

180 1421 309 1452 creditor
324 1419 481 1458 desiderat:
499 1418 528 1457 fi
555 1425 653 1451 tamen
676 1417 797 1459 effetius
807 1416 848 1455 fit
861 1417 978 1453 secutus
991 1424 1061 1445 ven-

182 1461 314 1493 ditionis.
338 1471 407 1493 nam
428 1459 458 1499 fi
479 1470 537 1492 non
559 1460 712 1491 venierit.
734 1468 794 1490 non
817 1455 856 1498 est
869 1457 947 1498 satis
965 1457 1003 1487 ad
1018 1465 1061 1486 re·

176 1503 340 1544 pellendum
355 1502 520 1533 creditorem
530 1525 539 1540 ‚
563 1502 639 1543 quod
653 1500 746 1532 voluit
761 1502 871 1531 venire.
925 1497 1059 1529 Marcia-

183 1553 228 1576 no
251 1543 363 1575 addam
388 1541 593 1583 Papinianum
612 1554 620 1574 :
652 1551 725 1573 nam
751 1541 777 1573 is
796 1549 928 1582 quoque
947 1539 1061 1570 eadem

180 1585 283 1616 utitur
305 1585 460 1625 loquendi
485 1584 678 1616 verecundia
698 1606 707 1622 ,
738 1591 835 1624 atque
858 1582 889 1613 in
911 1582 1061 1612 eumdem

182 1624 305 1658 sensum
324 1625 343 1657 l.
360 1635 390 1666 3.
422 1625 452 1667 §.
470 1625 525 1657 ult.
551 1625 593 1656 D.
617 1626 652 1656 de
674 1625 780 1666 usuris.
804 1623 900 1654 verba
918 1622 1061 1663 Papinia-

180 1668 225 1699 ni.
269 1667 301 1699 Si
323 1676 393 1699 auro
407 1667 454 1698 vel
469 1672 589 1709 argento
596 1665 682 1707 fac‘to
694 1673 747 1707 per
755 1663 1003 1706 fideicommcffum
1019 1672 1063 1694 re·

178 1708 264 1748 licto,
286 1718 366 1740 mora
383 1709 592 1747 intervenerit,
615 1718 655 1740 an
672 1712 829 1748 usurarum
850 1703 996 1746 aestimatio
1012 1706 1061 1742 fa-

179 1751 282 1783 cienda
290 1748 589 1792 fit,·tra8taristilet.
635 1749 732 1781 Plane
749 1747 777 1788 fi
801 1750 953 1779 materiam
974 1744 1060 1787 ifiam

179 1794 241 1825 ideo
257 1792 333 1824 relin
355 1794 399 1823 uit
414 1814 424 1831 ,
454 1797 489 1823 ut
504 1815 514 1825 ,
536 1801 568 1823 ea
591 1789 748 1832 distracta,
766 1791 895 1831 pecunia
911 1797 974 1830 quae
993 1787 1059 1828 [re-

174 1833 300 1877 fefta,]
346 1832 535 1874 deicommiffa
547 1833 747 1871 ffilverentur,
770 1837 823 1863 aut
839 1831 977 1862 alimenta
989 1837 1061 1870 proe-

173 1874 354 1920 starentur,
386 1884 446 1907 non
478 1881 604 1916 oportere
632 1871 854 1915 frustrationem
886 1873 1063 1913 impunitam

180 1917 231 1959 effe
247 1940 257 1957 ‚
285 1916 450 1958 responderi
473 1921 592 1958 oportet.
635 1915 723 1962 Quod
742 1913 771 1953 si
786 1914 869 1954 forte
893 1914 955 1945 ideo
973 1913 1061 1944 relin-

181 1960 265 2003 quit,
286 1964 320 1990 ut
337 1959 381 1991 his
394 1956 473 1998 vafis
490 1963 622 1990 uteretur
637 1980 648 1997 ,
676 1966 734 1988 non
754 1954 816 1993 sine
836 1956 938 1987 rubore
960 1952 1064 1992 deside-

179 2001 324 2035 rabantur
345 2001 465 2041 usurae:
499 2001 617 2042 ideoque
640 2008 698 2032 non
721 1998 888 2041 exigentur.
939 1995 1029 2040 Quid
1044 1995 1064 2028 ἱ)

790 126 1107 182 (ἷΕῐὲΔΚυῐ
1155 120 1405 161 NoonT'

1106 214 1194 255 quod
1210 214 1400 256 Papinianus
1422 214 1440 244 l.
1467 222 1512 254 15.
1539 212 1579 244 D.
1612 213 1646 244 de
1667 213 1874 246 conditionibus
1897 216 1976 257 insli-

1106 258 1251 288 tutionum
1265 256 1390 297 prorsus
1408 256 1516 287 divine
1530 278 1538 293 ‚
1575 254 1667 298 Qua,
1691 256 1816 295 inquit,
1829 256 1916 296 fasta
1932 259 1978 290 lae-

1105 300 1182 329 dunt
1200 299 1342 339 pietatem
1359 320 1370 336 ,
1401 295 1638 337 existimationem
1655 319 1664 335 ,
1702 299 1902 328 verecundiam
1928 309 1978 329 rio-

1103 337 1195 379 stram
1211 363 1221 378 ,
1260 339 1296 373 δ”
1327 340 1343 378 ζ
1353 345 1386 369 ut
1407 338 1580 380 generaliter
1599 339 1750 377 dixerim)
1774 345 1873 369 contra
1897 340 1978 371 honos

1105 390 1195 412 mores
1205 379 1288 420 fiunt
1299 403 1308 418 ,
1332 381 1489 421 nec-facere
1505 389 1556 410 nos
1571 379 1644 419 poffe
1662 381 1832 411 credendum
1850 377 1896 419 eft.

1145 422 1263 454 Praeter
1288 422 1481 462 superiorem
1512 420 1600 452 Pauli
1626 421 1822 451 locutionem
1842 444 1852 459 ‚
1882 419 1926 452 est
1947 422 1978 454 &

1106 464 1165 494 alia
1188 463 1218 494 in
1242 465 1271 494 d.
1290 464 1310 493 l.
1329 474 1388 503 23,
1413 463 1468 494 etli
1492 471 1556 493 non
1575 463 1651 493 tanti
1672 462 1848 500 momenti,
1873 470 1978 495 tamen
2031 478 2034 480 ·

1107 513 1168 536 nec
1186 503 1249 544 ipsa
1267 506 1455 546 negligenda
1472 515 1480 535 ;
1511 513 1583 534 curn
1609 502 1711 544 poffet
1726 503 1980 542 imprudentibus

1107 554 1219 587 parum
1241 545 1319 586 justa
1335 546 1447 577 Videri.
1495 545 1604 577 Verba
1627 544 1714 576 Pauli
1740 539 1913 576 Florentiae
1936 546 1980 578 ita

1107 588 1175 618 edit
1191 585 1384 619 Taurellius.
1980 616 1982 619 .

1146 627 1237 660 Decet
1252 630 1329 659 enim
1345 634 1433 659 tantoe
1447 626 1592 669 majestati
1601 651 1609 667 ,
1633 637 1680 660 eas
1686 628 1809 668 servare
1825 626 1897 668 leges
1916 628 1979 668 qui·
2002 635 2008 639 ·

1192 671 1244 700 hus
1263 669 1327 710 ipse
1346 668 1464 701 solutus
1480 669 1531 710 effe
1549 671 1676 701 videtur.

1108 709 1143 743 ln
1158 711 1225 743 aliis
1244 711 1329 742 libris
1348 710 1412 749 est,
1434 711 1613 751 ipsu-fiiluta.
1646 719 1743 752 atque
1768 721 1804 743 ea
1828 708 1979 750 scriptura

1108 752 1264 784 convenit
1289 752 1460 792 praeceptis
1487 751 1740 784 Grammaticae:
1772 751 1889 794 quibus
1913 760 1978 784 non

1108 794 1264 825 convenit
1286 793 1484 825 Florentino.
1534 793 1588 825 Nil
1616 803 1721 826 tamen
1739 801 1860 826 mntem
1881 800 1980 825 terne-

1101 845 1159 867 re:
1184 844 1249 866 non
1270 835 1356 866 enim
1374 835 1420 867 est
1439 834 1577 867 insolens
1600 834 1792 875 Veteribus,
1816 836 1847 867 in
1865 833 1981 866 sermo·

1101 886 1143 909 ne
1157 885 1258 917 genus
1275 883 1417 914 mutare,
1442 885 1478 908 ac
1495 877 1683 909 relationem
1699 877 1809 909 facere
1827 876 1926 917 magis
1941 876 1980 909 ad

1102 919 1363 949 antecedentium
1382 918 1554 949 verborum
1573 918 1692 951 sensum
1710 942 1719 958 ‚
1744 928 1838 960 quam
1856 922 1894 949 ad
1912 926 1979 948 ver-

1104 960 1143 991 ba
1159 960 1274 999 quibus
1293 960 1317 991 is
1335 959 1437 990 sensus
1453 960 1648 990 continetur.
1691 960 1768 992 Hoc
1783 961 1845 1001 jam
1863 961 1895 990 in
1912 958 1978 990 aliis

1104 1001 1287 1032 auctoribus
1319 1001 1543 1032 animadvertit
1575 1001 1730 1034 Ausonius
1754 1002 1878 1043 Popma
1896 1023 1905 1038 ,
1936 999 1977 1032 V.

1106 1042 1165 1074 CL.
1188 1042 1234 1073 De
1251 1042 1305 1080 usu
1323 1044 1453 1083 antiqua
1470 1042 1620 1073 locutionis
1644 1043 1694 1075 lib.
1713 1054 1739 1074 2.
1761 1054 1787 1075 c.
1804 1053 1832 1075 2.
1854 1050 1914 1075 nec
1935 1043 1979 1082 pi·

1102 1083 1267 1125 gebitme
1282 1107 1292 1122 ,
1316 1092 1416 1124 pauca
1438 1093 1510 1124 quae
1533 1094 1572 1115 ex
1591 1085 1702 1116 nostris
1720 1084 1903 1122 observavi,
1926 1083 1979 1115 ad-

1101 1126 1212 1166 jicere.
1255 1124 1307 1156 Ex
1324 1134 1365 1157 eo
1381 1134 1499 1164 genere
1524 1125 1570 1157 est
1594 1125 1669 1158 illud
1692 1126 1776 1158 Pauli
1796 1125 1893 1157 nostri
1911 1124 1931 1156 l.
1950 1133 1978 1156 1.

1103 1167 1146 1198 D.
1166 1168 1199 1197 de
1217 1168 1323 1198 tutelis.
1370 1165 1472 1198 Tutela
1497 1166 1536 1206 cst
1559 1169 1605 1198 vis
1626 1178 1660 1198 ac
1679 1165 1804 1208 potestas
1824 1169 1855 1199 in
1872 1166 1978 1206 capite

1103 1208 1207 1240 libero
1231 1209 1269 1239 ad
1293 1209 1434 1239 tuendum
1459 1216 1532 1239 eum
1557 1210 1610 1248 qui
1630 1215 1746 1249 propter
1768 1214 1879 1240 aetatem
1895 1212 1980 1245 luam

1097 1251 1200 1290 sponte
1215 1250 1250 1290 se
1276 1250 1425 1289 defendere
1449 1252 1568 1290 nequit,
1585 1251 1655 1291 jure
1677 1250 1760 1282 civili
1783 1252 1856 1282 data
1869 1259 1904 1281 ac
1913 1255 1980 1290 per-

1103 1290 1195 1332 mrffa.
1241 1289 1398 1331 Ulpianus
1415 1299 1547 1332 quoque
1567 1290 1586 1322 l.
1611 1300 1685 1332 195:
1700 1291 1730 1333 §.
1750 1301 1778 1324 2.
1796 1291 1843 1324 D.
1861 1294 1894 1323 de
1913 1299 1979 1321 ver-

1106 1331 1430 1373 borumstgnificatione
1452 1331 1541 1364 simili
1567 1333 1718 1373 loquendi
1743 1332 1860 1374 figura,
1885 1332 1979 1370 Cum,

1104 1374 1234 1414 inquit,
1257 1373 1467 1413 paterfamilias
1491 1376 1616 1404 moritur
1631 1397 1640 1412 ,
1670 1380 1806 1416 quotquot
1828 1374 1932 1414 capita
1954 1373 1980 1403 ei

1104 1414 1239 1455 subjecta
1247 1415 1377 1455 fuerunt
1387 1437 1397 1453 ,
1415 1412 1549 1455 fingulas
1557 1416 1693 1454 familias
1710 1416 1854 1456 incipiunt
1870 1416 1981 1446 habere.

1103 1455 1212 1497 singuli
1231 1457 1306 1487 enim
1325 1456 1630 1496 patrumfamiliarum
1647 1466 1747 1488 nomen
1755 1457 1892 1497 subeunt.
1937 1454 1980 1487 Et

1104 1498 1136 1529 in
1160 1499 1179 1529 l.
1206 1507 1233 1529 1.
1267 1497 1308 1529 D.
1342 1499 1375 1528 de
1397 1496 1503 1538 patlis.
1558 1497 1640 1541 Quid
1659 1500 1732 1529 enim
1748 1505 1807 1529 tam
1821 1506 1981 1539 congruum

1103 1537 1178 1570 fidei
1197 1538 1362 1577 humanae,
1385 1547 1473 1580 quam
1492 1548 1525 1570 ea
1543 1549 1605 1580 quae
1625 1541 1701 1571 inter
1717 1549 1773 1571 eos
1785 1540 1980 1580 placuerunt,

1095 1583 1227 1621 servare.
1274 1579 1314 1611 V.
1331 1580 1390 1612 CL.
1406 1579 1558 1611 Elbertus
1574 1579 1738 1613 Leoninus
1754 1581 1802 1612 lib.
1826 1590 1852 1612 1.
1875 1580 1981 1611 Emen-

1105 1624 1165 1653 dat.
1181 1632 1206 1653 c.
1227 1625 1274 1654 16.
1307 1620 1482 1662 sequutus,
1517 1629 1551 1653 ut
1575 1623 1639 1660 ait,
1662 1621 1758 1654 fidem
1776 1621 1981 1662 manuscripti

1105 1663 1228 1695 codicis
1245 1662 1447 1703 antiquissimi
1465 1685 1475 1700 ‚
1497 1662 1639 1703 corrigit.
1681 1663 1765 1706 Quid
1788 1664 1864 1694 enim
1884 1664 1980 1704 magis

1104 1707 1236 1736 humanae
1243 1703 1317 1744 fidei
1333 1702 1371 1744 est
1390 1713 1571 1744 congruum,
1593 1713 1681 1744 quam
1704 1714 1737 1736 ea
1759 1705 1901 1743 observari
1916 1712 1980 1744 quoe

1102 1749 1179 1778 inter
1194 1746 1317 1777 homines
1326 1745 1511 1786 placuerunt.
1547 1744 1689 1779 Frustra:
1712 1744 1769 1781 etsi
1786 1754 1854 1777 non
1869 1746 1982 1778 incon-

1104 1789 1203 1820 cinno
1222 1785 1321 1818 sensu.
1942 1805 1956 1810 ,.

1145 1828 1199 1861 Ne
1223 1827 1319 1860 finam
1336 1827 1468 1868 quidem
1486 1828 1657 1870 vituperari
1675 1827 1740 1859 hoc
1758 1827 1845 1860 Pauli
1862 1827 1894 1859 in
1910 1828 1939 1859 d.
1955 1827 1977 1860 1.

1106 1880 1155 1911 23.
1201 1869 1292 1902 Decet
1307 1875 1397 1901 tantce
1412 1867 1565 1911 majestati.
1590 1870 1652 1901 effe
1670 1870 1755 1902 enim
1772 1868 1979 1910 frequentem

1106 1911 1190 1952 apud
1227 1910 1362 1943 Latinos
1391 1911 1537 1943 austores
1570 1912 1726 1952 ejusmodi
1755 1911 1979 1950 locutionem,

1109 1953 1232 1987 dudum
1248 1951 1389 1986 ostendit
1408 1951 1551 1986 Sanctius
1561 1976 1573 1993 ,
1596 1953 1740 1986 Minerva
1756 1952 1804 1985 lib.
1820 1962 1850 1985 2.
1871 1961 1896 1984 c.
1911 1961 1942 1993 4.

935 2118 1151 2154 CAPUT
1200 2115 1250 2154 V.

185 2222 277 2275 Quid
296 2222 379 2269 apud
403 2221 602 2267 Pomponiam
631 2221 650 2255 l.
673 2222 727 2256 28.
757 2219 798 2254 D.
827 2217 861 2252 de
886 2215 1047 2264 usufruc‘ia
1058 2214 1104 2261 fit
1124 2243 1134 2259 ,
1168 2213 1447 2251 Numismatibns
1465 2211 1571 2249 aureis
1594 2213 1650 2249 vel
1669 2211 1836 2260 argenteis
1853 2211 1976 2248 veteri«¹

149 2270 151 2272 ’
259 2273 321 2307 bus
338 2281 401 2317 pro
424 2270 568 2316 gemmis
585 2269 631 2304 uti
647 2269 664 2302 ἓ
700 2265 742 2308 &³
758 2268 911 2314 expansio
929 2267 1007 2302 levis
1031 2265 1138 2301 menda
1156 2276 1193 2300 ex
1220 2264 1353 2311 Ulpiano
1377 2265 1398 2298 l.
1426 2275 1482 2309 27.
1509 2261 1537 2309 ᾗ.
1558 2271 1594 2305 4.
1619 2263 1666 2298 D.
1693 2265 1726 2298 de
1745 2273 1842 2307 auro,
1868 2273 1979 2308 argen-

258 2329 288 2357 to
306 2348 316 2365 ,
348 2321 468 2355 mando.
496 2323 501 2326 '

245 2417 391 2457 omponii
416 2415 512 2447 vei-ba
537 2413 605 2444 sunt
634 2413 653 2443 l.
681 2416 728 2445 28.
762 2410 804 2442 D.
836 2411 869 2441 de
892 2410 1061 2450 usufrubi‘u.

184 2421 234 2493 P
265 2460 490 2491 Numismatum
512 2463 665 2486 aureorum
695 2453 740 2483 vel
762 2458 965 2494 argenteorum
988 2459 1063 2483 vete·

185 2509 253 2531 rum
267 2502 369 2541 quibus
385 2506 435 2539 pro
450 2498 566 2539 gemmis
585 2495 731 2533 uti-solent
747 2517 757 2533 ‚
781 2493 965 2534 ususfrut'tus
989 2494 1063 2535 lega·

186 2541 214 2572 ri
236 2539 334 2582 potest.
378 2541 423 2571 Ea
448 2539 545 2570 verba
569 2536 610 2568 fic
633 2536 798 2568 exaudivit
822 2536 859 2567 V.
885 2534 945 2566 CL.
963 2535 1063 2576 Hugo

185 2581 350 2614 Douellus
367 2604 376 2619 ,
408 2581 455 2611 lib.
481 2590 510 2611 x.
546 2579 623 2610 Com.
651 2578 721 2618 Jar.
746 2587 772 2608 c.
795 2587 824 2618 3.
850 2578 881 2607 in
897 2575 955 2616 fin.
979 2575 1064 2616 quali

185 2623 289 2655 vellet
305 2622 503 2662 Pomponius
520 2644 529 2658 ‚
560 2619 819 2657 Numismatum,
844 2617 865 2650 fi
889 2627 982 2649 aurea
1005 2616 1065 2649 sint

187 2672 244 2696 aut
265 2673 413 2705 argentea
435 2686 444 2700 ‚
476 2663 505 2693 ἃ
531 2662 577 2693 his
600 2670 659 2700 pro
682 2661 817 2701 gemmis
843 2659 887 2691 uti
911 2659 1032 2690 soleant:
1053 2681 1063 2697 ,

186 2704 418 2738 usumfructum
442 2704 537 2743 legari
561 2701 660 2742 poffe.
685 2710 782 2742 atque
808 2709 843 2733 ut
860 2701 1014 2741 exemplo
1031 2700 1064 2731 li-

188 2754 322 2788 queret,
345 2746 422 2786 quid
438 2744 535 2783 estet,
559 2743 800 2775 numismatibus
820 2742 864 2773 uti
890 2751 951 2784 pro
975 2751 1063 2783 gem-

188 2789 276 2829 mis;
306 2787 429 2819 addidit
453 2785 633 2823 Doneiius,
656 2784 704 2815 Ad
728 2785 802 2824 pilei
820 2791 915 2824 puta,
938 2793 992 2814 aut
1011 2792 1064 2814 ve-

189 2830 244 2862 ssis
265 2836 413 2861 ornatum
431 2837 441 2866 ;
472 2826 612 2866 alioquin
636 2834 702 2856 non
727 2825 839 2865 posse:
872 2827 944 2861 Quia
960 2825 1064 2856 nullus

189 2879 305 2904 eorum
319 2869 388 2902 usus
405 2868 453 2901 fit.
497 2867 545 2898 Ad
562 2866 710 2898 eumdem
727 2867 857 2898 modum
874 2865 899 2897 F
902 2866 1064 2897 ranciscus

189 2913 368 2946 Connanus
385 2934 396 2951 ,
424 2910 473 2941 lib.
494 2919 525 2948 4.
564 2907 642 2938 Com.
661 2907 723 2948 jur.
750 2908 830 2939 civil.
863 2917 888 2938 c.
916 2916 942 2938 1.
978 2917 1010 2939 n.
1037 2917 1066 2939 2.

189 2953 368 2993 Gemmas,
388 2951 518 2992 lnquit,
543 2955 660 2986 vocat,
682 2957 757 2987 quas
775 2958 832 2980 nos
848 2948 1066 2990 imagunculas

189 3005 300 3028 aureas
317 2995 348 3027 ἂ
366 2999 532 3034 argenteas
549 2989 665 3030 quibus
681 2989 738 3019 viri
754 2990 792 3021 ad
810 2991 884 3028 pilei
902 2998 955 3021 aut
972 2989 1067 3022 vestis

191 3045 342 3069 ornatum
373 3034 472 3066 hodie
507 3033 636 3064 utimur.
693 3028 775 3061 Haec
808 3029 988 3063 Doctiffimi
1021 3031 1066 3063 illi

190 3077 274 3111 Viri.
298 3087 335 3110 ac
350 3076 463 3109 nescio
474 3098 483 3115 ,
506 3083 545 3105 an
561 3081 598 3104 ea
617 3071 751 3103 mutuati
766 3070 826 3102 fint
841 3081 858 3102 a
875 3071 985 3104 Glossa
1001 3073 1068 3113 ejus

191 3121 284 3153 loci:
315 3119 403 3159 cuius
435 3115 612 3159 posteriore
642 3119 733 3154 parte
757 3112 855 3143 verba
885 3112 955 3143 haec
980 3113 1062 3144 sunt.

193 3161 255 3195 Dic
279 3170 343 3202 ergo
361 3183 371 3200 ,
400 3159 476 3201 quod
493 3158 539 3188 hic
561 3160 623 3188 erat
639 3153 846 3194 ususfruiluu
871 3152 908 3188 &²
929 3154 983 3184 erit
992 3155 1063 3194 fru-

192 3205 258 3238 ftus
281 3203 313 3233 in
337 3202 387 3232 boc
402 3224 412 3240 ,
466 3200 520 3231 uod
540 3205 592 3240 pro
614 3197 752 3239 gemmis,
777 3201 926 3236 tamquam
947 3195 1065 3226 monilia

190 3248 346 3290 portentur
361 3243 399 3276 ad
413 3248 446 3284 pe
477 3250 521 3275 us.
562 3239 625 3273 Sed
647 3244 727 3281 puto
741 3259 753 3279 ,
781 3246 888 3279 neque
905 3234 1065 3271 Gloffato-

1106 2418 1194 2449 rem,
1217 2418 1323 2450 neque
1340 2407 1553 2446 Connanum,
1583 2416 1689 2446 neque
1713 2406 1910 2447 Donellum,
1932 2407 1977 2439 vi-

1093 2451 1204 2491 disse,
1228 2452 1304 2497 quid
1327 2449 1510 2491 Pomponio
1535 2449 1571 2495 fit
1587 2472 1597 2488 ,
1621 2449 1794 2481 Veteribus
1813 2450 1978 2482 numisma-

1107 2493 1191 2524 tibus
1216 2501 1319 2524 aureis
1342 2492 1392 2522 vel
1416 2498 1574 2532 argenteis
1599 2499 1657 2529 pro

1105 2543 1219 2566 eorum
1238 2533 1429 2566 ususfructus
1446 2532 1542 2573 legari
1560 2531 1662 2571 poffit.

1147 2574 1245 2617 Igitur
1265 2584 1322 2616 age
1351 2575 1417 2606 hoc
1440 2572 1691 2605 demonstremus
1708 2584 1717 2604 τ
1746 2572 1799 2605 sed
1814 2573 1948 2614 primurn
1964 2594 1976 2611 ,

1107 2619 1196 2658 quod
1221 2618 1397 2648 numismata
1427 2615 1494 2646 sunt
1516 2614 1628 2646 eadem
1653 2615 1778 2646 nummis
1795 2637 1805 2653 ‚
1841 2624 1881 2646 ne
1907 2613 1975 2654 quis

1105 2659 1194 2690 forte
1212 2657 1430 2698 distinguenda
1453 2666 1469 2687 a
1491 2657 1618 2687 nummis
1635 2658 1810 2687 numismata
1826 2654 1890 2687 ess'e
1912 2654 1978 2686 exi-

1106 2700 1223 2732 stimet.
1249 2700 1281 2730 id
1306 2708 1384 2730 vero
1409 2698 1596 2738 intelligitur
1619 2696 1802 2728 testimonio
1826 2695 1974 2737 Ulpiani:

1106 2742 1161 2782 qui
1186 2741 1217 2773 in
1240 2740 1259 2772 l.
1283 2749 1311 2776 9.
1353 2740 1371 2770 “.
1388 2749 1418 2779 4.
1443 2738 1485 2770 D.
1530 2738 1580 2770 Ad
1602 2738 1976 2771 exhibendumnumisma-

1108 2791 1174 2815 tum
1191 2780 1349 2814 usumfrut
1368 2790 1438 2819 um,
1466 2789 1531 2811 non
1549 2780 1633 2812 hunc
1651 2789 1759 2811 verum
1771 2803 1781 2819 ‚
1804 2779 1856 2811 sed
1873 2776 1974 2819 quasi,

1108 2823 1290 2856 describens
1307 2845 1317 2861 ,
1350 2823 1393 2853 ita
1419 2821 1571 2862 loquitur.
1620 2821 1781 2852 Marcellus
1795 2821 1900 2862 scribit
1915 2842 1926 2858 ,
1945 2817 1975 2856 fi

1109 2867 1162 2897 tibi
1174 2867 1266 2896 decem
1282 2864 1472 2896 nomismata
1483 2861 1545 2901 fint
1559 2862 1610 2901 sub
1627 2863 1787 2894 conditione
1801 2863 1913 2904 legata,
1937 2858 1977 2894 δ’

1108 2907 1179 2939 mibi
1202 2908 1294 2937 decem
1316 2904 1502 2946 ususfruttus
1520 2911 1613 2946 pure,
1635 2904 1736 2935 deinde
1749 2904 1826 2935 heres
1836 2902 1974 2943 pendente

1110 2948 1288 2986 conditione,
1310 2956 1369 2977 non
1392 2945 1496 2978 exusta
1517 2947 1668 2984 cautione,
1696 2946 1787 2976 decem
1802 2941 1972 2989 frustuario

1100 2990 1250 3030 solverit,
1279 2989 1317 3019 ad
1342 2988 1531 3019 exhibendum
1552 2996 1616 3018 eum
1640 2985 1748 3018 ustione
1766 2991 1870 3016 teneri:
1891 2979 1973 3029 quasi

1110 3031 1170 3063 dolo
1183 3031 1308 3071 fecerit,
1331 3039 1386 3070 quo
1403 3031 1498 3061 minus
1511 3027 1667 3069 pofficleret.
1687 3026 1767 3058 dolas
1780 3029 1874 3056 autem
1889 3032 1971 3070 ineo

1110 3071 1166 3114 est,
1189 3072 1264 3113 quod
1278 3073 1439 3102 cautionem
1459 3073 1573 3112 exigere
1584 3068 1743 3110 supersedit
1757 3075 1775 3096 a
1782 3063 1950 3104 frustuarzo
1963 3073 1975 3094 ε

1111 3113 1299 3156 effestumque
1314 3135 1324 3150 ‚
1355 3119 1390 3143 ut
1414 3112 1540 3153 legatum
1573 3118 1655 3142 tuum
1678 3110 1882 3153 evanesceret,
1907 3114 1973 3136 cum

1101 3156 1167 3198 jam
1183 3163 1329 3187 nummos
1345 3155 1496 3184 vindicare
1510 3162 1566 3183 non
1577 3150 1670 3192 poffis.
1710 3147 1791 3188 Quae
1812 3153 1907 3178 initio
1923 3155 1974 3177 no-

1107 3198 1241 3228 mismata
1255 3196 1337 3227 dixit
1356 3193 1528 3236 Ulpianus,
1551 3192 1665 3224 deinde
1680 3197 1807 3235 nummos
1824 3187 1976 3230 appellat.

1108 3238 1178 3273 sunt
1201 3237 1297 3279 igitur
1322 3236 1352 3268 ei
1377 3237 1547 3268 nomismata
1566 3234 1676 3266 eadem
1692 3238 1825 3263 nummis.
1866 3230 1975 3268 Atque

1909 3267 1977 3308 hoc

1681 2490 1816 2532 gemmis
1839 2491 1883 2522 uti
1900 2513 1911 2530 ‚
1941 2496 1977 2521 ut
