2036 3495
138 127 239 166 „300

165 205 273 239 stitui:
303 211 365 237 nec
386 210 468 243 opus
486 199 609 242 Judicis
643 199 775 231 arbitrio
805 208 871 239 quo
892 199 1040 239 jubeatur

167 258 220 282 res
235 245 374 284 restitui3
397 243 450 275 sed
467 242 611 282 protinus
629 241 728 273 debet
743 249 814 273 reus
829 241 1038 273 condemnari

165 291 200 322 in
218 289 250 320 id
297 286 360 318 uod
383 283 504 317 intersit
526 282 641 315 actoris
661 282 680 313 1.
702 286 749 316 18.
772 282 801 324 §.
825 291 850 313 1.
867 281 947 322 &4
972 284 1040 314 item

164 331 190 363 1.
208 339 258 368 24.
313 352 322 361 ,
345 327 405 357 eod.
425 327 471 357 tit.
515 323 568 356 Sic
592 323 663 356 fere
683 324 714 355 in
739 332 780 355 eo
803 324 859 364 qui
876 324 942 364 egit
959 324 1038 356 dolo

162 372 271 408 malo,
289 368 396 400 edixit
412 367 545 400 Praetor.
568 373 603 397 at
619 365 651 397 in
668 364 821 397 heredem
838 372 971 396 eatenus
986 366 1038 397 da-

165 419 273 445 turum
291 409 321 441 se
337 408 495 441 afflonem
514 408 709 449 pollicetur3
731 411 890 445 quatenus
904 408 943 439 ad
963 416 1036 438 eum

164 451 370 495 pervenerit,
392 451 513 482 dolove
537 449 622 482 malo
645 447 712 488 ejus
729 447 847 480 faCtum
865 447 911 480 est
929 471 940 487 ,
970 458 1035 489 quo

160 495 267 527 minus
281 492 467 535 perveniret
489 489 637 526 hem&
657 490 747 530 l.⁷..27.
764 489 816 520 D.
837 490 916 532 ἀνι,
929 499 1036 531 neque

161 533 291 576 videtur
305 528 431 568 Praetor
447 534 499 566 hic
513 528 665 565 addidiffe
681 554 692 570 ,
718 530 809 575 causa
827 531 970 577 cognita.
989 532 1035 563 'ita

158 573 309 616 observat
329 574 384 615 Ul'
396 575 501 614 iarius,
524 583 630 616 neque
647 572 746 605 causae
763 574 986 617 cognitionem
1003 573 1034 604 in

145 614 289 657 ,heredis
312 618 368 661 pei·
382 626 445 649 ona
469 616 532 649 effe
555 615 759 659 necessariam
780 614 801 645 l.
827 624 878 655 30.
900 613 943 645 D.
966 615 994 646 d.
1011 620 1033 646 t.

156 659 277 692 Paulus
293 658 424 701 quoque
446 658 534 696 λης).
558 656 601 689 D.
625 658 654 688 d.
679 663 701 688 c.
732 654 833 700 refert
850 654 1034 699 „Sabinum

156 708 292 744 putare,
315 698 467 733 heredem
492 699 606 732 calculi
630 698 914 740 rationep‘otius,
939 706 1032 738 quom

154 740 327 783 maleficii,
351 741 536 783 conveniri;
557 741 701 782 ideoque
726 740 758 771 in
775 742 966 782 perpetuum
987 747 1033 770 te-

147 784 227 818 meri
245 793 423 826 oportere:
448 786 586 823 nempe,
608 792 648 821 ne
667 791 707 814 ex
725 782 830 813 alieno
848 781 970 812 damno
990 781 1032 813 lu-

156 829 275 859 eretur.
300 826 350 857 cui
368 824 568 857 conveniens
585 823 648 856 effe
664 846 675 862 ,
698 821 798 865 Gaius
816 821 924 858 censet
940 822 961 854 Ι.
980 826 1029 868 28.

151 862 203 901 D.
227 864 351 899 eodftir.
375 866 410 898 u't
434 867 466 898 dt
489 866 521 898 in
547 865 616 907 ipso
633 866 686 906 qui
702 863 781 897 dolo
796 864 882 896 malo
897 872 1030 895 commi-

153 908 254 948 serit,
283 909 315 940 in
339 908 372 940 id
396 905 489 949 qu'od
510 907 707 946 locupletior
736 905 840 944 esset,
869 914 1031 947 perpetuo

153 950 259 991 danda
275 948 354 982 effet
369 949 402 982 in
418 948 538 991 factum
557 949 650 991 aetio.
697 948 759 980 Sed
775 955 925 988 apparet,
942 948 1031 987 quod

154 990 241 1026 bona
270 986 353 1024 fides
378 991 410 1023 in
443 990 538 1029 striffl
558 990 636 1031 *juris
658 989 877 1032 contractibus
900 990 1029 1020 demum

151 1033 258 1075 'coepit
281 1042 324 1073 ex
348 1031 468 1074 Aquilii
492 1028 611 1066 Editio
632 1031 799 1064 defiderari
818 1040 827 1062 :
858 1038 931 1062 cum
954 1037 1030 1061 ante

153 1074 245 1115 nulla·
265 1073 346 1115 effet
371 1073 541 1109 nesceffaria
567 1072 669 1114 Civili
685 1071 782 1114 J‘ure:
813 1069 867 1103 nisi
880 1070 966 1103 fasta
988 1072 1030 1103 de

150 1117 231 1149 dolo
257 1116 474 1158 stipulat-ione.
508 1114 605 1148 etiam
630 1120 787 1156 apparet,
817 1114 907 1153 quod
931 1112 1028 1145 striffl

144 1153 230 1201 Juris
257 1158 442 1191 contractus
466 1158 498 1189 in
531 1166 597 1198 quo
622 1157 758 1197 liqueret
785 1155 883 1201 dolus·
904 1154 1030 1193 malus,

150 1208 226 1234 ante
249 1199 371 1242 Aquilii
395 1198 543 1232 Edictum
565 1206 704 1239 utroque
731 1196 853 1230 valeret
872 1205 942 1237 Jure
957 1218 969 1235 ‚
999 1196 1030 1227 ἃ

761 111 1071 147 GERARnr
1122 107 1356 148 Noonr

1082 197 1202 239 Civili,
1237 200 1267 232 ὅ(
1290 199 1474 234 Praetorio:
1506 200 1577 240 p'ost
1602 201 1718 241 aquilii
1743 208 1848 236 autem
1878 199 1951 239 Edi·-

1083 240 1167 272 etum
1192 241 1286 275 Civili
1306 244 1437 284 quidem
1460 241 1534 281 Jure
1553 243 1703 282 valebat,
1728 242 1780 275 scd
1794 244 1951 279 Praetorio

1081 281 1319 316 rescindebatur
1350 285 1401 316 vel
1434 285 1631 324 exceptione
1662 285 1715 316 vel
1737 285 1864 318 afflone
1884 288 1949 320 doli

1082 324 1167 355 mali.
1191 333 1252 356 nec
1272 333 1378 357 tamen
1404 325 1477 356 alias
1497 349 1507 363 ,
1539 335 1633 367 quam
1655 324 1677 357 si
1700 326 1792 363 actor
1807 334 1861 359 aut
1880 337 1951 361 reus

1081 364 1282 407 designaffet,
1305 367 1382 408 quid
1397 366 1427 398 ἀ
1442 367 1531 406 cujus
1546 368 1624 399 dolo
1641 367 1726 399 malo
1736 367 1859 400 *factum
1874 369 1952 402 ess'et

1079 405 1099 437 l.
1120 415 1169 447 15.
1191 406 1229 442 ὃ
1250 408 1272 441 l.
1291 413 1338 441 16.
1361 408 1404 440 D.
1430 410 1463 440 de
1477 409 1538 440 dolo
1553 408 1638 441 malo.
1660 408 1681 440 l.
1700 418 1728 441 2.
1751 409 1780 451 §.
1801 418 1826 442 1.
1851 409 1894 442 D.
1915 413 1949 442 de

1079 449 1240 488 exceptione
1261 450 1317 481 doli
1332 450 1402 482 moli
1415 461 1426 482 .·
1450 450 1479 482 ἀ
1494 451 1535 482 de
1552 451 1631 483 dolo
1648 450 1808 483 actionem
1825 460 1879 483 aut
1894 461 1950 485 ex-

1079 490 1284 530 ceptionem,
1307 491 1397 524 causa
1411 492 1542 533 cognita
1556 515 1567 532 ,
1591 502 1608 524 a
1623 492 1769 527 Praetore
1785 492 1902 534 impetr
1920 502 1951 526 e-

1079 529 1134 561 set.
1176 531 1259 564 Illud
1273 533 1404 575 quoque
1420 532 1678 573 observandum,
1701 533 1791 575 quod
1810 543 1886 573 non,
1917 545 1952 577 3:-

1079 579 1113 603 ut
1131 572 1172 604 de
1187 574 1264 619 dolo
1279 574 1363 606 aftio
1378 583 1470 607 certo
1489 583 1637 617 tempore
1653 575 1783 614 finitur,
1793 575 1837 608 ita
1850 576 1950 618 ,etiarn

1078 620 1232 654 exceptio
1255 616 1372 648 eodem
1393 621 1541 658 tempore
1565 616 1845 650 circumscribitur.
1876 620 1950 652 na‘m

1078 654 1148 686 hae‘c
1171 658 1329 697 perpetuo
1351 659 1528 701 competit:
1551 668 1625 691 cum
1651 656 1740 690 actor
1763 659 1893 699 quidem
1916 659 1950 693 in

1077 697 1130 728 sua
1145 697 1307 737 potestate
1330 698 1445 730 habeat
1461 723 1470 738 ‚
1502 702 1631 741 quando
1656 699 1713 733 suo
1738 707 1843 732 utatur
1856 702 1945 742 jure:

1075 738 1100 770 is
1123 747 1229 771 autem
1256 749 1328 772 curn
1355 749 1421 781 quo
1445 741 1566 783 agitur,
1590 740 1655 774 non
1668 734 1947 782 'habeattpooesta-

1060 780 1162 819 rem,
1184 782 1314 821 quando
1331 784 1540 817 conveniatur
1562 783 1581 815 l.
1597 795 1628 824 5.
1652 784 1730 825 §.[6.
1756 783 1798 814 D.
1823 786 1881 815 eod.
1899 780 1946 822 rifi.

1073 818 1152 862 Non
1184 823 1284 867 mag'ie
1315 816 1593 866 dissimulandum,
1631 824 1765 869 quodifi
1788 826 1857 865 quis
1883 825 1948 861 ss'rie

1074 862 1164 907 causa
1180 863 1220 895 ab
1241 863 1465 906 aliquowfuerit
1489 865 1651 905 stipulatus
1668 889 1677 904 ,
1691 866 1693 870 '
1707 866 1823 897 deinde
1847 876 1886 898 ex
1910 862 1947 905 ea

1074 904 1279 945 stipulatione
1307 908 1527 946 experiatur:
1561 907 1714 948 exceptio
1745 907 1855 948 utique
1880 908 1948 940 doli

1075 947 1150 978 mali
1163 947 1192 977 ei
1208 947 1350 979 nocebit.
1373 948 1451 988 licet
1472 949 1558 980 enim
1583 958 1625 979 co
1650 957 1800 989 tempore
1817 957 1882 988 quo
1896 949 1948 982 sti-

1073 988 1260 1028 pulabatur,
1284 988 1363 1020 nibil
1379 989 1457 1021 dolo
1475 990 1558 1021 malo
1576 988 1756 1022 admiserit:
1779 998 1884 1023 tamen
1903 988 1947 1025 di-

1073 1030 1212 1061 cendum
1229 1029 1294 1069 est,
1318 1040 1412 1070 eum,
1435 1039 1508 1063 cuin
1527 1031 1619 1062 litem
1630 1031 1851 1071 contestatur,
1870 1033 1948 1067 dolo

1072 1070 1200 1111 facere,
1224 1071 1278 1111 qui
1295 1071 1480 1114 perseveret
1497 1081 1537 1104 ex
1553 1082 1591 1104 ea
1614 1071 1818 1113 stipulatione
1835 1075 1948 1114 petere

1071 1113 1100 1143 d.
1128 1112 1147 1143 l.
1164 1122 1193 1144 2.
1224 1113 1253 1155 §.
1271 1123 1302 1155 3.
1326 1113 1370 1148 D.
1400 1115 1460 1147 eod.
1489 1115 1537 1146 tit.
1561 1114 1580 1146 l.
1595 1117 1647 1155 36.
1673 1113 1716 1146 D.
1740 1116 1774 1146 de
1796 1115 1947 1148 verborum

1071 1152 1302 1196 obligationibus.
1904 1159 1905 1162 ’

878 1331 1094 1368 CAPUT
1152 1331 1225 1368 VI.

659 1443 762 1480 Varro
788 1443 963 1480 declaratus
988 1444 1116 1479 notabili
1141 1440 1184 1483 δέ’
1207 1441 1330 1489 dtfficili
1353 1444 1426 1481 Ioco.

143 1574 272 1651 Hac
290 1571 463 1605 occasione
478 1571 528 1604 fas
549 1571 631 1604 mihi
655 1570 711 1611 sit,
733 1571 890 1612 aliquam,
912 1572 936 1605 fi
953 1579 1025 1614 pos-

252 1614 307 1646 fim
322 1638 333 1654 ,
351 1615 470 1647 lucem
495 1611 661 1650 effundere
711 1613 825 1646 ulchro
843 1637 854 1653 ,
885 1613 938 1646 sed
966 1616 1025 1646 ob-

141 1656 236 1690 scuro
260 1657 338 1688 loeo
361 1655 468 1688 Marci
494 1654 645 1688 Terentii
669 1622 826 1687 &arronis
847 1655 899 1699 lio„
913 1667 944 1697 5.
973 1657 1023 1689 De

139 1699 246 1741 lingua
261 1697 376 1730 Latina
386 1705 457 1740 pag.
473 1706 526 1738 41.
550 1697 637 1738 cujus
658 1695 791 1738 apposui
808 1697 906 1729 verba
921 1709 930 1731 ι
952 1698 1024 1730 sunt

142 1748 251 1773 autem
267 1740 350 1773 haec.
395 1739 460 1784 Qui
478 1740 675 1781 spoponderat
697 1737 796 1779 filiam
811 1761 822 1777 ,
852 1739 1024 1782 despondzffe

138 1780 316 1815 dicebatur.-
345 1787 422 1824 quoa
445 1781 479 1813 de
491 1781 596 1820 svonte
614 1780 677 1821 ejus
692 1802 705 1819 ,,
723 1780 756 1812 ia
777 1777 841 1821 eft,
870 1780 1024 1814 voluntate

141 1825 262 1857 exierat.
307 1823 383 1856 Non
397 1812 517 1861 enimfi‘
532 1821 665 1860 volebat,
687 1822 776 1853 dabat
789 1844 800 1861 ,
822 1823 897 1863 quod
915 1823 1023 1865 sponsu

140 1872 204 1898 crat
219 1865 373 1907 alligatus.
416 1865 502 1899 Nam
524 1864 557 1895 in
581 1863 722 1895 comoediis
741 1864 822 1895 vides
841 1864 921 1903 dici,
933 1865 1022 1906 spon-

139 1908 205 1939 den’
221 1913 302 1939 tuam
315 1913 443 1948 gnatam
453 1905 516 1945 filio
539 1912 658 1937 uxorem
678 1914 737 1936 meo
753 1904 771 1936 ‚9
800 1907 876 1947 quod
897 1911 959 1938 zum
984 1907 1022 1942 ἐξ

135 1949 373 1991 Ρνιετονίηπιϊιιε
387 1950 426 1980 ad
439 1948 527 1990 legem
542 1970 552 1985 ‚
576 1945 614 1982 {9⁹
641 1946 802 1986 censorium
819 1947 966 1988 judicium
983 1950 1023 1981 ad

140 2000 254 2032 oequim
276 1992 480 2022 oeimabatur.
529 1988 573 2020 Et
596 1988 691 2029 paulo
715 1987 796 2028 post.
841 1988 946 2030 Itaque
967 1992 1021 2032 qui

139 2035 178 2064 ad
192 2033 225 2063 id
237 2034 313 2074 quod
330 2038 453 2074 rogatur
470 2054 480 2069 ,
512 2039 571 2062 non
593 2030 690 2066 dicit3
712 2038 777 2060 vnon
798 2030 847 2070 res
861 2031 963 2062 endec:
986 2038 1021 2063 ut

139 2083 199 2105 non
221 2073 366 2115 respondet
388 2073 436 2105 ille
454 2070 560 2114 statim
574 2095 584 2111 ,
616 2071 667 2114 qm·
691 2071 794 2108 dixit,
816 2035 941 2110 spondeo
957 2095 968 2112 ,
990 2071 1021 2112 fi

134 2115 256 2157 jocundi
277 2116 365 2152 caula
388 2116 466 2146 dixit
482 2137 492 2153 ,
529 2120 619 2155 neque
646 2114 697 2154 agi
727 2110 819 2153 potest
839 2120 905 2145 cum
930 2123 960 2144 eo
983 2124 1020 2147 ex

132 2155 254 2198 sponsu.
295 2156 346 2188 Ita
368 2156 503 2198 quisquis
528 2156 599 2186 dicit
621 2155 654 2185 in
680 2154 824 2194 trogoedia
839 2177 849 2193 ‚
879 2153 1019 2188 Memini-

133 2195 210 2241 fiin’
231 2202 260 2229 te
276 2198 447 2238 despondere
469 2196 542 2228 mihi
560 2201 684 2238 gnatam
709 2201 792 2226 tuam
807 2194 824 2226 ?
863 2198 939 2237 quod
953 2195 1020 2236 fine

128 2239 160 2280 s
172 2244 238 2271 onte
246 2238 307 2278 sua
323 2238 422 2276 dixit,
444 2247 510 2269 cum
532 2246 561 2268 eo
585 2238 635 2278 ogi
654 2246 713 2268 non
732 2234 823 2277 potest
846 2245 883 2268 ex
897 2239 1019 2279 sponsu.

141 2246 189 2313 ὗε
206 2279 403 2322 intelligatur
420 2278 557 2311 difficilis
574 2278 684 2317 locus3
709 2277 1017 2320 observandumest‚

164 2322 231 2354 uod
248 2328 283 2353 nt
300 2331 341 2353 ex
363 2320 476 2361 sponsu
502 2320 573 2361 quis
594 2319 690 2352 Civili
712 2318 787 2359 ,line
803 2320 869 2352 obli
894 2329 1018 2362 aretur,

137 2330 335 2404 afficiebat,
359 2372 433 2395 eum
450 2364 489 2394 ad
504 2362 699 2402 interrogata
716 2359 864 2401 respondi
892 2372 932 2395 e:
956 2370 1018 2396 nec

139 2405 312 2443 intererat,
335 2411 442 2436 utrum
466 2402 548 2435 serio
569 2401 778 2444 respondisset
793 2425 803 2441 ,
825 2413 866 2435 an
891 2413 949 2444 per
969 2405 1016 2445 io-

141 2455 230 2479 cum.
252 2453 322 2478 erat
340 2445 426 2478 enim
442 2445 619 2486 stipulatori
635 2451 769 2483 utraque
785 2444 817 2475 in
833 2444 939 2486 specie
947 2447 1015 2487 jus,

140 2496 159 2520 a
174 2486 316 2519 Praetore
331 2496 443 2529 petere
459 2496 501 2519 ex
516 2486 666 2527 stipulatu
681 2486 861 2519 actionem:
898 2497 960 2519 nec
983 2489 1016 2520 in

139 2536 235 2562 more
255 2537 324 2560 erat
347 2528 479 2560 Praetori
497 2551 507 2567 ,
537 2537 608 2560 eam
630 2528 809 2568 denegare3
831 2534 886 2560 aut
912 2530 941 2560 ei
962 2530 1016 2562 ad-

140 2570 220 2602 dere
235 2571 481 2610 exceptionem:
507 2579 571 2602 non
590 2568 755 2610 proposito
776 2569 881 2601 adhuc
900 2569 1016 2602 Edicto

140 2612 184 2643 de
203 2610 354 2643 formulis
374 2611 441 2643 doli
465 2611 548 2643 mali.
573 2611 616 2643 ita
641 2610 760 2649 fiebat,
784 2619 819 2642 ut
843 2621 885 2643 ex
902 2610 1016 2652 sponsu

140 2660 326 2685 conventus
348 2652 517 2692 promissor
539 2653 623 2693 apud
651 2652 795 2692 Judiccm
824 2662 842 2684 a
870 2653 1016 2685 Praetore

140 2694 271 2734 datum,
293 2694 437 2735 quamvis
455 2703 514 2735 per
525 2695 635 2734 iocum
649 2693 860 2734 respondisset
880 2695 1016 2727 interro-

139 2735 259 2778 garni,
291 2743 397 2767 tamen
428 2734 493 2766 fine
523 2736 586 2767 ulla
616 2735 737 2775 Judicis
760 2736 915 2777 religione
939 2745 1017 2768 con-

138 2779 356 2811 demnaretur.
412 2776 513 2816 Atqui
537 2777 602 2808 hoc
629 2777 807 2809 humanitas
829 2786 927 2819 atque
947 2777 1017 2810 offi-

140 2820 228 2852 cium
243 2828 309 2851 non
349 2816 516 2849 atiebatur.
537 2818 607 2859 quis
623 2818 746 2859 negat?
769 2818 822 2851 fed
844 2820 885 2851 de
902 2819 1017 2852 officiis

137 2871 207 2894 non
222 2860 306 2902 apud
349 2866 499 2892 raetorem
518 2881 530 2896 ‚
560 2865 622 2890 nec
648 2860 732 2899 apud
749 2859 894 2899 Judicem
918 2861 958 2892 ab
975 2871 1018 2893 eo

138 2901 250 2935 datum
267 2901 490 2943 querebatur,
513 2900 651 2931 maxime
669 2903 700 2932 in
716 2901 841 2941 judiciis
858 2902 955 2934 striffi
971 2903 1018 2943 ju·

138 2946 209 2977 ris:
232 2943 285 2976 sed
308 2943 395 2985 apud
420 2940 607 2974 Censorem.
630 2943 804 2987 erat-enim
820 2943 910 2975 alteri
929 2953 1017 2976 com-

139 2987 292 3019 mendam
304 2984 381 3026 iuris
396 2983 568 3024 legumque
583 2990 755 3014 executio:
777 2985 866 3016 alteri
891 2995 956 3017 non
980 2995 1017 3017 ea

140 3025 307 3060 eommiss'a
320 3033 408 3059 erat:
431 3024 485 3056 sed
501 3031 626 3056 morum
642 3022 772 3054 censura
790 3026 820 3056 δι
833 3026 1015 3068 castigatio:

142 3076 180 3100 ut
203 3070 256 3102 ille
280 3069 397 3101 clamat
422 3066 507 3106 apud
528 3065 568 3097 A.
591 3064 733 3096 Gellium
750 3088 759 3102 ,
784 3066 831 3097 lib.
855 3076 900 3106 14.
923 3067 1015 3100 Nobi.

140 3111 238 3144 Attic.
261 3121 285 3142 c.
305 3120 335 3144 2.
356 3119 395 3142 ac
416 3117 494 3140 vere
513 3107 544 3140 δι
558 3106 734 3139 commode
751 3106 891 3146 Persius,
905 3109 967 3148 soc.
984 3120 1016 3150 5.

142 3155 218 3187 vers.
236 3161 256 3189 9
279 3175 286 3182 .

182 3162 411 3226 Nongpraewris
426 3196 508 3230 erat,
523 3189 628 3232 stultis
642 3191 711 3222 dare
727 3190 829 3220 tenuia
844 3198 940 3222 rerum

182 3233 311 3277 Officia,
332 3240 419 3276 atque
435 3237 519 3275 usum
534 3234 640 3274 rapitiae
650 3233 816 3275 permittere
827 3232 906 3263 vim.
930 3249 932 3251 >

1068 1550 1158 1616 Quid
1174 1571 1274 1604 multa
1288 1570 1307 1604 ⁸?
1337 1557 1422 1605 clare
1448 1569 1580 1604 Plautus
1597 1595 1608 1613 ,
1641 1570 1779 1614 Pseudolo
1795 1597 1806 1614 ,
1836 1568 1893 1610 oei.
1911 1586 1941 1619 4.-

1057 1618 1103 1656 Jc.
1123 1624 1151 1655 7.
1177 1614 1251 1654 vers.
1273 1617 1341 1646 126.

1107 1656 1275 1697 Auferetur
1304 1656 1336 1687 id

1330 1656 1511 1720 9praemium
1529 1665 1557 1688 *a
1591 1665 1635 1687 me
1656 1657 1732 1698 quod
1751 1654 1872 1699 promisi
1888 1660 1940 1701 pir

1235 1707 1317 1729 ocum
1330 1721 1338 1729 .
1873 1717 1876 1723 „

1108 1737 1203 1771 Nec⁴
1233 1740 1338 1771 lautus
1363 1746 1488 1772 tantum
1503 1761 1514 1778 ,
1541 1736 1599 1771 sed
1622 1737 1727 1772 Varro
1747 1746 1881 1783 ,quoque
1895 1734 1942 1772 se·

1065 1780 1240 1822 quentibus
1256 1780 1372 1814 verbis.
1416 1780 1480 1826 Ωμί
1484 1781 1678 1822 spoponderat
1686 1780 1803 1822 filiam,
1827 1783 1941 1822 despon-

1065 1822 1133 1863 dzffe
1150 1823 1320 1861 dicebatur,
1332 1825 1418 1864 ¹quod
1434 1826 1468 1854 ae
1476 1823 1580 1864 sponte
1595 1823 1657 1865 ejus
1673 1845 1684 1862 ,
1707 1825 1739 1855 ic}
1755 1822 1794 1865 est
1803 1847 1814 1864 ,
1835 1822 1940 1855 vol'un'-

1065 1869 1124 1895 tate
1136 1866 1259 1896 exierat.
1283 1873 1342 1895 non
1361 1865 1436 1897 em'm
1446 1863 1476 1903 fi
1490 1863 1619 1903 volebat,
1642 1865 1748 1904 dabat,
1770 1867 1846 1907 quod
1852 1864 1940 1908 spon-

1056 1905 1098 1946 su
1113 1905 1341 1947 crocalligacus.
1383 1905 1516 1946 Sensus,
1541 1905 1573 1936 Si
1598 1905 1756 1946 nolebat,
1781 1907 1878 1939 dabat
1893 1911 1938 1938 ta-

1064 1956 1156 1979 men:
1179 1946 1211 1979 id
1226 1947 1272 1979 est
1289 1970 1299 1986 ,
1323 1947 1493 1979 tenebatur
1516 1955 1624 1978 tamen
1644 1947 1772 1980 actione
1787 1958 1829 1980 ex
1847 1948 1941 1989 stipu-

1063 1988 1243 2020 latuwdare:
1273 1989 1395 2020 idcireo
1420 1988 1510 2029 quod
1534 1986 1633 2020 Civili
1659 1987 1732 2028 Jure
1754 1989 1939 2029 sufficeret,

1063 2030 1305 2071 promiffionem
1331 2030 1372 2061 de
1397 2030 1618 2071 promittentis
1642 2029 1759 2069 sponte
1781 2030 1843 2063 effe
1867 2038 1939 2072 pro·

1063 2070 1180 2103 sectam
1198 2082 1207 2102 t
1237 2071 1377 2112 denique
1394 2094 1405 2110 ,
1437 2071 1527 2112 quod
1544 2071 1627 2111 apud
1644 2070 1821 2105 Praetorem
1838 2073 1878 2104 de
1889 2073 1938 2113 ju-

1062 2122 1118 2151 re3
1141 2121 1230 2150 non,
1253 2120 1288 2143 ut
1314 2112 1398 2152 apud
1423 2112 1597 2144 Censorem
1614 2134 1623 2150 ,
1647 2114 1686 2144 de
1710 2122 1804 2155 aequo
1827 2123 1937 2155 agere·

1063 2161 1124 2185 tur.
1166 2153 1279 2192 Nolo,
1303 2153 1356 2184 hic
1370 2162 1474 2185 meam
1497 2152 1633 2193 sequaris
1651 2153 1758 2186 fidem.
1782 2155 1945 2186 inter-cess

1062 2194 1132 2227 sore
1150 2203 1220 2227 uter
1238 2194 1401 2226 Varrone:
1424 2195 1449 2227 is
1465 2193 1507 2226 fic
1525 2195 1642 2236 pergit.
1681 2194 1766 2228 Nam
1789 2197 1821 2227 in
1838 2206 1936 2228 comoe-

1061 2237 1117 2268 diis
1131 2238 1212 2268 vides
1228 2236 1304 2275 dici,
1328 2235 1470 2277 Sponden’
1493 2242 1575 2268 tuam
1594 2242 1721 2277 gnatam
1736 2237 1802 2277 filio
1816 2242 1937 2279 uxorem

1061 2277 1145 2310 meo?
1160 2279 1243 2320 >quod
1260 2283 1322 2309 tum
1338 2278 1508 2319 praezorium
1536 2277 1578 2308 'us
1599 2279 1638 2309 ad
1659 2277 1767 2320 legem,
1790 2278 1828 2313 ὅ)
1842 2279 1936 2317 censor

1060 2321 1137 2351 rium
1149 2319 1297 2362 judicium
1310 2322 1347 2350 aa
1363 2329 1476 2361 coquum
1492 2329 1513 2350 ae
1540 2320 1698 2352 imabatur.
1741 2319 1832 2362 Quid
1859 2319 1935 2352 Van-

1060 2370 1097 2393 ro
1112 2361 1129 2394 ‘2
1152 2362 1243 2400 vult,
1264 2360 1422 2392 Praetores
1445 2361 1524 2392 olim
1544 2361 1687 2402 legibus,
1712 2361 1869 2394 Censores
1891 2368 1932 2393 εε-

1060 2404 1174 2445 quitati
1198 2401 1361 2434 serviiffe:
1399 2402 1408 2433 i
1433 2402 1494 2434 itur
1523 2402 1683 2440 Praetores
1706 2411 1773 2435 tum
1786 2426 1797 2443 ,
1820 2403 1840 2435 fi
1863 2404 1931 2444 quis

1059 2451 1118 2485 per
1131 2445 1242 2485 J'ocum
1258 2442 1405 2485 respondi
1433 2450 1466 2476 et
1482 2444 1713 2485 interroganti,
1732 2445 1836 2485 ius-ex
1855 2445 1929 2486 legi-

1059 2487 1117 2519 bus
1136 2484 1267 2523 dixiffe3
1289 2485 1345 2517 etsi
1362 2487 1495 2526 aequitas
1515 2484 1695 2517 resisteret:
1718 2495 1842 2519 tantum
1860 2487 1933 2526 quia

1058 2526 1191 2569 sponsor
1207 2527 1322 2568 sponte
1338 2527 1466 2559 locutus
1486 2526 1667 2566 diceretur3
1689 2527 1787 2569 idque
1810 2528 1931 2569 legibus

1059 2569 1227 2601 sufficeret.
1248 2568 1334 2600 addit
1353 2568 1457 2600 Varro
1471 2568 1537 2609 joci
1553 2569 1756 2611 exemplum:
1776 2577 1811 2601 ut
1825 2569 1845 2600 si
1861 2570 1930 2610 quis

1058 2611 1090 2643 in
1108 2611 1270 2642 comoedia
1288 2609 1453 2650 spondeat.
1499 2609 1546 2641 lta
1562 2611 1640 2642 olim
1659 2609 1732 2643 fuit.
1756 2619 1789 2642 at
1813 2611 1929 2642 deinde

1061 2653 1091 2684 ἀ
1115 2653 1238 2685 Praetor
1261 2652 1363 2692 coepit
1386 2652 1427 2682 de
1451 2649 1564 2691 sponsu
1585 2651 1627 2683 [ic
1647 2653 1697 2693 Jus
1720 2653 1847 2684 dicere:
1870 2659 1929 2693 ut,

1059 2694 1082 2727 si
1106 2693 1235 2734 jocandi
1259 2691 1350 2723 causa
1375 2692 1496 2724 dietum
1518 2691 1597 2724 ess'et
1613 2717 1625 2732 ,
1652 2693 1818 2734 spondeo,
1840 2693 1929 2725 daret¹

1060 2735 1189 2777 quidem
1207 2733 1364 2766 acrionem
1383 2733 1581 2774 CiviliJure:
1605 2741 1720 2767 verum
1730 2735 1862 2767 adderet
1876 2742 1930 2766 ex·

1060 2778 1271 2816 ceptionem,
1294 2784 1397 2816 eaque
1420 2774 1569 2815 oppofita
1584 2798 1595 2816 ,
1627 2776 1783 2818 obligatio
1806 2785 1862 2818 per
1881 2775 1928 2816 jo·

1060 2828 1134 2850 cum
1152 2817 1334 2856 contracto,
1357 2815 1412 2848 etii
1436 2816 1532 2849 Civili
1556 2817 1630 2857 Jure
1653 2820 1774 2850 valeret
1788 2841 1799 2857 ‚
1821 2825 1926 2849 tamen

1062 2861 1221 2893 Praetorio
1238 2858 1311 2899 Jure
1326 2866 1386 2899 pro
1403 2858 1488 2890 nulla
1507 2858 1691 2893 haberetur.
1731 2859 1839 2901 Atque
1861 2857 1925 2888 hoc

1061 2902 1234 2944 praesertim
1260 2900 1395 2932 invaluit
1419 2900 1491 2942 post
1513 2901 1711 2934 introductas
1733 2901 1773 2932 ab
1793 2897 1924 2939 Aquilio

1059 2944 1100 2976 de
1123 2943 1202 2975 dolo
1219 2941 1305 2973 malo
1322 2940 1497 2974 formulas:
1519 2942 1642 2975 scilicet
1657 2963 1668 2981 ,
1697 2950 1737 2974 ne
1759 2941 1809 2972 cui
1831 2939 1924 2970 dolus

1060 2985 1130 3016 suus
1145 2994 1202 3025 per
1218 2981 1421 3015 occafionem
1441 2983 1522 3023 ¹luris
1543 2984 1657 3017 Civilis
1669 2979 1830 3024 -prodess‘et
1845 2988 1923 3010 con-

1060 3033 1108 3058 tra
1123 3025 1297 3059 naturalem
1313 3025 1499 3061 aequitatem
1523 3025 1544 3057 1.
1564 3035 1592 3058 1.
1614 3025 1644 3068 §.
1664 3034 1689 3056 1.
1712 3023 1754 3054 D.
1776 3022 1810 3067 de
1822 3026 1922 3061 excep-

1059 3069 1134 3099 tione
1149 3068 1207 3099 doli
1226 3066 1304 3098 moli.
1346 3064 1500 3098 Obtinuit
1515 3076 1595 3099 vero
1612 3074 1648 3097 ea
1665 3068 1833 3102 exceptio,
1856 3070 1924 3108 non

1060 3110 1161 3141 modo
1179 3108 1201 3140 fi
1217 3109 1285 3149 quis
1302 3116 1374 3140 cum
1391 3107 1482 3140 aliter
1506 3117 1578 3140 eum
1594 3102 1787 3150 conveniffet
1802 3102 1923 3144 obliga-

1059 3151 1112 3188 ri,
1143 3152 1236 3182 aliter
1260 3159 1317 3190 per
1341 3149 1610 3182 machinationem
1637 3145 1795 3184 obligatus
1818 3143 1895 3175 esset
1910 3148 1923 3181 3'

1058 3191 1110 3224 sed
1135 3194 1164 3223 ot
1187 3191 1209 3223 s1
1234 3191 1338 3222 nullus
1367 3190 1543 3231 stipulantis
1566 3189 1658 3221 dolus
1679 3184 1925 3223 intercessiffet}

1058 3241 1168 3265 verum
1195 3232 1258 3272 ipsa
1282 3241 1332 3264 res
1358 3232 1388 3263 in
1415 3230 1446 3264 se
1470 3231 1578 3265 delum
1597 3229 1745 3262 haberet:
1769 3234 1803 3259 ut
1819 3225 1926 3298 ficgigs}
