2036 3495
571 127 635 163 An
664 125 752 160 L113.
781 125 822 159 Π.
860 124 957 162 ΤΙΤ.
987 126 1078 162 XIII.
1115 126 1165 163 De
1181 129 1301 165 edendo.

45 223 81 256 fit
99 231 135 254 ea
151 221 248 254 ratio:
265 219 423 252 sciendum
442 217 505 257 est,
522 217 608 258 quod
621 216 650 248 in
668 214 849 247 civitatibus
858 214 920 247 fuit

45 272 169 297 certum
194 272 309 303 corpus
334 260 602 302 argentariorum:
628 265 845 304 quorum-crat
863 266 918 297 pu-

44 307 164 338 blicum
180 304 320 336 officium
338 304 355 333 Ζ.
379 312 421 334 ιο.
440 301 467 343 §.
489 310 514 332 1.
536 300 619 332 1212.
639 306 661 330 t.
680 298 722 331 Hi
739 300 812 330 alias
830 308 917 330 rnen·

43 348 113 380 sarii
131 346 222 378 tutti:
246 346 317 385 quia
334 346 362 375 in
387 344 461 375 foro
489 342 648 373 habebant
664 340 806 372 mensas:
832 341 915 380 apud

43 399 121 430 quas
138 387 380 427 deponebantur
396 385 537 426 pecuniae
549 392 605 423 per
621 391 727 423 partes
745 382 914 422 eroganda]

45 439 100 462 aut
118 429 313 461 collocandae
331 428 349 458 l.
371 436 408 464 50
425 425 466 457 J).
485 426 517 455 cle
532 425 640 455 arimin.
660 430 713 455 tur.
728 423 746 454 Ζ.
758 434 806 463 23.
826 424 867 453 l).
886 426 917 454 (le

45 473 156 503 liberat.
173 471 224 511 leg.
241 470 260 500 Ζ.
282 479 326 508 15.
345 467 363 509 ᾗ
396 477 439 499 ιι.
463 467 502 498 D.
517 468 550 496 de
564 475 594 496 re
603 467 698 507 juclin.
720 475 755 496 ea
773 476 804 497 re
824 465 917 496 utiles

45 513 77 544 i‘e
92 513 238 546 omnibus
256 510 438 549 praebebant
459 508 683 539 conti-aeribus.
712 517 783 538 nam
803 507 831 537 t&
851 515 917 537 rnu-

47 564 115 585 tuas
133 554 248 585 dabant
263 551 411 592 pecunias
424 573 433 589 ‚
458 550 487 580 ἃ
506 558 564 589 pro
583 550 650 580 alus
668 549 916 579 constituebant.

43 596 164 628 fiebant
180 594 273 625 etiam
293 602 347 632 per
370 601 427 622 eos
445 591 646 622 venditiones·
664 591 681 621 Ζ.
699 595 747 624 88.
765 590 806 621 L).
827 591 860 620 cie
875 590 916 628 fi)-

46 638 148 668 liuion.
166 636 184 666 Ζ.
200 639 244 669 18.
266 633 306 665 D.
324 636 356 664 (ie
371 633 461 664 hereti.
473 633 555 670 petit.
578 642 687 663 eorum
707 633 801 672 igitur
818 630 916 661 offici-

45 689 98 709 um
115 678 144 709 ἃ
165 675 367 708 ministerium
386 676 441 714 (ut
459 673 558 714 Gajus
576 674 646 704 aitl.
668 683 713 705 10.
732 673 760 714 §.
775 682 806 719 .¹·
825 672 867 703 D
888 672 915 703 h.

43 720 85 759 t.)
109 718 263 758 publicam
282 716 419 747 habebat
435 717 576 753 caulam,
601 717 629 747 ὅ(
649 723 716 746 erat
733 714 916 754 prineipalis

44 769 153 791 eorum
170 758 424 799 opera‚utattus
436 757 476 789 sui
496 764 633 788 rationes
651 757 822 801 diligenter
837 764 914 785 con-

42 801 186 834 ficerent.
212 809 271 831 nec
288 801 457 839 putabatur
474 799 634 839 iniquum,
660 807 716 829 cos
742 806 834 837 cogi,
858 805 914 836 po-

39 842 224 876 stulantibus
240 841 302 873 sine
311 841 465 872 calumnia
477 863 486 878 ,
504 842 599 871 edere
615 840 755 871 rationes
768 847 843 879 quas
858 846 917 878 pro

44 887 80 917 iis
97 883 316 915 confecerant.
362 883 424 913 Sed
444 881 590 913 Edictum
609 882 782 912 videamus.

85 926 137 957 Ait
155 925 293 961 Praetor,
312 925 497 965 Argentaria·
514 923 613 964 measse
626 924 804 967 exercitores.
839 920 916 966 Hoc

42 968 172 999 nornine
189 976 310 997 tantum
327 976 430 997 mares
450 964 605 1005 designat:
623 973 694 995 nam
711 962 852 994 foemm'ae
874 971 917 993 νι-

42 1011 301 1040 denturreniotae
321 1007 359 1038 ab
375 1007 484 1038 officio
503 1007 772 1048 argentariorum,
788 1012 861 1035 cum
879 1012 916 1049 ea

43 1060 141 1090 opera
157 1050 254 1080 virilis
275 1049 312 1081 fit
328 1050 345 1080 Ζ.
358 1056 423 1089 pen.
444 1047 484 1079 D.
505 1049 532 1079 h.
552 1055 572 1079 it.
590 1055 742 1078 caeterum
758 1045 917 1091 generalia

43 1092 114 1122 sunt
139 1090 286 1122 Praetoris
310 1091 423 1122 verba:
450 1090 550 1130 iisque
575 1090 670 1120 etiam
697 1086 915 1119 filiusfamilias

44 1134 247 1170 continetur,
272 1140 306 1163 ut
326 1133 376 1163 vel
395 1130 458 1170 ipse
474 1138 608 1171 cogatur
625 1132 730 1161 edere.
763 1138 800 1159 an
819 1128 848 1159 <St
865 1137 915 1167 pa-

45 1182 113 1211 ter,
130 1175 281 1215 quaeritur
294 1174 310 1205 ἱ)
328 1173 438 1204 Labeo
451 1172 573 1209 scribit,
591 1181 653 1202 non
667 1172 846 1211 cogendum
865 1179 914 1214 pa-

47 1225 144 1247 trem:
170 1215 221 1246 nisi
235 1238 244 1253 ‚
266 1224 306 1245 eo
321 1214 456 1251 sciente,
472 1215 645 1254 argentaria
664 1220 841 1242 exercetur.
861 1210 914 1241 teu

41 1256 183 1296 Ulpiano
200 1258 324 1287 videtui·
346 1256 476 1287 Sabinus
494 1253 685 1294 respondisse
701 1252 784 1283 reste
803 1275 811 1290 ,
837 1260 914 1283 tunc

43 1299 77 1330 id
97 1299 349 1335 admittendum,
372 1306 444 1327 cum
462 1299 540 1336 patri
559 1294 657 1335 refert
674 1293 824 1334 quaestum
844 1293 864 1324 l.
882 1303 911 1339 ιι.

42 1339 72 1381 §.
93 1351 120 1371 2.
139 1339 181 1370 D.
198 1340 224 1369 h.
241 1346 263 1369 t.
290 1338 376 1378 quod
394 1337 433 1368 fic
450 1337 688 1377 accipiendum:
713 1343 747 1366 ut
769 1334 791 1366 fi
809 1344 913 1366 omnis

41 1381 162 1412 reditus
180 1381 216 1411 ad
234 1387 356 1419 patrem
377 1380 550 1419 pertineat,
568 1378 592 1408 is
609 1378 638 1408 in
655 1376 789 1408 solidum
807 1384 913 1422 tenea-

42 1429 112 1453 tur:
135 1423 274 1461 alioquin
293 1421 333 1452 de
349 1421 496 1461 peculio,
520 1419 540 1451 si
559 1419 641 1450 lilius
658 1418 849 1463 peculiarem
867 1428 913 1449 ar-

43 1464 214 1504 gentariam
233 1471 390 1493 exerceat.
406 1462 447 1493 fic
462 1461 545 1492 enim
563 1462 593 1491 in
607 1462 696 1492 servo
712 1461 831 1504 plac-uit
847 1461 874 1490 d.
894 1460 913 1491 Ζ.

42 1514 72 1543 4.
88 1504 115 1546 §
136 1515 163 1545 3.
206 1504 300 1544 igitur
325 1504 465 1543 loquitur
485 1502 606 1533 Praetor
624 1505 662 1532 de
680 1502 914 1546 crercuorrbus

44 1547 227 1584 argentariae
247 1544 374 1576 meriste:
399 1545 430 1575 id
455 1543 519 1582 est,
544 1544 584 1575 de
598 1543 645 1575 liis
661 1552 715 1583 qui
734 1552 802 1573 eam
821 1552 912 1574 exer-

46 1582 131 1616 cent.
163 1585 214 1616 sed
234 1584 388 1625 Ulpianus
412 1587 437 1616 d,
461 1586 479 1615 Ζ.
499 1595 526 1623 4.
544 1585 572 1625 §.
593 1595 623 1622 4.
642 1586 703 1622 ait,
727 1585 821 1615 etiam
841 1594 913 1616 eum

48 1636 101 1667 qui
113 1626 201 1658 desiit
215 1630 419 1667 argentariam
434 1625 560 1664 facere,
577 1627 616 1656 ad
632 1626 808 1657 editionem
826 1635 914 1657 com-

46 1669 134 1708 pelli.
160 1668 247 1698 addit
268 1668 296 1698 ἁ
319 1668 382 1707 ejus
401 1666 589 1699 successores
604 1667 623 1697 Ζ.
647 1671 676 1697 6.
694 1666 721 1707 §.
742 1677 767 1698 1.
787 1666 826 1698 D.
845 1668 872 1698 h.
892 1673 913 1698 t.

47 1718 109 1740 nec
128 1708 275 1746 interest,
291 1717 394 1739 utrum
412 1709 550 1747 ejusdem
565 1707 766 1748 profeffionis
784 1707 860 1747 sint,
878 1719 916 1740 an

47 1759 114 1782 non
130 1749 198 1781 fint.
216 1760 287 1781 nam
302 1759 373 1787 cum
391 1750 420 1780 in
435 1750 482 1789 jus
504 1751 533 1781 i&
551 1750 655 1780 locum
672 1750 835 1789 argentarii
853 1749 917 1781 suc-

47 1793 177 1828 cedant,
189 1791 305 1822 debent
316 1793 381 1829 ejus
397 1791 538 1831 partibus
554 1790 641 1832 fungi
657 1791 675 1822 Ζ.
687 1790 752 1832 9.§.
766 1801 791 1822 1.
804 1790 843 1822 D.
854 1792 880 1823 l).
893 1798 915 1823 t.

47 1834 137 1872 quod
153 1831 173 1863 si
190 1842 252 1863 non
266 1832 421 1872 poliident
437 1833 593 1870 rationes,
611 1841 671 1863 nec
687 1832 825 1863 fecerint
840 1833 916 1864 dolo

46 1875 150 1912 malo,
167 1883 343 1912 quominus
354 1874 546 1913 possideant:
564 1873 761 1913 consequens
778 1873 841 1912 est,
859 1884 916 1906 eos

46 1924 112 1946 non
138 1916 246 1946 teneri.
278 1914 348 1953 fac,
368 1914 525 1946 tradidisse
545 1916 682 1946 rationes
699 1916 726 1946 ei
744 1916 794 1946 cui
814 1916 852 1946 ab
869 1925 915 1947 ar-

45 1958 193 1996 gentario
212 1955 269 1987 sint
288 1957 407 1996 legatae.
436 1957 734 1997 cogendusa'gztur,
758 1956 845 1988 causa
862 1966 916 1988 co-

44 1998 150 2037 gnita,
168 1998 228 2028 erit
246 1998 413 2038 legatarius
432 2007 482 2029 eas
502 1999 617 2029 edere:
635 1997 756 2029 tametsi
774 1998 915 2039 alioquin

42 2047 108 2070 non
121 2037 154 2069 fit
169 2038 244 2078 juris
261 2038 434 2075 successor,
452 2048 512 2070 nec
529 2039 566 2070 ad
578 2049 649 2070 eum
667 2039 832 2079 pertineat.
850 2040 914 2080 pla-

44 2088 103 2116 ne,
126 2076 146 2110 si
173 2080 305 2116 heredi,
326 2088 494 2121 antequam
512 2082 670 2119 traderet,
695 2082 914 2114 renunciatum

44 2120 107 2157 est,
130 2130 169 2151 ne
193 2130 243 2151 eas
270 2122 390 2160 tradat,
415 2122 595 2160 tenebitur,
619 2121 703 2162 quasi
728 2123 806 2153 dolo
831 2124 916 2155 malo

44 2161 197 2192 fecer-itai.
213 2163 231 2192 Ζ.
249 2172 277 2198 9-
296 2163 323 2204 §.
346 2173 370 2195 1.
403 2162 500 2204 Igitur
517 2164 556 2195 de
574 2164 756 2204 argentariis
774 2164 917 2204 loquitur

46 2203 177 2234 Praetor.
220 2203 281 2235 Sed
305 2205 417 2236 Paulus
440 2205 459 2235 Ζ.
485 2214 512 2240 9-
537 2204 566 2246 §.
585 2214 612 2236 2.
632 2204 674 2236 D.
694 2206 722 2236 b.
741 2211 761 2236 t.
786 2205 915 2245 scribit,

45 2242 122 2275 Non
140 2244 201 2275 esse
218 2245 377 2284 iniquum,
394 2247 619 2277 nummularios
638 2255 767 2287 quoque
782 2249 854 2289 cogi
873 2258 917 2280 ra-

45 2286 150 2316 tiones
167 2287 282 2325 edere3
307 2290 335 2318 ot
359 2286 517 2326 causatur,
543 2289 628 2328 quod
654 2289 682 2319 dt
698 2287 749 2327 hi,
774 2288 852 2321 ficut
870 2299 916 2322 ar-

46 2327 178 2366 gentarii
191 2351 198 2364 ,
217 2329 356 2360 rationes
372 2328 564 2367 conficiunt3
583 2337 671 2360 certe
687 2330 847 2369 accipiunt
866 2341 917 2371 pe-

44 2371 187 2407 cuniam,
213 2370 241 2399 ct
261 2379 391 2409 erogant
409 2380 464 2410 per
483 2379 604 2410 partes,
628 2380 664 2401 ac
684 2373 831 2411 probatio
848 2372 916 2404 scri-

41 2417 134 2449 ptura
158 2411 387 2451 codicibusque
418 2421 528 2443 eorum
555 2413 691 2443 maxime
712 2414 915 2445 continetur:

43 2451 73 2480 ἀ
90 2450 339 2491 frequentiliirne
357 2454 394 2484 ad
411 2453 504 2485 fidem
522 2463 632 2485 eorum
650 2454 838 2487 decurritur.
862 2455 915 2487 De

44 2490 91 2522 his
117 2489 330 2524 nummulariis
356 2495 385 2525 ἃ
403 2496 568 2535 quomodo
584 2494 734 2527 differant
751 2497 790 2527 ab
806 2506 915 2538 argen-

45 2534 146 2571 tariis,
169 2535 246 2565 niliil
267 2536 395 2568 addam:
418 2536 580 2575 consulat,
598 2538 647 2569 cui
667 2537 771 2575 lubet,
791 2538 914 2579 Cujaci-

43 2581 96 2603 um
114 2574 159 2604 lib.
179 2585 211 2607 x.
233 2576 352 2615 Observ.
373 2588 398 2608 c.
422 2587 476 2617 14,
494 2579 522 2609 ἃ
540 2578 719 2610 Salmafium
732 2579 780 2610 De
792 2581 870 2620 usim
888 2591 913 2612 c.

49 2623 94 2652 17.
108 2621 137 2653 p-
155 2625 224 2652 499·
253 2617 347 2656 Jubet
364 2619 458 2658 igitur
477 2620 617 2658 Praetor,
640 2624 849 2660 argentarium
867 2632 912 2653 ra-

45 2657 149 2685 tiones
167 2659 279 2688 edere:
303 2668 362 2689 nec
385 2660 529 2699 interest,
553 2671 626 2693 cum
646 2662 712 2702 ipso
734 2664 912 2704 argentario

44 2697 257 2728 controversia
268 2699 329 2736 sit,
352 2709 388 2730 an
406 2711 477 2732 cum
493 2703 553 2734 alio
571 2703 589 2734 l.
612 2713 657 2735 10.
679 2703 720 2735 D.
735 2704 762 2735 b.
781 2711 800 2734 t.
835 2704 912 2736 ldeo

43 2746 147 2767 autern
168 2737 286 2769 Praetor
301 2749 492 2781 argentarios
513 2752 633 2775 tantum
652 2754 756 2784 neque
772 2746 851 2777 alios
871 2747 913 2777 ul-

44 2780 92 2808 los
107 2777 258 2810 absimiles
277 2781 322 2811 eis
342 2784 437 2812 edere
457 2784 597 2816 rationes
620 2787 728 2827 cogit:
754 2789 842 2826 quod
859 2796 911 2818 eo-

44 2829 111 2849 rum
129 2820 268 2852 officium
286 2830 322 2851 ac
337 2822 539 2856 ministerium
556 2825 713 2865 publicam
730 2829 827 2859 habet
844 2839 912 2859 cau-

44 2860 126 2898 sam3
144 2862 171 2891 d:
190 2861 256 2892 naec
274 2864 452 2902 principalis
466 2875 575 2897 corum
592 2869 762 2908 operaest,
779 2879 811 2901 ut
828 2871 912 2900 attus

42 2902 85 2931 sui
112 2904 250 2933 rationes
276 2904 444 2944 diligenter
471 2906 643 2938 conficiant
666 2911 693 2940 cl.
719 2911 737 2940 Ζ.
764 2920 809 2943 10.
834 2912 854 2952 S}
886 2922 911 2942 1.

43 2942 199 2984 Quasdam
222 2944 316 2983 igitur
340 2945 408 2976 sunt
432 2946 570 2985 personae
589 2958 657 2988 quae
681 2951 800 2982 debent
818 2953 911 2983 nobis

41 2986 181 3015 rationes
198 2987 312 3024 edere-3
330 2996 388 3017 nec
406 2995 507 3018 tamen
527 2998 541 3018 a
560 2988 697 3021 Prcetore
714 3001 771 3031 per
790 2992 854 3023 hoc
870 2993 910 3023 E-

42 3025 161 3056 <lictum
181 3028 433 3064 compelluntur:
450 3029 545 3060 veluti
562 3039 633 3061 cum
652 3041 841 3070 procurator
860 3044 909 3065 res

39 3067 221 3098 rationesve
235 3067 351 3099 nostras
364 3069 605 3102 administrarit:
623 3074 649 3101 (t
666 3081 737 3103 cum
755 3074 832 3105 dolo
849 3085 910 3106 nizr-

42 3107 75 3138 lo
98 3107 198 3138 socius
225 3111 352 3147 ncgoria
378 3111 485 3150 g·.ffit:
513 3111 562 3142 sttl
586 3121 644 3142 nec
664 3121 803 3147 tutorem
821 3117 910 3156 cogit

41 3148 162 3179 Praesm·
186 3152 306 3188 pupillo
327 3154 422 3183 cdere
441 3153 598 3185 rationes:
621 3154 756 3193 scilicet,
782 3158 855 3196 quia
879 3158 908 3188 id

40 3189 200 3234 ps-isumus
226 3192 373 3231 consequi
399 3193 574 3225 astionibus
600 3196 757 3237 mandati,
781 3206 840 3238 pro
861 3198 908 3230 so-

41 3239 113 3270 cio,
136 3239 188 3264 aut
213 3234 318 3266 tutclae
335 3235 355 3267 l.
373 3244 401 3272 9.
420 3235 460 3267 l).
479 3235 506 3268 h.
524 3241 546 3268 t.

1797 145 1844 183 53

1004 215 1133 248 Deinde
1156 218 1200 250 ait
1224 217 1365 257 Praetor,
1392 218 1554 252 Rationem.
1580 222 1657 263 quid
1676 221 1713 255 fit
1736 223 1842 264 ratio,

963 257 1112 290 definitur
1127 260 1146 291 Ζ.
1162 265 1191 291 6.
1210 260 1238 300 §.
1258 271 1286 301 3.
1305 260 1346 292 D.
1362 262 1388 291 h.
1407 267 1428 292 t.
1452 269 1493 293 eo
1517 270 1623 296 autem
1648 265 1789 305 pertinet
1804 275 1842 298 ea

963 300 1126 331 definitio:
1143 310 1177 332 ut
1185 305 1283 332 edere
1295 310 1440 334 teneatur
1448 306 1662 345 argentarius,
1678 315 1743 338 non
1759 316 1842 348 quae-

960 350 1098 382 cumque
1115 341 1251 383 scripsit3
1268 342 1320 375 sed
1332 353 1400 385 quae
1417 347 1552 377 veniunt
1568 348 1784 388 appellatione
1794 358 1842 380 ra-

961 384 1102 414 tionum:
1125 385 1156 415 id
1175 384 1239 423 est,
1265 394 1333 424 quae
1359 387 1531 418 continent
1555 389 1628 421 data
1645 390 1674 421 &
1694 397 1840 431 accepta.

959 425 1067 464 itaque
1083 423 1102 455 si
1121 424 1258 466 scripsit,
1283 425 1312 457 se
1328 427 1440 467 pignus
1455 429 1633 470 accepisse,
1655 435 1840 465 mandatum

960 465 1137 505 accepisse,
1160 475 1214 498 aut
1238 467 1384 507 solvill‘e3
1407 477 1473 500 non
1493 473 1712 511 compelletur
1728 474 1837 505 edere.

960 506 1023 538 Etsi
1040 508 1102 539 lioc
1119 508 1217 540 habet
1234 508 1472 542 difficultatem:
1492 513 1564 551 quia
1579 514 1610 545 in
1628 513 1692 545 fine
1702 515 1840 554 dicitur,

960 549 994 580 Si
1008 550 1078 590 quid
1090 551 1165 588 solvi
1181 547 1361 590 constituerit
1376 554 1564 593 argentarius
1575 577 1584 592 ,
1611 556 1706 587 edere
1723 557 1838 589 teneri.

963 589 1178 626 Constitutum
1195 599 1301 624 autem
1317 601 1383 624 non
1394 593 1504 634 utique
1514 595 1663 627 continet
1681 598 1789 630 datum
1807 597 1840 629 δε

959 639 1140 671 acceptum.
1165 633 1227 664 Sed
1239 634 1321 665 bene
1337 634 1485 666 observat
1501 634 1666 668 Accurfius
1683 637 1840 679 posterio-

959 683 993 704 re
1011 673 1141 714 Gloffa,
1165 675 1319 716 singulare
1336 674 1398 707 effe
1413 676 1444 708 in
1462 677 1659 718 constituto;
1683 681 1756 720 quia
1773 680 1840 712 hoc

960 725 1000 746 cx
1018 717 1192 755 argentaria
1209 718 1320 755 venit,
1343 718 1376 748 id
1394 717 1456 757 est,
1482 720 1555 759 quia
1570 720 1600 751 in
1616 720 1681 752 hoc
1698 721 1839 753 maxime

960 755 1149 788 consistebat
1163 760 1348 798 argentaria.
1381 759 1470 799 quod
1490 761 1586 807 igitur
1603 762 1644 793 de
1660 761 1838 794 constituto

961 798 1098 836 dicitur,
1123 800 1263 838 pertinet
1285 801 1323 831 ad
1347 801 1627 842 emendationem,
1652 811 1706 835 aut
1729 803 1839 837 saltem

960 839 1185 911 litniitationem
1204 842 1271 880 eJus
1288 842 1377 882 quod
1392 850 1467 874 ante
1483 841 1545 875 suit
1561 844 1602 876 de
1617 844 1776 879 solutione
1793 846 1843 878 di-

960 882 976 911 c
994 889 1054 911 um.

1002 921 1057 953 Ait
1074 921 1213 961 Praetor,
1237 922 1310 966 Quae
1328 924 1406 963 adse
1416 926 1553 965 pertinet.
1594 926 1672 960 Hoc
1695 929 1839 970 explicat

960 961 1116 1002 Ulpianus
1140 963 1157 994 Ζ.
1174 967 1203 994 6.
1219 964 1248 1005 ᾗ.
1265 975 1297 1005 5.
1314 963 1357 996 D.
1375 965 1403 996 h.
1422 972 1443 998 t.

997 1007 1069 1043 Ait,
1093 1004 1186 1035 Edere
1204 1007 1312 1036 debent.
1337 1005 1398 1038 Edi
1415 1016 1522 1040 autem
1537 1009 1601 1050 est,
1627 1012 1679 1044 vel
1696 1011 1835 1052 distare,

959 1046 1010 1076 vel
1031 1047 1155 1077 tradere
1173 1046 1337 1086 libellum,
1363 1048 1414 1079 vel
1436 1051 1583 1083 codicem
1608 1053 1756 1093 proferre
1771 1055 1798 1085 d.
1818 1054 1838 1086 Ζ.

957 1091 985 1118 6.
1003 1086 1032 1128 §.
1050 1097 1079 1127 7.
1102 1087 1162 1119 Edi
1184 1098 1261 1120 vero
1281 1091 1363 1123 ratio
1380 1089 1422 1120 ita
1438 1092 1645 1133 intelligitur,
1658 1094 1680 1126 fi
1698 1105 1713 1125 a
1733 1096 1839 1136 capite

958 1130 1080 1161 editur:
1106 1130 1146 1160 de
1164 1138 1229 1168 quo
1247 1130 1338 1161 latius
1355 1131 1384 1161 in
1401 1132 1420 1161 Ζ.
1442 1141 1487 1163 10.
1505 1133 1533 1174 ᾗ.
1553 1145 1581 1165 2.
1602 1134 1643 1166 D.
1664 1136 1691 1167 l).
1710 1142 1730 1167 t.

999 1172 1079 1242 [EQ]
1089 1170 1210 1213 Adjetto
1226 1173 1270 1202 die
1286 1171 1322 1206 ὅ)
1340 1172 1470 1211 Consule.
1488 1176 1528 1205 de
1545 1184 1611 1216 quo
1629 1177 1705 1209 vide
1721 1178 1741 1210 l.
1759 1182 1791 1210 6.
1807 1178 1836 1221 ὃ.

958 1215 987 1242 6.
1044 1236 1049 1242 .
1073 1221 1095 1243 9.
1114 1219 1135 1243 c.

1000 1252 1150 1293 Sequitur
1169 1255 1198 1285 in
1219 1252 1351 1291 Editio,
1379 1255 1524 1288 Omnibus
1538 1257 1760 1297 pqsiztlmztibus.
1783 1260 1839 1294 De

958 1294 1022 1326 hoc
1041 1295 1059 1326 Ζ,
1081 1305 1107 1332 9,
1130 1295 1158 1337 §.
1174 1306 1202 1337 3.
1219 1295 1256 1330 &2⁹
1273 1308 1302 1335 4.
1320 1298 1387 1327 item
1401 1297 1420 1327 Ζ.
1444 1307 1490 1330 ιο.
1512 1298 1553 1331 D.
1572 1301 1601 1332 h.
1617 1306 1639 1332 τ,

1000 1335 1166 1368 Postremo
1191 1338 1234 1368 ait
1262 1338 1400 1375 Praet0r‚
1426 1339 1459 1369 Si
1476 1342 1560 1381 prius
1579 1342 1755 1383 juraverint
1780 1353 1839 1377 non

958 1377 1110 1409 calumnie
1127 1380 1214 1418 causa
1225 1385 1328 1420 petere.
1379 1379 1456 1412 Hoc
1476 1383 1657 1423 explicatur
1673 1384 1692 1415 Ζ.
1708 1389 1738 1416 6.
1756 1384 1785 1426 §.
1809 1396 1837 1418 2.

957 1418 999 1450 D.
1017 1420 1044 1450 h.
1063 1425 1083 1451 t.
1103 1420 1131 1451 &
1150 1420 1213 1451 huc
1227 1421 1337 1452 referri
1354 1420 1460 1462 potest
1476 1423 1496 1455 Ζ.
1524 1432 1570 1464 14.
1587 1424 1629 1457 D.
1654 1427 1688 1457 de
1707 1427 1837 1469 jurejur.

957 1469 990 1491 ut
1010 1460 1177 1502 Inscriptio
1192 1462 1340 1493 ostendit.

996 1503 1140 1533 Alterum
1158 1502 1261 1535 Ediffl
1276 1511 1373 1544 caput
1391 1504 1454 1536 tale
1464 1506 1592 1538 extatin
1610 1507 1630 1538 Ζ.
1649 1511 1679 1539 6.
1698 1508 1728 1550 §.
1747 1514 1774 1544 8.
1793 1509 1837 1542 D.

956 1543 983 1574 h.
1002 1549 1023 1574 t.
1041 1544 1219 1583 Argentario
1233 1569 1241 1583 ‚
1256 1548 1317 1576 eive
1332 1548 1383 1587 qui
1398 1547 1503 1577 iterum
1519 1548 1565 1578 edi
1575 1547 1733 1588 postulabit
1744 1573 1753 1590 ,
1770 1561 1840 1582 cau-

948 1585 987 1625 sa
1003 1589 1119 1626 cognita
1138 1588 1182 1657 egi
1193 1586 1308 1658 {abella
1350 1588 1425 1628 Ait,
1448 1587 1646 1629 Argentaria:
1669 1592 1710 1622 de
1725 1601 1789 1632 quo
1806 1593 1838 1625 in

958 1627 977 1658 Ζ.
994 1630 1024 1657 6.
1068 1652 1072 1656 .
1090 1637 1119 1663 9.
1174 1652 1181 1658 .
1222 1652 1228 1658 .
1248 1634 1270 1660 τ.

1001 1627 1072 1707 llit§,
1097 1668 1192 1707 Eive,
1209 1670 1261 1710 qni
1276 1671 1382 1701 iterum
1401 1672 1448 1702 edi
1457 1669 1626 1712 postulabit.
1648 1673 1688 1705 ad
1707 1672 1773 1705 hoc
1791 1675 1837 1707 vi-

959 1710 998 1742 de
1015 1710 1042 1740 d.
1062 1710 1080 1741 Ζ.
1099 1714 1128 1741 6.
1147 1710 1174 1752 §.
1197 1711 1252 1742 ult.
1271 1711 1306 1746 ὅ)
1322 1711 1340 1742 Ζ,
1360 1721 1387 1752 7.
1403 1719 1448 1752 pr.
1470 1713 1506 1747 δ’
1522 1713 1550 1754 §.
1575 1723 1600 1745 1.

998 1750 1146 1783 Tertium
1157 1751 1260 1784 Ediffi
1271 1762 1367 1794 caput
1378 1755 1505 1785 videtur
1516 1757 1582 1786 lioc
1597 1754 1697 1787 fuiss'e.
1724 1757 1756 1788 Sz'
1773 1759 1839 1799 quis

958 1802 1015 1823 non
1032 1794 1169 1833 ediderit,
1193 1794 1224 1824 in
1241 1803 1323 1832 eum,
1347 1798 1453 1835 quanti
1468 1797 1579 1837 agentis
1595 1796 1712 1838 interest
1723 1821 1732 1837 ,
1749 1802 1839 1831 racio-

959 1844 1008 1865 nes
1023 1836 1086 1873 etii,
1111 1835 1198 1875 causa
1221 1838 1338 1877 cognita
1356 1837 1504 1877 judicium
1521 1839 1600 1869 dabo.
1647 1838 1723 1871 Hoc
1741 1848 1839 1882 caput

959 1876 1121 1916 colligitur
1145 1886 1185 1908 ex
1209 1877 1228 1908 Ζ.
1255 1883 1283 1911 ξς.
1308 1878 1327 1909 Ζ.
1352 1882 1380 1909 6.
1407 1878 1435 1920 §.
1454 1889 1481 1917 4.
1502 1879 1529 1910 h.
1547 1885 1567 1910 t.
1615 1879 1722 1912 Verba
1744 1882 1836 1923 haec,

959 1917 1077 1960 Quinti
1093 1916 1228 1959 interest,
1251 1920 1453 1960 explicantur
1468 1921 1499 1952 in
1517 1921 1537 1953 l.
1560 1930 1605 1953 10.
1618 1921 1648 1963 §.
1666 1932 1694 1963 3.
1714 1922 1750 1958 &⁹
1766 1924 1784 1956 Ζ.
1805 1929 1836 1959 8.

958 1960 988 2001 §.
1013 1968 1039 1990 1.
1060 1958 1101 1990 D.
1118 1960 1146 1990 l).
1165 1966 1187 1991 t.
1223 1960 1326 1992 Porro
1342 1961 1476 2001 quibus,
1501 1962 1531 1993 ὅς
1550 1971 1664 1994 contra
1682 1973 1782 2005 quos,
1806 1966 1838 1999 &

958 2000 1127 2042 quamdiu,
1152 2001 1220 2032 haec
1237 2001 1320 2033 acuo
1336 2010 1523 2043 competat,
1547 2005 1621 2036 vide
1639 2005 1670 2036 in
1689 2006 1708 2036 Ζ.
1726 2006 1781 2038 ult.

997 2043 1051 2073 Ait
1069 2042 1207 2081 Praetor,
1232 2043 1326 2080 Causa
1347 2047 1472 2085 cognita,
1517 2045 1596 2077 Non
1615 2046 1711 2088 igitur
1726 2048 1837 2088 paffim

960 2083 1068 2122 dabit,
1085 2083 1137 2116 sed
1157 2083 1246 2115 causa
1265 2086 1413 2126 cognita:
1437 2094 1471 2118 ut
1483 2095 1578 2128 puta,
1598 2096 1670 2119 cum
1688 2096 1838 2130 argenta-

959 2125 1022 2156 rius
1041 2134 1106 2156 non
1124 2126 1257 2157 exhibet
1275 2127 1354 2159 dolo
1371 2128 1466 2160 malo.
1491 2129 1600 2171 Quid,
1622 2128 1643 2161 fi
1659 2130 1724 2171 ejus
1741 2132 1837 2172 culpa

958 2166 1147 2199 accusatur?
1163 2168 1244 2198 hanc
1255 2177 1319 2199 non
1330 2168 1471 2210 praestat:
1488 2170 1542 2202 nisi
1553 2171 1630 2203 dolo
1647 2173 1837 2211 proximam.

958 2208 1050 2240 Dolo
1067 2209 1152 2240 malo
1170 2217 1275 2241 autem
1295 2219 1360 2242 non
1370 2211 1456 2250 edit,
1473 2212 1504 2243 &
1521 2213 1577 2253 qui
1595 2213 1754 2245 malitiose
1771 2215 1838 2246 edi-

961 2250 1025 2287 dit,
1043 2250 1071 2281 ἃ
1090 2250 1142 2289 qui
1162 2250 1191 2281 in
1210 2258 1314 2283 totum
1333 2261 1398 2284 non
1416 2253 1484 2284 edit
1502 2253 1522 2285 Ζ.
1542 2259 1571 2289 8.
1590 2255 1621 2285 in
1636 2261 1683 2295 pr.
1703 2254 1745 2287 D.
1763 2256 1791 2287 h.
1810 2260 1834 2288 t.

960 2291 1057 2323 Plane
1080 2301 1125 2322 eis
1151 2295 1202 2332 qui
1228 2293 1271 2323 ob
1288 2301 1436 2333 aetatem,
1460 2295 1513 2326 vel
1530 2294 1759 2336 rusticitatem,
1784 2298 1837 2330 vel

960 2333 1003 2363 ob
1030 2332 1138 2364 sexum
1164 2333 1238 2374 lapfi
1262 2343 1325 2366 non
1341 2336 1528 2374 ediderunt,
1554 2337 1606 2368 vel
1622 2347 1662 2368 ex
1680 2338 1738 2369 alia
1755 2338 1835 2379 justa

960 2375 1068 2413 causa,
1093 2373 1277 2407 subvenitur
1292 2377 1312 2408 Ζ.
1331 2386 1357 2408 1.
1375 2377 1404 2418 §.
1421 2377 1474 2408 ult.
1496 2377 1535 2408 D.
1555 2378 1584 2410 h.
1603 2383 1625 2409 t.
1658 2378 1733 2411 Huc
1749 2381 1835 2412 enim

960 2415 1066 2447 refero
1079 2416 1166 2447 illum
1181 2417 1289 2449 locum
1299 2441 1308 2456 ‚
1327 2417 1557 2450 aTriboniano
1568 2420 1650 2451 male
1660 2420 1834 2461 subjeetum

959 2456 1075 2488 Εὼξὶο
1092 2458 1196 2498 primo
1217 2459 1257 2489 de
1274 2460 1397 2491 edenda
1416 2460 1560 2500 afflone,
1580 2470 1653 2493 cum
1671 2463 1833 2502 pertineat

958 2500 996 2530 ad
1016 2499 1079 2530 lice
1095 2507 1191 2540 caput
1206 2499 1312 2531 Ediffl
1328 2501 1369 2532 de
1380 2502 1512 2533 edendis
1530 2502 1706 2534 rationibus
1722 2513 1834 2546 argen-

958 2541 1122 2572 tariorum.
1152 2550 1224 2573 nam
1243 2541 1389 2574 adversus
1406 2543 1548 2576 atrorem
1565 2546 1618 2585 qui
1635 2554 1701 2577 non
1719 2548 1787 2578 edit
1802 2557 1835 2579 a·

957 2583 1115 2621 (tionem,
1140 2592 1212 2614 cum
1237 2584 1358 2624 petitur
1375 2584 1414 2615 ab
1435 2594 1475 2615 eo
1491 2585 1563 2625 edi,
1587 2595 1652 2618 non
1670 2589 1834 2629 competit

958 2625 1091 2663 poenalis
1108 2624 1202 2656 atrio.
1247 2623 1323 2655 Non
1350 2635 1402 2657 me
1418 2625 1545 2666 turbat,
1568 2629 1656 2667 quod
1676 2627 1834 2670 Ulpianus

956 2667 1051 2697 etiam
1069 2665 1153 2697 sexui
1172 2666 1258 2705 parci
1277 2667 1389 2698 voluit.
1413 2666 1497 2700 Nam
1513 2675 1548 2700 ut
1563 2668 1706 2702 soeminae
1725 2681 1832 2704 remo-

956 2716 1089 2738 veantur
1105 2707 1144 2737 ab
1163 2708 1356 2747 argentaria;
1379 2715 1504 2749 tamen,
1526 2709 1548 2742 fi
1563 2714 1750 2753 argentariis
1767 2713 1832 2744 suc-

956 2750 1092 2786 cedant,
1118 2748 1178 2779 liac
1196 2748 1320 2780 actione
1340 2757 1498 2783 tenentur.
1521 2751 1573 2784 Sic
1590 2753 1666 2785 mihi
1682 2755 1828 2785 videtur:

957 2789 1011 2820 ctfi
1029 2789 1112 2820 aliud
1131 2790 1254 2830 placeat
1276 2789 1318 2822 V.
1337 2791 1396 2824 Cr..
1413 2791 1539 2833 Jacobo
1560 2794 1692 2836 Cujacio
1707 2795 1754 2826 iil).
1779 2803 1828 2826 10.

958 2831 1078 2866 Observ.
1095 2841 1118 2861 c.
1142 2840 1186 2871 14.
1270 2846 1275 2850 ·

995 2871 1161 2912 Superest,
1178 2880 1212 2904 ut
1228 2873 1408 2915 videamus3
1431 2885 1469 2908 an
1488 2877 1517 2908 Gt
1537 2877 1665 2916 quando
1683 2876 1828 2917 potuerit

955 2914 1038 2944 aetio
1055 2912 1148 2944 semel
1169 2914 1270 2954 edita,
1292 2916 1312 2948 fi
1328 2917 1358 2948 in
1375 2927 1410 2948 ea
1428 2919 1579 2949 erraverit
1595 2918 1698 2955 actor,
1725 2917 1764 2946 ab
1783 2926 1825 2948 eo

955 2955 1115 2985 emendari
1134 2955 1183 2987 vel
1202 2958 1324 2989 mutari.
1359 2968 1429 2991 nam
1449 2961 1489 2990 de
1507 2959 1570 2988 hoc
1588 2966 1716 2997 quoque
1733 2956 1826 2990 fuiss'e

953 2995 1068 3027 Edicto
1086 3004 1241 3037 perpetuo
1259 3000 1545 3040 comprehensum,
1564 3008 1604 3029 ex
1619 2999 1637 3028 Ζ.
1656 3008 1684 3038 3.
1704 2997 1736 3029 C.
1756 2998 1783 3030 h.
1803 3004 1826 3032 ε.

954 3036 1150 3078 intelligitur.
1184 3048 1242 3070 nec
1268 3051 1436 3073 erravero:
1459 3041 1480 3072 li
1504 3040 1604 3070 dicam
1623 3061 1633 3076 ‚
1658 3047 1824 3078 Pfaeeunte

956 3077 1084 3118 Cujacio
1103 3078 1229 3112 Recitat.
1246 3083 1283 3113 aci
1299 3084 1326 3114 d.
1345 3083 1364 3113 Ζ.
1381 3082 1488 3123 (quod
1506 3079 1580 3110 sensi
1596 3089 1714 3120 nuper,
1736 3091 1823 3114 nunc

953 3120 1138 3152 diflimulare
1163 3123 1261 3163 nolo)
1284 3133 1354 3155 eam
1380 3123 1441 3154 ess‘e
1459 3129 1579 3161 partem
1596 3121 1615 3151 Ζ.
1632 3123 1711 3154 unic.
1731 3123 1765 3155 C.
1790 3125 1824 3155 (Ie

951 3161 1008 3191 litis
1031 3159 1241 3202 contestatione.
1265 3165 1296 3196 id
1324 3165 1409 3195 enim
1436 3163 1600 3201 utriusque
1619 3171 1692 3195 cum
1709 3171 1821 3204 tenor,

950 3210 1015 3234 tum
1035 3202 1219 3242 Inscriptio,
1243 3205 1524 3244 Subscriptioque‚
1550 3204 1679 3236 evincit.
1709 3205 1752 3238 fic
1770 3216 1823 3238 au·

949 3250 1013 3277 tem
1031 3254 1199 3318 utrgmque
1217 3247 1418 3286 conjungam.
1454 3244 1513 3277 Res
1528 3245 1559 3276 in
1571 3245 1718 3286 jzidicium
1734 3249 1823 3320 dergi-

1087 3286 1097 3296 N
1120 3295 1140 3326 3
1806 3299 1823 3322 a
