<?xml version="1.0" encoding="UTF-8"?>
<!DOCTYPE html PUBLIC "-//W3C//DTD XHTML 1.0 Transitional//EN"
    "http://www.w3.org/TR/xhtml1/DTD/xhtml1-transitional.dtd">
<html xmlns="http://www.w3.org/1999/xhtml" xml:lang="en" lang="en">
 <head>
  <title>
</title>
<meta http-equiv="Content-Type" content="text/html;charset=utf-8" />
  <meta name='ocr-system' content='tesseract 3.04.00' />
  <meta name='ocr-capabilities' content='ocr_page ocr_carea ocr_par ocr_line ocrx_word'/>
</head>
<body>
  <div class='ocr_page' id='page_1' title='image "./gerardinoodtnovi00nood_0442.png"; bbox 0 0 2036 3495; ppageno 0'>
   <div class='ocr_carea' id='block_1_1' title="bbox 155 78 1053 3223">
    <p class='ocr_par' dir='ltr' id='par_1_1' title="bbox 174 78 1053 569">
     <span class='ocr_line' id='line_1_1' title="bbox 174 78 1053 124; baseline -0.019 0"><span class='ocrx_word' id='word_1_1' title='bbox 174 83 247 124; x_wconf 74' lang='lat'>416</span> <span class='ocrx_word' id='word_1_2' title='bbox 786 78 821 112; x_wconf 85' lang='lat' dir='ltr'>G</span> <span class='ocrx_word' id='word_1_3' title='bbox 843 87 861 112; x_wconf 76' lang='lat' dir='ltr'>iz</span> <span class='ocrx_word' id='word_1_4' title='bbox 888 85 910 110; x_wconf 70' lang='lat' dir='ltr'>a</span> <span class='ocrx_word' id='word_1_5' title='bbox 935 86 955 110; x_wconf 77' lang='lat' dir='ltr'>A</span> <span class='ocrx_word' id='word_1_6' title='bbox 982 83 1004 108; x_wconf 76' lang='lat' dir='ltr'>n</span> <span class='ocrx_word' id='word_1_7' title='bbox 1029 82 1053 108; x_wconf 82' lang='lat' dir='ltr'>n</span> 
     </span>
     <span class='ocr_line' id='line_1_2' title="bbox 179 164 1047 211; baseline -0.009 -10"><span class='ocrx_word' id='word_1_8' title='bbox 179 171 251 211; x_wconf 85' lang='lat' dir='ltr'>quia</span> <span class='ocrx_word' id='word_1_9' title='bbox 268 170 342 201; x_wconf 82' lang='lat' dir='ltr'>solae</span> <span class='ocrx_word' id='word_1_10' title='bbox 357 174 452 199; x_wconf 83' lang='lat' dir='ltr'>ccrtae</span> <span class='ocrx_word' id='word_1_11' title='bbox 467 176 503 197; x_wconf 93' lang='lat' dir='ltr'>ac</span> <span class='ocrx_word' id='word_1_12' title='bbox 521 167 690 198; x_wconf 80' lang='lat' dir='ltr'>nominatae</span> <span class='ocrx_word' id='word_1_13' title='bbox 709 164 777 197; x_wconf 88' lang='lat' dir='ltr'>sunt</span> <span class='ocrx_word' id='word_1_14' title='bbox 793 164 936 202; x_wconf 67' lang='lat' dir='ltr'>diretiae,</span> <span class='ocrx_word' id='word_1_15' title='bbox 953 170 1047 203; x_wconf 88' lang='lat' dir='ltr'>utpo-</span> 
     </span>
     <span class='ocr_line' id='line_1_3' title="bbox 179 204 1048 252; baseline -0.012 -9"><span class='ocrx_word' id='word_1_16' title='bbox 179 220 213 242; x_wconf 78' lang='lat' dir='ltr'>te</span> <span class='ocrx_word' id='word_1_17' title='bbox 230 212 350 252; x_wconf 87' lang='lat' dir='ltr'>legibus</span> <span class='ocrx_word' id='word_1_18' title='bbox 367 218 404 239; x_wconf 91' lang='lat' dir='ltr'>ac</span> <span class='ocrx_word' id='word_1_19' title='bbox 421 207 563 239; x_wconf 86' lang='lat' dir='ltr'>moribus</span> <span class='ocrx_word' id='word_1_20' title='bbox 580 207 619 237; x_wconf 85' lang='lat' dir='ltr'>ab</span> <span class='ocrx_word' id='word_1_21' title='bbox 638 207 730 238; x_wconf 89' lang='lat' dir='ltr'>initio</span> <span class='ocrx_word' id='word_1_22' title='bbox 752 204 951 236; x_wconf 73' lang='lat' dir='ltr'>constitutae:</span> <span class='ocrx_word' id='word_1_23' title='bbox 975 212 1048 234; x_wconf 90' lang='lat' dir='ltr'>cum</span> 
     </span>
     <span class='ocr_line' id='line_1_4' title="bbox 177 247 1048 286; baseline -0.009 -3"><span class='ocrx_word' id='word_1_24' title='bbox 177 252 247 283; x_wconf 81' lang='lat' dir='ltr'>haec</span> <span class='ocrx_word' id='word_1_25' title='bbox 261 249 439 282; x_wconf 73' lang='lat' dir='ltr'>introducta</span> <span class='ocrx_word' id='word_1_26' title='bbox 450 248 483 280; x_wconf 86' lang='lat' dir='ltr'>sit</span> <span class='ocrx_word' id='word_1_27' title='bbox 496 250 534 279; x_wconf 86' lang='lat' dir='ltr'>ad</span> <span class='ocrx_word' id='word_1_28' title='bbox 551 247 731 286; x_wconf 83' lang='lat' dir='ltr'>exemplum</span> <span class='ocrx_word' id='word_1_29' title='bbox 741 247 901 278; x_wconf 65' lang='lat' dir='ltr'>actionum</span> <span class='ocrx_word' id='word_1_30' title='bbox 911 255 950 276; x_wconf 87' lang='lat' dir='ltr'>ex</span> <span class='ocrx_word' id='word_1_31' title='bbox 961 254 1048 286; x_wconf 84' lang='lat' dir='ltr'>emp-</span> 
     </span>
     <span class='ocr_line' id='line_1_5' title="bbox 182 286 1047 331; baseline -0.003 -10"><span class='ocrx_word' id='word_1_32' title='bbox 182 301 235 331; x_wconf 89' lang='lat' dir='ltr'>to,</span> <span class='ocrx_word' id='word_1_33' title='bbox 254 292 405 329; x_wconf 86' lang='lat' dir='ltr'>vendito,</span> <span class='ocrx_word' id='word_1_34' title='bbox 422 290 548 327; x_wconf 88' lang='lat' dir='ltr'>locato,</span> <span class='ocrx_word' id='word_1_35' title='bbox 566 288 745 326; x_wconf 67' lang='lat' dir='ltr'>conducto,</span> <span class='ocrx_word' id='word_1_36' title='bbox 763 289 913 319; x_wconf 85' lang='lat' dir='ltr'>mandato</span> <span class='ocrx_word' id='word_1_37' title='bbox 931 287 959 317; x_wconf 84' lang='lat' dir='ltr'>d.</span> <span class='ocrx_word' id='word_1_38' title='bbox 978 286 997 316; x_wconf 90' lang='lat' dir='ltr'>l.</span> <span class='ocrx_word' id='word_1_39' title='bbox 1016 297 1047 326; x_wconf 78' lang='lat'>5.</span> 
     </span>
     <span class='ocr_line' id='line_1_6' title="bbox 179 327 1050 373; baseline -0.008 -9"><span class='ocrx_word' id='word_1_40' title='bbox 179 333 207 373; x_wconf 83' lang='lat'>§.</span> <span class='ocrx_word' id='word_1_41' title='bbox 227 344 256 372; x_wconf 85' lang='lat'>4.</span> <span class='ocrx_word' id='word_1_42' title='bbox 279 330 376 371; x_wconf 83' lang='lat' dir='ltr'>infin.</span> <span class='ocrx_word' id='word_1_43' title='bbox 407 330 569 370; x_wconf 83' lang='lat' dir='ltr'>postremo</span> <span class='ocrx_word' id='word_1_44' title='bbox 587 338 722 360; x_wconf 84' lang='lat' dir='ltr'>vocatur</span> <span class='ocrx_word' id='word_1_45' title='bbox 740 328 926 369; x_wconf 84' lang='lat' dir='ltr'>praescriptis</span> <span class='ocrx_word' id='word_1_46' title='bbox 944 327 1050 358; x_wconf 82' lang='lat' dir='ltr'>verbis</span> 
     </span>
     <span class='ocr_line' id='line_1_7' title="bbox 179 368 1051 411; baseline -0.006 -7"><span class='ocrx_word' id='word_1_47' title='bbox 179 377 207 405; x_wconf 77' lang='lat' dir='ltr'>d.</span> <span class='ocrx_word' id='word_1_48' title='bbox 225 375 245 404; x_wconf 89' lang='lat' dir='ltr'>l.</span> <span class='ocrx_word' id='word_1_49' title='bbox 263 383 291 404; x_wconf 84' lang='lat'>2.</span> <span class='ocrx_word' id='word_1_50' title='bbox 308 373 349 403; x_wconf 87' lang='lat' dir='ltr'>D.</span> <span class='ocrx_word' id='word_1_51' title='bbox 368 373 427 402; x_wconf 81' lang='lat' dir='ltr'>eod.</span> <span class='ocrx_word' id='word_1_52' title='bbox 444 372 491 403; x_wconf 72' lang='lat' dir='ltr'>tit.</span> <span class='ocrx_word' id='word_1_53' title='bbox 526 371 556 402; x_wconf 87' lang='lat'>&amp;</span> <span class='ocrx_word' id='word_1_54' title='bbox 584 371 772 411; x_wconf 76' lang='lat' dir='ltr'>praescriptis</span> <span class='ocrx_word' id='word_1_55' title='bbox 797 370 903 400; x_wconf 88' lang='lat' dir='ltr'>verbis</span> <span class='ocrx_word' id='word_1_56' title='bbox 929 368 1051 400; x_wconf 89' lang='lat' dir='ltr'>incerta</span> 
     </span>
     <span class='ocr_line' id='line_1_8' title="bbox 176 410 1049 453; baseline -0.007 -7"><span class='ocrx_word' id='word_1_57' title='bbox 176 415 279 446; x_wconf 84' lang='lat' dir='ltr'>civilis</span> <span class='ocrx_word' id='word_1_58' title='bbox 295 414 314 444; x_wconf 80' lang='lat' dir='ltr'>l.</span> <span class='ocrx_word' id='word_1_59' title='bbox 332 417 361 444; x_wconf 90' lang='lat'>6.</span> <span class='ocrx_word' id='word_1_60' title='bbox 377 413 409 443; x_wconf 89' lang='lat' dir='ltr'>C.</span> <span class='ocrx_word' id='word_1_61' title='bbox 429 414 462 444; x_wconf 81' lang='lat' dir='ltr'>de</span> <span class='ocrx_word' id='word_1_62' title='bbox 478 422 572 443; x_wconf 73' lang='lat' dir='ltr'>rerum</span> <span class='ocrx_word' id='word_1_63' title='bbox 587 413 812 453; x_wconf 78' lang='lat' dir='ltr'><em>permutatione:</em></span> <span class='ocrx_word' id='word_1_64' title='bbox 826 410 900 452; x_wconf 82' lang='lat' dir='ltr'>quia</span> <span class='ocrx_word' id='word_1_65' title='bbox 913 419 977 441; x_wconf 90' lang='lat' dir='ltr'>non</span> <span class='ocrx_word' id='word_1_66' title='bbox 995 410 1049 440; x_wconf 81' lang='lat' dir='ltr'>ha·</span> 
     </span>
     <span class='ocr_line' id='line_1_9' title="bbox 176 451 1049 491; baseline -0.006 -5"><span class='ocrx_word' id='word_1_67' title='bbox 176 457 233 487; x_wconf 89' lang='lat' dir='ltr'>bet</span> <span class='ocrx_word' id='word_1_68' title='bbox 256 463 376 487; x_wconf 87' lang='lat' dir='ltr'>certam</span> <span class='ocrx_word' id='word_1_69' title='bbox 402 463 439 485; x_wconf 87' lang='lat' dir='ltr'>ac</span> <span class='ocrx_word' id='word_1_70' title='bbox 462 453 635 485; x_wconf 88' lang='lat' dir='ltr'>solemnem</span> <span class='ocrx_word' id='word_1_71' title='bbox 658 452 853 491; x_wconf 69' lang='lat' dir='ltr'>formulam,⁰</span> <span class='ocrx_word' id='word_1_72' title='bbox 871 459 907 482; x_wconf 91' lang='lat' dir='ltr'>ut</span> <span class='ocrx_word' id='word_1_73' title='bbox 928 451 988 482; x_wconf 82' lang='lat' dir='ltr'>illae</span> <span class='ocrx_word' id='word_1_74' title='bbox 1008 460 1049 482; x_wconf 84' lang='lat' dir='ltr'>ex</span> 
     </span>
     <span class='ocr_line' id='line_1_10' title="bbox 176 493 1048 534; baseline -0.006 -6"><span class='ocrx_word' id='word_1_75' title='bbox 176 506 268 528; x_wconf 82' lang='lat' dir='ltr'>certo</span> <span class='ocrx_word' id='word_1_76' title='bbox 285 497 314 528; x_wconf 68' lang='grc' dir='ltr'><strong>ἃ</strong></span> <span class='ocrx_word' id='word_1_77' title='bbox 334 497 502 528; x_wconf 84' lang='lat' dir='ltr'>nominato</span> <span class='ocrx_word' id='word_1_78' title='bbox 519 494 704 526; x_wconf 72' lang='lat' dir='ltr'>contractu:</span> <span class='ocrx_word' id='word_1_79' title='bbox 723 493 775 525; x_wconf 86' lang='lat' dir='ltr'>sed</span> <span class='ocrx_word' id='word_1_80' title='bbox 794 493 892 534; x_wconf 88' lang='lat' dir='ltr'>magis</span> <span class='ocrx_word' id='word_1_81' title='bbox 910 501 977 523; x_wconf 87' lang='lat' dir='ltr'>rem</span> <span class='ocrx_word' id='word_1_82' title='bbox 994 502 1048 533; x_wconf 80' lang='lat' dir='ltr'>ge·</span> 
     </span>
     <span class='ocr_line' id='line_1_11' title="bbox 176 533 1048 569; baseline -0.005 0"><span class='ocrx_word' id='word_1_83' title='bbox 176 538 252 569; x_wconf 85' lang='lat' dir='ltr'>stam</span> <span class='ocrx_word' id='word_1_84' title='bbox 271 538 377 569; x_wconf 88' lang='lat' dir='ltr'>verbis</span> <span class='ocrx_word' id='word_1_85' title='bbox 387 536 580 569; x_wconf 85' lang='lat' dir='ltr'>demonstrat</span> <span class='ocrx_word' id='word_1_86' title='bbox 594 537 622 567; x_wconf 84' lang='lat' dir='ltr'>d.</span> <span class='ocrx_word' id='word_1_87' title='bbox 634 535 693 567; x_wconf 87' lang='lat' dir='ltr'>l.6.</span> <span class='ocrx_word' id='word_1_88' title='bbox 706 535 738 567; x_wconf 91' lang='lat' dir='ltr'>C.</span> <span class='ocrx_word' id='word_1_89' title='bbox 755 537 787 565; x_wconf 82' lang='lat' dir='ltr'>de</span> <span class='ocrx_word' id='word_1_90' title='bbox 796 533 1048 566; x_wconf 67' lang='lat' dir='ltr'>transactionibus.</span> 
     </span>
    </p>

    <p class='ocr_par' dir='ltr' id='par_1_2' title="bbox 176 574 1047 658">
     <span class='ocr_line' id='line_1_12' title="bbox 215 574 1047 621; baseline -0.006 -11"><span class='ocrx_word' id='word_1_91' title='bbox 215 579 335 621; x_wconf 83' lang='lat' dir='ltr'><strong>Igitur,</strong></span> <span class='ocrx_word' id='word_1_92' title='bbox 357 587 391 610; x_wconf 91' lang='lat' dir='ltr'>ut</span> <span class='ocrx_word' id='word_1_93' title='bbox 415 578 639 619; x_wconf 84' lang='lat' dir='ltr'>recolligamus</span> <span class='ocrx_word' id='word_1_94' title='bbox 662 576 792 617; x_wconf 84' lang='lat' dir='ltr'>vestigia</span> <span class='ocrx_word' id='word_1_95' title='bbox 811 599 820 615; x_wconf 86' lang='lat'><strong><em>‚</em></strong></span> <span class='ocrx_word' id='word_1_96' title='bbox 841 574 862 607; x_wconf 84' lang='lat' dir='ltr'><strong>fi</strong></span> <span class='ocrx_word' id='word_1_97' title='bbox 889 576 963 606; x_wconf 88' lang='lat' dir='ltr'>dedi</span> <span class='ocrx_word' id='word_1_98' title='bbox 989 575 1047 606; x_wconf 87' lang='lat' dir='ltr'>tibi</span> 
     </span>
     <span class='ocr_line' id='line_1_13' title="bbox 176 616 1047 658; baseline -0.005 -7"><span class='ocrx_word' id='word_1_99' title='bbox 176 629 263 658; x_wconf 82' lang='lat' dir='ltr'>rem,</span> <span class='ocrx_word' id='word_1_100' title='bbox 280 629 314 652; x_wconf 83' lang='lat' dir='ltr'>ut</span> <span class='ocrx_word' id='word_1_101' title='bbox 330 621 406 652; x_wconf 77' lang='lat' dir='ltr'>mihi</span> <span class='ocrx_word' id='word_1_102' title='bbox 425 621 516 651; x_wconf 88' lang='lat' dir='ltr'>aliam</span> <span class='ocrx_word' id='word_1_103' title='bbox 534 620 644 657; x_wconf 85' lang='lat' dir='ltr'>dares;</span> <span class='ocrx_word' id='word_1_104' title='bbox 660 618 838 649; x_wconf 85' lang='lat' dir='ltr'>conventio</span> <span class='ocrx_word' id='word_1_105' title='bbox 852 626 920 647; x_wconf 83' lang='lat' dir='ltr'>non</span> <span class='ocrx_word' id='word_1_106' title='bbox 940 616 1047 647; x_wconf 77' lang='lat' dir='ltr'>transit</span> 
     </span>
    </p>

    <p class='ocr_par' dir='ltr' id='par_1_3' title="bbox 159 658 1048 1898">
     <span class='ocr_line' id='line_1_14' title="bbox 175 658 1047 703; baseline -0.006 -11"><span class='ocrx_word' id='word_1_107' title='bbox 175 664 207 692; x_wconf 93' lang='lat' dir='ltr'>i&#39;n</span> <span class='ocrx_word' id='word_1_108' title='bbox 224 663 357 703; x_wconf 76' lang='lat' dir='ltr'>speciale</span> <span class='ocrx_word' id='word_1_109' title='bbox 377 661 555 693; x_wconf 69' lang='lat' dir='ltr'>contractus</span> <span class='ocrx_word' id='word_1_110' title='bbox 572 668 709 698; x_wconf 90' lang='lat' dir='ltr'>nomen;</span> <span class='ocrx_word' id='word_1_111' title='bbox 733 658 786 690; x_wconf 89' lang='lat' dir='ltr'>sed</span> <span class='ocrx_word' id='word_1_112' title='bbox 802 658 948 696; x_wconf 83' lang='lat' dir='ltr'>interim,</span> <span class='ocrx_word' id='word_1_113' title='bbox 973 658 1047 697; x_wconf 84' lang='lat' dir='ltr'>quia</span> 
     </span>
     <span class='ocr_line' id='line_1_15' title="bbox 175 698 1047 745; baseline -0.007 -10"><span class='ocrx_word' id='word_1_114' title='bbox 175 704 232 735; x_wconf 90' lang='lat' dir='ltr'>tibi</span> <span class='ocrx_word' id='word_1_115' title='bbox 250 713 316 735; x_wconf 88' lang='lat' dir='ltr'>rem</span> <span class='ocrx_word' id='word_1_116' title='bbox 334 704 406 735; x_wconf 85' lang='lat' dir='ltr'>dedi</span> <span class='ocrx_word' id='word_1_117' title='bbox 424 710 510 734; x_wconf 89' lang='lat' dir='ltr'>certa</span> <span class='ocrx_word' id='word_1_118' title='bbox 524 702 613 742; x_wconf 79' lang='lat' dir='ltr'>lege3</span> <span class='ocrx_word' id='word_1_119' title='bbox 636 701 777 732; x_wconf 83' lang='lat' dir='ltr'>imitatur</span> <span class='ocrx_word' id='word_1_120' title='bbox 794 709 830 730; x_wconf 92' lang='lat' dir='ltr'>ea</span> <span class='ocrx_word' id='word_1_121' title='bbox 846 698 1047 745; x_wconf 67' lang='lat' dir='ltr'>contrastum</span> 
     </span>
     <span class='ocr_line' id='line_1_16' title="bbox 174 741 1047 782; baseline -0.006 -6"><span class='ocrx_word' id='word_1_122' title='bbox 174 753 297 777; x_wconf 86' lang='lat' dir='ltr'>certum</span> <span class='ocrx_word' id='word_1_123' title='bbox 314 754 350 776; x_wconf 90' lang='lat' dir='ltr'>ac</span> <span class='ocrx_word' id='word_1_124' title='bbox 368 745 575 776; x_wconf 86' lang='lat' dir='ltr'>nominatum.</span> <span class='ocrx_word' id='word_1_125' title='bbox 593 741 664 774; x_wconf 86' lang='lat' dir='ltr'>sane</span> <span class='ocrx_word' id='word_1_126' title='bbox 683 743 736 773; x_wconf 93' lang='lat' dir='ltr'>ubi</span> <span class='ocrx_word' id='word_1_127' title='bbox 752 742 794 773; x_wconf 92' lang='lat' dir='ltr'>do</span> <span class='ocrx_word' id='word_1_128' title='bbox 810 749 996 782; x_wconf 86' lang='lat' dir='ltr'>pecuniam,</span> <span class='ocrx_word' id='word_1_129' title='bbox 1013 748 1047 771; x_wconf 92' lang='lat' dir='ltr'>ut</span> 
     </span>
     <span class='ocr_line' id='line_1_17' title="bbox 173 782 1046 826; baseline -0.005 -10"><span class='ocrx_word' id='word_1_130' title='bbox 173 795 242 818; x_wconf 85' lang='lat' dir='ltr'>rem</span> <span class='ocrx_word' id='word_1_131' title='bbox 259 786 432 826; x_wconf 86' lang='lat' dir='ltr'>accipiam:</span> <span class='ocrx_word' id='word_1_132' title='bbox 458 785 597 825; x_wconf 81' lang='lat' dir='ltr'>placuit,</span> <span class='ocrx_word' id='word_1_133' title='bbox 620 782 682 815; x_wconf 88' lang='lat' dir='ltr'>esse</span> <span class='ocrx_word' id='word_1_134' title='bbox 701 783 904 823; x_wconf 72' lang='lat' dir='ltr'>emptionemv</span> <span class='ocrx_word' id='word_1_135' title='bbox 922 782 951 813; x_wconf 73' lang='grc' dir='ltr'>δι</span> <span class='ocrx_word' id='word_1_136' title='bbox 968 791 1046 813; x_wconf 86' lang='lat' dir='ltr'>ven-</span> 
     </span>
     <span class='ocr_line' id='line_1_18' title="bbox 172 824 1047 867; baseline -0.006 -8"><span class='ocrx_word' id='word_1_137' title='bbox 172 828 339 859; x_wconf 76' lang='lat' dir='ltr'>ditionem.</span> <span class='ocrx_word' id='word_1_138' title='bbox 357 827 445 867; x_wconf 89' lang='lat' dir='ltr'>quod</span> <span class='ocrx_word' id='word_1_139' title='bbox 461 825 483 857; x_wconf 88' lang='lat' dir='ltr'><strong>fi</strong></span> <span class='ocrx_word' id='word_1_140' title='bbox 498 835 564 858; x_wconf 85' lang='lat' dir='ltr'>rem</span> <span class='ocrx_word' id='word_1_141' title='bbox 583 826 625 857; x_wconf 93' lang='lat' dir='ltr'>do</span> <span class='ocrx_word' id='word_1_142' title='bbox 637 848 647 864; x_wconf 91' lang='lat'>‚</span> <span class='ocrx_word' id='word_1_143' title='bbox 665 832 699 856; x_wconf 88' lang='lat' dir='ltr'>ut</span> <span class='ocrx_word' id='word_1_144' title='bbox 718 834 782 856; x_wconf 89' lang='lat' dir='ltr'>rem</span> <span class='ocrx_word' id='word_1_145' title='bbox 795 824 969 864; x_wconf 80' lang='lat' dir='ltr'>accipiam:</span> <span class='ocrx_word' id='word_1_146' title='bbox 985 832 1047 854; x_wconf 84' lang='lat' dir='ltr'>ma·</span> 
     </span>
     <span class='ocr_line' id='line_1_19' title="bbox 172 863 1048 910; baseline -0.006 -10"><span class='ocrx_word' id='word_1_147' title='bbox 172 869 219 910; x_wconf 82' lang='lat' dir='ltr'>gis</span> <span class='ocrx_word' id='word_1_148' title='bbox 237 868 298 900; x_wconf 82' lang='lat' dir='ltr'>effe</span> <span class='ocrx_word' id='word_1_149' title='bbox 317 867 517 900; x_wconf 74' lang='lat' dir='ltr'>contractum</span> <span class='ocrx_word' id='word_1_150' title='bbox 540 869 582 900; x_wconf 87' lang='lat' dir='ltr'>do</span> <span class='ocrx_word' id='word_1_151' title='bbox 610 874 644 898; x_wconf 91' lang='lat' dir='ltr'>ut</span> <span class='ocrx_word' id='word_1_152' title='bbox 668 867 743 904; x_wconf 86' lang='lat' dir='ltr'>des;</span> <span class='ocrx_word' id='word_1_153' title='bbox 769 875 810 897; x_wconf 92' lang='lat' dir='ltr'>ex</span> <span class='ocrx_word' id='word_1_154' title='bbox 835 874 941 904; x_wconf 87' lang='lat' dir='ltr'>eoque</span> <span class='ocrx_word' id='word_1_155' title='bbox 966 863 1048 896; x_wconf 88' lang='lat' dir='ltr'>nasci</span> 
     </span>
     <span class='ocr_line' id='line_1_20' title="bbox 173 906 1048 951; baseline -0.006 -10"><span class='ocrx_word' id='word_1_156' title='bbox 173 910 331 942; x_wconf 68' lang='lat' dir='ltr'>aelionem</span> <span class='ocrx_word' id='word_1_157' title='bbox 356 909 546 951; x_wconf 66' lang='lat' dir='ltr'>praescriptis</span> <span class='ocrx_word' id='word_1_158' title='bbox 573 908 704 940; x_wconf 88' lang='lat' dir='ltr'>verbis:</span> <span class='ocrx_word' id='word_1_159' title='bbox 728 906 805 939; x_wconf 85' lang='lat' dir='ltr'>ficut</span> <span class='ocrx_word' id='word_1_160' title='bbox 838 907 868 937; x_wconf 88' lang='lat' dir='ltr'>in</span> <span class='ocrx_word' id='word_1_161' title='bbox 887 906 1048 947; x_wconf 80' lang='lat' dir='ltr'>superiore</span> 
     </span>
     <span class='ocr_line' id='line_1_21' title="bbox 172 947 1043 991; baseline -0.006 -8"><span class='ocrx_word' id='word_1_162' title='bbox 172 950 278 991; x_wconf 90' lang='lat' dir='ltr'>specie</span> <span class='ocrx_word' id='word_1_163' title='bbox 293 951 394 982; x_wconf 89' lang='lat' dir='ltr'>oritur</span> <span class='ocrx_word' id='word_1_164' title='bbox 412 951 494 982; x_wconf 71' lang='lat' dir='ltr'>actio</span> <span class='ocrx_word' id='word_1_165' title='bbox 512 959 553 981; x_wconf 89' lang='lat' dir='ltr'>cx</span> <span class='ocrx_word' id='word_1_166' title='bbox 569 957 680 990; x_wconf 88' lang='lat' dir='ltr'>empto</span> <span class='ocrx_word' id='word_1_167' title='bbox 697 948 728 980; x_wconf 71' lang='grc' dir='ltr'>ἃ</span> <span class='ocrx_word' id='word_1_168' title='bbox 746 948 880 979; x_wconf 85' lang='lat' dir='ltr'>vendito</span> <span class='ocrx_word' id='word_1_169' title='bbox 896 948 914 979; x_wconf 86' lang='lat' dir='ltr'>l.</span> <span class='ocrx_word' id='word_1_170' title='bbox 926 958 955 988; x_wconf 89' lang='lat'>5.</span> <span class='ocrx_word' id='word_1_171' title='bbox 973 947 1002 989; x_wconf 86' lang='lat'>§.</span> <span class='ocrx_word' id='word_1_172' title='bbox 1019 956 1043 978; x_wconf 85' lang='lat' dir='ltr'>i.</span> 
     </span>
     <span class='ocr_line' id='line_1_22' title="bbox 170 987 1044 1034; baseline -0.007 -10"><span class='ocrx_word' id='word_1_173' title='bbox 170 992 215 1024; x_wconf 93' lang='lat' dir='ltr'>D.</span> <span class='ocrx_word' id='word_1_174' title='bbox 234 994 267 1023; x_wconf 83' lang='lat' dir='ltr'>de</span> <span class='ocrx_word' id='word_1_175' title='bbox 280 993 454 1034; x_wconf 79' lang='lat' dir='ltr'>prcescriptis</span> <span class='ocrx_word' id='word_1_176' title='bbox 469 992 574 1023; x_wconf 82' lang='lat' dir='ltr'>verbis.</span> <span class='ocrx_word' id='word_1_177' title='bbox 614 990 700 1023; x_wconf 88' lang='lat' dir='ltr'>Idem</span> <span class='ocrx_word' id='word_1_178' title='bbox 720 989 783 1021; x_wconf 85' lang='lat' dir='ltr'>est:</span> <span class='ocrx_word' id='word_1_179' title='bbox 805 987 827 1034; x_wconf 19' lang='lat' dir='ltr'>*fi</span> <span class='ocrx_word' id='word_1_180' title='bbox 848 988 904 1020; x_wconf 89' lang='lat' dir='ltr'>tibi</span> <span class='ocrx_word' id='word_1_181' title='bbox 923 989 995 1019; x_wconf 83' lang='lat' dir='ltr'>dedi</span> <span class='ocrx_word' id='word_1_182' title='bbox 1014 998 1044 1019; x_wconf 88' lang='lat' dir='ltr'>a·</span> 
     </span>
     <span class='ocr_line' id='line_1_23' title="bbox 169 1030 1045 1074; baseline -0.007 -8"><span class='ocrx_word' id='word_1_183' title='bbox 169 1034 291 1074; x_wconf 89' lang='lat' dir='ltr'>liquid,</span> <span class='ocrx_word' id='word_1_184' title='bbox 316 1043 351 1065; x_wconf 92' lang='lat' dir='ltr'>ut</span> <span class='ocrx_word' id='word_1_185' title='bbox 368 1033 466 1065; x_wconf 85' lang='lat' dir='ltr'>facias</span> <span class='ocrx_word' id='word_1_186' title='bbox 484 1033 573 1073; x_wconf 88' lang='lat' dir='ltr'>quod</span> <span class='ocrx_word' id='word_1_187' title='bbox 588 1032 624 1064; x_wconf 83' lang='lat' dir='ltr'>fit</span> <span class='ocrx_word' id='word_1_188' title='bbox 639 1032 738 1063; x_wconf 84' lang='lat' dir='ltr'>locari</span> <span class='ocrx_word' id='word_1_189' title='bbox 757 1030 892 1062; x_wconf 89' lang='lat' dir='ltr'>solitum.</span> <span class='ocrx_word' id='word_1_190' title='bbox 926 1039 997 1061; x_wconf 87' lang='lat' dir='ltr'>nam</span> <span class='ocrx_word' id='word_1_191' title='bbox 1015 1030 1045 1061; x_wconf 69' lang='grc' dir='ltr'>ἃ</span> 
     </span>
     <span class='ocr_line' id='line_1_24' title="bbox 173 1072 1044 1117; baseline -0.007 -10"><span class='ocrx_word' id='word_1_192' title='bbox 173 1082 241 1107; x_wconf 78' lang='lat' dir='ltr'>tum</span> <span class='ocrx_word' id='word_1_193' title='bbox 260 1085 309 1107; x_wconf 86' lang='lat' dir='ltr'>res</span> <span class='ocrx_word' id='word_1_194' title='bbox 331 1075 376 1107; x_wconf 88' lang='lat' dir='ltr'>est</span> <span class='ocrx_word' id='word_1_195' title='bbox 392 1075 536 1115; x_wconf 88' lang='lat' dir='ltr'>proxima</span> <span class='ocrx_word' id='word_1_196' title='bbox 553 1072 731 1105; x_wconf 72' lang='lat' dir='ltr'>contraCtui</span> <span class='ocrx_word' id='word_1_197' title='bbox 748 1080 839 1103; x_wconf 90' lang='lat' dir='ltr'>certo</span> <span class='ocrx_word' id='word_1_198' title='bbox 857 1072 885 1102; x_wconf 70' lang='grc' dir='ltr'><strong>ἃ</strong></span> <span class='ocrx_word' id='word_1_199' title='bbox 902 1072 1044 1117; x_wconf 86' lang='lat' dir='ltr'>nomina-</span> 
     </span>
     <span class='ocr_line' id='line_1_25' title="bbox 171 1112 1044 1158; baseline -0.005 -10"><span class='ocrx_word' id='word_1_200' title='bbox 171 1124 217 1148; x_wconf 79' lang='lat' dir='ltr'>to,</span> <span class='ocrx_word' id='word_1_201' title='bbox 243 1118 374 1158; x_wconf 88' lang='lat' dir='ltr'>utique,</span> <span class='ocrx_word' id='word_1_202' title='bbox 391 1115 417 1148; x_wconf 41' lang='lat' dir='ltr'>fi.</span> <span class='ocrx_word' id='word_1_203' title='bbox 428 1117 470 1148; x_wconf 92' lang='lat' dir='ltr'>do</span> <span class='ocrx_word' id='word_1_204' title='bbox 489 1116 545 1147; x_wconf 90' lang='lat' dir='ltr'>tibi</span> <span class='ocrx_word' id='word_1_205' title='bbox 565 1115 750 1156; x_wconf 86' lang='lat' dir='ltr'>pecuniam,</span> <span class='ocrx_word' id='word_1_206' title='bbox 768 1122 801 1144; x_wconf 89' lang='lat' dir='ltr'>ut</span> <span class='ocrx_word' id='word_1_207' title='bbox 821 1112 960 1144; x_wconf 85' lang='lat' dir='ltr'>tabulam</span> <span class='ocrx_word' id='word_1_208' title='bbox 977 1120 1044 1152; x_wconf 81' lang='lat' dir='ltr'>pin-</span> 
     </span>
     <span class='ocr_line' id='line_1_26' title="bbox 171 1153 1044 1200; baseline -0.007 -10"><span class='ocrx_word' id='word_1_209' title='bbox 171 1167 245 1198; x_wconf 78' lang='lat' dir='ltr'>gaS,</span> <span class='ocrx_word' id='word_1_210' title='bbox 270 1158 360 1190; x_wconf 90' lang='lat' dir='ltr'>verbi</span> <span class='ocrx_word' id='word_1_211' title='bbox 378 1158 500 1200; x_wconf 81' lang='lat' dir='ltr'>gratia3</span> <span class='ocrx_word' id='word_1_212' title='bbox 525 1155 687 1189; x_wconf 87' lang='lat' dir='ltr'>manifesta</span> <span class='ocrx_word' id='word_1_213' title='bbox 704 1156 764 1186; x_wconf 91' lang='lat' dir='ltr'>erit</span> <span class='ocrx_word' id='word_1_214' title='bbox 780 1154 898 1186; x_wconf 84' lang='lat' dir='ltr'>locatio</span> <span class='ocrx_word' id='word_1_215' title='bbox 919 1153 948 1184; x_wconf 72' lang='grc' dir='ltr'><strong>ἅ</strong></span> <span class='ocrx_word' id='word_1_216' title='bbox 962 1162 1044 1200; x_wconf 77' lang='lat' dir='ltr'>¹cori-</span> 
     </span>
     <span class='ocr_line' id='line_1_27' title="bbox 173 1194 1045 1237; baseline -0.007 -6"><span class='ocrx_word' id='word_1_217' title='bbox 173 1199 292 1231; x_wconf 75' lang='lat' dir='ltr'>ductio.</span> <span class='ocrx_word' id='word_1_218' title='bbox 312 1199 355 1231; x_wconf 84' lang='lat' dir='ltr'>fin</span> <span class='ocrx_word' id='word_1_219' title='bbox 373 1207 439 1230; x_wconf 86' lang='lat' dir='ltr'>rein</span> <span class='ocrx_word' id='word_1_220' title='bbox 454 1199 516 1237; x_wconf 88' lang='lat' dir='ltr'>do,</span> <span class='ocrx_word' id='word_1_221' title='bbox 533 1197 588 1229; x_wconf 82' lang='lat' dir='ltr'>etii</span> <span class='ocrx_word' id='word_1_222' title='bbox 606 1197 717 1229; x_wconf 87' lang='lat' dir='ltr'>eadem</span> <span class='ocrx_word' id='word_1_223' title='bbox 732 1196 820 1237; x_wconf 84' lang='lat' dir='ltr'>lege:</span> <span class='ocrx_word' id='word_1_224' title='bbox 839 1204 904 1226; x_wconf 87' lang='lat' dir='ltr'>non</span> <span class='ocrx_word' id='word_1_225' title='bbox 916 1194 1045 1235; x_wconf 82' lang='lat' dir='ltr'>quidem</span> 
     </span>
     <span class='ocr_line' id='line_1_28' title="bbox 172 1236 1044 1278; baseline -0.005 -6"><span class='ocrx_word' id='word_1_226' title='bbox 172 1241 234 1271; x_wconf 86' lang='lat' dir='ltr'>erit</span> <span class='ocrx_word' id='word_1_227' title='bbox 249 1241 369 1272; x_wconf 89' lang='lat' dir='ltr'>locatio</span> <span class='ocrx_word' id='word_1_228' title='bbox 387 1240 417 1272; x_wconf 71' lang='grc' dir='ltr'>ὅ(</span> <span class='ocrx_word' id='word_1_229' title='bbox 430 1239 625 1278; x_wconf 73' lang='lat' dir='ltr'>conduffi03</span> <span class='ocrx_word' id='word_1_230' title='bbox 639 1238 691 1269; x_wconf 89' lang='lat' dir='ltr'>sed</span> <span class='ocrx_word' id='word_1_231' title='bbox 707 1236 887 1269; x_wconf 62' lang='lat' dir='ltr'>contra6ws</span> <span class='ocrx_word' id='word_1_232' title='bbox 903 1237 1044 1268; x_wconf 87' lang='lat' dir='ltr'>incertus</span> 
     </span>
     <span class='ocr_line' id='line_1_29' title="bbox 171 1277 1043 1320; baseline -0.006 -7"><span class='ocrx_word' id='word_1_233' title='bbox 171 1281 202 1312; x_wconf 67' lang='lat' dir='ltr'>«St</span> <span class='ocrx_word' id='word_1_234' title='bbox 221 1282 455 1320; x_wconf 87' lang='lat' dir='ltr'>innominatus,</span> <span class='ocrx_word' id='word_1_235' title='bbox 478 1281 510 1313; x_wconf 89' lang='lat' dir='ltr'>id</span> <span class='ocrx_word' id='word_1_236' title='bbox 527 1280 591 1320; x_wconf 89' lang='lat' dir='ltr'>est,</span> <span class='ocrx_word' id='word_1_237' title='bbox 616 1280 658 1311; x_wconf 88' lang='lat' dir='ltr'>do</span> <span class='ocrx_word' id='word_1_238' title='bbox 676 1286 709 1310; x_wconf 93' lang='lat' dir='ltr'>ut</span> <span class='ocrx_word' id='word_1_239' title='bbox 726 1278 845 1317; x_wconf 89' lang='lat' dir='ltr'>facias,</span> <span class='ocrx_word' id='word_1_240' title='bbox 868 1277 974 1309; x_wconf 88' lang='lat' dir='ltr'>fimilis</span> <span class='ocrx_word' id='word_1_241' title='bbox 998 1277 1043 1308; x_wconf 90' lang='lat' dir='ltr'>lo-</span> 
     </span>
     <span class='ocr_line' id='line_1_30' title="bbox 169 1317 1044 1364; baseline -0.005 -12"><span class='ocrx_word' id='word_1_242' title='bbox 169 1323 290 1354; x_wconf 87' lang='lat' dir='ltr'>cationi</span> <span class='ocrx_word' id='word_1_243' title='bbox 310 1324 338 1354; x_wconf 85' lang='lat'>&amp;</span> <span class='ocrx_word' id='word_1_244' title='bbox 358 1322 575 1354; x_wconf 69' lang='lat' dir='ltr'>condustioni.</span> <span class='ocrx_word' id='word_1_245' title='bbox 592 1323 687 1362; x_wconf 89' lang='lat' dir='ltr'>igitur</span> <span class='ocrx_word' id='word_1_246' title='bbox 703 1320 776 1351; x_wconf 84' lang='lat' dir='ltr'>hinc</span> <span class='ocrx_word' id='word_1_247' title='bbox 793 1328 928 1364; x_wconf 42' lang='lat' dir='ltr'>quoque·</span> <span class='ocrx_word' id='word_1_248' title='bbox 942 1317 1044 1364; x_wconf 78' lang='lat' dir='ltr'>nasce-</span> 
     </span>
     <span class='ocr_line' id='line_1_31' title="bbox 169 1360 1043 1405; baseline -0.003 -11"><span class='ocrx_word' id='word_1_249' title='bbox 169 1371 220 1394; x_wconf 87' lang='lat' dir='ltr'>tur</span> <span class='ocrx_word' id='word_1_250' title='bbox 235 1364 318 1395; x_wconf 60' lang='lat' dir='ltr'>aetio</span> <span class='ocrx_word' id='word_1_251' title='bbox 345 1362 533 1404; x_wconf 71' lang='lat' dir='ltr'>praescriptis</span> <span class='ocrx_word' id='word_1_252' title='bbox 560 1362 684 1400; x_wconf 89' lang='lat' dir='ltr'>verbis,</span> <span class='ocrx_word' id='word_1_253' title='bbox 707 1363 852 1402; x_wconf 84' lang='lat' dir='ltr'>proxima</span> <span class='ocrx_word' id='word_1_254' title='bbox 870 1360 984 1405; x_wconf 59' lang='lat' dir='ltr'>aetion)</span> <span class='ocrx_word' id='word_1_255' title='bbox 1002 1368 1043 1391; x_wconf 86' lang='lat' dir='ltr'>ex</span> 
     </span>
     <span class='ocr_line' id='line_1_32' title="bbox 167 1398 1044 1441; baseline -0.006 -6"><span class='ocrx_word' id='word_1_256' title='bbox 167 1405 331 1437; x_wconf 68' lang='lat' dir='ltr'>condusto</span> <span class='ocrx_word' id='word_1_257' title='bbox 351 1406 379 1436; x_wconf 72' lang='grc' dir='ltr'>ὅ(</span> <span class='ocrx_word' id='word_1_258' title='bbox 397 1406 516 1437; x_wconf 88' lang='lat' dir='ltr'>locato.</span> <span class='ocrx_word' id='word_1_259' title='bbox 541 1403 603 1441; x_wconf 87' lang='lat' dir='ltr'>fic,</span> <span class='ocrx_word' id='word_1_260' title='bbox 621 1403 673 1434; x_wconf 90' lang='lat' dir='ltr'>ubi</span> <span class='ocrx_word' id='word_1_261' title='bbox 686 1401 805 1433; x_wconf 60' lang='lat' dir='ltr'>factum</span> <span class='ocrx_word' id='word_1_262' title='bbox 823 1400 867 1432; x_wconf 87' lang='lat' dir='ltr'>est</span> <span class='ocrx_word' id='word_1_263' title='bbox 883 1400 980 1431; x_wconf 79' lang='lat' dir='ltr'>locari</span> <span class='ocrx_word' id='word_1_264' title='bbox 998 1398 1044 1431; x_wconf 89' lang='lat' dir='ltr'>so-</span> 
     </span>
     <span class='ocr_line' id='line_1_33' title="bbox 166 1439 1041 1487; baseline -0.007 -9"><span class='ocrx_word' id='word_1_265' title='bbox 166 1446 270 1478; x_wconf 87' lang='lat' dir='ltr'>litum.</span> <span class='ocrx_word' id='word_1_266' title='bbox 301 1447 397 1487; x_wconf 88' lang='lat' dir='ltr'>quid,</span> <span class='ocrx_word' id='word_1_267' title='bbox 421 1445 442 1477; x_wconf 82' lang='lat' dir='ltr'><strong>fi</strong></span> <span class='ocrx_word' id='word_1_268' title='bbox 458 1454 522 1477; x_wconf 90' lang='lat' dir='ltr'>non</span> <span class='ocrx_word' id='word_1_269' title='bbox 551 1443 588 1475; x_wconf 85' lang='lat' dir='ltr'>fit</span> <span class='ocrx_word' id='word_1_270' title='bbox 610 1443 698 1474; x_wconf 77' lang='lat' dir='ltr'>tale?</span> <span class='ocrx_word' id='word_1_271' title='bbox 721 1442 791 1473; x_wconf 84' lang='lat' dir='ltr'>fac:</span> <span class='ocrx_word' id='word_1_272' title='bbox 814 1441 887 1487; x_wconf 85' lang='lat' dir='ltr'>dedi</span> <span class='ocrx_word' id='word_1_273' title='bbox 905 1441 964 1472; x_wconf 87' lang='lat' dir='ltr'>tibi</span> <span class='ocrx_word' id='word_1_274' title='bbox 982 1439 1041 1472; x_wconf 90' lang='lat' dir='ltr'>ser-</span> 
     </span>
     <span class='ocr_line' id='line_1_34' title="bbox 165 1485 1041 1525; baseline -0.006 -8"><span class='ocrx_word' id='word_1_275' title='bbox 165 1496 242 1518; x_wconf 87' lang='lat' dir='ltr'>vum</span> <span class='ocrx_word' id='word_1_276' title='bbox 254 1496 380 1525; x_wconf 86' lang='lat' dir='ltr'>meum,</span> <span class='ocrx_word' id='word_1_277' title='bbox 397 1494 431 1517; x_wconf 95' lang='lat' dir='ltr'>ut</span> <span class='ocrx_word' id='word_1_278' title='bbox 447 1494 480 1517; x_wconf 88' lang='lat' dir='ltr'>tu</span> <span class='ocrx_word' id='word_1_279' title='bbox 499 1485 621 1516; x_wconf 90' lang='lat' dir='ltr'>servum</span> <span class='ocrx_word' id='word_1_280' title='bbox 639 1493 726 1515; x_wconf 88' lang='lat' dir='ltr'>tuum</span> <span class='ocrx_word' id='word_1_281' title='bbox 739 1489 952 1514; x_wconf 76' lang='lat' dir='ltr'>manumittas.</span> <span class='ocrx_word' id='word_1_282' title='bbox 976 1491 1041 1513; x_wconf 91' lang='lat' dir='ltr'>non</span> 
     </span>
     <span class='ocr_line' id='line_1_35' title="bbox 166 1522 1041 1565; baseline -0.006 -6"><span class='ocrx_word' id='word_1_283' title='bbox 166 1527 212 1559; x_wconf 83' lang='lat' dir='ltr'>est</span> <span class='ocrx_word' id='word_1_284' title='bbox 232 1527 351 1559; x_wconf 69' lang='lat' dir='ltr'>facium</span> <span class='ocrx_word' id='word_1_285' title='bbox 371 1527 469 1558; x_wconf 89' lang='lat' dir='ltr'>locari</span> <span class='ocrx_word' id='word_1_286' title='bbox 493 1525 628 1557; x_wconf 90' lang='lat' dir='ltr'>solitum.</span> <span class='ocrx_word' id='word_1_287' title='bbox 663 1525 758 1565; x_wconf 87' lang='lat' dir='ltr'>igitur</span> <span class='ocrx_word' id='word_1_288' title='bbox 776 1533 840 1555; x_wconf 90' lang='lat' dir='ltr'>non</span> <span class='ocrx_word' id='word_1_289' title='bbox 857 1522 901 1555; x_wconf 86' lang='lat' dir='ltr'>est</span> <span class='ocrx_word' id='word_1_290' title='bbox 920 1523 1041 1555; x_wconf 87' lang='lat' dir='ltr'>locatio</span> 
     </span>
     <span class='ocr_line' id='line_1_36' title="bbox 166 1565 1041 1606; baseline -0.006 -7"><span class='ocrx_word' id='word_1_291' title='bbox 166 1568 196 1599; x_wconf 71' lang='grc' dir='ltr'>ἀ</span> <span class='ocrx_word' id='word_1_292' title='bbox 213 1568 398 1600; x_wconf 73' lang='lat' dir='ltr'>conductio.</span> <span class='ocrx_word' id='word_1_293' title='bbox 414 1576 475 1599; x_wconf 90' lang='lat' dir='ltr'>nec</span> <span class='ocrx_word' id='word_1_294' title='bbox 492 1574 596 1598; x_wconf 90' lang='lat' dir='ltr'>tamen</span> <span class='ocrx_word' id='word_1_295' title='bbox 615 1565 660 1598; x_wconf 88' lang='lat' dir='ltr'>est</span> <span class='ocrx_word' id='word_1_296' title='bbox 676 1567 795 1597; x_wconf 88' lang='lat' dir='ltr'>nudum</span> <span class='ocrx_word' id='word_1_297' title='bbox 813 1565 949 1606; x_wconf 70' lang='lat' dir='ltr'>paetum.</span> <span class='ocrx_word' id='word_1_298' title='bbox 967 1566 1041 1605; x_wconf 87' lang='lat' dir='ltr'>quia</span> 
     </span>
     <span class='ocr_line' id='line_1_37' title="bbox 165 1607 1041 1647; baseline -0.005 -7"><span class='ocrx_word' id='word_1_299' title='bbox 165 1609 238 1641; x_wconf 86' lang='lat' dir='ltr'>dedi</span> <span class='ocrx_word' id='word_1_300' title='bbox 257 1609 314 1640; x_wconf 91' lang='lat' dir='ltr'>tibi</span> <span class='ocrx_word' id='word_1_301' title='bbox 332 1609 454 1641; x_wconf 79' lang='lat' dir='ltr'>sei-vum</span> <span class='ocrx_word' id='word_1_302' title='bbox 471 1617 576 1640; x_wconf 90' lang='lat' dir='ltr'>meum</span> <span class='ocrx_word' id='word_1_303' title='bbox 588 1631 597 1647; x_wconf 96' lang='lat'>,</span> <span class='ocrx_word' id='word_1_304' title='bbox 620 1614 655 1639; x_wconf 90' lang='lat' dir='ltr'>ut</span> <span class='ocrx_word' id='word_1_305' title='bbox 680 1607 803 1639; x_wconf 89' lang='lat' dir='ltr'>servum</span> <span class='ocrx_word' id='word_1_306' title='bbox 826 1614 915 1638; x_wconf 89' lang='lat' dir='ltr'>tuum</span> <span class='ocrx_word' id='word_1_307' title='bbox 933 1615 1041 1637; x_wconf 86' lang='lat' dir='ltr'>manu·</span> 
     </span>
     <span class='ocr_line' id='line_1_38' title="bbox 163 1646 1039 1690; baseline -0.005 -8"><span class='ocrx_word' id='word_1_308' title='bbox 163 1651 291 1690; x_wconf 84' lang='lat' dir='ltr'>mittas;</span> <span class='ocrx_word' id='word_1_309' title='bbox 306 1650 338 1682; x_wconf 92' lang='lat' dir='ltr'>id</span> <span class='ocrx_word' id='word_1_310' title='bbox 356 1649 419 1690; x_wconf 87' lang='lat' dir='ltr'>est,</span> <span class='ocrx_word' id='word_1_311' title='bbox 436 1650 509 1682; x_wconf 88' lang='lat' dir='ltr'>dedi</span> <span class='ocrx_word' id='word_1_312' title='bbox 527 1659 599 1681; x_wconf 90' lang='lat' dir='ltr'>eum</span> <span class='ocrx_word' id='word_1_313' title='bbox 616 1655 703 1681; x_wconf 88' lang='lat' dir='ltr'>certa</span> <span class='ocrx_word' id='word_1_314' title='bbox 718 1649 800 1690; x_wconf 79' lang='lat' dir='ltr'>lege.</span> <span class='ocrx_word' id='word_1_315' title='bbox 824 1647 869 1679; x_wconf 91' lang='lat' dir='ltr'>est</span> <span class='ocrx_word' id='word_1_316' title='bbox 884 1647 978 1689; x_wconf 82' lang='lat' dir='ltr'>igitur</span> <span class='ocrx_word' id='word_1_317' title='bbox 994 1646 1039 1689; x_wconf 89' lang='lat' dir='ltr'>sy-</span> 
     </span>
     <span class='ocr_line' id='line_1_39' title="bbox 159 1691 1037 1733; baseline -0.005 -10"><span class='ocrx_word' id='word_1_318' title='bbox 159 1691 335 1733; x_wconf 84' lang='lat' dir='ltr'>nallagma:</span> <span class='ocrx_word' id='word_1_319' title='bbox 359 1692 391 1724; x_wconf 84' lang='lat' dir='ltr'>id</span> <span class='ocrx_word' id='word_1_320' title='bbox 416 1691 480 1731; x_wconf 90' lang='lat' dir='ltr'>est,</span> <span class='ocrx_word' id='word_1_321' title='bbox 506 1691 602 1723; x_wconf 92' lang='lat' dir='ltr'>civile</span> <span class='ocrx_word' id='word_1_322' title='bbox 624 1691 791 1731; x_wconf 89' lang='lat' dir='ltr'>negotium</span> <span class='ocrx_word' id='word_1_323' title='bbox 807 1712 818 1728; x_wconf 92' lang='lat'>,</span> <span class='ocrx_word' id='word_1_324' title='bbox 841 1698 882 1720; x_wconf 86' lang='lat' dir='ltr'>ex</span> <span class='ocrx_word' id='word_1_325' title='bbox 899 1698 964 1729; x_wconf 90' lang='lat' dir='ltr'>quo</span> <span class='ocrx_word' id='word_1_326' title='bbox 986 1698 1037 1720; x_wconf 90' lang='lat' dir='ltr'>na-</span> 
     </span>
     <span class='ocr_line' id='line_1_40' title="bbox 159 1729 1035 1772; baseline -0.003 -8"><span class='ocrx_word' id='word_1_327' title='bbox 159 1731 256 1765; x_wconf 85' lang='lat' dir='ltr'>scitur</span> <span class='ocrx_word' id='word_1_328' title='bbox 273 1733 377 1766; x_wconf 89' lang='lat' dir='ltr'>civilis</span> <span class='ocrx_word' id='word_1_329' title='bbox 392 1733 474 1764; x_wconf 53' lang='lat' dir='ltr'>atilio</span> <span class='ocrx_word' id='word_1_330' title='bbox 491 1731 681 1772; x_wconf 83' lang='lat' dir='ltr'>praescriptis</span> <span class='ocrx_word' id='word_1_331' title='bbox 698 1732 804 1763; x_wconf 86' lang='lat' dir='ltr'>verbis</span> <span class='ocrx_word' id='word_1_332' title='bbox 816 1753 826 1770; x_wconf 95' lang='lat'>,</span> <span class='ocrx_word' id='word_1_333' title='bbox 841 1729 946 1762; x_wconf 80' lang='lat' dir='ltr'>similis</span> <span class='ocrx_word' id='word_1_334' title='bbox 962 1729 1035 1762; x_wconf 69' lang='lat' dir='ltr'>asti-</span> 
     </span>
     <span class='ocr_line' id='line_1_41' title="bbox 160 1771 1036 1807; baseline -0.003 -2"><span class='ocrx_word' id='word_1_335' title='bbox 160 1774 215 1806; x_wconf 87' lang='lat' dir='ltr'>oni</span> <span class='ocrx_word' id='word_1_336' title='bbox 235 1775 332 1806; x_wconf 87' lang='lat' dir='ltr'>locati</span> <span class='ocrx_word' id='word_1_337' title='bbox 350 1775 381 1807; x_wconf 70' lang='grc' dir='ltr'>δι</span> <span class='ocrx_word' id='word_1_338' title='bbox 397 1774 568 1807; x_wconf 70' lang='lat' dir='ltr'>conducti:</span> <span class='ocrx_word' id='word_1_339' title='bbox 593 1773 646 1805; x_wconf 92' lang='lat' dir='ltr'>ubi</span> <span class='ocrx_word' id='word_1_340' title='bbox 663 1782 728 1804; x_wconf 90' lang='lat' dir='ltr'>non</span> <span class='ocrx_word' id='word_1_341' title='bbox 745 1771 979 1804; x_wconf 84' lang='lat' dir='ltr'>demonstratur</span> <span class='ocrx_word' id='word_1_342' title='bbox 1006 1780 1036 1802; x_wconf 88' lang='lat' dir='ltr'>a·</span> 
     </span>
     <span class='ocr_line' id='line_1_42' title="bbox 159 1813 1034 1856; baseline -0.003 -10"><span class='ocrx_word' id='word_1_343' title='bbox 159 1815 209 1847; x_wconf 90' lang='lat' dir='ltr'>lia.</span> <span class='ocrx_word' id='word_1_344' title='bbox 234 1817 277 1848; x_wconf 89' lang='lat' dir='ltr'>ita</span> <span class='ocrx_word' id='word_1_345' title='bbox 292 1826 332 1848; x_wconf 81' lang='lat' dir='ltr'>ex</span> <span class='ocrx_word' id='word_1_346' title='bbox 349 1815 496 1848; x_wconf 84' lang='lat' dir='ltr'>Aristone</span> <span class='ocrx_word' id='word_1_347' title='bbox 514 1814 670 1856; x_wconf 85' lang='lat' dir='ltr'>Ulpianus</span> <span class='ocrx_word' id='word_1_348' title='bbox 685 1815 712 1845; x_wconf 85' lang='lat' dir='ltr'>d.</span> <span class='ocrx_word' id='word_1_349' title='bbox 725 1814 744 1845; x_wconf 91' lang='lat' dir='ltr'>l.</span> <span class='ocrx_word' id='word_1_350' title='bbox 756 1824 782 1854; x_wconf 81' lang='lat'>7.</span> <span class='ocrx_word' id='word_1_351' title='bbox 795 1813 824 1855; x_wconf 88' lang='lat'>§.</span> <span class='ocrx_word' id='word_1_352' title='bbox 837 1823 874 1849; x_wconf 82' lang='lat'>23</span> <span class='ocrx_word' id='word_1_353' title='bbox 891 1822 964 1844; x_wconf 90' lang='lat' dir='ltr'>cum</span> <span class='ocrx_word' id='word_1_354' title='bbox 981 1822 1034 1843; x_wconf 91' lang='lat' dir='ltr'>eo-</span> 
     </span>
     <span class='ocr_line' id='line_1_43' title="bbox 161 1854 1036 1898; baseline -0.005 -9"><span class='ocrx_word' id='word_1_355' title='bbox 161 1867 224 1898; x_wconf 84' lang='lat' dir='ltr'>que</span> <span class='ocrx_word' id='word_1_356' title='bbox 242 1857 401 1891; x_wconf 84' lang='lat' dir='ltr'>consentit</span> <span class='ocrx_word' id='word_1_357' title='bbox 417 1857 567 1889; x_wconf 71' lang='lat' dir='ltr'>haetenus</span> <span class='ocrx_word' id='word_1_358' title='bbox 588 1856 702 1889; x_wconf 84' lang='lat' dir='ltr'>Paulus</span> <span class='ocrx_word' id='word_1_359' title='bbox 717 1857 746 1886; x_wconf 84' lang='lat' dir='ltr'>d.</span> <span class='ocrx_word' id='word_1_360' title='bbox 762 1855 782 1886; x_wconf 89' lang='lat' dir='ltr'>l.</span> <span class='ocrx_word' id='word_1_361' title='bbox 797 1865 828 1895; x_wconf 84' lang='lat'>5.</span> <span class='ocrx_word' id='word_1_362' title='bbox 845 1854 873 1896; x_wconf 84' lang='lat'>§.</span> <span class='ocrx_word' id='word_1_363' title='bbox 892 1864 920 1885; x_wconf 85' lang='lat'>2.</span> <span class='ocrx_word' id='word_1_364' title='bbox 937 1854 980 1886; x_wconf 91' lang='lat' dir='ltr'>D.</span> <span class='ocrx_word' id='word_1_365' title='bbox 1003 1855 1036 1885; x_wconf 84' lang='lat' dir='ltr'>de</span> 
     </span>
    </p>

    <p class='ocr_par' dir='ltr' id='par_1_4' title="bbox 155 1895 1035 3223">
     <span class='ocr_line' id='line_1_44' title="bbox 155 1895 1034 1940; baseline -0.005 -10"><span class='ocrx_word' id='word_1_366' title='bbox 155 1900 332 1940; x_wconf 52' lang='lat' dir='ltr'>praescriptis</span> <span class='ocrx_word' id='word_1_367' title='bbox 349 1900 454 1931; x_wconf 82' lang='lat' dir='ltr'>verbis.</span> <span class='ocrx_word' id='word_1_368' title='bbox 484 1898 546 1930; x_wconf 87' lang='lat' dir='ltr'>Sed</span> <span class='ocrx_word' id='word_1_369' title='bbox 562 1897 664 1939; x_wconf 79' lang='lat' dir='ltr'>quid?</span> <span class='ocrx_word' id='word_1_370' title='bbox 690 1896 773 1928; x_wconf 87' lang='lat' dir='ltr'>Dedi</span> <span class='ocrx_word' id='word_1_371' title='bbox 793 1896 849 1927; x_wconf 82' lang='lat' dir='ltr'>tibi</span> <span class='ocrx_word' id='word_1_372' title='bbox 867 1895 1011 1927; x_wconf 84' lang='lat' dir='ltr'>Stichum</span> <span class='ocrx_word' id='word_1_373' title='bbox 1023 1918 1034 1933; x_wconf 92' lang='lat'>,</span> 
     </span>
     <span class='ocr_line' id='line_1_45' title="bbox 160 1936 1035 1981; baseline -0.002 -10"><span class='ocrx_word' id='word_1_374' title='bbox 160 1947 196 1971; x_wconf 91' lang='lat' dir='ltr'>ut</span> <span class='ocrx_word' id='word_1_375' title='bbox 215 1940 415 1981; x_wconf 85' lang='lat' dir='ltr'>Pamphilum</span> <span class='ocrx_word' id='word_1_376' title='bbox 433 1941 644 1973; x_wconf 82' lang='lat' dir='ltr'>manumittas.</span> <span class='ocrx_word' id='word_1_377' title='bbox 678 1936 888 1970; x_wconf 85' lang='lat' dir='ltr'>manumifisti.</span> <span class='ocrx_word' id='word_1_378' title='bbox 913 1937 1035 1969; x_wconf 69' lang='lat' dir='ltr'>evictus</span> 
     </span>
     <span class='ocr_line' id='line_1_46' title="bbox 160 1978 1035 2024; baseline -0.005 -11"><span class='ocrx_word' id='word_1_379' title='bbox 160 1981 206 2013; x_wconf 90' lang='lat' dir='ltr'>est</span> <span class='ocrx_word' id='word_1_380' title='bbox 223 1981 361 2013; x_wconf 85' lang='lat' dir='ltr'>Stichus.</span> <span class='ocrx_word' id='word_1_381' title='bbox 387 1981 476 2014; x_wconf 88' lang='lat' dir='ltr'>Nihil</span> <span class='ocrx_word' id='word_1_382' title='bbox 493 1990 595 2014; x_wconf 85' lang='lat' dir='ltr'>mutat</span> <span class='ocrx_word' id='word_1_383' title='bbox 614 1979 766 2020; x_wconf 82' lang='lat' dir='ltr'>Ulpianus</span> <span class='ocrx_word' id='word_1_384' title='bbox 782 1980 810 2009; x_wconf 82' lang='lat' dir='ltr'>d.</span> <span class='ocrx_word' id='word_1_385' title='bbox 828 1979 847 2009; x_wconf 88' lang='lat' dir='ltr'>l.</span> <span class='ocrx_word' id='word_1_386' title='bbox 860 1988 886 2019; x_wconf 79' lang='lat'>7.</span> <span class='ocrx_word' id='word_1_387' title='bbox 904 1978 973 2024; x_wconf 49' lang='lat' dir='ltr'>§.a</span> <span class='ocrx_word' id='word_1_388' title='bbox 991 1979 1035 2009; x_wconf 85' lang='lat' dir='ltr'>ait</span> 
     </span>
     <span class='ocr_line' id='line_1_47' title="bbox 160 2019 1034 2065; baseline -0.005 -12"><span class='ocrx_word' id='word_1_389' title='bbox 160 2030 264 2055; x_wconf 90' lang='lat' dir='ltr'>tamen</span> <span class='ocrx_word' id='word_1_390' title='bbox 278 2047 288 2062; x_wconf 94' lang='lat'>,</span> <span class='ocrx_word' id='word_1_391' title='bbox 309 2024 342 2055; x_wconf 92' lang='lat' dir='ltr'>in</span> <span class='ocrx_word' id='word_1_392' title='bbox 359 2023 423 2055; x_wconf 89' lang='lat' dir='ltr'>hoc</span> <span class='ocrx_word' id='word_1_393' title='bbox 438 2022 566 2054; x_wconf 75' lang='lat' dir='ltr'>variasse</span> <span class='ocrx_word' id='word_1_394' title='bbox 594 2021 739 2054; x_wconf 80' lang='lat' dir='ltr'>Veteres.</span> <span class='ocrx_word' id='word_1_395' title='bbox 780 2029 852 2051; x_wconf 89' lang='lat' dir='ltr'>nam</span> <span class='ocrx_word' id='word_1_396' title='bbox 878 2019 1034 2065; x_wconf 78' lang='lat' dir='ltr'>Julianum</span> 
     </span>
     <span class='ocr_line' id='line_1_48' title="bbox 160 2061 1033 2104; baseline -0.001 -10"><span class='ocrx_word' id='word_1_397' title='bbox 160 2063 298 2096; x_wconf 85' lang='lat' dir='ltr'>scribere</span> <span class='ocrx_word' id='word_1_398' title='bbox 309 2088 319 2104; x_wconf 90' lang='lat'>,</span> <span class='ocrx_word' id='word_1_399' title='bbox 333 2065 468 2096; x_wconf 87' lang='lat' dir='ltr'>dandam</span> <span class='ocrx_word' id='word_1_400' title='bbox 483 2074 500 2096; x_wconf 87' lang='lat' dir='ltr'>a</span> <span class='ocrx_word' id='word_1_401' title='bbox 516 2064 657 2096; x_wconf 81' lang='lat' dir='ltr'>Praetore</span> <span class='ocrx_word' id='word_1_402' title='bbox 672 2063 702 2093; x_wconf 90' lang='lat' dir='ltr'>in</span> <span class='ocrx_word' id='word_1_403' title='bbox 719 2061 838 2093; x_wconf 69' lang='lat' dir='ltr'>facium</span> <span class='ocrx_word' id='word_1_404' title='bbox 854 2061 1033 2093; x_wconf 67' lang='lat' dir='ltr'>athonem:</span> 
     </span>
     <span class='ocr_line' id='line_1_49' title="bbox 160 2101 1032 2146; baseline -0.006 -10"><span class='ocrx_word' id='word_1_405' title='bbox 160 2104 213 2137; x_wconf 90' lang='lat' dir='ltr'>sed</span> <span class='ocrx_word' id='word_1_406' title='bbox 233 2106 363 2138; x_wconf 87' lang='lat' dir='ltr'>illumin</span> <span class='ocrx_word' id='word_1_407' title='bbox 377 2106 461 2146; x_wconf 88' lang='lat' dir='ltr'>hoc,</span> <span class='ocrx_word' id='word_1_408' title='bbox 485 2106 516 2137; x_wconf 86' lang='lat' dir='ltr'>id</span> <span class='ocrx_word' id='word_1_409' title='bbox 533 2105 596 2143; x_wconf 90' lang='lat' dir='ltr'>est,</span> <span class='ocrx_word' id='word_1_410' title='bbox 613 2105 643 2135; x_wconf 90' lang='lat' dir='ltr'>in</span> <span class='ocrx_word' id='word_1_411' title='bbox 660 2103 719 2134; x_wconf 85' lang='lat' dir='ltr'>hac</span> <span class='ocrx_word' id='word_1_412' title='bbox 736 2102 840 2144; x_wconf 81' lang='lat' dir='ltr'>specie</span> <span class='ocrx_word' id='word_1_413' title='bbox 855 2111 870 2132; x_wconf 89' lang='lat' dir='ltr'>a</span> <span class='ocrx_word' id='word_1_414' title='bbox 882 2101 1032 2132; x_wconf 86' lang='lat' dir='ltr'>Maurici-</span> 
     </span>
     <span class='ocr_line' id='line_1_50' title="bbox 158 2141 1032 2189; baseline -0.003 -12"><span class='ocrx_word' id='word_1_415' title='bbox 158 2155 221 2177; x_wconf 88' lang='lat' dir='ltr'>ano</span> <span class='ocrx_word' id='word_1_416' title='bbox 231 2146 292 2178; x_wconf 89' lang='lat' dir='ltr'>esse</span> <span class='ocrx_word' id='word_1_417' title='bbox 311 2146 548 2188; x_wconf 78' lang='lat' dir='ltr'>reprehensum.</span> <span class='ocrx_word' id='word_1_418' title='bbox 566 2155 637 2178; x_wconf 82' lang='lat' dir='ltr'>nam</span> <span class='ocrx_word' id='word_1_419' title='bbox 657 2145 743 2176; x_wconf 87' lang='lat' dir='ltr'>hunc</span> <span class='ocrx_word' id='word_1_420' title='bbox 760 2152 889 2184; x_wconf 85' lang='lat' dir='ltr'>putare,</span> <span class='ocrx_word' id='word_1_421' title='bbox 914 2141 1032 2189; x_wconf 82' lang='lat' dir='ltr'>suffice-</span> 
     </span>
     <span class='ocr_line' id='line_1_51' title="bbox 158 2184 1032 2225; baseline -0.007 -5"><span class='ocrx_word' id='word_1_422' title='bbox 158 2197 193 2220; x_wconf 85' lang='lat' dir='ltr'>re</span> <span class='ocrx_word' id='word_1_423' title='bbox 219 2188 347 2219; x_wconf 85' lang='lat' dir='ltr'>civilem</span> <span class='ocrx_word' id='word_1_424' title='bbox 370 2189 485 2220; x_wconf 87' lang='lat' dir='ltr'>incerti</span> <span class='ocrx_word' id='word_1_425' title='bbox 508 2187 685 2219; x_wconf 65' lang='lat' dir='ltr'>astionem:</span> <span class='ocrx_word' id='word_1_426' title='bbox 708 2186 739 2217; x_wconf 94' lang='lat' dir='ltr'>id</span> <span class='ocrx_word' id='word_1_427' title='bbox 756 2184 820 2224; x_wconf 88' lang='lat' dir='ltr'>est,</span> <span class='ocrx_word' id='word_1_428' title='bbox 843 2184 1032 2225; x_wconf 76' lang='lat' dir='ltr'>praescriptis</span> 
     </span>
     <span class='ocr_line' id='line_1_52' title="bbox 158 2224 1033 2269; baseline -0.006 -8"><span class='ocrx_word' id='word_1_429' title='bbox 158 2228 266 2261; x_wconf 85' lang='lat' dir='ltr'>verbis</span> <span class='ocrx_word' id='word_1_430' title='bbox 282 2229 459 2261; x_wconf 72' lang='lat' dir='ltr'>afflone-m:</span> <span class='ocrx_word' id='word_1_431' title='bbox 485 2230 514 2260; x_wconf 86' lang='lat'>&amp;</span> <span class='ocrx_word' id='word_1_432' title='bbox 534 2238 593 2269; x_wconf 89' lang='lat' dir='ltr'>pro</span> <span class='ocrx_word' id='word_1_433' title='bbox 608 2227 698 2260; x_wconf 89' lang='lat' dir='ltr'>causa</span> <span class='ocrx_word' id='word_1_434' title='bbox 712 2226 858 2264; x_wconf 77' lang='lat' dir='ltr'>auferre3</span> <span class='ocrx_word' id='word_1_435' title='bbox 882 2226 969 2266; x_wconf 83' lang='lat' dir='ltr'>quod</span> <span class='ocrx_word' id='word_1_436' title='bbox 987 2224 1033 2257; x_wconf 91' lang='lat' dir='ltr'>est</span> 
     </span>
     <span class='ocr_line' id='line_1_53' title="bbox 158 2267 1031 2310; baseline -0.005 -9"><span class='ocrx_word' id='word_1_437' title='bbox 158 2271 340 2302; x_wconf 70' lang='lat' dir='ltr'>contractus</span> <span class='ocrx_word' id='word_1_438' title='bbox 351 2294 361 2310; x_wconf 89' lang='lat'>,</span> <span class='ocrx_word' id='word_1_439' title='bbox 377 2270 460 2309; x_wconf 88' lang='lat' dir='ltr'>five,</span> <span class='ocrx_word' id='word_1_440' title='bbox 475 2278 510 2301; x_wconf 87' lang='lat' dir='ltr'>ut</span> <span class='ocrx_word' id='word_1_441' title='bbox 528 2268 631 2301; x_wconf 88' lang='lat' dir='ltr'>Aristo</span> <span class='ocrx_word' id='word_1_442' title='bbox 649 2269 744 2306; x_wconf 91' lang='lat' dir='ltr'>dicit,</span> <span class='ocrx_word' id='word_1_443' title='bbox 762 2267 950 2310; x_wconf 79' lang='lat' dir='ltr'>synallagma</span> <span class='ocrx_word' id='word_1_444' title='bbox 961 2290 970 2306; x_wconf 93' lang='lat'>,</span> <span class='ocrx_word' id='word_1_445' title='bbox 985 2275 1031 2298; x_wconf 90' lang='lat' dir='ltr'>at-</span> 
     </span>
     <span class='ocr_line' id='line_1_54' title="bbox 159 2307 1031 2351; baseline -0.005 -8"><span class='ocrx_word' id='word_1_446' title='bbox 159 2320 223 2351; x_wconf 87' lang='lat' dir='ltr'>que</span> <span class='ocrx_word' id='word_1_447' title='bbox 239 2313 314 2344; x_wconf 89' lang='lat' dir='ltr'>inde</span> <span class='ocrx_word' id='word_1_448' title='bbox 330 2312 412 2344; x_wconf 89' lang='lat' dir='ltr'>hanc</span> <span class='ocrx_word' id='word_1_449' title='bbox 427 2310 509 2343; x_wconf 89' lang='lat' dir='ltr'>nasci</span> <span class='ocrx_word' id='word_1_450' title='bbox 526 2311 695 2342; x_wconf 73' lang='lat' dir='ltr'>actionem.</span> <span class='ocrx_word' id='word_1_451' title='bbox 729 2310 783 2340; x_wconf 91' lang='lat' dir='ltr'>Sic</span> <span class='ocrx_word' id='word_1_452' title='bbox 802 2307 974 2350; x_wconf 83' lang='lat' dir='ltr'>Ulpianus:</span> <span class='ocrx_word' id='word_1_453' title='bbox 1000 2308 1031 2339; x_wconf 70' lang='grc' dir='ltr'>ἀ</span> 
     </span>
     <span class='ocr_line' id='line_1_55' title="bbox 157 2350 1032 2394; baseline -0.003 -11"><span class='ocrx_word' id='word_1_454' title='bbox 157 2360 286 2394; x_wconf 85' lang='lat' dir='ltr'>aperte,</span> <span class='ocrx_word' id='word_1_455' title='bbox 310 2362 465 2394; x_wconf 85' lang='lat' dir='ltr'>quantum</span> <span class='ocrx_word' id='word_1_456' title='bbox 488 2352 617 2393; x_wconf 90' lang='lat' dir='ltr'>quidem</span> <span class='ocrx_word' id='word_1_457' title='bbox 641 2352 680 2383; x_wconf 89' lang='lat' dir='ltr'>ad</span> <span class='ocrx_word' id='word_1_458' title='bbox 706 2350 937 2382; x_wconf 85' lang='lat' dir='ltr'>Mauricianum</span> <span class='ocrx_word' id='word_1_459' title='bbox 961 2350 1032 2380; x_wconf 87' lang='lat' dir='ltr'>atti·</span> 
     </span>
     <span class='ocr_line' id='line_1_56' title="bbox 157 2389 1029 2435; baseline -0.002 -11"><span class='ocrx_word' id='word_1_460' title='bbox 157 2402 224 2425; x_wconf 89' lang='lat' dir='ltr'>net.</span> <span class='ocrx_word' id='word_1_461' title='bbox 257 2403 289 2426; x_wconf 92' lang='lat' dir='ltr'>at</span> <span class='ocrx_word' id='word_1_462' title='bbox 315 2395 355 2426; x_wconf 92' lang='lat' dir='ltr'>de</span> <span class='ocrx_word' id='word_1_463' title='bbox 371 2394 495 2435; x_wconf 82' lang='lat' dir='ltr'>Juliano</span> <span class='ocrx_word' id='word_1_464' title='bbox 514 2394 687 2425; x_wconf 83' lang='lat' dir='ltr'>intentiore</span> <span class='ocrx_word' id='word_1_465' title='bbox 710 2401 783 2423; x_wconf 88' lang='lat' dir='ltr'>cura</span> <span class='ocrx_word' id='word_1_466' title='bbox 801 2392 957 2433; x_wconf 82' lang='lat' dir='ltr'>agendum</span> <span class='ocrx_word' id='word_1_467' title='bbox 974 2389 1029 2422; x_wconf 88' lang='lat' dir='ltr'>est.</span> 
     </span>
     <span class='ocr_line' id='line_1_57' title="bbox 158 2431 1030 2477; baseline -0.002 -12"><span class='ocrx_word' id='word_1_468' title='bbox 158 2444 230 2466; x_wconf 89' lang='lat' dir='ltr'>nam</span> <span class='ocrx_word' id='word_1_469' title='bbox 253 2436 350 2467; x_wconf 85' lang='lat' dir='ltr'>metui</span> <span class='ocrx_word' id='word_1_470' title='bbox 376 2435 486 2477; x_wconf 87' lang='lat' dir='ltr'>poffit:</span> <span class='ocrx_word' id='word_1_471' title='bbox 510 2444 551 2467; x_wconf 91' lang='lat' dir='ltr'>ne</span> <span class='ocrx_word' id='word_1_472' title='bbox 575 2444 640 2466; x_wconf 93' lang='lat' dir='ltr'>non</span> <span class='ocrx_word' id='word_1_473' title='bbox 658 2433 730 2465; x_wconf 83' lang='lat' dir='ltr'>satis</span> <span class='ocrx_word' id='word_1_474' title='bbox 745 2443 820 2464; x_wconf 89' lang='lat' dir='ltr'>vere</span> <span class='ocrx_word' id='word_1_475' title='bbox 843 2433 957 2464; x_wconf 86' lang='lat' dir='ltr'>scribat</span> <span class='ocrx_word' id='word_1_476' title='bbox 974 2431 1030 2464; x_wconf 92' lang='lat' dir='ltr'>Ul-</span> 
     </span>
     <span class='ocr_line' id='line_1_58' title="bbox 159 2474 1029 2517; baseline -0.002 -11"><span class='ocrx_word' id='word_1_477' title='bbox 159 2476 287 2515; x_wconf 87' lang='lat' dir='ltr'>pianus,</span> <span class='ocrx_word' id='word_1_478' title='bbox 303 2477 459 2517; x_wconf 75' lang='lat' dir='ltr'>julianum</span> <span class='ocrx_word' id='word_1_479' title='bbox 475 2475 607 2508; x_wconf 78' lang='lat' dir='ltr'>voluiss&#39;e</span> <span class='ocrx_word' id='word_1_480' title='bbox 618 2499 629 2515; x_wconf 94' lang='lat'>,</span> <span class='ocrx_word' id='word_1_481' title='bbox 642 2477 673 2507; x_wconf 87' lang='lat' dir='ltr'>in</span> <span class='ocrx_word' id='word_1_482' title='bbox 688 2474 805 2506; x_wconf 74' lang='lat' dir='ltr'>factum</span> <span class='ocrx_word' id='word_1_483' title='bbox 823 2475 981 2506; x_wconf 62' lang='lat' dir='ltr'>astionem</span> <span class='ocrx_word' id='word_1_484' title='bbox 997 2474 1029 2504; x_wconf 93' lang='lat' dir='ltr'>in</span> 
     </span>
     <span class='ocr_line' id='line_1_59' title="bbox 157 2514 1027 2558; baseline -0.003 -9"><span class='ocrx_word' id='word_1_485' title='bbox 157 2516 241 2554; x_wconf 80' lang='lat' dir='ltr'>hoe,</span> <span class='ocrx_word' id='word_1_486' title='bbox 261 2517 324 2549; x_wconf 84' lang='lat' dir='ltr'>five</span> <span class='ocrx_word' id='word_1_487' title='bbox 350 2520 381 2550; x_wconf 92' lang='lat' dir='ltr'>in</span> <span class='ocrx_word' id='word_1_488' title='bbox 406 2519 465 2550; x_wconf 85' lang='lat' dir='ltr'>hac</span> <span class='ocrx_word' id='word_1_489' title='bbox 489 2517 613 2558; x_wconf 84' lang='lat' dir='ltr'>specie,</span> <span class='ocrx_word' id='word_1_490' title='bbox 635 2516 818 2557; x_wconf 85' lang='lat' dir='ltr'>simpliciter</span> <span class='ocrx_word' id='word_1_491' title='bbox 840 2524 935 2556; x_wconf 88' lang='lat' dir='ltr'>atque</span> <span class='ocrx_word' id='word_1_492' title='bbox 950 2514 1027 2546; x_wconf 90' lang='lat' dir='ltr'>indi-</span> 
     </span>
     <span class='ocr_line' id='line_1_60' title="bbox 157 2556 1028 2591; baseline -0.001 -3"><span class='ocrx_word' id='word_1_493' title='bbox 157 2556 269 2589; x_wconf 72' lang='lat' dir='ltr'>strnue</span> <span class='ocrx_word' id='word_1_494' title='bbox 285 2560 348 2590; x_wconf 83' lang='lat' dir='ltr'>dari</span> <span class='ocrx_word' id='word_1_495' title='bbox 367 2570 384 2591; x_wconf 91' lang='lat' dir='ltr'>a</span> <span class='ocrx_word' id='word_1_496' title='bbox 400 2559 552 2591; x_wconf 81' lang='lat' dir='ltr'>Praetore.</span> <span class='ocrx_word' id='word_1_497' title='bbox 587 2557 633 2589; x_wconf 87' lang='lat' dir='ltr'>est</span> <span class='ocrx_word' id='word_1_498' title='bbox 647 2559 733 2589; x_wconf 88' lang='lat' dir='ltr'>enirn</span> <span class='ocrx_word' id='word_1_499' title='bbox 749 2557 860 2589; x_wconf 84' lang='lat' dir='ltr'>Paulus</span> <span class='ocrx_word' id='word_1_500' title='bbox 876 2557 985 2588; x_wconf 66' lang='lat' dir='ltr'>austor</span> <span class='ocrx_word' id='word_1_501' title='bbox 999 2557 1028 2587; x_wconf 82' lang='grc' dir='ltr'>ιί.</span> 
     </span>
     <span class='ocr_line' id='line_1_61' title="bbox 157 2597 1030 2640; baseline -0.006 -7"><span class='ocrx_word' id='word_1_502' title='bbox 157 2598 178 2630; x_wconf 80' lang='lat' dir='ltr'>l·</span> <span class='ocrx_word' id='word_1_503' title='bbox 196 2609 225 2639; x_wconf 84' lang='lat'>5.</span> <span class='ocrx_word' id='word_1_504' title='bbox 245 2599 273 2640; x_wconf 58' lang='grc' dir='ltr'>ὃ.</span> <span class='ocrx_word' id='word_1_505' title='bbox 293 2611 330 2638; x_wconf 79' lang='lat'>2,</span> <span class='ocrx_word' id='word_1_506' title='bbox 352 2601 506 2640; x_wconf 80' lang='lat' dir='ltr'>julianum</span> <span class='ocrx_word' id='word_1_507' title='bbox 533 2599 703 2631; x_wconf 67' lang='lat' dir='ltr'>distinxisse</span> <span class='ocrx_word' id='word_1_508' title='bbox 727 2600 811 2630; x_wconf 89' lang='lat' dir='ltr'>inter</span> <span class='ocrx_word' id='word_1_509' title='bbox 827 2598 976 2630; x_wconf 85' lang='lat' dir='ltr'>scientem</span> <span class='ocrx_word' id='word_1_510' title='bbox 999 2597 1030 2628; x_wconf 87' lang='lat'>&amp;</span> 
     </span>
     <span class='ocr_line' id='line_1_62' title="bbox 158 2639 1031 2681; baseline -0.001 -10"><span class='ocrx_word' id='word_1_511' title='bbox 158 2640 378 2681; x_wconf 82' lang='lat' dir='ltr'>ignorantem:</span> <span class='ocrx_word' id='word_1_512' title='bbox 401 2651 438 2673; x_wconf 85' lang='lat' dir='ltr'>ac</span> <span class='ocrx_word' id='word_1_513' title='bbox 455 2642 473 2674; x_wconf 83' lang='lat' dir='ltr'>fi</span> <span class='ocrx_word' id='word_1_514' title='bbox 492 2642 591 2673; x_wconf 84' lang='lat' dir='ltr'>sciens</span> <span class='ocrx_word' id='word_1_515' title='bbox 607 2640 769 2672; x_wconf 88' lang='lat' dir='ltr'>dederim:</span> <span class='ocrx_word' id='word_1_516' title='bbox 792 2639 910 2678; x_wconf 82' lang='lat' dir='ltr'>fiviss&#39;e,</span> <span class='ocrx_word' id='word_1_517' title='bbox 933 2640 963 2670; x_wconf 93' lang='lat' dir='ltr'>in</span> <span class='ocrx_word' id='word_1_518' title='bbox 979 2647 1031 2671; x_wconf 88' lang='lat' dir='ltr'>me</span> 
     </span>
     <span class='ocr_line' id='line_1_63' title="bbox 159 2680 1030 2723; baseline 0 -12"><span class='ocrx_word' id='word_1_519' title='bbox 159 2681 224 2712; x_wconf 84' lang='lat' dir='ltr'>dari</span> <span class='ocrx_word' id='word_1_520' title='bbox 241 2680 397 2713; x_wconf 69' lang='lat' dir='ltr'>actionem</span> <span class='ocrx_word' id='word_1_521' title='bbox 414 2683 454 2714; x_wconf 87' lang='lat' dir='ltr'>de</span> <span class='ocrx_word' id='word_1_522' title='bbox 469 2683 567 2715; x_wconf 88' lang='lat' dir='ltr'>dolo:</span> <span class='ocrx_word' id='word_1_523' title='bbox 582 2682 603 2715; x_wconf 87' lang='lat' dir='ltr'>fi</span> <span class='ocrx_word' id='word_1_524' title='bbox 620 2683 787 2723; x_wconf 86' lang='lat' dir='ltr'>ignorans;</span> <span class='ocrx_word' id='word_1_525' title='bbox 804 2682 834 2712; x_wconf 91' lang='lat' dir='ltr'>in</span> <span class='ocrx_word' id='word_1_526' title='bbox 852 2681 971 2712; x_wconf 72' lang='lat' dir='ltr'>factum</span> <span class='ocrx_word' id='word_1_527' title='bbox 986 2680 1030 2711; x_wconf 89' lang='lat' dir='ltr'>ci-</span> 
     </span>
     <span class='ocr_line' id='line_1_64' title="bbox 158 2721 1030 2764; baseline 0 -12"><span class='ocrx_word' id='word_1_528' title='bbox 158 2722 264 2754; x_wconf 90' lang='lat' dir='ltr'>vilem.</span> <span class='ocrx_word' id='word_1_529' title='bbox 287 2722 351 2762; x_wconf 86' lang='lat' dir='ltr'>ipsa</span> <span class='ocrx_word' id='word_1_530' title='bbox 362 2723 447 2755; x_wconf 87' lang='lat' dir='ltr'>Pauli</span> <span class='ocrx_word' id='word_1_531' title='bbox 464 2725 560 2755; x_wconf 84' lang='lat' dir='ltr'>verba</span> <span class='ocrx_word' id='word_1_532' title='bbox 569 2723 710 2764; x_wconf 81' lang='lat' dir='ltr'>apposui.</span> <span class='ocrx_word' id='word_1_533' title='bbox 734 2721 818 2760; x_wconf 82' lang='lat' dir='ltr'>Sedfi</span> <span class='ocrx_word' id='word_1_534' title='bbox 832 2723 897 2753; x_wconf 83' lang='lat' dir='ltr'>dedi</span> <span class='ocrx_word' id='word_1_535' title='bbox 910 2723 963 2753; x_wconf 78' lang='lat' dir='ltr'>tibi</span> <span class='ocrx_word' id='word_1_536' title='bbox 977 2726 1030 2760; x_wconf 76' lang='lat' dir='ltr'>ler-</span> 
     </span>
     <span class='ocr_line' id='line_1_65' title="bbox 158 2761 1029 2803; baseline 0 -9"><span class='ocrx_word' id='word_1_537' title='bbox 158 2773 251 2802; x_wconf 85' lang='lat' dir='ltr'>vum,</span> <span class='ocrx_word' id='word_1_538' title='bbox 266 2770 299 2794; x_wconf 74' lang='lat' dir='ltr'>ut</span> <span class='ocrx_word' id='word_1_539' title='bbox 310 2765 429 2803; x_wconf 76' lang='lat' dir='ltr'>servum</span> <span class='ocrx_word' id='word_1_540' title='bbox 439 2771 518 2795; x_wconf 80' lang='lat' dir='ltr'>titum</span> <span class='ocrx_word' id='word_1_541' title='bbox 526 2767 757 2802; x_wconf 69' lang='lat' dir='ltr'>manumittens,</span> <span class='ocrx_word' id='word_1_542' title='bbox 776 2761 1009 2803; x_wconf 75' lang='lat' dir='ltr'>&amp;manumififti</span> <span class='ocrx_word' id='word_1_543' title='bbox 1019 2787 1029 2802; x_wconf 91' lang='lat'>,</span> 
     </span>
     <span class='ocr_line' id='line_1_66' title="bbox 160 2803 1028 2847; baseline -0.005 -8"><span class='ocrx_word' id='word_1_544' title='bbox 160 2803 197 2839; x_wconf 57' lang='grc' dir='ltr'>δ’</span> <span class='ocrx_word' id='word_1_545' title='bbox 205 2806 230 2836; x_wconf 88' lang='lat' dir='ltr'>is</span> <span class='ocrx_word' id='word_1_546' title='bbox 244 2814 326 2847; x_wconf 83' lang='lat' dir='ltr'>quem</span> <span class='ocrx_word' id='word_1_547' title='bbox 342 2805 425 2843; x_wconf 72' lang='lat' dir='ltr'>decli,</span> <span class='ocrx_word' id='word_1_548' title='bbox 440 2805 548 2836; x_wconf 52' lang='lat' dir='ltr'>evictus</span> <span class='ocrx_word' id='word_1_549' title='bbox 564 2805 619 2846; x_wconf 74' lang='lat' dir='ltr'>eli.-</span> <span class='ocrx_word' id='word_1_550' title='bbox 627 2805 657 2844; x_wconf 89' lang='lat' dir='ltr'><em>fi</em></span> <span class='ocrx_word' id='word_1_551' title='bbox 663 2807 759 2846; x_wconf 78' lang='lat' dir='ltr'>sciens</span> <span class='ocrx_word' id='word_1_552' title='bbox 775 2807 857 2843; x_wconf 78' lang='lat' dir='ltr'>dedi,</span> <span class='ocrx_word' id='word_1_553' title='bbox 873 2807 905 2836; x_wconf 80' lang='lat' dir='ltr'>de</span> <span class='ocrx_word' id='word_1_554' title='bbox 919 2805 980 2835; x_wconf 85' lang='lat' dir='ltr'>dolo</span> <span class='ocrx_word' id='word_1_555' title='bbox 996 2806 1028 2836; x_wconf 87' lang='lat' dir='ltr'>in</span> 
     </span>
     <span class='ocr_line' id='line_1_67' title="bbox 158 2844 1026 2888; baseline -0.001 -11"><span class='ocrx_word' id='word_1_556' title='bbox 158 2855 202 2877; x_wconf 85' lang='lat' dir='ltr'>me</span> <span class='ocrx_word' id='word_1_557' title='bbox 217 2847 344 2878; x_wconf 82' lang='lat' dir='ltr'>dandam</span> <span class='ocrx_word' id='word_1_558' title='bbox 359 2844 496 2877; x_wconf 64' lang='lat' dir='ltr'>altionem</span> <span class='ocrx_word' id='word_1_559' title='bbox 506 2868 515 2884; x_wconf 94' lang='lat'>,</span> <span class='ocrx_word' id='word_1_560' title='bbox 537 2847 682 2886; x_wconf 79' lang='lat' dir='ltr'>Julianus</span> <span class='ocrx_word' id='word_1_561' title='bbox 689 2848 809 2887; x_wconf 81' lang='lat' dir='ltr'>scribit3</span> <span class='ocrx_word' id='word_1_562' title='bbox 825 2846 854 2885; x_wconf 88' lang='lat' dir='ltr'><em>fi</em></span> <span class='ocrx_word' id='word_1_563' title='bbox 868 2849 1006 2888; x_wconf 78' lang='lat' dir='ltr'>ignorans</span> <span class='ocrx_word' id='word_1_564' title='bbox 1015 2869 1026 2885; x_wconf 94' lang='lat'>,</span> 
     </span>
     <span class='ocr_line' id='line_1_68' title="bbox 157 2885 1027 2928; baseline 0 -10"><span class='ocrx_word' id='word_1_565' title='bbox 157 2889 189 2918; x_wconf 84' lang='lat' dir='ltr'>in</span> <span class='ocrx_word' id='word_1_566' title='bbox 196 2887 314 2928; x_wconf 59' lang='lat' dir='ltr'>fusium</span> <span class='ocrx_word' id='word_1_567' title='bbox 329 2887 450 2918; x_wconf 83' lang='lat' dir='ltr'>civilem.</span> <span class='ocrx_word' id='word_1_568' title='bbox 474 2885 613 2918; x_wconf 73' lang='lat' dir='ltr'>Indicavi</span> <span class='ocrx_word' id='word_1_569' title='bbox 627 2888 846 2919; x_wconf 81' lang='lat' dir='ltr'>difficultatem</span> <span class='ocrx_word' id='word_1_570' title='bbox 857 2911 866 2926; x_wconf 88' lang='lat'>,</span> <span class='ocrx_word' id='word_1_571' title='bbox 883 2897 900 2918; x_wconf 87' lang='lat' dir='ltr'>a</span> <span class='ocrx_word' id='word_1_572' title='bbox 914 2887 1027 2919; x_wconf 89' lang='lat' dir='ltr'>nobili-</span> 
     </span>
     <span class='ocr_line' id='line_1_69' title="bbox 158 2927 1028 2969; baseline 0 -9"><span class='ocrx_word' id='word_1_573' title='bbox 158 2929 217 2960; x_wconf 87' lang='lat' dir='ltr'>bus</span> <span class='ocrx_word' id='word_1_574' title='bbox 238 2929 315 2969; x_wconf 83' lang='lat' dir='ltr'>juris</span> <span class='ocrx_word' id='word_1_575' title='bbox 338 2928 564 2968; x_wconf 75' lang='lat' dir='ltr'>interpretibus</span> <span class='ocrx_word' id='word_1_576' title='bbox 587 2927 665 2968; x_wconf 86' lang='lat' dir='ltr'>saepe</span> <span class='ocrx_word' id='word_1_577' title='bbox 681 2937 854 2968; x_wconf 85' lang='lat' dir='ltr'>tentatam,</span> <span class='ocrx_word' id='word_1_578' title='bbox 876 2936 907 2960; x_wconf 92' lang='lat' dir='ltr'>at</span> <span class='ocrx_word' id='word_1_579' title='bbox 925 2938 942 2960; x_wconf 90' lang='lat' dir='ltr'>a</span> <span class='ocrx_word' id='word_1_580' title='bbox 962 2929 1028 2960; x_wconf 90' lang='lat' dir='ltr'>nul-</span> 
     </span>
     <span class='ocr_line' id='line_1_70' title="bbox 157 2968 1028 3011; baseline -0.002 -9"><span class='ocrx_word' id='word_1_581' title='bbox 157 2970 192 3002; x_wconf 92' lang='lat' dir='ltr'>lo</span> <span class='ocrx_word' id='word_1_582' title='bbox 206 2992 216 3008; x_wconf 90' lang='lat'>,</span> <span class='ocrx_word' id='word_1_583' title='bbox 239 2977 393 3010; x_wconf 87' lang='lat' dir='ltr'>quantum</span> <span class='ocrx_word' id='word_1_584' title='bbox 409 2968 582 3007; x_wconf 87' lang='lat' dir='ltr'>recordor,</span> <span class='ocrx_word' id='word_1_585' title='bbox 604 2968 788 3009; x_wconf 81' lang='lat' dir='ltr'>superatam.</span> <span class='ocrx_word' id='word_1_586' title='bbox 818 2969 916 3001; x_wconf 86' lang='lat' dir='ltr'>fuerit</span> <span class='ocrx_word' id='word_1_587' title='bbox 932 2970 1028 3011; x_wconf 85' lang='lat' dir='ltr'>igitur</span> 
     </span>
     <span class='ocr_line' id='line_1_71' title="bbox 158 3010 1028 3052; baseline 0 -10"><span class='ocrx_word' id='word_1_588' title='bbox 158 3012 298 3052; x_wconf 90' lang='lat' dir='ltr'>pretium</span> <span class='ocrx_word' id='word_1_589' title='bbox 315 3019 443 3052; x_wconf 81' lang='lat' dir='ltr'>operae,</span> <span class='ocrx_word' id='word_1_590' title='bbox 466 3010 620 3049; x_wconf 88' lang='lat' dir='ltr'>experiri,</span> <span class='ocrx_word' id='word_1_591' title='bbox 644 3011 719 3049; x_wconf 84' lang='lat' dir='ltr'>quid</span> <span class='ocrx_word' id='word_1_592' title='bbox 743 3012 899 3042; x_wconf 84' lang='lat' dir='ltr'>extricare</span> <span class='ocrx_word' id='word_1_593' title='bbox 923 3011 1028 3042; x_wconf 75' lang='lat' dir='ltr'>nostra</span> 
     </span>
     <span class='ocr_line' id='line_1_72' title="bbox 159 3050 1028 3092; baseline -0.001 -8"><span class='ocrx_word' id='word_1_594' title='bbox 159 3053 253 3092; x_wconf 78' lang='lat' dir='ltr'>possit</span> <span class='ocrx_word' id='word_1_595' title='bbox 268 3053 491 3088; x_wconf 84' lang='lat' dir='ltr'>mediocritas,</span> <span class='ocrx_word' id='word_1_596' title='bbox 511 3050 605 3082; x_wconf 90' lang='lat' dir='ltr'>facile</span> <span class='ocrx_word' id='word_1_597' title='bbox 621 3051 744 3081; x_wconf 85' lang='lat' dir='ltr'>veniam</span> <span class='ocrx_word' id='word_1_598' title='bbox 761 3053 983 3092; x_wconf 85' lang='lat' dir='ltr'>impetratura,</span> <span class='ocrx_word' id='word_1_599' title='bbox 1007 3051 1028 3083; x_wconf 82' lang='lat' dir='ltr'><strong>fi</strong></span> 
     </span>
     <span class='ocr_line' id='line_1_73' title="bbox 158 3090 1026 3133; baseline -0.002 -8"><span class='ocrx_word' id='word_1_600' title='bbox 158 3103 220 3125; x_wconf 88' lang='lat' dir='ltr'>nec</span> <span class='ocrx_word' id='word_1_601' title='bbox 236 3095 312 3126; x_wconf 88' lang='lat' dir='ltr'>mihi</span> <span class='ocrx_word' id='word_1_602' title='bbox 328 3094 462 3126; x_wconf 85' lang='lat' dir='ltr'>omnino</span> <span class='ocrx_word' id='word_1_603' title='bbox 477 3091 584 3123; x_wconf 80' lang='lat' dir='ltr'>faveat</span> <span class='ocrx_word' id='word_1_604' title='bbox 605 3090 733 3121; x_wconf 84' lang='lat' dir='ltr'>fortuna</span> <span class='ocrx_word' id='word_1_605' title='bbox 755 3092 786 3122; x_wconf 92' lang='lat' dir='ltr'>in</span> <span class='ocrx_word' id='word_1_606' title='bbox 803 3102 836 3122; x_wconf 90' lang='lat' dir='ltr'>re</span> <span class='ocrx_word' id='word_1_607' title='bbox 854 3093 1026 3133; x_wconf 87' lang='lat' dir='ltr'>desperata.</span> 
     </span>
     <span class='ocr_line' id='line_1_74' title="bbox 158 3132 1026 3177; baseline -0.008 -7"><span class='ocrx_word' id='word_1_608' title='bbox 158 3138 298 3170; x_wconf 83' lang='lat' dir='ltr'>Primum</span> <span class='ocrx_word' id='word_1_609' title='bbox 314 3144 419 3177; x_wconf 87' lang='lat' dir='ltr'>petam</span> <span class='ocrx_word' id='word_1_610' title='bbox 432 3157 442 3174; x_wconf 96' lang='lat'>,</span> <span class='ocrx_word' id='word_1_611' title='bbox 465 3133 542 3166; x_wconf 83' lang='lat' dir='ltr'>mihi</span> <span class='ocrx_word' id='word_1_612' title='bbox 557 3132 713 3167; x_wconf 81' lang='lat' dir='ltr'>concedi;</span> <span class='ocrx_word' id='word_1_613' title='bbox 736 3141 776 3162; x_wconf 92' lang='lat' dir='ltr'>ne</span> <span class='ocrx_word' id='word_1_614' title='bbox 792 3140 899 3171; x_wconf 83' lang='lat' dir='ltr'>putem</span> <span class='ocrx_word' id='word_1_615' title='bbox 910 3157 919 3171; x_wconf 91' lang='lat'>,</span> <span class='ocrx_word' id='word_1_616' title='bbox 935 3134 1026 3166; x_wconf 83' lang='lat' dir='ltr'>fuiffe</span> 
     </span>
     <span class='ocr_line' id='line_1_75' title="bbox 159 3171 1025 3223; baseline -0.009 -10"><span class='ocrx_word' id='word_1_617' title='bbox 159 3181 316 3223; x_wconf 72' lang='lat' dir='ltr'>Iulianum</span> <span class='ocrx_word' id='word_1_618' title='bbox 342 3186 360 3208; x_wconf 82' lang='lat' dir='ltr'>a</span> <span class='ocrx_word' id='word_1_619' title='bbox 384 3175 592 3208; x_wconf 49' lang='lat' dir='ltr'>Mauriciano*</span> <span class='ocrx_word' id='word_1_620' title='bbox 609 3171 855 3214; x_wconf 80' lang='lat' dir='ltr'>reprehensum:</span> <span class='ocrx_word' id='word_1_621' title='bbox 878 3182 918 3205; x_wconf 87' lang='lat' dir='ltr'>eo</span> <span class='ocrx_word' id='word_1_622' title='bbox 935 3175 1025 3214; x_wconf 71' lang='lat' dir='ltr'>quod</span> 
     </span>
    </p>
   </div>
   <div class='ocr_carea' id='block_1_2' title="bbox 1079 69 1370 108">
    <p class='ocr_par' dir='ltr' id='par_1_5' title="bbox 1079 69 1370 108">
     <span class='ocr_line' id='line_1_76' title="bbox 1079 69 1370 108; baseline -0.007 0"><span class='ocrx_word' id='word_1_623' title='bbox 1079 83 1092 108; x_wconf 73' lang='lat' dir='ltr'>1v</span> <span class='ocrx_word' id='word_1_624' title='bbox 1139 69 1370 106; x_wconf 71' lang='lat' dir='ltr'>Noonr</span> 
     </span>
    </p>
   </div>
   <div class='ocr_carea' id='block_1_3' title="bbox 1089 159 1966 692">
    <p class='ocr_par' dir='ltr' id='par_1_6' title="bbox 1089 159 1966 692">
     <span class='ocr_line' id='line_1_77' title="bbox 1089 159 1957 199; baseline 0.01 -9"><span class='ocrx_word' id='word_1_625' title='bbox 1089 159 1246 198; x_wconf 86' lang='lat' dir='ltr'>voluerit,</span> <span class='ocrx_word' id='word_1_626' title='bbox 1261 169 1278 191; x_wconf 85' lang='lat' dir='ltr'>a</span> <span class='ocrx_word' id='word_1_627' title='bbox 1294 160 1434 192; x_wconf 85' lang='lat' dir='ltr'>Praetore</span> <span class='ocrx_word' id='word_1_628' title='bbox 1451 160 1514 192; x_wconf 82' lang='lat' dir='ltr'>dari</span> <span class='ocrx_word' id='word_1_629' title='bbox 1531 161 1688 193; x_wconf 64' lang='lat' dir='ltr'>aulonem</span> <span class='ocrx_word' id='word_1_630' title='bbox 1703 162 1734 194; x_wconf 91' lang='lat' dir='ltr'>in</span> <span class='ocrx_word' id='word_1_631' title='bbox 1750 162 1866 198; x_wconf 71' lang='lat' dir='ltr'>factum</span> <span class='ocrx_word' id='word_1_632' title='bbox 1883 167 1957 199; x_wconf 71' lang='lat' dir='ltr'>ciui-</span> 
     </span>
     <span class='ocr_line' id='line_1_78' title="bbox 1089 201 1960 247; baseline 0.01 -16"><span class='ocrx_word' id='word_1_633' title='bbox 1089 201 1171 232; x_wconf 87' lang='lat' dir='ltr'>lem:</span> <span class='ocrx_word' id='word_1_634' title='bbox 1184 210 1373 242; x_wconf 85' lang='lat' dir='ltr'>quamquam</span> <span class='ocrx_word' id='word_1_635' title='bbox 1390 203 1515 234; x_wconf 88' lang='lat' dir='ltr'>videtur</span> <span class='ocrx_word' id='word_1_636' title='bbox 1531 203 1561 233; x_wconf 89' lang='lat' dir='ltr'>id</span> <span class='ocrx_word' id='word_1_637' title='bbox 1580 204 1676 242; x_wconf 85' lang='lat' dir='ltr'>prima</span> <span class='ocrx_word' id='word_1_638' title='bbox 1691 203 1773 235; x_wconf 77' lang='lat' dir='ltr'>facie</span> <span class='ocrx_word' id='word_1_639' title='bbox 1787 206 1960 247; x_wconf 75' lang='lat' dir='ltr'>significare</span> 
     </span>
     <span class='ocr_line' id='line_1_79' title="bbox 1091 239 1966 286; baseline 0.01 -14"><span class='ocrx_word' id='word_1_640' title='bbox 1091 239 1244 281; x_wconf 83' lang='lat' dir='ltr'>Ulpianus</span> <span class='ocrx_word' id='word_1_641' title='bbox 1261 244 1288 273; x_wconf 78' lang='lat' dir='ltr'>a.</span> <span class='ocrx_word' id='word_1_642' title='bbox 1306 242 1325 274; x_wconf 88' lang='lat' dir='ltr'>l.</span> <span class='ocrx_word' id='word_1_643' title='bbox 1344 252 1370 283; x_wconf 81' lang='lat'>7.</span> <span class='ocrx_word' id='word_1_644' title='bbox 1389 243 1418 285; x_wconf 88' lang='lat'>§.</span> <span class='ocrx_word' id='word_1_645' title='bbox 1436 253 1464 275; x_wconf 82' lang='lat'>2.</span> <span class='ocrx_word' id='word_1_646' title='bbox 1485 253 1554 275; x_wconf 87' lang='lat' dir='ltr'>nani</span> <span class='ocrx_word' id='word_1_647' title='bbox 1573 253 1638 275; x_wconf 85' lang='lat' dir='ltr'>turn</span> <span class='ocrx_word' id='word_1_648' title='bbox 1656 245 1736 276; x_wconf 90' lang='lat' dir='ltr'>male</span> <span class='ocrx_word' id='word_1_649' title='bbox 1755 248 1966 286; x_wconf 74' lang='lat' dir='ltr'>reprehensus</span> 
     </span>
     <span class='ocr_line' id='line_1_80' title="bbox 1091 281 1960 324; baseline 0.009 -11"><span class='ocrx_word' id='word_1_650' title='bbox 1091 281 1186 314; x_wconf 79' lang='lat' dir='ltr'>eiset:</span> <span class='ocrx_word' id='word_1_651' title='bbox 1210 284 1329 324; x_wconf 86' lang='lat' dir='ltr'>quippe</span> <span class='ocrx_word' id='word_1_652' title='bbox 1353 293 1425 316; x_wconf 88' lang='lat' dir='ltr'>cum</span> <span class='ocrx_word' id='word_1_653' title='bbox 1443 285 1545 316; x_wconf 85' lang='lat' dir='ltr'>civilis</span> <span class='ocrx_word' id='word_1_654' title='bbox 1563 286 1593 316; x_wconf 89' lang='lat' dir='ltr'>in</span> <span class='ocrx_word' id='word_1_655' title='bbox 1609 284 1726 317; x_wconf 73' lang='lat' dir='ltr'>factum</span> <span class='ocrx_word' id='word_1_656' title='bbox 1744 287 1825 318; x_wconf 61' lang='lat' dir='ltr'>aetio</span> <span class='ocrx_word' id='word_1_657' title='bbox 1843 298 1907 320; x_wconf 91' lang='lat' dir='ltr'>non</span> <span class='ocrx_word' id='word_1_658' title='bbox 1923 290 1960 321; x_wconf 89' lang='lat' dir='ltr'>sit</span> 
     </span>
     <span class='ocr_line' id='line_1_81' title="bbox 1091 323 1958 370; baseline 0.008 -16"><span class='ocrx_word' id='word_1_659' title='bbox 1091 323 1171 362; x_wconf 83' lang='lat' dir='ltr'>alia,</span> <span class='ocrx_word' id='word_1_660' title='bbox 1195 333 1290 364; x_wconf 84' lang='lat' dir='ltr'>quam</span> <span class='ocrx_word' id='word_1_661' title='bbox 1314 324 1503 357; x_wconf 86' lang='lat' dir='ltr'>Mauriciani</span> <span class='ocrx_word' id='word_1_662' title='bbox 1527 325 1611 358; x_wconf 71' lang='lat' dir='ltr'>aeuo</span> <span class='ocrx_word' id='word_1_663' title='bbox 1633 327 1746 359; x_wconf 88' lang='lat' dir='ltr'>incerti</span> <span class='ocrx_word' id='word_1_664' title='bbox 1772 327 1958 370; x_wconf 81' lang='lat' dir='ltr'>praescriptis</span> 
     </span>
     <span class='ocr_line' id='line_1_82' title="bbox 1093 363 1958 408; baseline 0.01 -14"><span class='ocrx_word' id='word_1_665' title='bbox 1093 363 1209 396; x_wconf 87' lang='lat' dir='ltr'>verbis.</span> <span class='ocrx_word' id='word_1_666' title='bbox 1253 365 1330 397; x_wconf 87' lang='lat' dir='ltr'>Non</span> <span class='ocrx_word' id='word_1_667' title='bbox 1360 368 1457 407; x_wconf 84' lang='lat' dir='ltr'>magis</span> <span class='ocrx_word' id='word_1_668' title='bbox 1489 366 1695 407; x_wconf 79' lang='lat' dir='ltr'>reprehensus</span> <span class='ocrx_word' id='word_1_669' title='bbox 1718 367 1778 399; x_wconf 85' lang='lat' dir='ltr'>fuit</span> <span class='ocrx_word' id='word_1_670' title='bbox 1801 368 1958 408; x_wconf 79' lang='lat' dir='ltr'>Julianus:</span> 
     </span>
     <span class='ocr_line' id='line_1_83' title="bbox 1092 406 1960 446; baseline 0.009 -11"><span class='ocrx_word' id='word_1_671' title='bbox 1092 407 1180 445; x_wconf 86' lang='lat' dir='ltr'>quod</span> <span class='ocrx_word' id='word_1_672' title='bbox 1199 406 1355 446; x_wconf 89' lang='lat' dir='ltr'>voluerit,</span> <span class='ocrx_word' id='word_1_673' title='bbox 1379 407 1409 440; x_wconf 91' lang='lat' dir='ltr'>in</span> <span class='ocrx_word' id='word_1_674' title='bbox 1427 407 1595 440; x_wconf 73' lang='lat' dir='ltr'>subsidium</span> <span class='ocrx_word' id='word_1_675' title='bbox 1611 410 1674 440; x_wconf 81' lang='lat' dir='ltr'>dari</span> <span class='ocrx_word' id='word_1_676' title='bbox 1692 409 1849 444; x_wconf 70' lang='lat' dir='ltr'>actione-m</span> <span class='ocrx_word' id='word_1_677' title='bbox 1867 412 1897 442; x_wconf 91' lang='lat' dir='ltr'>in</span> <span class='ocrx_word' id='word_1_678' title='bbox 1914 412 1960 443; x_wconf 87' lang='lat' dir='ltr'>fa-</span> 
     </span>
     <span class='ocr_line' id='line_1_84' title="bbox 1093 446 1958 491; baseline 0.009 -14"><span class='ocrx_word' id='word_1_679' title='bbox 1093 447 1176 477; x_wconf 70' lang='lat' dir='ltr'>cium</span> <span class='ocrx_word' id='word_1_680' title='bbox 1194 446 1388 480; x_wconf 85' lang='lat' dir='ltr'>Praetoriam.</span> <span class='ocrx_word' id='word_1_681' title='bbox 1412 458 1483 481; x_wconf 86' lang='lat' dir='ltr'>nam</span> <span class='ocrx_word' id='word_1_682' title='bbox 1501 450 1530 481; x_wconf 86' lang='lat' dir='ltr'>id</span> <span class='ocrx_word' id='word_1_683' title='bbox 1548 451 1648 491; x_wconf 87' lang='lat' dir='ltr'>palam</span> <span class='ocrx_word' id='word_1_684' title='bbox 1665 450 1783 482; x_wconf 82' lang='lat' dir='ltr'>refellit</span> <span class='ocrx_word' id='word_1_685' title='bbox 1801 451 1912 485; x_wconf 85' lang='lat' dir='ltr'>Paulus</span> <span class='ocrx_word' id='word_1_686' title='bbox 1929 455 1958 486; x_wconf 78' lang='lat' dir='ltr'>d.</span> 
     </span>
     <span class='ocr_line' id='line_1_85' title="bbox 1090 487 1958 534; baseline 0.009 -17"><span class='ocrx_word' id='word_1_687' title='bbox 1090 487 1107 517; x_wconf 86' lang='lat' dir='ltr'>l.</span> <span class='ocrx_word' id='word_1_688' title='bbox 1125 498 1156 533; x_wconf 36' lang='lat'>5..</span> <span class='ocrx_word' id='word_1_689' title='bbox 1171 487 1199 528; x_wconf 86' lang='lat'>§.</span> <span class='ocrx_word' id='word_1_690' title='bbox 1217 498 1247 520; x_wconf 88' lang='lat'>2.</span> <span class='ocrx_word' id='word_1_691' title='bbox 1293 489 1381 530; x_wconf 86' lang='lat' dir='ltr'>Quid</span> <span class='ocrx_word' id='word_1_692' title='bbox 1403 500 1481 532; x_wconf 84' lang='lat' dir='ltr'>ergo</span> <span class='ocrx_word' id='word_1_693' title='bbox 1499 491 1570 523; x_wconf 78' lang='lat' dir='ltr'>est?</span> <span class='ocrx_word' id='word_1_694' title='bbox 1594 501 1655 532; x_wconf 84' lang='lat' dir='ltr'>ego</span> <span class='ocrx_word' id='word_1_695' title='bbox 1674 493 1751 523; x_wconf 85' lang='lat' dir='ltr'>milii</span> <span class='ocrx_word' id='word_1_696' title='bbox 1768 493 1958 534; x_wconf 80' lang='lat' dir='ltr'>persuadeo,</span> 
     </span>
     <span class='ocr_line' id='line_1_86' title="bbox 1090 528 1959 573; baseline 0.009 -15"><span class='ocrx_word' id='word_1_697' title='bbox 1090 528 1247 567; x_wconf 81' lang='lat' dir='ltr'>Julianum</span> <span class='ocrx_word' id='word_1_698' title='bbox 1269 529 1361 562; x_wconf 79' lang='lat' dir='ltr'>fuilse</span> <span class='ocrx_word' id='word_1_699' title='bbox 1383 541 1399 562; x_wconf 91' lang='grc'>3</span> <span class='ocrx_word' id='word_1_700' title='bbox 1419 533 1618 564; x_wconf 78' lang='lat' dir='ltr'>Mauriciano</span> <span class='ocrx_word' id='word_1_701' title='bbox 1646 535 1766 564; x_wconf 84' lang='lat' dir='ltr'>idcirco</span> <span class='ocrx_word' id='word_1_702' title='bbox 1789 535 1959 573; x_wconf 86' lang='lat' dir='ltr'>reprehen-</span> 
     </span>
     <span class='ocr_line' id='line_1_87' title="bbox 1091 568 1958 616; baseline 0.009 -17"><span class='ocrx_word' id='word_1_703' title='bbox 1091 568 1173 601; x_wconf 89' lang='lat' dir='ltr'>sum:</span> <span class='ocrx_word' id='word_1_704' title='bbox 1197 572 1286 609; x_wconf 87' lang='lat' dir='ltr'>quod</span> <span class='ocrx_word' id='word_1_705' title='bbox 1303 572 1428 612; x_wconf 89' lang='lat' dir='ltr'>voluit,</span> <span class='ocrx_word' id='word_1_706' title='bbox 1444 583 1460 604; x_wconf 87' lang='lat' dir='ltr'>a</span> <span class='ocrx_word' id='word_1_707' title='bbox 1479 574 1620 605; x_wconf 83' lang='lat' dir='ltr'>Praetore</span> <span class='ocrx_word' id='word_1_708' title='bbox 1637 584 1675 605; x_wconf 84' lang='lat' dir='ltr'>ex</span> <span class='ocrx_word' id='word_1_709' title='bbox 1696 574 1804 613; x_wconf 80' lang='lat' dir='ltr'>causa,</span> <span class='ocrx_word' id='word_1_710' title='bbox 1821 575 1885 607; x_wconf 81' lang='lat' dir='ltr'>sive</span> <span class='ocrx_word' id='word_1_711' title='bbox 1900 585 1958 616; x_wconf 88' lang='lat' dir='ltr'>pro</span> 
     </span>
     <span class='ocr_line' id='line_1_88' title="bbox 1091 613 1959 656; baseline 0.009 -14"><span class='ocrx_word' id='word_1_712' title='bbox 1091 619 1123 642; x_wconf 88' lang='lat' dir='ltr'>re</span> <span class='ocrx_word' id='word_1_713' title='bbox 1139 619 1229 649; x_wconf 87' lang='lat' dir='ltr'>nata,</span> <span class='ocrx_word' id='word_1_714' title='bbox 1245 613 1309 643; x_wconf 87' lang='lat' dir='ltr'>dari</span> <span class='ocrx_word' id='word_1_715' title='bbox 1320 613 1477 646; x_wconf 63' lang='lat' dir='ltr'>atilionem</span> <span class='ocrx_word' id='word_1_716' title='bbox 1495 625 1546 647; x_wconf 91' lang='lat' dir='ltr'>aut</span> <span class='ocrx_word' id='word_1_717' title='bbox 1565 617 1594 647; x_wconf 87' lang='lat' dir='ltr'>in</span> <span class='ocrx_word' id='word_1_718' title='bbox 1611 615 1728 648; x_wconf 71' lang='lat' dir='ltr'>factum</span> <span class='ocrx_word' id='word_1_719' title='bbox 1744 617 1891 656; x_wconf 87' lang='lat' dir='ltr'>civilem,</span> <span class='ocrx_word' id='word_1_720' title='bbox 1907 625 1959 650; x_wconf 80' lang='lat' dir='ltr'>aut</span> 
     </span>
     <span class='ocr_line' id='line_1_89' title="bbox 1091 652 1960 692; baseline 0.009 -10"><span class='ocrx_word' id='word_1_721' title='bbox 1091 652 1130 683; x_wconf 91' lang='lat' dir='ltr'>de</span> <span class='ocrx_word' id='word_1_722' title='bbox 1147 652 1244 683; x_wconf 88' lang='lat' dir='ltr'>dolo:</span> <span class='ocrx_word' id='word_1_723' title='bbox 1262 661 1357 692; x_wconf 89' lang='lat' dir='ltr'>prout</span> <span class='ocrx_word' id='word_1_724' title='bbox 1371 657 1490 687; x_wconf 87' lang='lat' dir='ltr'>alienus</span> <span class='ocrx_word' id='word_1_725' title='bbox 1508 657 1612 687; x_wconf 79' lang='lat' dir='ltr'>servus</span> <span class='ocrx_word' id='word_1_726' title='bbox 1629 656 1667 687; x_wconf 83' lang='lat' dir='ltr'>fit</span> <span class='ocrx_word' id='word_1_727' title='bbox 1681 667 1696 688; x_wconf 91' lang='lat' dir='ltr'>a</span> <span class='ocrx_word' id='word_1_728' title='bbox 1715 657 1832 689; x_wconf 84' lang='lat' dir='ltr'>sciente</span> <span class='ocrx_word' id='word_1_729' title='bbox 1852 668 1903 690; x_wconf 84' lang='lat' dir='ltr'>aut</span> <span class='ocrx_word' id='word_1_730' title='bbox 1921 661 1960 690; x_wconf 88' lang='lat' dir='ltr'>ab</span> 
     </span>
    </p>
   </div>
   <div class='ocr_carea' id='block_1_4' title="bbox 1090 693 1985 739">
    <p class='ocr_par' dir='ltr' id='par_1_7' title="bbox 1090 693 1985 739">
     <span class='ocr_line' id='line_1_90' title="bbox 1090 693 1985 739; baseline 0.01 -16"><span class='ocrx_word' id='word_1_731' title='bbox 1090 693 1258 734; x_wconf 85' lang='lat' dir='ltr'>ignorante</span> <span class='ocrx_word' id='word_1_732' title='bbox 1269 695 1375 727; x_wconf 90' lang='lat' dir='ltr'>datus:</span> <span class='ocrx_word' id='word_1_733' title='bbox 1392 696 1507 728; x_wconf 84' lang='lat' dir='ltr'>&amp;ideo</span> <span class='ocrx_word' id='word_1_734' title='bbox 1524 697 1690 738; x_wconf 84' lang='lat' dir='ltr'>suspicatus</span> <span class='ocrx_word' id='word_1_735' title='bbox 1707 700 1876 739; x_wconf 73' lang='lat' dir='ltr'>aliquando</span> <span class='ocrx_word' id='word_1_736' title='bbox 1895 699 1959 738; x_wconf 85' lang='lat' dir='ltr'>fui,</span> <span class='ocrx_word' id='word_1_737' title='bbox 1982 733 1985 737; x_wconf 79' lang='grc'>,</span> 
     </span>
    </p>
   </div>
   <div class='ocr_carea' id='block_1_5' title="bbox 1080 733 1962 1152">
    <p class='ocr_par' dir='ltr' id='par_1_8' title="bbox 1080 733 1962 1152">
     <span class='ocr_line' id='line_1_91' title="bbox 1090 733 1960 782; baseline 0.01 -18"><span class='ocrx_word' id='word_1_738' title='bbox 1090 735 1174 781; x_wconf 80' lang='lat' dir='ltr'>apud</span> <span class='ocrx_word' id='word_1_739' title='bbox 1192 733 1363 775; x_wconf 86' lang='lat' dir='ltr'>Ulpianum</span> <span class='ocrx_word' id='word_1_740' title='bbox 1378 739 1406 782; x_wconf 68' lang='lat' dir='ltr'>tl.</span> <span class='ocrx_word' id='word_1_741' title='bbox 1424 738 1443 769; x_wconf 92' lang='lat' dir='ltr'>l.</span> <span class='ocrx_word' id='word_1_742' title='bbox 1463 747 1489 779; x_wconf 83' lang='lat'>7.</span> <span class='ocrx_word' id='word_1_743' title='bbox 1510 739 1570 781; x_wconf 82' lang='lat'>§.2</span> <span class='ocrx_word' id='word_1_744' title='bbox 1583 763 1592 777; x_wconf 87' lang='lat'>‚</span> <span class='ocrx_word' id='word_1_745' title='bbox 1610 749 1673 770; x_wconf 92' lang='lat' dir='ltr'>non</span> <span class='ocrx_word' id='word_1_746' title='bbox 1690 739 1752 771; x_wconf 80' lang='lat' dir='ltr'>effe</span> <span class='ocrx_word' id='word_1_747' title='bbox 1772 741 1960 782; x_wconf 83' lang='lat' dir='ltr'>legendum,</span> 
     </span>
     <span class='ocr_line' id='line_1_92' title="bbox 1089 775 1962 816; baseline 0.01 -11"><span class='ocrx_word' id='word_1_748' title='bbox 1089 775 1233 816; x_wconf 75' lang='lat' dir='ltr'>Julianus</span> <span class='ocrx_word' id='word_1_749' title='bbox 1242 778 1344 815; x_wconf 78' lang='lat' dir='ltr'>scribit</span> <span class='ocrx_word' id='word_1_750' title='bbox 1355 801 1364 816; x_wconf 93' lang='lat'>,</span> <span class='ocrx_word' id='word_1_751' title='bbox 1381 788 1411 809; x_wconf 91' lang='lat' dir='ltr'>in</span> <span class='ocrx_word' id='word_1_752' title='bbox 1429 779 1545 811; x_wconf 69' lang='lat' dir='ltr'>fac-,tum</span> <span class='ocrx_word' id='word_1_753' title='bbox 1564 780 1701 812; x_wconf 69' lang='lat' dir='ltr'>afflonem</span> <span class='ocrx_word' id='word_1_754' title='bbox 1718 791 1736 811; x_wconf 82' lang='lat' dir='ltr'>a</span> <span class='ocrx_word' id='word_1_755' title='bbox 1749 782 1873 813; x_wconf 80' lang='lat' dir='ltr'>Prcetore</span> <span class='ocrx_word' id='word_1_756' title='bbox 1890 785 1962 814; x_wconf 76' lang='lat' dir='ltr'>dan-</span> 
     </span>
     <span class='ocr_line' id='line_1_93' title="bbox 1089 817 1961 861; baseline 0.01 -14"><span class='ocrx_word' id='word_1_757' title='bbox 1089 820 1174 848; x_wconf 77' lang='lat' dir='ltr'>dum:</span> <span class='ocrx_word' id='word_1_758' title='bbox 1196 817 1268 856; x_wconf 86' lang='lat' dir='ltr'>sed,</span> <span class='ocrx_word' id='word_1_759' title='bbox 1291 818 1431 859; x_wconf 81' lang='lat' dir='ltr'>Julianus</span> <span class='ocrx_word' id='word_1_760' title='bbox 1446 822 1552 861; x_wconf 81' lang='lat' dir='ltr'>scribit</span> <span class='ocrx_word' id='word_1_761' title='bbox 1570 845 1579 860; x_wconf 94' lang='lat'>,</span> <span class='ocrx_word' id='word_1_762' title='bbox 1604 831 1645 853; x_wconf 76' lang='lat' dir='ltr'>ex</span> <span class='ocrx_word' id='word_1_763' title='bbox 1667 822 1755 853; x_wconf 65' lang='lat' dir='ltr'>fufio</span> <span class='ocrx_word' id='word_1_764' title='bbox 1781 822 1920 854; x_wconf 65' lang='lat' dir='ltr'>astionem</span> <span class='ocrx_word' id='word_1_765' title='bbox 1942 835 1961 856; x_wconf 78' lang='grc' dir='ltr'>ιι</span> 
     </span>
     <span class='ocr_line' id='line_1_94' title="bbox 1091 858 1959 904; baseline 0.006 -14"><span class='ocrx_word' id='word_1_766' title='bbox 1091 858 1218 890; x_wconf 79' lang='lat' dir='ltr'>Praetore</span> <span class='ocrx_word' id='word_1_767' title='bbox 1239 862 1383 892; x_wconf 71' lang='lat' dir='ltr'>dandam:</span> <span class='ocrx_word' id='word_1_768' title='bbox 1408 863 1478 899; x_wconf 90' lang='lat' dir='ltr'>vel,</span> <span class='ocrx_word' id='word_1_769' title='bbox 1500 862 1521 893; x_wconf 88' lang='lat' dir='ltr'>fi</span> <span class='ocrx_word' id='word_1_770' title='bbox 1541 865 1659 901; x_wconf 82' lang='lat' dir='ltr'>mavis,</span> <span class='ocrx_word' id='word_1_771' title='bbox 1683 864 1959 904; x_wconf 64' lang='lat' dir='ltr'>Julirrnuss&#39;crz‘bit,</span> 
     </span>
     <span class='ocr_line' id='line_1_95' title="bbox 1090 898 1961 946; baseline 0.008 -16"><span class='ocrx_word' id='word_1_772' title='bbox 1090 900 1122 931; x_wconf 89' lang='lat' dir='ltr'>in</span> <span class='ocrx_word' id='word_1_773' title='bbox 1140 898 1226 931; x_wconf 73' lang='lat' dir='ltr'>fatto</span> <span class='ocrx_word' id='word_1_774' title='bbox 1243 900 1380 933; x_wconf 63' lang='lat' dir='ltr'>astionem</span> <span class='ocrx_word' id='word_1_775' title='bbox 1396 912 1414 934; x_wconf 87' lang='lat' dir='ltr'>a</span> <span class='ocrx_word' id='word_1_776' title='bbox 1432 903 1554 935; x_wconf 78' lang='lat' dir='ltr'>Praetore</span> <span class='ocrx_word' id='word_1_777' title='bbox 1576 905 1713 935; x_wconf 74' lang='lat' dir='ltr'>dandam.</span> <span class='ocrx_word' id='word_1_778' title='bbox 1738 906 1825 945; x_wconf 86' lang='lat' dir='ltr'>quod</span> <span class='ocrx_word' id='word_1_779' title='bbox 1842 905 1869 936; x_wconf 69' lang='grc' dir='ltr'>ὅ(</span> <span class='ocrx_word' id='word_1_780' title='bbox 1889 915 1961 946; x_wconf 88' lang='lat' dir='ltr'>pro-</span> 
     </span>
     <span class='ocr_line' id='line_1_96' title="bbox 1090 941 1958 984; baseline 0.009 -13"><span class='ocrx_word' id='word_1_781' title='bbox 1090 941 1160 982; x_wconf 91' lang='lat' dir='ltr'>pius</span> <span class='ocrx_word' id='word_1_782' title='bbox 1178 941 1264 973; x_wconf 87' lang='lat' dir='ltr'>abest</span> <span class='ocrx_word' id='word_1_783' title='bbox 1279 952 1295 974; x_wconf 90' lang='lat' dir='ltr'>a</span> <span class='ocrx_word' id='word_1_784' title='bbox 1318 952 1448 984; x_wconf 88' lang='lat' dir='ltr'>recepta</span> <span class='ocrx_word' id='word_1_785' title='bbox 1467 944 1627 984; x_wconf 64' lang='lat' dir='ltr'>lestione·5</span> <span class='ocrx_word' id='word_1_786' title='bbox 1649 946 1678 977; x_wconf 75' lang='grc' dir='ltr'>δι</span> <span class='ocrx_word' id='word_1_787' title='bbox 1694 946 1788 977; x_wconf 83' lang='lat' dir='ltr'>habet</span> <span class='ocrx_word' id='word_1_788' title='bbox 1812 946 1958 979; x_wconf 77' lang='lat' dir='ltr'>sententi-</span> 
     </span>
     <span class='ocr_line' id='line_1_97' title="bbox 1087 982 1957 1028; baseline 0.009 -15"><span class='ocrx_word' id='word_1_789' title='bbox 1087 992 1137 1014; x_wconf 89' lang='lat' dir='ltr'>am</span> <span class='ocrx_word' id='word_1_790' title='bbox 1155 982 1305 1023; x_wconf 85' lang='lat' dir='ltr'>superiori</span> <span class='ocrx_word' id='word_1_791' title='bbox 1322 994 1386 1016; x_wconf 91' lang='lat' dir='ltr'>non</span> <span class='ocrx_word' id='word_1_792' title='bbox 1406 985 1590 1019; x_wconf 90' lang='lat' dir='ltr'>dissimilem.</span> <span class='ocrx_word' id='word_1_793' title='bbox 1618 988 1728 1027; x_wconf 81' lang='lat' dir='ltr'>utique</span> <span class='ocrx_word' id='word_1_794' title='bbox 1745 987 1784 1019; x_wconf 85' lang='lat' dir='ltr'>sic</span> <span class='ocrx_word' id='word_1_795' title='bbox 1804 987 1957 1028; x_wconf 86' lang='lat' dir='ltr'>Ulpianus</span> 
     </span>
     <span class='ocr_line' id='line_1_98' title="bbox 1087 1024 1958 1069; baseline 0.009 -16"><span class='ocrx_word' id='word_1_796' title='bbox 1087 1025 1106 1055; x_wconf 89' lang='lat' dir='ltr'>l.</span> <span class='ocrx_word' id='word_1_797' title='bbox 1130 1033 1174 1065; x_wconf 83' lang='lat'>13.</span> <span class='ocrx_word' id='word_1_798' title='bbox 1191 1024 1218 1065; x_wconf 85' lang='lat'>§.</span> <span class='ocrx_word' id='word_1_799' title='bbox 1239 1034 1266 1065; x_wconf 84' lang='lat'>7.</span> <span class='ocrx_word' id='word_1_800' title='bbox 1287 1025 1329 1057; x_wconf 92' lang='lat' dir='ltr'>D.</span> <span class='ocrx_word' id='word_1_801' title='bbox 1346 1027 1380 1057; x_wconf 80' lang='lat' dir='ltr'>de</span> <span class='ocrx_word' id='word_1_802' title='bbox 1389 1026 1548 1058; x_wconf 61' lang='lat' dir='ltr'>ustionibus</span> <span class='ocrx_word' id='word_1_803' title='bbox 1561 1029 1664 1068; x_wconf 81' lang='lat' dir='ltr'>empti,</span> <span class='ocrx_word' id='word_1_804' title='bbox 1684 1029 1775 1067; x_wconf 83' lang='lat' dir='ltr'>Cum,</span> <span class='ocrx_word' id='word_1_805' title='bbox 1791 1029 1911 1069; x_wconf 80' lang='lat' dir='ltr'>inquit,</span> <span class='ocrx_word' id='word_1_806' title='bbox 1926 1032 1958 1061; x_wconf 84' lang='lat' dir='ltr'>in</span> 
     </span>
     <span class='ocr_line' id='line_1_99' title="bbox 1080 1064 1955 1110; baseline 0.008 -15"><span class='ocrx_word' id='word_1_807' title='bbox 1080 1064 1164 1105; x_wconf 65' lang='lat' dir='ltr'>fusto</span> <span class='ocrx_word' id='word_1_808' title='bbox 1177 1074 1396 1106; x_wconf 78' lang='lat' dir='ltr'>proponeretur.-</span> <span class='ocrx_word' id='word_1_809' title='bbox 1415 1078 1474 1109; x_wconf 92' lang='lat' dir='ltr'>pro</span> <span class='ocrx_word' id='word_1_810' title='bbox 1492 1078 1533 1099; x_wconf 87' lang='lat' dir='ltr'>eo</span> <span class='ocrx_word' id='word_1_811' title='bbox 1549 1070 1636 1108; x_wconf 84' lang='lat' dir='ltr'>quod</span> <span class='ocrx_word' id='word_1_812' title='bbox 1654 1070 1726 1101; x_wconf 86' lang='lat' dir='ltr'>alibi</span> <span class='ocrx_word' id='word_1_813' title='bbox 1745 1071 1806 1108; x_wconf 88' lang='lat' dir='ltr'>ait,</span> <span class='ocrx_word' id='word_1_814' title='bbox 1827 1081 1862 1102; x_wconf 83' lang='lat' dir='ltr'>ex</span> <span class='ocrx_word' id='word_1_815' title='bbox 1872 1070 1955 1110; x_wconf 60' lang='lat' dir='ltr'>fabio</span> 
     </span>
     <span class='ocr_line' id='line_1_100' title="bbox 1087 1108 1957 1152; baseline 0.008 -15"><span class='ocrx_word' id='word_1_816' title='bbox 1087 1108 1329 1148; x_wconf 84' lang='lat' dir='ltr'>proponebatur</span> <span class='ocrx_word' id='word_1_817' title='bbox 1352 1109 1371 1141; x_wconf 89' lang='lat' dir='ltr'>l.</span> <span class='ocrx_word' id='word_1_818' title='bbox 1397 1119 1448 1150; x_wconf 83' lang='lat'>35.</span> <span class='ocrx_word' id='word_1_819' title='bbox 1478 1110 1518 1141; x_wconf 92' lang='lat' dir='ltr'>D.</span> <span class='ocrx_word' id='word_1_820' title='bbox 1543 1112 1575 1141; x_wconf 81' lang='lat' dir='ltr'>de</span> <span class='ocrx_word' id='word_1_821' title='bbox 1601 1111 1745 1142; x_wconf 74' lang='lat' dir='ltr'>heredibus</span> <span class='ocrx_word' id='word_1_822' title='bbox 1765 1110 1957 1152; x_wconf 73' lang='lat' dir='ltr'>instituendis.</span> 
     </span>
    </p>
   </div>
   <div class='ocr_carea' id='block_1_6' title="bbox 1087 1148 1992 1193">
    <p class='ocr_par' dir='ltr' id='par_1_9' title="bbox 1087 1148 1992 1193">
     <span class='ocr_line' id='line_1_101' title="bbox 1087 1148 1992 1193; baseline 0.007 -14"><span class='ocrx_word' id='word_1_823' title='bbox 1087 1148 1238 1180; x_wconf 76' lang='lat' dir='ltr'>Similiter</span> <span class='ocrx_word' id='word_1_824' title='bbox 1255 1158 1363 1182; x_wconf 84' lang='lat' dir='ltr'>autem</span> <span class='ocrx_word' id='word_1_825' title='bbox 1382 1152 1497 1182; x_wconf 88' lang='lat' dir='ltr'>dicitur</span> <span class='ocrx_word' id='word_1_826' title='bbox 1519 1153 1601 1183; x_wconf 59' lang='lat' dir='ltr'>aelio</span> <span class='ocrx_word' id='word_1_827' title='bbox 1618 1152 1747 1190; x_wconf 61' lang='lat' dir='ltr'>exsacffio</span> <span class='ocrx_word' id='word_1_828' title='bbox 1766 1155 1814 1184; x_wconf 87' lang='lat' dir='ltr'>vel</span> <span class='ocrx_word' id='word_1_829' title='bbox 1834 1154 1957 1193; x_wconf 57' lang='lat' dir='ltr'>infusio</span> <span class='ocrx_word' id='word_1_830' title='bbox 1990 1187 1992 1191; x_wconf 66' lang='grc'><em>,</em></span> 
     </span>
    </p>
   </div>
   <div class='ocr_carea' id='block_1_7' title="bbox 1069 1190 1959 3173">
    <p class='ocr_par' dir='ltr' id='par_1_10' title="bbox 1069 1190 1959 3173">
     <span class='ocr_line' id='line_1_102' title="bbox 1088 1190 1956 1234; baseline 0.006 -12"><span class='ocrx_word' id='word_1_831' title='bbox 1088 1190 1174 1228; x_wconf 81' lang='lat' dir='ltr'>dari3</span> <span class='ocrx_word' id='word_1_832' title='bbox 1191 1200 1224 1221; x_wconf 92' lang='lat' dir='ltr'>ut</span> <span class='ocrx_word' id='word_1_833' title='bbox 1242 1191 1326 1223; x_wconf 71' lang='lat' dir='ltr'>attio</span> <span class='ocrx_word' id='word_1_834' title='bbox 1342 1193 1458 1223; x_wconf 87' lang='lat' dir='ltr'>dicitur</span> <span class='ocrx_word' id='word_1_835' title='bbox 1473 1202 1510 1224; x_wconf 79' lang='lat' dir='ltr'>ex</span> <span class='ocrx_word' id='word_1_836' title='bbox 1526 1196 1612 1231; x_wconf 67' lang='lat' dir='ltr'>causti</span> <span class='ocrx_word' id='word_1_837' title='bbox 1629 1194 1711 1231; x_wconf 81' lang='lat' dir='ltr'>dari,</span> <span class='ocrx_word' id='word_1_838' title='bbox 1728 1195 1810 1234; x_wconf 83' lang='lat' dir='ltr'>apud</span> <span class='ocrx_word' id='word_1_839' title='bbox 1829 1194 1956 1227; x_wconf 85' lang='lat' dir='ltr'>Paulum</span> 
     </span>
     <span class='ocr_line' id='line_1_103' title="bbox 1086 1231 1956 1275; baseline 0.008 -14"><span class='ocrx_word' id='word_1_840' title='bbox 1086 1231 1105 1262; x_wconf 84' lang='lat' dir='ltr'>l.</span> <span class='ocrx_word' id='word_1_841' title='bbox 1127 1235 1175 1265; x_wconf 86' lang='lat'>28.</span> <span class='ocrx_word' id='word_1_842' title='bbox 1194 1231 1221 1273; x_wconf 83' lang='lat'>§.</span> <span class='ocrx_word' id='word_1_843' title='bbox 1240 1241 1263 1264; x_wconf 94' lang='lat'>1.</span> <span class='ocrx_word' id='word_1_844' title='bbox 1278 1233 1320 1264; x_wconf 85' lang='lat' dir='ltr'>D.</span> <span class='ocrx_word' id='word_1_845' title='bbox 1338 1233 1387 1265; x_wconf 73' lang='lat' dir='ltr'>Aci</span> <span class='ocrx_word' id='word_1_846' title='bbox 1404 1233 1491 1274; x_wconf 87' lang='lat' dir='ltr'>legem</span> <span class='ocrx_word' id='word_1_847' title='bbox 1506 1234 1665 1275; x_wconf 75' lang='lat' dir='ltr'>Aquilium.</span> <span class='ocrx_word' id='word_1_848' title='bbox 1694 1235 1872 1267; x_wconf 78' lang='lat' dir='ltr'>Marcianus</span> <span class='ocrx_word' id='word_1_849' title='bbox 1889 1237 1907 1267; x_wconf 87' lang='lat' dir='ltr'>l.</span> <span class='ocrx_word' id='word_1_850' title='bbox 1930 1245 1956 1271; x_wconf 78' lang='grc' dir='ltr'>Ι.</span> 
     </span>
     <span class='ocr_line' id='line_1_104' title="bbox 1086 1271 1958 1318; baseline 0.007 -15"><span class='ocrx_word' id='word_1_851' title='bbox 1086 1271 1116 1318; x_wconf 72' lang='lat' dir='ltr'>§t</span> <span class='ocrx_word' id='word_1_852' title='bbox 1136 1283 1165 1313; x_wconf 82' lang='lat'>3.</span> <span class='ocrx_word' id='word_1_853' title='bbox 1182 1273 1223 1304; x_wconf 80' lang='lat'>1).</span> <span class='ocrx_word' id='word_1_854' title='bbox 1245 1274 1294 1305; x_wconf 76' lang='lat' dir='ltr'>Aa</span> <span class='ocrx_word' id='word_1_855' title='bbox 1311 1274 1399 1315; x_wconf 84' lang='lat' dir='ltr'>Iegem</span> <span class='ocrx_word' id='word_1_856' title='bbox 1417 1276 1576 1306; x_wconf 80' lang='lat' dir='ltr'>Corneliam</span> <span class='ocrx_word' id='word_1_857' title='bbox 1593 1277 1626 1306; x_wconf 83' lang='lat' dir='ltr'>de</span> <span class='ocrx_word' id='word_1_858' title='bbox 1636 1274 1752 1314; x_wconf 76' lang='lat' dir='ltr'>ficariis</span> <span class='ocrx_word' id='word_1_859' title='bbox 1769 1277 1855 1308; x_wconf 80' lang='lat' dir='ltr'>finiili</span> <span class='ocrx_word' id='word_1_860' title='bbox 1873 1277 1958 1309; x_wconf 85' lang='lat' dir='ltr'>sensu</span> 
     </span>
     <span class='ocr_line' id='line_1_105' title="bbox 1087 1315 1958 1357; baseline 0.007 -12"><span class='ocrx_word' id='word_1_861' title='bbox 1087 1316 1188 1353; x_wconf 82' lang='lat' dir='ltr'>dixit,</span> <span class='ocrx_word' id='word_1_862' title='bbox 1203 1324 1239 1346; x_wconf 75' lang='lat' dir='ltr'>ex</span> <span class='ocrx_word' id='word_1_863' title='bbox 1253 1325 1283 1346; x_wconf 82' lang='lat' dir='ltr'>re</span> <span class='ocrx_word' id='word_1_864' title='bbox 1298 1315 1573 1348; x_wconf 85' lang='lat' dir='ltr'>constituendum:</span> <span class='ocrx_word' id='word_1_865' title='bbox 1591 1326 1649 1355; x_wconf 89' lang='lat' dir='ltr'>pro</span> <span class='ocrx_word' id='word_1_866' title='bbox 1665 1327 1705 1348; x_wconf 83' lang='lat' dir='ltr'>ex</span> <span class='ocrx_word' id='word_1_867' title='bbox 1724 1317 1810 1348; x_wconf 66' lang='lat' dir='ltr'>farcio</span> <span class='ocrx_word' id='word_1_868' title='bbox 1822 1343 1830 1357; x_wconf 91' lang='lat'><strong>‚</strong></span> <span class='ocrx_word' id='word_1_869' title='bbox 1850 1320 1899 1351; x_wconf 68' lang='lat' dir='ltr'>vel</span> <span class='ocrx_word' id='word_1_870' title='bbox 1917 1328 1958 1351; x_wconf 81' lang='lat' dir='ltr'>ex</span> 
     </span>
     <span class='ocr_line' id='line_1_106' title="bbox 1086 1354 1956 1400; baseline 0.008 -15"><span class='ocrx_word' id='word_1_871' title='bbox 1086 1354 1159 1386; x_wconf 70' lang='lat' dir='ltr'>facti</span> <span class='ocrx_word' id='word_1_872' title='bbox 1188 1356 1311 1397; x_wconf 86' lang='lat' dir='ltr'>specie,</span> <span class='ocrx_word' id='word_1_873' title='bbox 1334 1356 1399 1388; x_wconf 87' lang='lat' dir='ltr'>sive</span> <span class='ocrx_word' id='word_1_874' title='bbox 1417 1367 1475 1398; x_wconf 84' lang='lat' dir='ltr'>pro</span> <span class='ocrx_word' id='word_1_875' title='bbox 1494 1368 1526 1389; x_wconf 86' lang='lat' dir='ltr'>re</span> <span class='ocrx_word' id='word_1_876' title='bbox 1551 1367 1631 1390; x_wconf 87' lang='lat' dir='ltr'>nata.</span> <span class='ocrx_word' id='word_1_877' title='bbox 1662 1358 1702 1389; x_wconf 84' lang='lat' dir='ltr'>sic</span> <span class='ocrx_word' id='word_1_878' title='bbox 1727 1360 1802 1391; x_wconf 87' lang='lat' dir='ltr'>olim</span> <span class='ocrx_word' id='word_1_879' title='bbox 1822 1361 1956 1400; x_wconf 77' lang='lat' dir='ltr'>conjeci.</span> 
     </span>
     <span class='ocr_line' id='line_1_107' title="bbox 1086 1398 1955 1442; baseline 0.008 -16"><span class='ocrx_word' id='word_1_880' title='bbox 1086 1405 1191 1442; x_wconf 75' lang='lat' dir='ltr'>neque</span> <span class='ocrx_word' id='word_1_881' title='bbox 1207 1398 1311 1429; x_wconf 87' lang='lat' dir='ltr'>adhuc</span> <span class='ocrx_word' id='word_1_882' title='bbox 1331 1407 1381 1430; x_wconf 91' lang='lat' dir='ltr'>me</span> <span class='ocrx_word' id='word_1_883' title='bbox 1399 1401 1487 1440; x_wconf 81' lang='lat' dir='ltr'>piget</span> <span class='ocrx_word' id='word_1_884' title='bbox 1504 1401 1568 1439; x_wconf 86' lang='lat' dir='ltr'>ejus</span> <span class='ocrx_word' id='word_1_885' title='bbox 1586 1400 1794 1439; x_wconf 67' lang='lat' dir='ltr'>conjc&amp;urae:</span> <span class='ocrx_word' id='word_1_886' title='bbox 1819 1401 1872 1432; x_wconf 81' lang='lat' dir='ltr'>etsi</span> <span class='ocrx_word' id='word_1_887' title='bbox 1894 1410 1955 1433; x_wconf 85' lang='lat' dir='ltr'>nec</span> 
     </span>
     <span class='ocr_line' id='line_1_108' title="bbox 1085 1438 1956 1483; baseline 0.006 -15"><span class='ocrx_word' id='word_1_888' title='bbox 1085 1438 1265 1477; x_wconf 88' lang='lat' dir='ltr'>improbem</span> <span class='ocrx_word' id='word_1_889' title='bbox 1292 1448 1375 1470; x_wconf 89' lang='lat' dir='ltr'>nunc</span> <span class='ocrx_word' id='word_1_890' title='bbox 1400 1449 1563 1480; x_wconf 78' lang='lat' dir='ltr'>receptam</span> <span class='ocrx_word' id='word_1_891' title='bbox 1592 1441 1786 1474; x_wconf 66' lang='lat' dir='ltr'>lectionem:</span> <span class='ocrx_word' id='word_1_892' title='bbox 1809 1442 1956 1483; x_wconf 79' lang='lat' dir='ltr'>Julianus</span> 
     </span>
     <span class='ocr_line' id='line_1_109' title="bbox 1075 1479 1953 1517; baseline 0.008 -9"><span class='ocrx_word' id='word_1_893' title='bbox 1075 1480 1179 1517; x_wconf 79' lang='lat' dir='ltr'>scribit</span> <span class='ocrx_word' id='word_1_894' title='bbox 1195 1481 1226 1510; x_wconf 89' lang='lat' dir='ltr'>in</span> <span class='ocrx_word' id='word_1_895' title='bbox 1243 1479 1361 1512; x_wconf 65' lang='lat' dir='ltr'>fastum</span> <span class='ocrx_word' id='word_1_896' title='bbox 1377 1480 1516 1512; x_wconf 62' lang='lat' dir='ltr'>astionem</span> <span class='ocrx_word' id='word_1_897' title='bbox 1534 1492 1551 1512; x_wconf 85' lang='lat' dir='ltr'>a</span> <span class='ocrx_word' id='word_1_898' title='bbox 1569 1482 1693 1513; x_wconf 70' lang='lat' dir='ltr'>Praecore</span> <span class='ocrx_word' id='word_1_899' title='bbox 1708 1485 1843 1515; x_wconf 69' lang='lat' dir='ltr'>dandam.</span> <span class='ocrx_word' id='word_1_900' title='bbox 1881 1493 1953 1515; x_wconf 87' lang='lat' dir='ltr'>nam</span> 
     </span>
     <span class='ocr_line' id='line_1_110' title="bbox 1084 1520 1957 1562; baseline 0.006 -12"><span class='ocrx_word' id='word_1_901' title='bbox 1084 1520 1126 1551; x_wconf 88' lang='lat' dir='ltr'>ita</span> <span class='ocrx_word' id='word_1_902' title='bbox 1138 1529 1266 1561; x_wconf 85' lang='lat' dir='ltr'>quoque</span> <span class='ocrx_word' id='word_1_903' title='bbox 1278 1521 1429 1562; x_wconf 73' lang='lat' dir='ltr'>loquutos</span> <span class='ocrx_word' id='word_1_904' title='bbox 1445 1522 1505 1554; x_wconf 82' lang='lat' dir='ltr'>effe</span> <span class='ocrx_word' id='word_1_905' title='bbox 1516 1523 1650 1554; x_wconf 76' lang='lat' dir='ltr'>Veteres</span> <span class='ocrx_word' id='word_1_906' title='bbox 1661 1547 1669 1560; x_wconf 83' lang='grc'><em>,</em></span> <span class='ocrx_word' id='word_1_907' title='bbox 1685 1524 1796 1554; x_wconf 85' lang='lat' dir='ltr'>docuit</span> <span class='ocrx_word' id='word_1_908' title='bbox 1814 1534 1861 1555; x_wconf 86' lang='lat' dir='ltr'>me</span> <span class='ocrx_word' id='word_1_909' title='bbox 1879 1525 1957 1556; x_wconf 89' lang='lat' dir='ltr'>Pau-</span> 
     </span>
     <span class='ocr_line' id='line_1_111' title="bbox 1083 1561 1959 1605; baseline 0.006 -13"><span class='ocrx_word' id='word_1_910' title='bbox 1083 1561 1131 1592; x_wconf 89' lang='lat' dir='ltr'>lus</span> <span class='ocrx_word' id='word_1_911' title='bbox 1148 1562 1165 1592; x_wconf 88' lang='lat' dir='ltr'>l.</span> <span class='ocrx_word' id='word_1_912' title='bbox 1186 1571 1236 1602; x_wconf 80' lang='lat'>34.</span> <span class='ocrx_word' id='word_1_913' title='bbox 1256 1561 1298 1593; x_wconf 92' lang='lat' dir='ltr'>D.</span> <span class='ocrx_word' id='word_1_914' title='bbox 1314 1565 1347 1593; x_wconf 84' lang='lat' dir='ltr'>de</span> <span class='ocrx_word' id='word_1_915' title='bbox 1362 1564 1481 1604; x_wconf 82' lang='lat' dir='ltr'>negotiis</span> <span class='ocrx_word' id='word_1_916' title='bbox 1494 1562 1598 1605; x_wconf 76' lang='lat' dir='ltr'>gestis:</span> <span class='ocrx_word' id='word_1_917' title='bbox 1623 1564 1712 1603; x_wconf 76' lang='lat' dir='ltr'>Haec,</span> <span class='ocrx_word' id='word_1_918' title='bbox 1732 1567 1876 1602; x_wconf 73' lang='lat' dir='ltr'>inquiens</span> <span class='ocrx_word' id='word_1_919' title='bbox 1888 1589 1898 1604; x_wconf 91' lang='lat'>,</span> <span class='ocrx_word' id='word_1_920' title='bbox 1913 1567 1959 1597; x_wconf 82' lang='grc' dir='ltr'>αἱ·</span> 
     </span>
     <span class='ocr_line' id='line_1_112' title="bbox 1071 1602 1954 1646; baseline 0.007 -13"><span class='ocrx_word' id='word_1_921' title='bbox 1071 1604 1215 1642; x_wconf 77' lang='lat' dir='ltr'>sceptatio</span> <span class='ocrx_word' id='word_1_922' title='bbox 1233 1604 1264 1634; x_wconf 93' lang='lat' dir='ltr'>in</span> <span class='ocrx_word' id='word_1_923' title='bbox 1282 1603 1400 1635; x_wconf 68' lang='lat' dir='ltr'>saelum</span> <span class='ocrx_word' id='word_1_924' title='bbox 1417 1602 1559 1645; x_wconf 77' lang='lat' dir='ltr'>constitit.-</span> <span class='ocrx_word' id='word_1_925' title='bbox 1575 1615 1652 1646; x_wconf 90' lang='lat' dir='ltr'>pr0‚</span> <span class='ocrx_word' id='word_1_926' title='bbox 1672 1606 1701 1636; x_wconf 90' lang='lat' dir='ltr'>in</span> <span class='ocrx_word' id='word_1_927' title='bbox 1720 1605 1824 1643; x_wconf 64' lang='lat' dir='ltr'>facio,</span> <span class='ocrx_word' id='word_1_928' title='bbox 1843 1608 1892 1638; x_wconf 66' lang='lat' dir='ltr'>vel</span> <span class='ocrx_word' id='word_1_929' title='bbox 1912 1618 1954 1640; x_wconf 78' lang='lat' dir='ltr'>ex</span> 
     </span>
     <span class='ocr_line' id='line_1_113' title="bbox 1081 1643 1951 1686; baseline 0.009 -12"><span class='ocrx_word' id='word_1_930' title='bbox 1081 1643 1168 1675; x_wconf 70' lang='lat' dir='ltr'>facto</span> <span class='ocrx_word' id='word_1_931' title='bbox 1178 1667 1188 1683; x_wconf 95' lang='lat'>,</span> <span class='ocrx_word' id='word_1_932' title='bbox 1199 1645 1300 1676; x_wconf 82' lang='lat' dir='ltr'>velex</span> <span class='ocrx_word' id='word_1_933' title='bbox 1312 1646 1400 1676; x_wconf 85' lang='lat' dir='ltr'>causa</span> <span class='ocrx_word' id='word_1_934' title='bbox 1411 1669 1419 1684; x_wconf 94' lang='lat'>‚</span> <span class='ocrx_word' id='word_1_935' title='bbox 1431 1645 1657 1686; x_wconf 81' lang='lat' dir='ltr'>distinguenda,</span> <span class='ocrx_word' id='word_1_936' title='bbox 1668 1646 1729 1678; x_wconf 79' lang='lat' dir='ltr'>live</span> <span class='ocrx_word' id='word_1_937' title='bbox 1740 1649 1951 1685; x_wconf 79' lang='lat' dir='ltr'>diiudicanda.</span> 
     </span>
     <span class='ocr_line' id='line_1_114' title="bbox 1081 1684 1952 1728; baseline 0.008 -13"><span class='ocrx_word' id='word_1_938' title='bbox 1081 1684 1125 1716; x_wconf 90' lang='lat' dir='ltr'>Et</span> <span class='ocrx_word' id='word_1_939' title='bbox 1135 1685 1218 1716; x_wconf 88' lang='lat' dir='ltr'>Pauli</span> <span class='ocrx_word' id='word_1_940' title='bbox 1230 1686 1387 1718; x_wconf 89' lang='lat' dir='ltr'>locutioni</span> <span class='ocrx_word' id='word_1_941' title='bbox 1399 1686 1570 1727; x_wconf 81' lang='lat' dir='ltr'>respondet</span> <span class='ocrx_word' id='word_1_942' title='bbox 1586 1687 1716 1728; x_wconf 82' lang='lat' dir='ltr'>sequens</span> <span class='ocrx_word' id='word_1_943' title='bbox 1728 1688 1878 1726; x_wconf 83' lang='lat' dir='ltr'>Sallustii,</span> <span class='ocrx_word' id='word_1_944' title='bbox 1889 1690 1952 1722; x_wconf 80' lang='lat' dir='ltr'>Bel&#39;·</span> 
     </span>
     <span class='ocr_line' id='line_1_115' title="bbox 1082 1726 1950 1771; baseline 0.007 -14"><span class='ocrx_word' id='word_1_945' title='bbox 1082 1726 1109 1757; x_wconf 87' lang='lat' dir='ltr'>lo</span> <span class='ocrx_word' id='word_1_946' title='bbox 1134 1726 1304 1759; x_wconf 76' lang='lat' dir='ltr'>Catilinario</span> <span class='ocrx_word' id='word_1_947' title='bbox 1322 1738 1345 1760; x_wconf 86' lang='lat' dir='ltr'>c.</span> <span class='ocrx_word' id='word_1_948' title='bbox 1364 1738 1412 1760; x_wconf 81' lang='lat'>20.</span> <span class='ocrx_word' id='word_1_949' title='bbox 1430 1729 1560 1760; x_wconf 79' lang='lat' dir='ltr'>Catilina</span> <span class='ocrx_word' id='word_1_950' title='bbox 1578 1730 1628 1760; x_wconf 84' lang='lat' dir='ltr'>ubi</span> <span class='ocrx_word' id='word_1_951' title='bbox 1643 1739 1687 1760; x_wconf 88' lang='lat' dir='ltr'>eos</span> <span class='ocrx_word' id='word_1_952' title='bbox 1702 1740 1771 1771; x_wconf 80' lang='lat' dir='ltr'>quos</span> <span class='ocrx_word' id='word_1_953' title='bbox 1781 1732 1867 1771; x_wconf 79' lang='lat' dir='ltr'>paulo</span> <span class='ocrx_word' id='word_1_954' title='bbox 1883 1739 1950 1763; x_wconf 73' lang='lat' dir='ltr'>civice</span> 
     </span>
     <span class='ocr_line' id='line_1_116' title="bbox 1079 1769 1951 1813; baseline 0.007 -15"><span class='ocrx_word' id='word_1_955' title='bbox 1079 1770 1254 1809; x_wconf 74' lang='lat' dir='ltr'>memoravi,</span> <span class='ocrx_word' id='word_1_956' title='bbox 1270 1769 1425 1810; x_wconf 82' lang='lat' dir='ltr'>conveniffe</span> <span class='ocrx_word' id='word_1_957' title='bbox 1439 1772 1535 1809; x_wconf 80' lang='lat' dir='ltr'>videt,</span> <span class='ocrx_word' id='word_1_958' title='bbox 1551 1770 1662 1808; x_wconf 77' lang='lat' dir='ltr'>tametfi</span> <span class='ocrx_word' id='word_1_959' title='bbox 1672 1770 1863 1813; x_wconf 79' lang='lat' dir='ltr'>cumfingtilis</span> <span class='ocrx_word' id='word_1_960' title='bbox 1879 1774 1951 1804; x_wconf 82' lang='lat' dir='ltr'>mul·</span> 
     </span>
     <span class='ocr_line' id='line_1_117' title="bbox 1080 1811 1950 1856; baseline 0.006 -16"><span class='ocrx_word' id='word_1_961' title='bbox 1080 1815 1111 1841; x_wconf 84' lang='lat' dir='ltr'>ta</span> <span class='ocrx_word' id='word_1_962' title='bbox 1125 1816 1241 1851; x_wconf 75' lang='lat' dir='ltr'>egerat,</span> <span class='ocrx_word' id='word_1_963' title='bbox 1257 1817 1351 1842; x_wconf 80' lang='lat' dir='ltr'>tamen</span> <span class='ocrx_word' id='word_1_964' title='bbox 1367 1813 1397 1842; x_wconf 92' lang='lat' dir='ltr'>in</span> <span class='ocrx_word' id='word_1_965' title='bbox 1415 1821 1479 1843; x_wconf 89' lang='lat' dir='ltr'>rem</span> <span class='ocrx_word' id='word_1_966' title='bbox 1498 1811 1569 1843; x_wconf 80' lang='lat' dir='ltr'>sore</span> <span class='ocrx_word' id='word_1_967' title='bbox 1584 1814 1699 1843; x_wconf 67' lang='lat' dir='ltr'>credens</span> <span class='ocrx_word' id='word_1_968' title='bbox 1710 1837 1719 1849; x_wconf 73' lang='grc'>,</span> <span class='ocrx_word' id='word_1_969' title='bbox 1735 1815 1883 1854; x_wconf 69' lang='lat' dir='ltr'>univeiyos</span> <span class='ocrx_word' id='word_1_970' title='bbox 1899 1821 1950 1856; x_wconf 85' lang='lat' dir='ltr'>ap-</span> 
     </span>
     <span class='ocr_line' id='line_1_118' title="bbox 1073 1850 1949 1895; baseline 0.008 -14"><span class='ocrx_word' id='word_1_971' title='bbox 1073 1851 1191 1892; x_wconf 81' lang='lat' dir='ltr'>pellare.</span> <span class='ocrx_word' id='word_1_972' title='bbox 1216 1850 1329 1891; x_wconf 86' lang='lat' dir='ltr'>Dixit,</span> <span class='ocrx_word' id='word_1_973' title='bbox 1348 1853 1378 1883; x_wconf 85' lang='lat' dir='ltr'>in</span> <span class='ocrx_word' id='word_1_974' title='bbox 1393 1853 1540 1892; x_wconf 84' lang='lat' dir='ltr'>remfore:</span> <span class='ocrx_word' id='word_1_975' title='bbox 1557 1862 1616 1892; x_wconf 87' lang='lat' dir='ltr'>pro</span> <span class='ocrx_word' id='word_1_976' title='bbox 1632 1863 1697 1892; x_wconf 75' lang='lat' dir='ltr'>quo</span> <span class='ocrx_word' id='word_1_977' title='bbox 1714 1854 1867 1895; x_wconf 83' lang='lat' dir='ltr'>Ulpianus</span> <span class='ocrx_word' id='word_1_978' title='bbox 1882 1856 1892 1886; x_wconf 87' lang='lat' dir='ltr'>l</span> <span class='ocrx_word' id='word_1_979' title='bbox 1921 1865 1949 1889; x_wconf 86' lang='lat'>1.</span> 
     </span>
     <span class='ocr_line' id='line_1_119' title="bbox 1079 1890 1951 1935; baseline 0.006 -12"><span class='ocrx_word' id='word_1_980' title='bbox 1079 1890 1122 1924; x_wconf 89' lang='lat' dir='ltr'>D.</span> <span class='ocrx_word' id='word_1_981' title='bbox 1138 1895 1170 1923; x_wconf 81' lang='lat' dir='ltr'>cle</span> <span class='ocrx_word' id='word_1_982' title='bbox 1184 1894 1268 1924; x_wconf 83' lang='lat' dir='ltr'>rebus</span> <span class='ocrx_word' id='word_1_983' title='bbox 1283 1895 1397 1924; x_wconf 80' lang='lat' dir='ltr'>creditis</span> <span class='ocrx_word' id='word_1_984' title='bbox 1412 1903 1453 1924; x_wconf 85' lang='lat' dir='ltr'>ait</span> <span class='ocrx_word' id='word_1_985' title='bbox 1464 1918 1473 1932; x_wconf 87' lang='lat'>,</span> <span class='ocrx_word' id='word_1_986' title='bbox 1489 1904 1502 1924; x_wconf 82' lang='lat' dir='ltr'>e</span> <span class='ocrx_word' id='word_1_987' title='bbox 1513 1895 1624 1935; x_wconf 79' lang='lat' dir='ltr'>refore.</span> <span class='ocrx_word' id='word_1_988' title='bbox 1645 1895 1750 1927; x_wconf 82' lang='lat' dir='ltr'>Retuli</span> <span class='ocrx_word' id='word_1_989' title='bbox 1768 1906 1868 1928; x_wconf 85' lang='lat' dir='ltr'>nicam</span> <span class='ocrx_word' id='word_1_990' title='bbox 1886 1897 1951 1928; x_wconf 85' lang='lat' dir='ltr'>scn-</span> 
     </span>
     <span class='ocr_line' id='line_1_120' title="bbox 1078 1934 1951 1977; baseline 0.006 -13"><span class='ocrx_word' id='word_1_991' title='bbox 1078 1935 1221 1965; x_wconf 85' lang='lat' dir='ltr'>tentiarn.</span> <span class='ocrx_word' id='word_1_992' title='bbox 1239 1943 1309 1975; x_wconf 85' lang='lat' dir='ltr'>quae</span> <span class='ocrx_word' id='word_1_993' title='bbox 1320 1934 1338 1966; x_wconf 87' lang='lat' dir='ltr'>li</span> <span class='ocrx_word' id='word_1_994' title='bbox 1352 1934 1558 1967; x_wconf 67' lang='lat' dir='ltr'>Doctioribus</span> <span class='ocrx_word' id='word_1_995' title='bbox 1568 1945 1697 1977; x_wconf 85' lang='lat' dir='ltr'>quoque</span> <span class='ocrx_word' id='word_1_996' title='bbox 1709 1937 1865 1977; x_wconf 76' lang='lat' dir='ltr'>placebit,</span> <span class='ocrx_word' id='word_1_997' title='bbox 1876 1948 1951 1969; x_wconf 89' lang='lat' dir='ltr'>con·</span> 
     </span>
     <span class='ocr_line' id='line_1_121' title="bbox 1078 1974 1944 2020; baseline 0.005 -14"><span class='ocrx_word' id='word_1_998' title='bbox 1078 1974 1191 2006; x_wconf 87' lang='lat' dir='ltr'>sentiet</span> <span class='ocrx_word' id='word_1_999' title='bbox 1212 1974 1364 2016; x_wconf 70' lang='lat' dir='ltr'>Ulpianus</span> <span class='ocrx_word' id='word_1_1000' title='bbox 1382 1979 1409 2007; x_wconf 76' lang='lat' dir='ltr'>tl.</span> <span class='ocrx_word' id='word_1_1001' title='bbox 1427 1978 1447 2007; x_wconf 90' lang='lat' dir='ltr'>l.</span> <span class='ocrx_word' id='word_1_1002' title='bbox 1468 1986 1495 2017; x_wconf 80' lang='lat'>7.</span> <span class='ocrx_word' id='word_1_1003' title='bbox 1516 1977 1542 2018; x_wconf 84' lang='lat'>§.</span> <span class='ocrx_word' id='word_1_1004' title='bbox 1563 1987 1591 2009; x_wconf 85' lang='lat'>2.</span> <span class='ocrx_word' id='word_1_1005' title='bbox 1611 1977 1722 2010; x_wconf 86' lang='lat' dir='ltr'>Paulus</span> <span class='ocrx_word' id='word_1_1006' title='bbox 1740 1981 1758 2009; x_wconf 86' lang='lat' dir='ltr'>d</span> <span class='ocrx_word' id='word_1_1007' title='bbox 1786 1979 1804 2009; x_wconf 94' lang='lat' dir='ltr'>l.</span> <span class='ocrx_word' id='word_1_1008' title='bbox 1821 1990 1850 2017; x_wconf 87' lang='lat'>5.</span> <span class='ocrx_word' id='word_1_1009' title='bbox 1869 1982 1896 2020; x_wconf 58' lang='grc' dir='ltr'>δ.</span> <span class='ocrx_word' id='word_1_1010' title='bbox 1915 1989 1944 2010; x_wconf 87' lang='lat'>2.</span> 
     </span>
     <span class='ocr_line' id='line_1_122' title="bbox 1077 2016 1945 2060; baseline 0.003 -13"><span class='ocrx_word' id='word_1_1011' title='bbox 1077 2016 1120 2048; x_wconf 90' lang='lat' dir='ltr'>D.</span> <span class='ocrx_word' id='word_1_1012' title='bbox 1138 2018 1171 2047; x_wconf 85' lang='lat' dir='ltr'>de</span> <span class='ocrx_word' id='word_1_1013' title='bbox 1183 2018 1355 2058; x_wconf 78' lang='lat' dir='ltr'>prcescripzis</span> <span class='ocrx_word' id='word_1_1014' title='bbox 1374 2019 1478 2048; x_wconf 71' lang='lat' dir='ltr'>verbis.</span> <span class='ocrx_word' id='word_1_1015' title='bbox 1512 2019 1582 2049; x_wconf 80' lang='lat' dir='ltr'>Ain&#39;</span> <span class='ocrx_word' id='word_1_1016' title='bbox 1599 2028 1674 2049; x_wconf 86' lang='lat' dir='ltr'>vcro</span> <span class='ocrx_word' id='word_1_1017' title='bbox 1686 2019 1702 2049; x_wconf 75' lang='lat'>⁴?</span> <span class='ocrx_word' id='word_1_1018' title='bbox 1726 2019 1822 2060; x_wconf 87' lang='lat' dir='ltr'>ipsum</span> <span class='ocrx_word' id='word_1_1019' title='bbox 1840 2021 1945 2051; x_wconf 84' lang='lat' dir='ltr'>audia-</span> 
     </span>
     <span class='ocr_line' id='line_1_123' title="bbox 1076 2058 1946 2099; baseline 0.006 -11"><span class='ocrx_word' id='word_1_1020' title='bbox 1076 2067 1156 2089; x_wconf 89' lang='lat' dir='ltr'>mus.</span> <span class='ocrx_word' id='word_1_1021' title='bbox 1188 2061 1230 2088; x_wconf 85' lang='lat' dir='ltr'>ait</span> <span class='ocrx_word' id='word_1_1022' title='bbox 1248 2058 1370 2091; x_wconf 87' lang='lat' dir='ltr'>Paulus.</span> <span class='ocrx_word' id='word_1_1023' title='bbox 1401 2059 1420 2089; x_wconf 90' lang='lat' dir='ltr'>si</span> <span class='ocrx_word' id='word_1_1024' title='bbox 1440 2059 1495 2089; x_wconf 87' lang='lat' dir='ltr'>tibi</span> <span class='ocrx_word' id='word_1_1025' title='bbox 1512 2059 1584 2090; x_wconf 84' lang='lat' dir='ltr'>dedi</span> <span class='ocrx_word' id='word_1_1026' title='bbox 1604 2059 1745 2099; x_wconf 85' lang='lat' dir='ltr'>servum,</span> <span class='ocrx_word' id='word_1_1027' title='bbox 1771 2069 1804 2091; x_wconf 92' lang='lat' dir='ltr'>ut</span> <span class='ocrx_word' id='word_1_1028' title='bbox 1823 2059 1946 2093; x_wconf 80' lang='lat' dir='ltr'>servum</span> 
     </span>
     <span class='ocr_line' id='line_1_124' title="bbox 1077 2101 1944 2141; baseline 0.005 -12"><span class='ocrx_word' id='word_1_1029' title='bbox 1077 2106 1164 2130; x_wconf 89' lang='lat' dir='ltr'>tuum</span> <span class='ocrx_word' id='word_1_1030' title='bbox 1190 2101 1447 2138; x_wconf 79' lang='lat' dir='ltr'>manumittercs‚</span> <span class='ocrx_word' id='word_1_1031' title='bbox 1474 2101 1501 2130; x_wconf 67' lang='grc' dir='ltr'>ἃ</span> <span class='ocrx_word' id='word_1_1032' title='bbox 1519 2101 1737 2139; x_wconf 79' lang='lat' dir='ltr'>manumisilli,</span> <span class='ocrx_word' id='word_1_1033' title='bbox 1761 2102 1790 2133; x_wconf 66' lang='grc' dir='ltr'>ὅ(</span> <span class='ocrx_word' id='word_1_1034' title='bbox 1808 2102 1831 2133; x_wconf 86' lang='lat' dir='ltr'>is</span> <span class='ocrx_word' id='word_1_1035' title='bbox 1849 2112 1944 2141; x_wconf 77' lang='lat' dir='ltr'>quern</span> 
     </span>
     <span class='ocr_line' id='line_1_125' title="bbox 1075 2139 1945 2181; baseline 0.006 -11"><span class='ocrx_word' id='word_1_1036' title='bbox 1075 2139 1174 2178; x_wconf 86' lang='lat' dir='ltr'>dedi,</span> <span class='ocrx_word' id='word_1_1037' title='bbox 1205 2140 1326 2171; x_wconf 60' lang='lat' dir='ltr'>evictus</span> <span class='ocrx_word' id='word_1_1038' title='bbox 1350 2142 1413 2171; x_wconf 80' lang='lat' dir='ltr'>cil:</span> <span class='ocrx_word' id='word_1_1039' title='bbox 1438 2140 1608 2172; x_wconf 70' lang='lat' dir='ltr'>dillinxille</span> <span class='ocrx_word' id='word_1_1040' title='bbox 1632 2142 1787 2181; x_wconf 54' lang='lat' dir='ltr'>‚lulianum</span> <span class='ocrx_word' id='word_1_1041' title='bbox 1806 2166 1815 2181; x_wconf 90' lang='lat'>,</span> <span class='ocrx_word' id='word_1_1042' title='bbox 1840 2152 1945 2176; x_wconf 86' lang='lat' dir='ltr'>utrum</span> 
     </span>
     <span class='ocr_line' id='line_1_126' title="bbox 1075 2182 1943 2223; baseline 0.005 -11"><span class='ocrx_word' id='word_1_1043' title='bbox 1075 2183 1174 2213; x_wconf 89' lang='lat' dir='ltr'>iciens</span> <span class='ocrx_word' id='word_1_1044' title='bbox 1193 2182 1355 2221; x_wconf 83' lang='lat' dir='ltr'>dederim,</span> <span class='ocrx_word' id='word_1_1045' title='bbox 1374 2192 1410 2212; x_wconf 85' lang='lat' dir='ltr'>an</span> <span class='ocrx_word' id='word_1_1046' title='bbox 1429 2183 1594 2223; x_wconf 82' lang='lat' dir='ltr'>ignorans:</span> <span class='ocrx_word' id='word_1_1047' title='bbox 1612 2183 1639 2215; x_wconf 71' lang='grc' dir='ltr'>δι</span> <span class='ocrx_word' id='word_1_1048' title='bbox 1658 2183 1677 2214; x_wconf 85' lang='lat' dir='ltr'>si</span> <span class='ocrx_word' id='word_1_1049' title='bbox 1696 2184 1823 2222; x_wconf 74' lang='lat' dir='ltr'>quidem</span> <span class='ocrx_word' id='word_1_1050' title='bbox 1843 2184 1943 2216; x_wconf 88' lang='lat' dir='ltr'>sciens</span> 
     </span>
     <span class='ocr_line' id='line_1_127' title="bbox 1075 2222 1945 2264; baseline 0.006 -11"><span class='ocrx_word' id='word_1_1051' title='bbox 1075 2222 1167 2261; x_wconf 86' lang='lat' dir='ltr'>dedi,</span> <span class='ocrx_word' id='word_1_1052' title='bbox 1186 2224 1259 2262; x_wconf 84' lang='lat' dir='ltr'>quia</span> <span class='ocrx_word' id='word_1_1053' title='bbox 1275 2224 1352 2254; x_wconf 82' lang='lat' dir='ltr'>dolo</span> <span class='ocrx_word' id='word_1_1054' title='bbox 1370 2223 1433 2254; x_wconf 78' lang='lat' dir='ltr'>feci</span> <span class='ocrx_word' id='word_1_1055' title='bbox 1445 2248 1453 2261; x_wconf 93' lang='lat'>,</span> <span class='ocrx_word' id='word_1_1056' title='bbox 1478 2224 1664 2255; x_wconf 72' lang='lat' dir='ltr'>existimasse</span> <span class='ocrx_word' id='word_1_1057' title='bbox 1680 2225 1833 2264; x_wconf 76' lang='lat' dir='ltr'>julianum</span> <span class='ocrx_word' id='word_1_1058' title='bbox 1845 2249 1854 2263; x_wconf 90' lang='lat'>,</span> <span class='ocrx_word' id='word_1_1059' title='bbox 1871 2227 1945 2258; x_wconf 87' lang='lat' dir='ltr'>dan-</span> 
     </span>
     <span class='ocr_line' id='line_1_128' title="bbox 1074 2263 1945 2299; baseline 0.006 -5"><span class='ocrx_word' id='word_1_1060' title='bbox 1074 2265 1145 2295; x_wconf 87' lang='lat' dir='ltr'>dam</span> <span class='ocrx_word' id='word_1_1061' title='bbox 1165 2273 1182 2294; x_wconf 88' lang='lat' dir='ltr'>a</span> <span class='ocrx_word' id='word_1_1062' title='bbox 1198 2263 1339 2295; x_wconf 86' lang='lat' dir='ltr'>Praetore</span> <span class='ocrx_word' id='word_1_1063' title='bbox 1364 2265 1426 2296; x_wconf 77' lang='lat' dir='ltr'>else</span> <span class='ocrx_word' id='word_1_1064' title='bbox 1450 2266 1608 2297; x_wconf 68' lang='lat' dir='ltr'>actionem</span> <span class='ocrx_word' id='word_1_1065' title='bbox 1634 2276 1697 2297; x_wconf 88' lang='lat' dir='ltr'>non</span> <span class='ocrx_word' id='word_1_1066' title='bbox 1718 2266 1747 2297; x_wconf 91' lang='lat' dir='ltr'>in</span> <span class='ocrx_word' id='word_1_1067' title='bbox 1767 2266 1884 2299; x_wconf 48' lang='lat' dir='ltr'>factum</span> <span class='ocrx_word' id='word_1_1068' title='bbox 1901 2268 1945 2299; x_wconf 95' lang='lat' dir='ltr'>ci-</span> 
     </span>
     <span class='ocr_line' id='line_1_129' title="bbox 1074 2305 1944 2348; baseline 0.005 -13"><span class='ocrx_word' id='word_1_1069' title='bbox 1074 2305 1190 2344; x_wconf 89' lang='lat' dir='ltr'>vilem,</span> <span class='ocrx_word' id='word_1_1070' title='bbox 1213 2305 1265 2336; x_wconf 84' lang='lat' dir='ltr'>sed</span> <span class='ocrx_word' id='word_1_1071' title='bbox 1282 2306 1320 2336; x_wconf 84' lang='lat' dir='ltr'>de</span> <span class='ocrx_word' id='word_1_1072' title='bbox 1337 2306 1432 2338; x_wconf 85' lang='lat' dir='ltr'>dolo:</span> <span class='ocrx_word' id='word_1_1073' title='bbox 1455 2305 1497 2337; x_wconf 82' lang='lat' dir='ltr'>fin</span> <span class='ocrx_word' id='word_1_1074' title='bbox 1516 2307 1663 2347; x_wconf 80' lang='lat' dir='ltr'>ignorans</span> <span class='ocrx_word' id='word_1_1075' title='bbox 1681 2308 1773 2346; x_wconf 83' lang='lat' dir='ltr'>dedi,</span> <span class='ocrx_word' id='word_1_1076' title='bbox 1790 2310 1860 2348; x_wconf 82' lang='lat' dir='ltr'>quia</span> <span class='ocrx_word' id='word_1_1077' title='bbox 1879 2309 1944 2340; x_wconf 89' lang='lat' dir='ltr'>nul·</span> 
     </span>
     <span class='ocr_line' id='line_1_130' title="bbox 1073 2346 1941 2387; baseline 0.003 -9"><span class='ocrx_word' id='word_1_1078' title='bbox 1073 2346 1120 2378; x_wconf 90' lang='lat' dir='ltr'>lus</span> <span class='ocrx_word' id='word_1_1079' title='bbox 1140 2347 1232 2378; x_wconf 85' lang='lat' dir='ltr'>dolus</span> <span class='ocrx_word' id='word_1_1080' title='bbox 1248 2346 1311 2384; x_wconf 87' lang='lat' dir='ltr'>est,</span> <span class='ocrx_word' id='word_1_1081' title='bbox 1335 2356 1486 2387; x_wconf 82' lang='lat' dir='ltr'>oportere</span> <span class='ocrx_word' id='word_1_1082' title='bbox 1505 2358 1522 2379; x_wconf 88' lang='lat' dir='ltr'>a</span> <span class='ocrx_word' id='word_1_1083' title='bbox 1540 2348 1679 2379; x_wconf 78' lang='lat' dir='ltr'>Praetore</span> <span class='ocrx_word' id='word_1_1084' title='bbox 1702 2350 1765 2380; x_wconf 82' lang='lat' dir='ltr'>dari</span> <span class='ocrx_word' id='word_1_1085' title='bbox 1785 2350 1941 2382; x_wconf 65' lang='lat' dir='ltr'>actionem</span> 
     </span>
     <span class='ocr_line' id='line_1_131' title="bbox 1073 2386 1940 2431; baseline 0.005 -13"><span class='ocrx_word' id='word_1_1086' title='bbox 1073 2387 1105 2418; x_wconf 93' lang='lat' dir='ltr'>in</span> <span class='ocrx_word' id='word_1_1087' title='bbox 1130 2386 1248 2419; x_wconf 66' lang='lat' dir='ltr'>fastum</span> <span class='ocrx_word' id='word_1_1088' title='bbox 1274 2389 1421 2427; x_wconf 84' lang='lat' dir='ltr'>civilem,</span> <span class='ocrx_word' id='word_1_1089' title='bbox 1444 2390 1474 2420; x_wconf 90' lang='lat' dir='ltr'>id</span> <span class='ocrx_word' id='word_1_1090' title='bbox 1492 2390 1555 2428; x_wconf 83' lang='lat' dir='ltr'>est,</span> <span class='ocrx_word' id='word_1_1091' title='bbox 1578 2389 1735 2421; x_wconf 67' lang='lat' dir='ltr'>actionem</span> <span class='ocrx_word' id='word_1_1092' title='bbox 1755 2390 1940 2431; x_wconf 72' lang='lat' dir='ltr'>praescriptis</span> 
     </span>
     <span class='ocr_line' id='line_1_132' title="bbox 1075 2428 1942 2473; baseline 0.006 -14"><span class='ocrx_word' id='word_1_1093' title='bbox 1075 2429 1189 2461; x_wconf 85' lang='lat' dir='ltr'>verbis.</span> <span class='ocrx_word' id='word_1_1094' title='bbox 1215 2428 1267 2460; x_wconf 83' lang='lat' dir='ltr'>Sic</span> <span class='ocrx_word' id='word_1_1095' title='bbox 1286 2429 1410 2462; x_wconf 79' lang='lat' dir='ltr'>Paulus.</span> <span class='ocrx_word' id='word_1_1096' title='bbox 1435 2430 1498 2461; x_wconf 89' lang='lat' dir='ltr'>hoc</span> <span class='ocrx_word' id='word_1_1097' title='bbox 1515 2441 1592 2461; x_wconf 87' lang='lat' dir='ltr'>vero</span> <span class='ocrx_word' id='word_1_1098' title='bbox 1611 2432 1685 2470; x_wconf 80' lang='lat' dir='ltr'>quid</span> <span class='ocrx_word' id='word_1_1099' title='bbox 1703 2432 1864 2473; x_wconf 79' lang='lat' dir='ltr'>designat?</span> <span class='ocrx_word' id='word_1_1100' title='bbox 1888 2431 1942 2464; x_wconf 77' lang='lat' dir='ltr'>nili</span> 
     </span>
     <span class='ocr_line' id='line_1_133' title="bbox 1073 2469 1942 2514; baseline 0.005 -13"><span class='ocrx_word' id='word_1_1101' title='bbox 1073 2472 1160 2508; x_wconf 80' lang='lat' dir='ltr'>quod</span> <span class='ocrx_word' id='word_1_1102' title='bbox 1183 2469 1336 2510; x_wconf 89' lang='lat' dir='ltr'>Ulpianus</span> <span class='ocrx_word' id='word_1_1103' title='bbox 1358 2473 1386 2501; x_wconf 71' lang='lat' dir='ltr'>(l.</span> <span class='ocrx_word' id='word_1_1104' title='bbox 1408 2473 1426 2502; x_wconf 89' lang='lat' dir='ltr'>l.</span> <span class='ocrx_word' id='word_1_1105' title='bbox 1446 2481 1474 2512; x_wconf 80' lang='lat'>7.</span> <span class='ocrx_word' id='word_1_1106' title='bbox 1494 2471 1521 2514; x_wconf 86' lang='lat'>§.</span> <span class='ocrx_word' id='word_1_1107' title='bbox 1542 2482 1569 2504; x_wconf 86' lang='lat'>2.</span> <span class='ocrx_word' id='word_1_1108' title='bbox 1593 2473 1656 2511; x_wconf 83' lang='lat' dir='ltr'>ait,</span> <span class='ocrx_word' id='word_1_1109' title='bbox 1680 2472 1834 2511; x_wconf 77' lang='lat' dir='ltr'>julianum</span> <span class='ocrx_word' id='word_1_1110' title='bbox 1852 2472 1942 2514; x_wconf 87' lang='lat' dir='ltr'>scrip-</span> 
     </span>
     <span class='ocr_line' id='line_1_134' title="bbox 1072 2510 1941 2551; baseline 0.003 -9"><span class='ocrx_word' id='word_1_1111' title='bbox 1072 2510 1156 2551; x_wconf 85' lang='lat' dir='ltr'>sisse,</span> <span class='ocrx_word' id='word_1_1112' title='bbox 1179 2511 1200 2542; x_wconf 88' lang='lat' dir='ltr'>fi</span> <span class='ocrx_word' id='word_1_1113' title='bbox 1224 2511 1367 2544; x_wconf 82' lang='lat' dir='ltr'>Stichum</span> <span class='ocrx_word' id='word_1_1114' title='bbox 1395 2514 1487 2551; x_wconf 79' lang='lat' dir='ltr'>dedi,</span> <span class='ocrx_word' id='word_1_1115' title='bbox 1514 2522 1546 2544; x_wconf 91' lang='lat' dir='ltr'>ut</span> <span class='ocrx_word' id='word_1_1116' title='bbox 1563 2513 1758 2551; x_wconf 72' lang='lat' dir='ltr'>Pamphilum</span> <span class='ocrx_word' id='word_1_1117' title='bbox 1778 2516 1941 2547; x_wconf 85' lang='lat' dir='ltr'>manumit-</span> 
     </span>
     <span class='ocr_line' id='line_1_135' title="bbox 1073 2552 1939 2596; baseline 0.003 -11"><span class='ocrx_word' id='word_1_1118' title='bbox 1073 2561 1138 2591; x_wconf 84' lang='lat' dir='ltr'>tas,</span> <span class='ocrx_word' id='word_1_1119' title='bbox 1161 2560 1194 2584; x_wconf 88' lang='lat' dir='ltr'>tu</span> <span class='ocrx_word' id='word_1_1120' title='bbox 1213 2552 1409 2584; x_wconf 79' lang='lat' dir='ltr'>manumifisti</span> <span class='ocrx_word' id='word_1_1121' title='bbox 1421 2578 1430 2591; x_wconf 95' lang='lat'>,</span> <span class='ocrx_word' id='word_1_1122' title='bbox 1445 2554 1566 2585; x_wconf 70' lang='lat' dir='ltr'>ex¹i6tus</span> <span class='ocrx_word' id='word_1_1123' title='bbox 1585 2555 1629 2586; x_wconf 85' lang='lat' dir='ltr'>est</span> <span class='ocrx_word' id='word_1_1124' title='bbox 1646 2555 1792 2596; x_wconf 84' lang='lat' dir='ltr'>Stichus,</span> <span class='ocrx_word' id='word_1_1125' title='bbox 1809 2557 1939 2588; x_wconf 80' lang='lat' dir='ltr'>dandam</span> 
     </span>
     <span class='ocr_line' id='line_1_136' title="bbox 1073 2594 1940 2635; baseline 0.005 -10"><span class='ocrx_word' id='word_1_1126' title='bbox 1073 2604 1089 2626; x_wconf 89' lang='grc'>3</span> <span class='ocrx_word' id='word_1_1127' title='bbox 1113 2594 1255 2625; x_wconf 79' lang='lat' dir='ltr'>Pi·aetore</span> <span class='ocrx_word' id='word_1_1128' title='bbox 1279 2595 1309 2625; x_wconf 93' lang='lat' dir='ltr'>in</span> <span class='ocrx_word' id='word_1_1129' title='bbox 1329 2594 1446 2626; x_wconf 72' lang='lat' dir='ltr'>factum</span> <span class='ocrx_word' id='word_1_1130' title='bbox 1470 2596 1645 2635; x_wconf 70' lang='lat' dir='ltr'>astionem,</span> <span class='ocrx_word' id='word_1_1131' title='bbox 1672 2597 1701 2628; x_wconf 86' lang='lat' dir='ltr'>id</span> <span class='ocrx_word' id='word_1_1132' title='bbox 1720 2597 1783 2635; x_wconf 80' lang='lat' dir='ltr'>eil,</span> <span class='ocrx_word' id='word_1_1133' title='bbox 1808 2598 1940 2630; x_wconf 84' lang='lat' dir='ltr'>dandam</span> 
     </span>
     <span class='ocr_line' id='line_1_137' title="bbox 1073 2636 1941 2677; baseline 0.005 -11"><span class='ocrx_word' id='word_1_1134' title='bbox 1073 2644 1133 2676; x_wconf 87' lang='lat' dir='ltr'>pro</span> <span class='ocrx_word' id='word_1_1135' title='bbox 1150 2645 1184 2667; x_wconf 92' lang='lat' dir='ltr'>re</span> <span class='ocrx_word' id='word_1_1136' title='bbox 1201 2644 1273 2666; x_wconf 85' lang='lat' dir='ltr'>nata</span> <span class='ocrx_word' id='word_1_1137' title='bbox 1289 2636 1467 2675; x_wconf 71' lang='lat' dir='ltr'>actionem,</span> <span class='ocrx_word' id='word_1_1138' title='bbox 1490 2640 1588 2668; x_wconf 87' lang='lat' dir='ltr'>modo</span> <span class='ocrx_word' id='word_1_1139' title='bbox 1610 2638 1640 2668; x_wconf 93' lang='lat' dir='ltr'>in</span> <span class='ocrx_word' id='word_1_1140' title='bbox 1658 2636 1775 2670; x_wconf 68' lang='lat' dir='ltr'>sactum</span> <span class='ocrx_word' id='word_1_1141' title='bbox 1795 2639 1941 2677; x_wconf 86' lang='lat' dir='ltr'>civilem,</span> 
     </span>
     <span class='ocr_line' id='line_1_138' title="bbox 1073 2677 1936 2716; baseline 0.005 -9"><span class='ocrx_word' id='word_1_1142' title='bbox 1073 2677 1172 2708; x_wconf 85' lang='lat' dir='ltr'>modo</span> <span class='ocrx_word' id='word_1_1143' title='bbox 1195 2677 1235 2708; x_wconf 90' lang='lat' dir='ltr'>de</span> <span class='ocrx_word' id='word_1_1144' title='bbox 1259 2677 1356 2709; x_wconf 91' lang='lat' dir='ltr'>dolo:</span> <span class='ocrx_word' id='word_1_1145' title='bbox 1379 2678 1481 2716; x_wconf 81' lang='lat' dir='ltr'>illam,</span> <span class='ocrx_word' id='word_1_1146' title='bbox 1506 2677 1524 2709; x_wconf 82' lang='lat' dir='ltr'>ii</span> <span class='ocrx_word' id='word_1_1147' title='bbox 1551 2688 1614 2709; x_wconf 87' lang='lat' dir='ltr'>non</span> <span class='ocrx_word' id='word_1_1148' title='bbox 1640 2679 1803 2711; x_wconf 81' lang='lat' dir='ltr'>accusetur</span> <span class='ocrx_word' id='word_1_1149' title='bbox 1828 2680 1936 2712; x_wconf 86' lang='lat' dir='ltr'>dolus:</span> 
     </span>
     <span class='ocr_line' id='line_1_139' title="bbox 1072 2717 1939 2762; baseline 0.005 -14"><span class='ocrx_word' id='word_1_1150' title='bbox 1072 2718 1171 2756; x_wconf 89' lang='lat' dir='ltr'>hanc,</span> <span class='ocrx_word' id='word_1_1151' title='bbox 1195 2717 1216 2749; x_wconf 89' lang='lat' dir='ltr'>si</span> <span class='ocrx_word' id='word_1_1152' title='bbox 1233 2718 1391 2758; x_wconf 83' lang='lat' dir='ltr'>culpetur.</span> <span class='ocrx_word' id='word_1_1153' title='bbox 1436 2719 1487 2750; x_wconf 89' lang='lat' dir='ltr'>Sic</span> <span class='ocrx_word' id='word_1_1154' title='bbox 1506 2721 1587 2760; x_wconf 84' lang='lat' dir='ltr'>apud</span> <span class='ocrx_word' id='word_1_1155' title='bbox 1605 2718 1775 2762; x_wconf 88' lang='lat' dir='ltr'>Ulpianum</span> <span class='ocrx_word' id='word_1_1156' title='bbox 1790 2721 1939 2761; x_wconf 82' lang='lat' dir='ltr'>Julianus.</span> 
     </span>
     <span class='ocr_line' id='line_1_140' title="bbox 1072 2758 1939 2802; baseline 0.006 -13"><span class='ocrx_word' id='word_1_1157' title='bbox 1072 2760 1148 2801; x_wconf 90' lang='lat' dir='ltr'>quid</span> <span class='ocrx_word' id='word_1_1158' title='bbox 1173 2758 1413 2791; x_wconf 78' lang='lat' dir='ltr'>Mauricianus?</span> <span class='ocrx_word' id='word_1_1159' title='bbox 1437 2761 1592 2800; x_wconf 80' lang='lat' dir='ltr'>julianum</span> <span class='ocrx_word' id='word_1_1160' title='bbox 1618 2762 1839 2802; x_wconf 84' lang='lat' dir='ltr'>reprehendit:</span> <span class='ocrx_word' id='word_1_1161' title='bbox 1861 2762 1939 2794; x_wconf 83' lang='lat' dir='ltr'>arbi-</span> 
     </span>
     <span class='ocr_line' id='line_1_141' title="bbox 1072 2799 1939 2845; baseline 0.002 -13"><span class='ocrx_word' id='word_1_1162' title='bbox 1072 2809 1191 2839; x_wconf 86' lang='lat' dir='ltr'>tratus,</span> <span class='ocrx_word' id='word_1_1163' title='bbox 1214 2799 1235 2832; x_wconf 87' lang='lat' dir='ltr'>fi</span> <span class='ocrx_word' id='word_1_1164' title='bbox 1260 2799 1429 2841; x_wconf 87' lang='lat' dir='ltr'>Ulpianum</span> <span class='ocrx_word' id='word_1_1165' title='bbox 1453 2804 1596 2834; x_wconf 82' lang='lat' dir='ltr'>audimus</span> <span class='ocrx_word' id='word_1_1166' title='bbox 1619 2805 1646 2834; x_wconf 87' lang='lat' dir='ltr'>d.</span> <span class='ocrx_word' id='word_1_1167' title='bbox 1672 2803 1692 2834; x_wconf 91' lang='lat' dir='ltr'>l.</span> <span class='ocrx_word' id='word_1_1168' title='bbox 1712 2812 1741 2844; x_wconf 76' lang='grc'>7.</span> <span class='ocrx_word' id='word_1_1169' title='bbox 1766 2803 1784 2845; x_wconf 87' lang='lat'>§</span> <span class='ocrx_word' id='word_1_1170' title='bbox 1813 2814 1851 2843; x_wconf 85' lang='lat'>2,</span> <span class='ocrx_word' id='word_1_1171' title='bbox 1875 2803 1939 2835; x_wconf 81' lang='lat' dir='ltr'>five</span> 
     </span>
     <span class='ocr_line' id='line_1_142' title="bbox 1069 2841 1937 2884; baseline 0.002 -11"><span class='ocrx_word' id='word_1_1172' title='bbox 1069 2841 1170 2873; x_wconf 90' lang='lat' dir='ltr'>sciens</span> <span class='ocrx_word' id='word_1_1173' title='bbox 1197 2842 1288 2880; x_wconf 85' lang='lat' dir='ltr'>dedi,</span> <span class='ocrx_word' id='word_1_1174' title='bbox 1312 2841 1375 2873; x_wconf 78' lang='lat' dir='ltr'>sive</span> <span class='ocrx_word' id='word_1_1175' title='bbox 1399 2844 1565 2884; x_wconf 79' lang='lat' dir='ltr'>ignorans,</span> <span class='ocrx_word' id='word_1_1176' title='bbox 1589 2843 1731 2876; x_wconf 87' lang='lat' dir='ltr'>sufficere</span> <span class='ocrx_word' id='word_1_1177' title='bbox 1747 2845 1873 2876; x_wconf 79' lang='lat' dir='ltr'>Civilem</span> <span class='ocrx_word' id='word_1_1178' title='bbox 1891 2845 1937 2875; x_wconf 90' lang='lat' dir='ltr'>in-</span> 
     </span>
     <span class='ocr_line' id='line_1_143' title="bbox 1069 2883 1936 2926; baseline 0.002 -11"><span class='ocrx_word' id='word_1_1179' title='bbox 1069 2884 1149 2915; x_wconf 91' lang='lat' dir='ltr'>certi</span> <span class='ocrx_word' id='word_1_1180' title='bbox 1172 2883 1348 2915; x_wconf 69' lang='lat' dir='ltr'>actionem:</span> <span class='ocrx_word' id='word_1_1181' title='bbox 1372 2885 1403 2915; x_wconf 88' lang='lat' dir='ltr'>id</span> <span class='ocrx_word' id='word_1_1182' title='bbox 1424 2885 1487 2924; x_wconf 87' lang='lat' dir='ltr'>est,</span> <span class='ocrx_word' id='word_1_1183' title='bbox 1511 2885 1651 2917; x_wconf 85' lang='lat' dir='ltr'>sufficere</span> <span class='ocrx_word' id='word_1_1184' title='bbox 1677 2886 1834 2917; x_wconf 67' lang='lat' dir='ltr'>astionem</span> <span class='ocrx_word' id='word_1_1185' title='bbox 1861 2895 1936 2926; x_wconf 87' lang='lat' dir='ltr'>prae-</span> 
     </span>
     <span class='ocr_line' id='line_1_144' title="bbox 1069 2924 1934 2965; baseline 0.002 -10"><span class='ocrx_word' id='word_1_1186' title='bbox 1069 2924 1191 2965; x_wconf 89' lang='lat' dir='ltr'>scriptis</span> <span class='ocrx_word' id='word_1_1187' title='bbox 1216 2925 1341 2963; x_wconf 85' lang='lat' dir='ltr'>verbis,</span> <span class='ocrx_word' id='word_1_1188' title='bbox 1365 2935 1470 2965; x_wconf 86' lang='lat' dir='ltr'>neque</span> <span class='ocrx_word' id='word_1_1189' title='bbox 1494 2927 1696 2959; x_wconf 75' lang='lat' dir='ltr'>necessariam</span> <span class='ocrx_word' id='word_1_1190' title='bbox 1721 2925 1783 2958; x_wconf 73' lang='lat' dir='ltr'>ess&#39;e</span> <span class='ocrx_word' id='word_1_1191' title='bbox 1800 2928 1840 2958; x_wconf 89' lang='lat' dir='ltr'>de</span> <span class='ocrx_word' id='word_1_1192' title='bbox 1857 2927 1934 2958; x_wconf 83' lang='lat' dir='ltr'>dolo</span> 
     </span>
     <span class='ocr_line' id='line_1_145' title="bbox 1070 2966 1934 3007; baseline -0.001 -10"><span class='ocrx_word' id='word_1_1193' title='bbox 1070 2966 1247 2998; x_wconf 72' lang='lat' dir='ltr'>actionem:</span> <span class='ocrx_word' id='word_1_1194' title='bbox 1270 2966 1300 2997; x_wconf 74' lang='grc' dir='ltr'>ἃ</span> <span class='ocrx_word' id='word_1_1195' title='bbox 1317 2966 1458 2998; x_wconf 77' lang='lat' dir='ltr'>causatur</span> <span class='ocrx_word' id='word_1_1196' title='bbox 1476 2968 1708 3006; x_wconf 83' lang='lat' dir='ltr'>Mauricianus,</span> <span class='ocrx_word' id='word_1_1197' title='bbox 1723 2968 1810 3004; x_wconf 79' lang='lat' dir='ltr'>quod</span> <span class='ocrx_word' id='word_1_1198' title='bbox 1826 2966 1870 2999; x_wconf 89' lang='lat' dir='ltr'>est</span> <span class='ocrx_word' id='word_1_1199' title='bbox 1887 2967 1934 3007; x_wconf 83' lang='lat' dir='ltr'>sy-</span> 
     </span>
     <span class='ocr_line' id='line_1_146' title="bbox 1070 3007 1937 3047; baseline -0.001 -9"><span class='ocrx_word' id='word_1_1200' title='bbox 1070 3008 1239 3047; x_wconf 79' lang='lat' dir='ltr'>nallagma3</span> <span class='ocrx_word' id='word_1_1201' title='bbox 1255 3017 1295 3039; x_wconf 82' lang='lat' dir='ltr'>ex</span> <span class='ocrx_word' id='word_1_1202' title='bbox 1312 3016 1376 3047; x_wconf 85' lang='lat' dir='ltr'>quo</span> <span class='ocrx_word' id='word_1_1203' title='bbox 1387 3017 1459 3039; x_wconf 86' lang='lat' dir='ltr'>nata</span> <span class='ocrx_word' id='word_1_1204' title='bbox 1476 3009 1561 3041; x_wconf 84' lang='lat' dir='ltr'>civili</span> <span class='ocrx_word' id='word_1_1205' title='bbox 1579 3010 1690 3041; x_wconf 91' lang='lat' dir='ltr'>incerti</span> <span class='ocrx_word' id='word_1_1206' title='bbox 1706 3007 1847 3045; x_wconf 68' lang='lat' dir='ltr'>actione,</span> <span class='ocrx_word' id='word_1_1207' title='bbox 1865 3016 1937 3046; x_wconf 78' lang='lat' dir='ltr'>quae</span> 
     </span>
     <span class='ocr_line' id='line_1_147' title="bbox 1071 3048 1936 3090; baseline -0.001 -11"><span class='ocrx_word' id='word_1_1208' title='bbox 1071 3048 1114 3080; x_wconf 86' lang='lat' dir='ltr'>est</span> <span class='ocrx_word' id='word_1_1209' title='bbox 1140 3048 1223 3079; x_wconf 68' lang='lat' dir='ltr'>aetio</span> <span class='ocrx_word' id='word_1_1210' title='bbox 1241 3048 1431 3090; x_wconf 66' lang='lat' dir='ltr'>praescriptis</span> <span class='ocrx_word' id='word_1_1211' title='bbox 1448 3051 1554 3082; x_wconf 87' lang='lat' dir='ltr'>verbis</span> <span class='ocrx_word' id='word_1_1212' title='bbox 1567 3075 1575 3089; x_wconf 88' lang='lat'>,</span> <span class='ocrx_word' id='word_1_1213' title='bbox 1598 3051 1688 3081; x_wconf 85' lang='lat' dir='ltr'>dolus</span> <span class='ocrx_word' id='word_1_1214' title='bbox 1703 3048 1723 3080; x_wconf 86' lang='lat' dir='ltr'><strong>fi</strong></span> <span class='ocrx_word' id='word_1_1215' title='bbox 1740 3049 1808 3085; x_wconf 78' lang='lat' dir='ltr'>quis</span> <span class='ocrx_word' id='word_1_1216' title='bbox 1823 3049 1936 3079; x_wconf 88' lang='lat' dir='ltr'>admis-</span> 
     </span>
     <span class='ocr_line' id='line_1_148' title="bbox 1070 3087 1936 3132; baseline -0.002 -11"><span class='ocrx_word' id='word_1_1217' title='bbox 1070 3089 1117 3121; x_wconf 89' lang='lat' dir='ltr'>sus</span> <span class='ocrx_word' id='word_1_1218' title='bbox 1131 3089 1193 3121; x_wconf 75' lang='lat' dir='ltr'>ess&#39;e</span> <span class='ocrx_word' id='word_1_1219' title='bbox 1210 3090 1383 3131; x_wconf 88' lang='lat' dir='ltr'>probetur,</span> <span class='ocrx_word' id='word_1_1220' title='bbox 1408 3093 1568 3123; x_wconf 82' lang='lat' dir='ltr'>emendari</span> <span class='ocrx_word' id='word_1_1221' title='bbox 1587 3089 1698 3132; x_wconf 85' lang='lat' dir='ltr'>potest.</span> <span class='ocrx_word' id='word_1_1222' title='bbox 1742 3087 1793 3118; x_wconf 90' lang='lat' dir='ltr'>Sic</span> <span class='ocrx_word' id='word_1_1223' title='bbox 1816 3088 1936 3120; x_wconf 88' lang='lat' dir='ltr'>Mauri-</span> 
     </span>
     <span class='ocr_line' id='line_1_149' title="bbox 1069 3129 1937 3173; baseline -0.001 -11"><span class='ocrx_word' id='word_1_1224' title='bbox 1069 3132 1196 3169; x_wconf 89' lang='lat' dir='ltr'>cianus,</span> <span class='ocrx_word' id='word_1_1225' title='bbox 1213 3139 1309 3171; x_wconf 86' lang='lat' dir='ltr'>atque</span> <span class='ocrx_word' id='word_1_1226' title='bbox 1328 3141 1361 3162; x_wconf 88' lang='lat' dir='ltr'>ut</span> <span class='ocrx_word' id='word_1_1227' title='bbox 1381 3130 1533 3173; x_wconf 83' lang='lat' dir='ltr'>Ulpianus</span> <span class='ocrx_word' id='word_1_1228' title='bbox 1552 3131 1676 3167; x_wconf 86' lang='lat' dir='ltr'>censet,</span> <span class='ocrx_word' id='word_1_1229' title='bbox 1693 3129 1825 3168; x_wconf 73' lang='lat' dir='ltr'>rectius,</span> <span class='ocrx_word' id='word_1_1230' title='bbox 1841 3138 1937 3168; x_wconf 80' lang='lat' dir='ltr'>quam</span> 
     </span>
    </p>
   </div>
   <div class='ocr_carea' id='block_1_8' title="bbox 1066 3169 1937 3243">
    <p class='ocr_par' dir='ltr' id='par_1_11' title="bbox 1066 3169 1937 3243">
     <span class='ocr_line' id='line_1_150' title="bbox 1066 3169 1937 3214; baseline -0.005 -9"><span class='ocrx_word' id='word_1_1231' title='bbox 1066 3172 1227 3211; x_wconf 85' lang='lat' dir='ltr'>Julianus:</span> <span class='ocrx_word' id='word_1_1232' title='bbox 1251 3174 1384 3214; x_wconf 81' lang='lat' dir='ltr'>opinor,</span> <span class='ocrx_word' id='word_1_1233' title='bbox 1409 3183 1443 3205; x_wconf 86' lang='lat' dir='ltr'>re</span> <span class='ocrx_word' id='word_1_1234' title='bbox 1473 3176 1510 3206; x_wconf 80' lang='lat' dir='ltr'>ati</span> <span class='ocrx_word' id='word_1_1235' title='bbox 1537 3180 1644 3205; x_wconf 83' lang='lat' dir='ltr'>verum</span> <span class='ocrx_word' id='word_1_1236' title='bbox 1661 3178 1755 3210; x_wconf 87' lang='lat' dir='ltr'>atque</span> <span class='ocrx_word' id='word_1_1237' title='bbox 1771 3170 1810 3203; x_wconf 85' lang='lat' dir='ltr'>ad</span> <span class='ocrx_word' id='word_1_1238' title='bbox 1825 3169 1937 3202; x_wconf 84' lang='lat' dir='ltr'>subtile</span> 
     </span>
     <span class='ocr_line' id='line_1_151' title="bbox 1864 3220 1935 3243; baseline 0 -1"><span class='ocrx_word' id='word_1_1239' title='bbox 1864 3220 1935 3243; x_wconf 72' lang='lat' dir='ltr'>eita-</span> 
     </span>
    </p>
   </div>
  </div>
 </body>
</html>
