2036 3495
471 93 536 131 An
562 97 651 132 Ltn.
680 93 727 130 V.
764 94 862 130 Τιτ.
893 88 951 129 ΙΙΙ.
984 90 1034 128 De
1049 89 1229 128 hereditatis
1239 92 1394 140 petitione.

42 191 117 224 ideo
135 191 163 222 &
182 189 232 222 fur
250 189 398 229 &raptor
414 195 453 219 ex
469 184 622 218 sementia
635 184 761 224 Ulpiani
779 185 907 232 petitio·-

41 242 82 265 ne
102 233 285 264 hereditatis
303 238 449 262 tenentur
466 229 493 259 d.
514 229 533 259 l.
555 236 600 259 11.
619 226 646 268 §.
669 235 694 257 1.
715 226 751 272 &²
767 226 787 256 l.
810 235 852 273 ¹²:
873 225 908 260 ὣ)

44 284 90 313 1‘3.
124 274 219 306 Addit
234 271 387 312 Ulpianus
396 270 432 343 ff.
451 280 475 301 1.
492 271 520 302 d.
537 268 555 299 l.
575 277 618 308 ¹3·
645 268 795 299 omnibus
812 276 906 314 etiam

39 310 161 347 Titulis
178 315 261 346 hunc
276 322 333 354 pro
351 322 392 352 po
418 310 519 342 essere
545 309 682 354 haerere,
707 308 736 339 &
755 308 836 349 quasi
861 318 905 354 iii-

39 357 177 398 junctum
194 354 267 387 esse.
280 352 393 385 ‘Verez
409 352 430 384 fi
447 352 487 384 de
498 349 740 382 vitiosisTitulis
759 350 904 381 exaudia-

41 407 111 430 tur:
135 405 270 438 quorum
287 397 382 426 etiam
401 394 431 425 in
458 394 484 423 d.
503 392 530 434 §.
560 400 584 423 1.
611 391 777 436 complura
802 390 906 436 adfert

41 439 196 478 exempla.
219 436 268 468 sed
287 445 342 466 ero
360 436 422 466 hoc
439 443 502 465 uno
518 440 708 464 contentus:
724 432 754 463 Si
773 441 843 478 quia
862 433 905 463 di·

40 490 109 518 cat,
136 479 166 510 se
182 487 239 518 pro
255 484 401 516 emptore
417 474 571 514 poffidere
593 476 681 514 quod
699 484 715 505 a
735 472 855 504 furioso
874 482 903 504 e-

41 523 99 553 mit
117 521 223 552 sciens.
247 519 321 559 quid
338 518 420 548 enim
438 515 585 553 interest,
604 523 707 546 utrum
724 515 844 548 nullum
864 514 904 545 al-

42 565 127 604 leget
137 561 260 593 titulum
271 568 326 598 ‚an
339 559 431 589 talem
441 557 492 595 qui
506 565 564 596 pro
573 557 661 588 nullo
671 557 821 603 habeatur
835 554 905 603 'ipso

39 605 106 644 jure
118 603 134 634 ¹?
150 602 200 633 sed
211 599 376 633 manifesto
387 623 396 636 ,
413 599 528 630 nullam
540 597 602 629 esse
621 598 728 629 furiosi
748 600 902 643 venditio·

40 654 112 676 nem
122 667 131 682 ,
147 644 228 675 idcm
239 641 282 673 est
293 665 302 679 ‚
319 640 486 681 possessore
498 639 578 670 hanc
593 640 748 680 allegante
758 662 766 676 ,
784 648 820 669 ac
831 637 851 669 si
862 638 904 668 di-

40 695 108 717 cat:
132 685 222 720 Scio,
238 682 388 714 furiosum
404 691 420 712 a
437 691 501 721 quo
511 681 580 712 emi
592 704 602 718 ‚
620 690 683 712 non
702 681 816 712 habere
833 688 905 709 ven·

40 727 132 758 dendi
150 724 332 756 facultatem
344 732 468 763 ‚eoque
484 732 535 754 me
553 722 715 762 nullojure
735 721 905 768 possidere:

39 767 161 800 interim
173 766 261 802 volo,
271 766 301 796 id
313 764 468 805 possidere
479 764 641 803 ideo,quia
653 764 729 794 volo
741 764 905 803 possidere.

79 809 169 840 Hoc:
194 806 214 838 si
239 807 346 838 titulus
369 806 405 837 fit
430 805 567 845 injustus.
591 805 665 845 quid
690 804 710 836 si
731 804 827 844 jtistus
845 802 904 834 sit?

36 851 95 891 jam
118 847 211 880 cessat
235 848 419 879 hereditatis
445 847 561 886 petitio
586 846 606 878 l.
641 855 686 878 11.
706 846 736 877 C.
755 846 782 876 h.
799 851 819 875 t.
841 844 859 874 l.
875 853 904 882 4.

38 892 71 922 C.
92 890 125 922 In
141 891 216 931 quib.
231 891 307 926 caulL
319 888 380 929 ceff.
393 889 469 929 long.
486 894 558 928 temp
583 888 737 927 praescript.
760 895 800 917 eo
817 886 904 926 quod

37 932 219 972 fingularem
236 931 373 971 allegans
393 929 537 967 titulum,
562 929 661 968 ipsum
676 928 808 968 justum,
832 935 904 957 cum

36 973 155 1005 herede
170 981 234 1003 non
245 972 284 1003 de
294 971 474 1003 hereditate
490 972 659 1002 contendit
674 970 768 1001 titulo
779 978 836 1009 pro
851 968 904 999 he-

35 1015 111 1046 rede
127 1023 180 1045 aut
197 1023 253 1052 pro
279 1012 468 1053 possessore,
492 1021 556 1052 quo
584 1021 647 1042 uno
666 1010 735 1057 casu
751 1011 840 1042 locus
860 1008 904 1040 est

36 1056 183 1096 petitioni
202 1055 401 1086 hereditatis:
429 1053 479 1085 sed
496 1054 524 1083 ei
550 1061 660 1085 movet
686 1053 770 1099 litem
789 1052 828 1082 de
847 1052 901 1097 do·

36 1097 135 1129 minio
151 1105 191 1127 ex
208 1095 298 1127 causa
314 1095 486 1136 emptionis
500 1094 676 1135 adquisit03
700 1096 840 1133 ideoque
858 1101 902 1137 rei

38 1139 255 1170 vindicatione
271 1137 519 1168 conveniendus.
543 1145 613 1167 nam
627 1144 733 1166 utnon
752 1134 787 1165 sit
803 1135 903 1164 domi-

38 1189 116 1217 nus,
141 1187 245 1210 tamen
266 1187 330 1209 non
347 1177 391 1209 est
407 1178 566 1209 deteriore
585 1177 774 1208 conditione
786 1198 795 1213 ,
810 1184 903 1221 quam

38 1221 149 1252 heres:
174 1221 226 1260 qui
244 1229 283 1250 eo
300 1221 385 1258 quod
401 1219 610 1249 hereditatem
629 1217 710 1248 suam
728 1217 788 1248 esse
805 1217 903 1254 dicit,

37 1272 101 1294 non
119 1261 238 1293 idcirco
256 1260 400 1298 obtinet,
417 1259 446 1290 se
459 1258 520 1290 esse
537 1260 704 1303 dominum
717 1257 902 1298 singularum

39 1313 142 1335 rerum
161 1302 356 1333 hereditatis.
381 1302 411 1332 in
427 1300 490 1340 pari
506 1309 610 1331 autem
627 1300 714 1330 causa
735 1300 842 1338 potior
858 1298 903 1330 est

38 1344 181 1376 conditio
199 1342 398 1383 possidentis,
416 1351 508 1382 quain
524 1341 589 1381 ejus
607 1341 659 1381 qui
677 1350 740 1371 non
753 1340 904 1385 possidet.

39 1386 101 1418 Sed
124 1383 271 1424 profecto
296 1382 424 1414 interest
446 1384 529 1414 inter
545 1383 589 1413 rei
608 1382 857 1413 vindicationem
875 1381 904 1413 &

37 1425 220 1458 hereditatis
242 1425 444 1465 petitionem.
470 1424 520 1455 illa
544 1423 671 1454 obtinet
697 1432 904 1464 quocumque

37 1468 132 1500 titulo
157 1476 205 1499 res
229 1466 430 1506 possideatur.
460 1464 515 1496 ista
539 1464 637 1497 solum
658 1464 741 1496 valet
760 1463 905 1497 adversus

38 1519 110 1541 eum
127 1509 178 1549 qui
190 1517 248 1548 pro
266 1507 384 1538 herede
395 1514 448 1538 aut
465 1515 523 1545 pro
538 1505 727 1545 possessore,
745 1506 776 1537 id
791 1506 834 1537 est
846 1529 855 1544 ,
871 1506 904 1538 fi-

40 1560 80 1582 ne
96 1549 202 1587 causa,
224 1549 366 1588 possidet.
382 1557 442 1579 nec
457 1547 556 1579 fuerit
570 1547 729 1587 iniquum,
753 1548 904 1580 heredem

43 1600 152 1621 verum
180 1588 319 1629 praeferri
342 1588 438 1627 falso,
461 1587 603 1629 quamvis
629 1589 768 1628 dicenti,
791 1587 821 1620 se
845 1599 904 1630 pro

40 1632 159 1663 herede
176 1638 228 1661 aut
244 1639 301 1669 pro
317 1629 484 1667 possessore
502 1630 666 1670 possidere.
680 1670 685 1674 .
697 1631 828 1670 proinde
849 1640 904 1672 pu-

44 1680 148 1704 tarunt
164 1671 291 1710 quidem
312 1670 466 1710 Veteres,
489 1671 519 1702 in
538 1673 582 1702 rei
601 1671 833 1710 vindicatione,
851 1673 904 1704 ubi

41 1724 108 1745 non
125 1711 252 1744 interest
269 1712 434 1753 petitoris,
459 1722 518 1752 qua
533 1722 572 1744 ex
588 1711 677 1743 causa
699 1712 906 1753 possideatur,

43 1755 172 1787 incivile
196 1753 257 1784 esse
274 1776 283 1791 ,
312 1753 514 1794 possessorem
537 1754 628 1794 cogi,
651 1753 757 1785 dicere
781 1755 905 1787 titulum

41 1796 103 1828 suae
119 1795 329 1834 posseffionis;
355 1794 406 1827 sed
423 1795 451 1826 in
470 1794 625 1836 petitione
641 1794 822 1827 hereditatis
838 1806 905 1828 vnon

44 1837 107 1869 esse
121 1838 181 1869 ita:
198 1845 267 1867 narn
284 1836 314 1867 in
337 1845 372 1867 ea
393 1835 538 1867 interesse
555 1836 719 1876 petitoris,
741 1846 781 1869 ne
797 1836 907 1870 frustra

44 1878 242 1919 experiatur,
265 1885 338 1908 ante
363 1886 402 1908 ex
425 1887 480 1908 reo
504 1878 699 1918 intelligere,
724 1886 828 1910 utrum
848 1889 906 1920 pro

46 1920 183 1956 herede,
207 1928 244 1950 an
270 1928 328 1959 pro
351 1917 542 1959 possessore,
564 1919 695 1951 aliterve
711 1920 863 1960 possideat
876 1922 904 1953 d.

41 1961 61 1992 I.
86 1970 130 1992 ii.
150 1960 182 1991 C.
196 1960 225 1991 h.
244 1965 264 1990 t.

81 2001 160 2033 Satis
172 2025 181 2039 ‚
205 2009 240 2031 ut
254 2002 386 2041 opinor,
403 2000 447 2032 est
467 2001 713 2035 demonstratum
724 2026 734 2042 ‚
750 2002 908 2035 heredita-

42 2043 82 2074 tis
99 2042 288 2084 petitionem
306 2052 323 2073 a
345 2043 486 2074 Praetore
504 2044 646 2083 promitti
665 2043 811 2076 adversus
835 2055 907 2077 eum

42 2085 95 2124 qui
124 2083 330 2115 hereditatem
356 2093 416 2124 pro
441 2083 559 2115 herede
577 2107 586 2123 ‚
616 2094 716 2124 prove
742 2085 910 2126 possessore

44 2125 186 2165 possidet.
230 2124 329 2156 Porro
346 2124 487 2156 oblivisci
507 2135 570 2157 non
588 2127 681 2157 debui
699 2151 707 2166 ‚
738 2127 830 2158 etiam
849 2128 911 2159 esse

44 2165 98 2206 qui
110 2175 143 2196 ut
159 2167 287 2206 proprie
304 2176 367 2198 non
387 2166 560 2206 possideant
577 2176 635 2208 pro
654 2168 791 2208 herede,
808 2178 911 2209 prove

45 2206 233 2248 possessore3
250 2208 309 2239 illis
319 2216 422 2239 tamen
434 2217 496 2239 non
508 2207 660 2240 absimiles
671 2210 833 2241 habentur.
850 2220 910 2252 qua

43 2249 166 2280 ratione
184 2248 278 2279 cessat
295 2249 422 2288 quidem
438 2249 581 2280 adversus
599 2260 655 2281 eos
673 2261 710 2282 ex
720 2250 824 2283 EdiCti
843 2262 911 2283 ver-

43 2291 92 2321 bis
103 2290 218 2321 directa
235 2290 418 2322 hereditatis
436 2291 569 2330 petitio:
594 2291 644 2323 sed
664 2302 703 2323 ex
720 2294 784 2332 ejus
802 2301 910 2324 mente

43 2332 72 2363 &
89 2330 241 2362 sententia
259 2332 452 2362 darni-utilis.
476 2332 511 2363 sit
527 2341 566 2363 ex
584 2332 601 2363 l.
617 2342 660 2364 11.
673 2335 719 2365 D.
730 2336 785 2365 h.t.
803 2344 910 2366 exem-

42 2372 128 2413 plum
146 2373 175 2403 in
187 2372 345 2404 bonorum
361 2372 539 2413 possessore.
564 2373 587 2404 is
599 2375 666 2413 jure
683 2375 767 2407 civili
781 2385 845 2407 non
864 2376 909 2407 est

42 2414 150 2452 heres,
174 2412 225 2444 sed
240 2414 306 2454 jure
333 2411 486 2445 Praetorio
503 2414 594 2446 instar
617 2415 740 2448 heredis
762 2416 907 2449 habetur.

42 2455 136 2486 Aliud
153 2455 335 2493 exemplum
359 2456 387 2486 in
405 2456 424 2486 l.
447 2465 490 2496 ¹3-
511 2455 535 2497 §.
552 2460 580 2487 6.
605 2457 634 2487 in
659 2457 908 2490 fideicommissa-

41 2497 106 2527 rio:
122 2505 190 2526 nam
203 2506 261 2527 nec
280 2497 330 2527 iile
346 2497 389 2528 est
406 2498 474 2537 Jure
490 2497 572 2528 civili
591 2497 700 2536 lieres,
718 2499 772 2531 etsi
791 2499 910 2531 restitu-

44 2544 73 2567 ta
98 2546 137 2567 ex
161 2536 403 2569 fideicommissi)
428 2538 622 2578 hereditate,
646 2549 778 2582 propter
802 2541 909 2572 aueto-

43 2578 167 2609 ritatem
191 2577 458 2611 senatusconsulti
482 2579 705 2620 Trebelliani,
729 2592 745 2613 a
769 2581 909 2613 Praetore

46 2618 168 2649 heredis
183 2619 257 2650 loco
274 2619 415 2652 habetur.
434 2620 549 2653 Praeter
561 2622 628 2653 haec
639 2625 778 2654 occurrit
789 2624 818 2654 in
833 2624 908 2662 t.46.

44 2660 72 2690 b.
85 2664 105 2689 t.
122 2668 161 2690 ex
173 2658 354 2704 Modestino
370 2664 549 2702 exemplum
562 2663 592 2694 in
609 2673 666 2703 eo,
684 2665 733 2695 cui
750 2673 908 2704 tamquam

44 2700 174 2740 indigno
198 2699 353 2733 hereditas
370 2711 385 2732 a
401 2702 476 2734 fisco
501 2703 651 2735 aufertur.
696 2705 802 2737 Verba
822 2706 907 2738 sunt:

44 2741 190 2772 Praedonis
207 2740 263 2772 loco
290 2743 487 2783 intelligendus
509 2743 547 2784 ⁶st
563 2746 605 2781 is.
629 2748 679 2787 qiiz'
692 2749 810 2778 tacitam
820 2747 909 2787 fidem

43 2781 261 2822 interposuerit,
283 2789 316 2813 ut
333 2793 388 2813 non
405 2786 526 2824 capienti
542 2784 698 2825 restitueret
715 2789 907 2819 hereditatem.

43 2823 120 2854 Erat
131 2822 257 2867 quidem
275 2823 327 2854 hic
345 2834 436 2855 verus
453 2826 542 2857 heres
559 2827 576 2857 l.
586 2828 709 2870 43.§.3.
723 2830 812 2861 D.de
823 2830 907 2870 vulg.

41 2864 79 2898 ὅ)
91 2864 182 2904 pupil.
198 2861 308 2910 substa.
334 2863 384 2910 sed
401 2866 544 2898 adversus
560 2868 688 2908 fiscum,
705 2871 732 2901 ei
749 2871 906 2902 heredita-

43 2915 107 2937 tem
125 2914 283 2944 tamquam
301 2908 430 2946 indigno
447 2907 660 2946 auserentem,
686 2921 749 2943 non
775 2913 909 2943 habetur

40 2947 153 2985 heres3
176 2945 231 2977 etsi
248 2947 322 2977 alias
340 2947 429 2979 heres
447 2948 507 2979 esse
523 2958 587 2980 non
606 2950 735 2983 desinat.
761 2952 909 2993 intelligi-

42 2997 94 3019 tur
109 2997 206 3027 erg0,
224 2996 258 3019 ut
278 2987 477 3019 Modestinus
492 2991 552 3027 ait,
568 2990 598 3021 in
617 2991 676 3023 hac
690 2994 814 3025 actione
831 3004 908 3034 prae-

41 3031 104 3067 do;
120 3029 140 3060 si
157 3029 248 3067 sciat,
264 3038 377 3069 agente
393 3028 478 3060 fisco.
502 3029 551 3061 De
566 3041 712 3071 emptore
724 3034 909 3066 hereditatis

40 3069 190 3110 quaeritur
206 3070 236 3101 in
252 3071 277 3100 d.
298 3071 317 3101 l.
337 3079 380 3111 ¹3·
399 3070 517 3111 §cl-&³⁹
530 3077 601 3113 seqq.
618 3072 728 3108 D.&l.
746 3086 774 3107 2.
792 3076 824 3107 C,
841 3076 867 3106 h.
888 3081 908 3106 t.

40 3112 212 3150 multisque
228 3110 437 3151 quaestionem
456 3114 637 3145 examinant
654 3114 793 3148 Faberin
809 3116 908 3148 Ratio-

39 3153 127 3182 nalib.
151 3153 296 3191 Cujacius
310 3153 357 3184 lib.
368 3163 397 3189 9.
417 3153 536 3188 Observ.
552 3164 574 3184 c.
589 3165 637 3195 25.
649 3156 711 3187 alii.
737 3156 788 3188 sed
808 3166 840 3188 tu
857 3159 908 3191 ad·

37 3192 127 3266 deffsjs
143 3193 349 3268 W}s}“enbach
363 3196 402 3226 ad
418 3195 504 3236 lib.5.
521 3195 617 3228 Pana.
637 3197 723 3238 Disp.
742 3207 787 3239 17.
805 3199 847 3231 th.
859 3208 906 3242 17.

101 3243 155 3267 om.
222 3257 231 3267 .

1762 100 1828 141 139

994 181 1099 213 Multa
1125 182 1188 214 dixi
1208 204 1218 222 ,
1249 183 1365 216 restant
1386 184 1513 225 aliqua:
1537 190 1607 216 nam
1631 188 1666 215 ut
1689 182 1827 215 maxime·

952 222 1074 254 Praetor
1100 225 1291 264 petitionem
1308 227 1492 258 hereditatis
1512 224 1657 257 adversus
1681 224 1830 266 possesso-

951 273 1016 295 rem
1029 265 1223 304 promiserit:
1239 275 1343 298 tamen
1362 276 1472 299 monet
1484 266 1658 307 Ulpianusl
1683 267 1765 308 13.§.
1782 277 1825 308 ¹3⁶

951 303 992 335 D.
1010 305 1076 348 [με.
1095 306 1304 340 hereditatem
1320 310 1477 340 interdum
1498 310 1561 349 peti
1580 318 1708 353 quoque
1725 310 1763 339 ab
1781 317 1822 339 eo

949 345 1002 386 qui
1020 345 1096 378 niliil
1116 348 1258 386 possidet.
1283 358 1384 389 pone:
1399 349 1510 391 aliquis
1523 375 1530 385 ,
1547 359 1620 381 cum
1637 349 1711 381 nihil
1730 350 1824 391 posfi-

949 391 1058 425 deret,
1075 386 1105 417 se
1118 388 1239 420 obtulit
1259 390 1424 430 petitioni:
1449 391 1490 422 ait
1507 391 1679 431 Ulpianus,
1695 391 1735 423 sic
1750 391 1822 424 Cel-

948 427 1012 459 sum
1030 427 1164 459 s'cribere
1181 429 1233 461 lib.
1244 441 1273 469 4.
1291 430 1516 472 Digestorum
1535 434 1562 464 dt
1575 432 1718 473 praefari,
1734 433 1822 473 quod

948 469 1026 499 dolo
1043 468 1120 499 sacit
1138 471 1189 509 qui
1209 470 1238 501 se
1257 474 1405 512 petitioni
1419 473 1534 506 offert:
1549 484 1683 515 eamque
1701 474 1822 506 senten-

950 510 1025 540 tiam
1051 519 1068 540 a
1093 510 1251 543 Mai-cello
1273 515 1465 554 generaliter
1486 515 1611 556 probari
1630 517 1712 555 aptid
1729 515 1821 552 Julia-

947 560 1040 582 num:
1065 559 1176 590 putare
1193 554 1297 593 enim,
1323 565 1451 587 omnem
1471 556 1500 587 se
1516 556 1665 597 petitioni
1684 556 1822 589 offeren-

948 600 1030 630 tem,
1056 591 1138 632 quasi
1159 594 1389 635 possidentem,
1414 597 1524 629 teneri.
1571 597 1731 629 Caeteruni
1758 599 1822 630 hoc

948 633 1013 674 ipse
1031 642 1093 665 tem
1121 643 1188 665 erat
1212 635 1320 667 Celsus
1340 638 1358 668 l.
1380 649 1428 678 45.
1445 640 1473 670 d.
1492 645 1511 669 t.
1531 648 1625 678 quam
1644 649 1684 671 ex
1702 641 1767 678 ejus
1786 641 1821 671 li-

950 675 1009 719 bro
1026 685 1055 714 4.
1129 676 1298 716 igestoruin
1317 679 1378 710 esse
1391 703 1400 717 ‚
1423 689 1463 711 ex
1481 679 1691 720 Inscriptione
1707 682 1823 712 intelli-

949 724 1041 757 gitur.
1088 715 1194 747 Verba
1220 717 1321 751 Celsi:
1347 720 1451 765 QJtz'Je
1471 721 1518 751 liti
1534 722 1656 759 obtulit,
1680 732 1744 753 cum
1763 731 1821 753 rem

949 767 1005 788 non
1013 756 1177 798 poffideret‚
1191 761 1413 794 condemnatur.-
1427 761 1519 800 nisisi
1534 761 1747 803 evidentzffimis
1755 771 1821 804 pro-

948 800 1108 830 nationibus
1122 797 1204 839 poffit
1221 801 1361 840 ostendere
1372 827 1381 839 .
1405 804 1527 835 asturem
1544 806 1579 835 ab
1594 805 1675 835 inicio
1692 804 1821 843 litisscz'-

948 849 995 877 re,
1015 849 1078 870 etim
1094 849 1151 871 non
1161 840 1313 881 pofficlere:
1336 846 1439 886 quippe
1454 843 1504 886 isto
1519 847 1597 877 morlo
1614 856 1671 877 non
1689 843 1727 886 est
1744 848 1820 877 dece-

945 887 1022 922 ptus.
1043 880 1079 915 &³
1101 883 1200 922 quise
1224 884 1388 916 hereditatis
1410 888 1541 927 petitioni
1568 889 1688 924 obtulit,
1713 898 1748 919 ex
1763 888 1821 919 eloti

948 922 1077 968 clausula
1093 929 1223 955 tenetur.-
1239 923 1490 968 aesti'nzcirz'scilz‘cet
1505 930 1657 969 oportebit,
1674 931 1780 970 quanti
1794 938 1821 960 e-

941 973 993 1004 ]us
1011 964 1167 1002 interfuit,
1191 975 1248 997 non
1263 968 1362 1007 decipi.

990 1004 1149 1045 Superiori
1166 1005 1245 1038 casui
1264 1008 1419 1049 Ulpianus
1429 1011 1455 1041 (I.
1471 1010 1490 1042 l.
1506 1020 1549 1052 ¹3·
1568 1010 1595 1053 §.
1610 1020 1655 1049 14.
1672 1011 1760 1044 addit
1777 1011 1822 1043 se-

946 1055 1117 1087 quentem:
1140 1046 1245 1092 siquis
1266 1049 1383 1082 fecerit
1402 1053 1479 1083 dolo
1503 1053 1586 1084 malo
1602 1076 1611 1092 ‚
1636 1062 1700 1094 quo
1718 1055 1822 1085 minus

946 1088 1127 1129 possideret.
1151 1089 1204 1120 sed
1225 1089 1248 1122 is
1265 1090 1531 1132 interpretatione
1551 1094 1823 1126 Senatusconsulti

947 1130 1054 1169 (quod
1073 1129 1118 1160 est
1135 1130 1163 1160 in
1183 1131 1203 1161 l.
1227 1142 1275 1163 20.
1294 1133 1322 1174 §.
1345 1139 1374 1165 6.
1392 1136 1418 1165 b.
1442 1137 1485 1174 t.)
1503 1145 1562 1173 pro
1581 1135 1752 1176 possessore
1770 1136 1822 1167 ha-

947 1171 1057 1215 betur:
1073 1180 1143 1202 cuni
1161 1181 1234 1203 ante
1245 1183 1307 1206 non
1325 1174 1403 1206 esset
1418 1175 1474 1206 ita:
1491 1177 1569 1207 sicut
1585 1178 1690 1209 necin
1708 1179 1752 1209 rei
1766 1176 1823 1209 sin·

945 1213 1059 1252 gul-aris
1076 1213 1311 1255 vindicatione3
1328 1217 1366 1248 ad
1378 1226 1470 1257 quam
1487 1227 1524 1249 ea
1540 1217 1763 1258 interpretatio
1779 1227 1823 1250 ex

947 1254 1010 1284 hoc
1025 1254 1307 1288 Senatuseonsulto
1318 1267 1447 1298 quoque
1463 1259 1613 1297 devenit;
1629 1259 1708 1291 teste
1723 1261 1823 1292 Paulo

946 1296 964 1325 l.
982 1305 1018 1340 ²7.
1046 1295 1073 1337 §.
1091 1305 1119 1340 3.-
1137 1296 1178 1327 D.
1196 1299 1228 1328 de
1243 1299 1285 1329 rei
1298 1301 1408 1330 vindic.
1448 1299 1616 1340 Postquam
1634 1308 1739 1333 tamen
1756 1301 1821 1333 hoc

947 1338 1088 1368 obtinuit
1109 1347 1139 1368 in
1164 1339 1322 1378 petitione
1350 1340 1562 1380 hereditatis;
1587 1350 1736 1382 apparet,
1757 1343 1822 1382 jam

947 1379 1027 1410 duos
1043 1388 1079 1410 ea
1096 1379 1196 1411 teneri
1210 1381 1352 1414 aftioiie:
1377 1392 1472 1414 unum
1497 1382 1548 1424 qui
1567 1383 1720 1423 possidet:
1744 1385 1822 1415 alte-

949 1427 1051 1451 terum
1077 1421 1128 1461 qui
1154 1422 1232 1453 dolo
1254 1424 1338 1455 malo
1363 1423 1451 1455 desiit
1474 1425 1649 1465 possidere:
1672 1434 1709 1456 ac
1726 1425 1747 1457 fi
1765 1434 1822 1466 per

949 1462 1054 1501 plures
1070 1463 1279 1495 ambulaverit.
1297 1464 1459 1504 poffeffio,
1482 1475 1594 1498 omnes
1612 1466 1712 1498 teneri
1735 1467 1754 1498 l.
1774 1477 1824 1507 25.

947 1502 966 1544 §
986 1507 1013 1537 8.
1026 1503 1065 1533 D.
1077 1504 1104 1534 b.
1117 1510 1138 1535 t.
1156 1504 1359 1545 possessorem
1372 1507 1502 1547 quidem
1511 1508 1549 1538 ad
1566 1507 1821 1547 restitutionem,

947 1544 1080 1575 alterum
1108 1555 1185 1576 vero
1202 1548 1239 1578 ad
1263 1547 1513 1579 aestimationem.
1537 1549 1611 1579 inde
1628 1552 1743 1588 quaeri‚
1768 1548 1824 1581 Ui·

949 1586 1059 1626 pianus
1075 1585 1116 1618 ait
1131 1588 1158 1617 ci.
1173 1587 1192 1618 l.
1214 1597 1257 1629 13-
1274 1589 1301 1630 §.
1326 1598 1369 1629 14.
1390 1590 1464 1629 quid
1487 1589 1540 1621 sit:
1566 1589 1585 1621 si
1601 1590 1676 1622 alius
1695 1591 1825 1623 iianftus

947 1627 1169 1668 possessionem
1186 1638 1280 1669 quam
1298 1640 1359 1671 ego
1377 1631 1454 1661 dolo
1472 1631 1555 1662 malo
1572 1631 1725 1663 amiserim
1738 1655 1747 1669 ‚
1771 1641 1825 1672 pa·

948 1677 1033 1700 ratus
1049 1669 1247 1710 sitjudicium
1265 1673 1338 1712 pati.
1362 1671 1553 1704 Marcellum
1570 1673 1654 1704 enirn
1667 1673 1823 1713 traetare,

948 1720 988 1742 ne
999 1710 1084 1742 forte
1096 1712 1242 1743 adversus
1255 1713 1457 1752 possessorem
1472 1715 1524 1754 qui
1541 1714 1630 1745 desiit
1646 1714 1821 1754 possidere,

949 1752 1115 1784 evanescat
1134 1752 1196 1785 litis
1213 1754 1387 1786 aestimatio.
1411 1754 1464 1786 sed
1480 1764 1610 1794 putare,
1633 1758 1733 1797 magis
1751 1766 1824 1788 eva-

950 1793 1094 1836 nescere:
1111 1794 1164 1826 nisi
1185 1796 1371 1835 paciscentis
1388 1795 1516 1828 intersit.
1540 1805 1646 1835 certe,
1664 1797 1683 1828 fi
1699 1806 1824 1837 paratus

948 1834 986 1867 fit
1010 1845 1075 1867 rem
1099 1835 1282 1876 restituere,
1312 1838 1524 1869 indubitatum
1550 1837 1629 1876 esse,
1657 1838 1826 1871 evanesce-

949 1887 993 1908 re.
1020 1876 1183 1917 postremo
1210 1880 1298 1910 addit
1321 1878 1474 1919 Ulpianus
1491 1903 1500 1919 ,
1531 1881 1619 1920 quod
1640 1879 1665 1911 is
1692 1881 1745 1920 qui
1767 1881 1824 1912 do-

949 1919 981 1950 lo
1009 1919 1098 1950 desiit
1121 1920 1296 1959 possidere,
1319 1920 1338 1951 si
1356 1928 1431 1951 ante
1450 1922 1681 1960 conveniatur,
1706 1931 1771 1953 iion
1789 1923 1824 1954 li·-

949 1960 1073 1992 berabit
1089 1970 1162 1992 eum
1178 1963 1230 2002 qui
1248 1962 1392 2002 possidet.
1416 1962 1468 1994 Sic
1484 1962 1546 1994 ille.
1562 1962 1680 1993 summa
1695 1961 1760 2002 est,
1777 1963 1825 1995 in-

950 2000 1081 2041 teresse,
1105 2010 1177 2034 uter
1198 2004 1282 2044 prius
1300 2002 1508 2035 conveniatur
1526 2004 1684 2044 petitione
1702 2004 1826 2036 heredi-

954 2045 1045 2076 tatis:
1069 2053 1139 2075 nam
1159 2045 1332 2084 petitorem
1351 2045 1435 2086 prius
1449 2054 1597 2086 agentem
1617 2055 1690 2077 curn
1704 2056 1745 2077 eo
1770 2047 1826 2087 qui

954 2085 1033 2116 dolo
1057 2085 1145 2116 desiit
1172 2086 1348 2125 possidere,
1374 2086 1490 2118 deinde
1515 2086 1618 2118 adhuc
1642 2086 1730 2127 posse
1751 2096 1825 2120 cuin

954 2126 1125 2167 possessore
1147 2126 1300 2167 experiri:
1324 2126 1375 2158 sed
1400 2128 1471 2158 vice
1498 2127 1599 2166 versa,
1623 2127 1677 2160 nisi
1698 2129 1763 2168 ejus
1779 2129 1825 2160 in-

953 2168 1058 2207 tersit,
1080 2177 1144 2199 non
1170 2167 1266 2208 posse.
1290 2168 1319 2200 ἃ
1341 2168 1386 2200 est
1408 2170 1490 2200 ratio
1511 2169 1602 2210 huJus
1619 2170 1823 2202 discriminis:

953 2212 1026 2250 quia
1052 2210 1081 2240 id
1107 2208 1136 2240 in
1163 2210 1250 2250 quod
1275 2211 1508 2242 condemnatur
1530 2212 1556 2242 is
1573 2211 1627 2250 qui
1644 2212 1722 2243 dolo
1739 2212 1824 2243 malo

953 2250 1043 2282 desiit
1060 2250 1233 2291 poffidere,
1249 2253 1347 2293 magis
1364 2251 1410 2283 est
1425 2261 1519 2293 poena
1535 2253 1618 2290 doli,
1636 2261 1729 2292 quam
1746 2252 1826 2284 aesti·

952 2292 1052 2323 matio
1076 2292 1120 2322 rei
1145 2293 1273 2332 petitae:
1297 2302 1404 2334 eoque
1430 2293 1568 2334 superest
1592 2295 1722 2332 petitori
1740 2294 1825 2326 aetio

953 2342 1013 2372 qua
1031 2343 1096 2364 rem
1113 2332 1327 2374 persequatur.
1350 2343 1380 2365 at
1397 2335 1546 2367 damnato
1556 2344 1597 2366 eo
1608 2335 1659 2374 qui
1671 2344 1736 2366 rem
1754 2345 1827 2376 pos-

953 2375 1050 2413 sidet,
1067 2374 1239 2406 restituitur
1251 2375 1347 2407 atim-i
1364 2384 1416 2407 aut
1434 2386 1483 2407 res
1499 2383 1553 2406 aut
1570 2376 1630 2408 litis
1645 2375 1823 2416 aestimatio,

951 2416 1093 2453 ideoque
1116 2416 1276 2447 evanescit
1298 2417 1399 2456 aeli03
1425 2427 1484 2448 nec
1507 2416 1552 2448 est
1576 2426 1724 2458 aequum‚
1748 2428 1821 2450 eum

953 2457 1069 2497 quiaut
1085 2467 1151 2489 rein
1168 2458 1296 2498 autejus
1314 2458 1554 2490 ⁴‘estimationem
1564 2458 1707 2499 accepit,
1723 2459 1753 2491 id
1764 2460 1823 2499 est,

953 2500 991 2530 ad
1010 2498 1093 2529 suurn
1111 2500 1275 2539 pervenit,
1293 2499 1396 2530 adhuc
1412 2499 1499 2531 suum
1519 2508 1638 2539 petere.
1661 2500 1746 2532 recte
1764 2502 1821 2542 igi-

954 2548 1003 2570 tur
1019 2540 1168 2571 liberatur
1184 2541 1208 2570 is
1229 2541 1280 2579 qui
1297 2541 1374 2572 dolo
1391 2541 1474 2572 malo
1491 2541 1646 2581 possidere
1664 2542 1763 2574 desiit.
1780 2545 1824 2575 ita

953 2582 1037 2613 clare
1056 2581 1241 2621 Papinianus
1257 2581 1273 2612 l.
1291 2592 1339 2622 95.
1357 2582 1386 2623 §.
1405 2592 1435 2618 9.
1454 2582 1495 2614 D.
1514 2584 1547 2614 de
1559 2583 1757 2622 solutionibus.

995 2622 1164 2663 Reliquum
1177 2622 1239 2661 est,
1255 2632 1289 2653 ut
1307 2626 1345 2654 de
1356 2623 1464 2655 officio
1480 2624 1598 2664 Judicis
1615 2626 1822 2665 disputemus.

952 2673 1024 2695 cum
1035 2674 1111 2695 vero
1124 2664 1244 2695 Praetor
1260 2663 1425 2696 affirmanti
1437 2666 1646 2698 hereditatem
1665 2667 1746 2698 suam
1758 2667 1822 2699 esse

952 2707 1017 2745 ejus
1029 2705 1218 2745 petitionem
1237 2706 1415 2745 promiserit
1431 2707 1576 2738 adversus
1593 2717 1664 2739 eum
1681 2709 1735 2748 qui
1752 2718 1821 2740 eam

953 2756 1012 2787 pro
1036 2746 1155 2777 herede
1181 2747 1230 2778 vel
1255 2756 1312 2787 pro
1339 2747 1510 2788 possessore
1534 2749 1688 2789 possidet:
1711 2748 1821 2779 conse-

951 2797 1052 2828 quens
1070 2787 1114 2818 est
1129 2795 1245 2818 naturae
1262 2788 1391 2821 aetionis
1409 2799 1438 2821 in
1454 2800 1540 2829 rem,
1564 2791 1602 2822 ad
1620 2792 1684 2822 duo
1701 2790 1820 2821 recide-

951 2839 984 2860 re
1006 2828 1124 2867 Judicis
1148 2828 1299 2861 officium.
1331 2831 1486 2870 primum,
1512 2841 1545 2863 ut
1567 2830 1758 2871 cognoscat,
1781 2840 1821 2862 aii

950 2870 1071 2908 petitor
1088 2870 1271 2910 probaverit
1286 2894 1295 2910 ,
1326 2871 1533 2904 hereditatem
1556 2872 1638 2903 suam
1665 2871 1742 2902 esse:
1765 2872 1820 2902 de-

950 2911 1024 2942 inde
1037 2933 1047 2950 ,
1068 2921 1105 2942 an
1124 2921 1193 2944 reus
1212 2922 1278 2944 rem
1294 2913 1431 2955 aliquam
1448 2914 1688 2949 hereditariam,
1706 2912 1755 2943 vel
1770 2913 1819 2952 jus

952 2953 1081 2990 aliquod
1104 2952 1346 2992 hereditarium,
1371 2965 1430 2996 pro
1456 2955 1573 2986 herede
1596 2953 1646 2984 vel
1671 2961 1729 2992 pro
1745 2962 1821 2993 pos-

952 2992 1065 3024 sessore
1082 2994 1244 3034 possideat.
1266 3005 1303 3026 ac
1320 2996 1340 3028 si
1360 3005 1529 3034 atrumque
1546 2993 1598 3025 sibi
1617 2994 1737 3039 liquere
1754 2995 1827 3036 opi-

953 3043 1062 3066 netur:
1081 3037 1240 3074 declaret,
1257 3037 1467 3069 hereditatem
1488 3034 1633 3073 petitoris
1651 3036 1771 3074 videri3
1790 3037 1820 3069 δί

950 3076 1074 3115 jubeat,
1098 3078 1185 3117 quod
1205 3087 1245 3109 ex
1267 3088 1303 3109 ea
1319 3080 1401 3119 apud
1427 3075 1627 3121 possessorem
1646 3075 1700 3115 fit,
1725 3077 1764 3108 ab
1781 3087 1822 3109 eo

952 3118 1082 3155 petitori
1103 3119 1234 3152 restitui.
1259 3119 1334 3151 Hoc
1351 3119 1478 3159 quidem
1495 3126 1535 3147 ex
1548 3116 1680 3148 Editio:
1697 3127 1737 3162 ex
1755 3127 1821 3157 quo

950 3158 1136 3191 hereditatis
1152 3161 1268 3200 petitio
1284 3160 1345 3198 est,
1368 3169 1400 3190 ut
1419 3159 1502 3196 dixi,
1521 3159 1550 3188 in
1566 3167 1633 3189 rem
1650 3157 1743 3191 aetio.
1767 3158 1820 3191 sed

947 3208 1133 3274 opporgune
1157 3209 1269 3234 monet
1295 3200 1448 3241 Ulpianus
1474 3198 1494 3230 l.
1510 3207 1558 3239 25.
1574 3198 1603 3241 §.
1626 3204 1672 3235 18.
1692 3199 1734 3233 D.
1752 3201 1820 3273 ἰλΡῑ.

1096 3252 1113 3274 2
1813 3255 1823 3264 .,
