2108 3479
218 116 259 141 12

208 196 310 234 portus
319 186 437 230 publica
459 186 537 225 sunt.
580 182 701 223 Ideoque
718 180 770 222 jus
788 177 921 220 piscandi
942 175 1072 206 omuibus

216 240 358 264 communt-
374 226 412 268 est
429 228 459 257 in
475 230 557 267 portu
565 223 801 263 fluminibusque.
846 219 990 264 Riparum
1005 224 1072 256 quo-

216 282 270 315 que
288 272 356 311 usus
373 268 499 308 publicus
514 263 551 305 esl
569 265 636 305 jure
649 264 799 304 gentium,
815 258 893 297 ficut
909 256 996 298 ipsius
1012 256 1073 296 flu-

215 315 311 345 minis.
354 308 456 349 Itaque
473 315 560 338 naves
583 306 619 336 ad
642 313 689 334 eas
705 302 860 341 appellere,
882 301 972 346 furies
993 299 1073 328 arlio-

217 356 296 386 rtous
312 353 350 383 ibi
365 352 443 381 natu
459 349 597 389 religare,
620 354 691 375 onus
713 343 826 384 aliquod
850 343 881 372 irz
899 341 943 370 bis
962 345 1075 379 repone-

218 405 248 426 re
272 394 384 424 cuilibet
401 391 519 420 liberum
538 385 593 427 eft,
612 384 691 422 ficut
710 391 762 424 per
784 384 874 422 ipsum
896 379 1007 421 flumen
1025 389 1075 410 na-

218 436 343 476 vigium
366 432 411 467 secl
434 431 590 470 proprietas
608 436 705 457 earum
724 425 835 455 illorum
856 420 895 463 est
910 445 919 460 ,
955 430 1077 467 quorum

217 475 334 517 praediis
349 473 473 503 haerent:
496 479 554 510 qua
569 469 601 498 de
620 469 706 507 caula
721 466 832 496 arbores
850 472 961 506 quoque
982 471 1012 492 m
1028 470 1077 506 zis-

219 518 280 548 (lenz
303 520 377 545 natta
404 512 559 542 eor-cundem
577 509 662 549 sunt.
705 507 853 537 Lictorum
878 512 988 544 quoque
1012 503 1080 542 usus

218 557 345 599 publicus
370 552 408 594 est
425 552 460 586 ὃ
478 552 558 593 juris
573 550 704 592 gentium
721 571 730 587 ,
755 546 834 584 ficut
854 545 890 580 ΕΡ
916 544 1003 585 ipsius
1020 553 1079 574 uza-

221 600 281 636 Τίς,
305 595 341 630 &³
359 597 390 626 ob
408 595 437 625 id
456 593 569 623 cuilibet
597 591 714 621 liberum
731 588 769 629 eJl
793 588 887 627 castam
907 587 946 616 ihi
960 592 1080 625 ponere,

220 640 253 670 in
272 648 358 679 quam
371 642 398 673 se
412 635 529 675 recipiat
545 644 553 663 :
569 631 646 670 sicut
668 631 740 662 retia
751 628 877 667 siccare,
902 628 938 661 ὅ*
956 636 993 657 ex
1009 626 1083 672 inari

221 681 382 711 dedixere:
415 677 573 717 proprietas
603 679 698 703 autem
732 680 826 701 eorum
844 666 936 710 potest
960 667 1082 707 intelligi

221 721 333 752 nullius
350 717 419 758 effe:
436 718 489 758 secl
505 716 628 757 ejusdem
642 713 718 753 juris
736 711 787 751 effe
804 735 813 749 ‚
838 711 921 752 cujus
945 708 981 743 ὅ)
1006 717 1084 754 mare

223 763 260 798 ἐπ”
284 753 494 802 qzlce⁸sttl7jacet
517 757 590 787 mari
611 761 686 785 terra
704 754 750 784 vel
766 762 863 783 arena.
910 750 988 782 Haec
1010 748 1083 780 Trl-

221 795 396 835 nonianus:
421 800 508 837 cujus
527 796 672 828 definitio
689 793 855 834 postquam
877 792 954 832 justa
973 790 1084 836 esset&

222 843 421 876 conveniens
448 839 598 871 Veterum
618 836 779 867 sententiae
801 835 922 866 credita
944 833 988 864 est
1008 842 1017 871 ;
1040 840 1083 862 in·

222 885 348 926 quirere
370 882 516 912 certatim
535 881 564 910 in
591 887 665 909 vera
683 877 879 917 publicarum
899 875 929 906 &
944 881 1086 905 commu-

222 928 309 958 nium
329 931 432 954 rerum
448 920 626 952 dzscrimina
643 925 830 957 eruperunt,
854 925 905 958 qul
924 923 990 961 tum
1007 916 1085 953 ejus,

224 975 292 998 tum
314 964 452 995 affinium
471 962 592 1001 aliquot
618 961 763 992 locorum
789 960 1085 998 interpretationem

224 1006 369 1039 meditati
389 1004 459 1034 sunt
478 1002 712 1043 pioestantiffimi
733 1001 809 1040 viri,
829 999 995 1039 Cujacius,
1019 996 1085 1045 QO-

224 1049 348 1085 nellus,
372 1044 498 1082 Zalius,
524 1043 710 1080 Mai-cilius,
741 1042 897 1078 Vinnins,
921 1040 982 1070 alii.
1027 1037 1089 1069 bed

226 1091 256 1121 bi
277 1112 286 1127 ,
309 1095 499 1128 quamquam
525 1084 680 1116 laboriose
700 1093 736 1114 ac
763 1082 918 1113 subtiliter
938 1081 1089 1122 pleraque

224 1130 284 1163 fint
316 1127 495 1169 persequuti
514 1149 523 1165 ‚
566 1135 631 1157 non
660 1134 764 1156 tamen
800 1132 934 1165 potuere
965 1120 1090 1152 adferre

226 1170 418 1211 quidquam,
441 1169 530 1208 quod
550 1166 680 1199 solidam
700 1175 806 1197 earum
838 1172 942 1196 rerum
971 1162 1091 1208 saperet

227 1211 459 1244 differentiam:
483 1209 570 1241 simul
588 1217 684 1249 atque
700 1207 784 1239 enim
812 1207 851 1238 ad
868 1205 1016 1245 exempla
1034 1205 1089 1234 tm-

225 1255 368 1295 gularum
386 1251 593 1292 pervenitur,
617 1256 750 1290 apparet
770 1248 873 1279 statim
886 1270 895 1285 ,
919 1255 989 1292 quae
1004 1253 1091 1276 com-

226 1295 354 1330 munia,
379 1294 491 1324 eadem
514 1291 643 1332 publica
665 1314 673 1329 ‚
706 1291 736 1321 ot
763 1299 833 1330 quae
860 1287 986 1329 publica
1003 1309 1013 1324 ,
1044 1295 1092 1316 ea-

228 1337 301 1368 dem
324 1334 506 1366 communia
527 1356 537 1372 ,
558 1342 575 1364 a
594 1332 765 1363 Veteribus
785 1330 957 1371 appellari:
980 1337 1020 1359 ex
1038 1336 1094 1358 no-

227 1379 348 1410 minum
374 1385 453 1406 vero
485 1373 538 1405 usu
562 1383 599 1405 ac
624 1372 856 1404 consuetudine
878 1370 1019 1411 judicatu
1050 1367 1096 1399 est

226 1428 295 1451 non
312 1417 482 1449 admodum
501 1414 651 1452 difficile,
675 1414 751 1455 quid
768 1414 808 1444 de
825 1411 946 1444 effectis
966 1418 1096 1451 quoque

228 1460 322 1500 huius
353 1457 562 1490 distinstionis
594 1456 776 1487 habendum
810 1454 856 1485 fit.
909 1452 996 1484 Inter
1024 1459 1096 1498 quse

230 1499 456 1534 circumfertur
473 1499 571 1539 vulgo
590 1521 600 1537 ,
624 1497 677 1529 sed
702 1497 791 1527 nullo
813 1496 881 1536 jure
897 1517 907 1534 ,
942 1493 1070 1538 publica
1085 1514 1096 1530 ‚

231 1542 338 1584 quoad
376 1540 611 1581 proprietatem
628 1562 638 1578 ‚
678 1537 740 1570 ess'e
776 1536 887 1578 populi
923 1534 1059 1566 Romam
1086 1556 1097 1572 ,

232 1584 339 1625 quoad
356 1582 462 1620 usum,
486 1581 656 1620 omnium;
679 1578 863 1611 communia
881 1586 959 1609 vero
984 1574 1037 1607 usu
1063 1584 1096 1605 o-

230 1626 352 1661 mnium
374 1647 384 1661 ,
422 1622 620 1663 proprietate
647 1621 789 1659 nullius,
821 1618 894 1650 effe.
940 1616 1027 1649 Hinc
1055 1625 1097 1647 ex

234 1664 482 1702 communibus,
506 1672 576 1701 quae
596 1662 748 1703 occupari
767 1660 915 1701 possunt,
939 1667 1097 1698 occupan-

233 1708 259 1740 ti
282 1709 312 1739 in
331 1706 441 1739 medio
458 1704 558 1745 posita
582 1703 662 1743 effe,
686 1713 728 1734 ex
750 1702 886 1743 publicis
910 1710 975 1733 non
1000 1701 1097 1731 item:

234 1749 266 1781 &
283 1749 377 1786 ideo,
402 1747 455 1788 qui
477 1755 562 1777 mare
580 1753 633 1777 aut
653 1745 739 1777 littus
756 1742 911 1781 aedificat,
933 1743 1002 1782 jure
1021 1749 1098 1787 gen·

234 1792 314 1822 tium
331 1789 419 1820 suum
430 1787 599 1819 aedificium
617 1785 807 1825 facere3qui
824 1793 903 1815 vero
921 1784 953 1815 in
969 1782 1099 1814 flumine

237 1831 394 1868 aedificat,
418 1829 507 1860 nullo
523 1828 622 1859 modo
638 1826 724 1859 suum
740 1835 822 1866 opus
837 1824 947 1856 facere
964 1823 1028 1855 fine
1045 1831 1100 1862 pu-

235 1873 318 1904 blica
340 1871 539 1903 auctoritate,
584 1868 685 1900 Porro
704 1891 714 1907 ,
744 1867 861 1898 flumen
886 1865 925 1896 ab
942 1873 1023 1903 aqua
1039 1863 1101 1910 *fiu-

237 1914 330 1945 minis
350 1912 500 1951 separari:
524 1919 636 1949 aquam
656 1917 861 1940 communem
877 1906 940 1937 esse
959 1913 1102 1937 omnium

239 1954 426 1989 hominum;
450 1951 567 1983 flumen
590 1951 753 1992 publicum
774 1961 781 1981 :
806 1948 964 1987 denique,
990 1954 1103 1986 aquam

241 1995 378 2028 fluminis
397 1994 435 2024 ad
454 1993 623 2024 lavandum
638 2015 648 2030 ‚
671 1991 710 2023 ad
728 1990 904 2031 potandum
920 2012 930 2027 ,
955 1986 1104 2032 uniuersis

240 2038 304 2069 fine
315 2034 492 2067 discrimine
504 2033 643 2073 permitti
656 2043 665 2071 ;
676 2042 740 2064 non
751 2031 891 2072 permitti
905 2030 944 2061 ad
959 2037 1106 2073 naVJga-n-

244 2079 318 2110 dum
331 2101 339 2115 ,
353 2077 390 2106 ad
411 2075 591 2116 piscandum
608 2075 643 2106 iis
657 2075 710 2115 qui
730 2073 797 2104 sunt
808 2072 935 2103 alterius
955 2070 1106 2101 civitatis.

282 2129 310 2150 2.
336 2117 625 2148 Varronem-mero
643 2139 652 2154 ,
687 2123 722 2146 ut
744 2115 873 2146 tandem
897 2112 961 2151 ipse
982 2112 1104 2148 dicam,

244 2160 333 2201 quod
351 2159 451 2189 sentio
469 2181 478 2196 ,
505 2156 639 2188 Veteres
661 2157 787 2196 publiea
805 2155 835 2186 &
852 2154 1035 2185 communia
1057 2161 1107 2198 pa-

243 2202 293 2234 rili
317 2199 476 2241 potestate
501 2206 692 2238 acceperunt
713 2208 720 2227 ε
744 2206 848 2237 neque
867 2194 1011 2226 interess'e
1030 2194 1108 2224 arbi-

246 2243 319 2275 trati
338 2241 427 2279 sunt,
453 2248 558 2270 utrum
575 2240 650 2279 quid
668 2239 830 2277 publicum
856 2243 1035 2273 vocarent,
1069 2244 1107 2265 au

247 2292 437 2316 commune:
450 2282 501 2312 sed
521 2281 607 2321 quod
625 2281 789 2320 publicum
807 2277 903 2315 esset,
919 2278 1002 2308 idem
1023 2285 1109 2307 com-

246 2334 365 2364 mune,
384 2324 412 2354 ὅ(
430 2322 517 2363 quod
536 2331 707 2353 commune
724 2320 817 2359 effer,
841 2320 926 2351 idem
946 2319 1109 2358 publicum

247 2366 330 2403 ess'e,
353 2365 484 2396 voluere
499 2387 508 2401 ,
532 2372 742 2403 quamquam,
766 2361 828 2393 five
852 2361 928 2401 quid
947 2359 1109 2398 publicum

247 2407 430 2447 fimpliciter
449 2405 611 2443 dicerent,
636 2404 699 2436 sive
718 2412 890 2435 commune
906 2426 916 2441 ,
939 2401 959 2433 fi
976 2402 1018 2432 nil
1034 2409 1112 2441 prae-

249 2458 337 2481 terea
361 2448 534 2484 adderent,
562 2455 626 2477 non
644 2446 720 2476 mibi
744 2445 926 2476 viderentur
950 2443 1043 2482 plena
1071 2440 1112 2472 usi

249 2490 312 2522 esse
329 2490 486 2520 oratione.
509 2487 610 2524 adeo,
636 2496 707 2518 cum
727 2486 756 2518 &
779 2485 922 2517 distinete
944 2485 1113 2523 loqueren-

250 2540 302 2563 tur
322 2531 352 2562 &
369 2530 465 2569 pleno
481 2528 624 2559 sermone
641 2551 650 2566 ,
675 2528 823 2559 dixerunt
835 2550 843 2565 ‚
869 2526 1012 2566 quaedam
1044 2526 1113 2565 J'urc

250 2572 386 2605 naturali
412 2570 474 2601 effe
491 2570 671 2601 communia
694 2569 835 2600 omnium
854 2567 1040 2604 bominum3
1063 2575 1113 2597 ea-

251 2624 315 2655 que
338 2613 401 2645 alio
420 2611 552 2643 nomine
570 2611 768 2651 appellarunt
791 2609 917 2650 publica
932 2609 1001 2648 jure
1025 2617 1113 2639 natu-

251 2655 334 2688 rali:
365 2653 509 2694 quaedam
540 2652 688 2683 dixerunt
707 2651 768 2682 esse
792 2651 972 2682 communia
988 2650 1056 2690 Jure
1072 2649 1114 2680 ci-

251 2697 335 2735 vili,
366 2704 438 2733 quae
472 2694 544 2725 alias
565 2694 692 2732 publica
712 2693 781 2733 jure
805 2692 892 2722 civili
909 2715 919 2730 ,
943 2700 997 2722 aut
1021 2691 1115 2722 etiam

252 2736 464 2770 universitatis
480 2735 676 2774 appellarunt
693 2745 701 2766 ε
733 2742 767 2765 ut
784 2743 822 2764 ex
842 2732 1046 2772 sequentibus
1064 2741 1116 2772 ap·

251 2779 389 2820 parebit.
420 2776 601 2808 communia
629 2783 735 2807 autem
761 2775 829 2815 jure
860 2775 990 2805 naturali
1023 2782 1118 2804 voca-

250 2828 326 2853 runt
343 2842 353 2858 ,
390 2828 456 2850 non
481 2825 601 2848 tantum
628 2817 697 2848 haec
722 2825 794 2856 quae
820 2817 851 2846 in
870 2815 899 2856 §.
931 2825 956 2847 1.
976 2814 1044 2846 diet.
1068 2816 1116 2846 tit.

252 2860 328 2901 Inst.
353 2860 549 2894 recitantur;
582 2857 633 2889 sed
661 2867 696 2888 ea
720 2866 849 2898 quoque
874 2866 944 2894 quae
963 2859 1002 2888 de
1017 2856 1117 2887 flumi-

253 2903 366 2940 nibus,
388 2900 558 2942 portibus,
582 2899 680 2939 ripis,
703 2899 733 2929 in
751 2902 832 2939 seqq.
864 2897 912 2939 §§.
939 2898 1115 2928 adduntur:

255 2951 290 2975 ut
308 2943 452 2975 Micha'e'l
470 2942 638 2973 Attaliates
659 2940 778 2970 indicat
795 2942 839 2970 tit.
860 2949 887 2969 2.
920 2938 1118 2980 Pragmatico-

255 2995 340 3024 rum,
364 2984 411 3015 his
430 2984 546 3017 verbis.
589 2982 730 3026 ρ(ζζιιεᾱαηι
739 2980 814 3019 sunt
830 2979 1028 3018 universorum
1044 3002 1055 3018 ‚
1085 2984 1119 3010 ut

255 3026 341 3063 τιὲν,Ι
360 3036 437 3067 aqua
461 3024 557 3065 fluens
576 3047 586 3062 ‚
628 3031 706 3053 utare
723 3044 733 3058 ,
770 3022 852 3052 littus
879 3022 1047 3059 marinum,
1081 3022 1118 3053 t&

258 3075 365 3097 amnes.
385 3067 587 3106 propemodum
603 3063 638 3098 ὅ)
657 3068 759 3103 portus
777 3071 934 3093 communes
944 3062 1027 3101 sunt.
1052 3060 1119 3092 Ne-

259 3116 322 3146 que
340 3106 403 3137 hoc
425 3108 590 3139 Attaliates
613 3113 733 3136 tanturn
751 3126 761 3141 ,
784 3103 836 3134 sed
857 3103 887 3134 δί
904 3103 1095 3134 Prudentius
1109 3125 1120 3140 ,

258 3147 383 3220 grobat.
403 3148 451 3181 lib.
473 3159 500 3180 2.
526 3147 661 3185 adversus
682 3144 896 3187 Symmachum.
920 3142 1028 3176 Verba
1047 3144 1119 3176 Pru·

282 3195 370 3219 entu.

816 89 1122 125 GERAanz

1169 83 1400 119 NoonT

1153 172 1248 205 Nunc
1266 172 1371 212 adsunt
1389 170 1496 204 homini
1511 171 1580 204 data
1596 179 1717 204 munera
1733 171 1841 214 legibus
1860 172 1972 213 iisdem,

1155 213 1247 257 Queis
1257 213 1380 254 conceffa
1380 213 1467 253 semel
1479 213 1563 253 3f0ns
1577 214 1699 256 liquitur
1707 237 1718 254 ,
1732 214 1825 245 amnis
1839 214 1978 254 inundat,

1179 255 1322 286 'elivolum
1337 256 1449 286 ratibus
1465 263 1544 285 mare
1559 254 1689 296 finditur
1702 279 1712 294 ‚
1736 254 1834 295 influit
1851 255 1959 295 imber,

1155 297 1246 328 Aura
1259 296 1338 327 volat
1359 299 1470 335 tenuis,
1494 303 1645 337 vegetatur
1663 297 1773 328 mobilis
1789 298 1858 335 oe'r,

1157 337 1200 370 Et
1224 346 1266 368 res
1282 342 1395 369 naturae
1406 337 1447 377 fit
1457 338 1574 377 publica
1584 344 1772 379 promptaque
1789 337 1919 377 cuntlis,

1162 378 1245 409 Dum
1258 379 1380 418 servant
1397 379 1533 410 elementa
1551 381 1643 420 suum
1652 380 1837 419 famulantia
1854 378 1979 419 cursum.

1118 420 1309 453 Prudentius
1325 418 1471 458 fontem,
1495 429 1601 459 mare,
1623 420 1777 460 imbrem,
1801 430 1926 459 auram,
1952 421 1982 451 δε

1121 464 1227 492 aerem
1240 484 1249 500 ‚
1274 461 1370 492 etiam
1386 470 1511 493 amnem
1523 485 1533 501 ,
1555 461 1620 493 five
1644 461 1776 493 fluvium
1789 483 1799 499 ,
1821 469 1918 493 vocat
1933 470 1984 492 res

1122 510 1242 534 naturae
1270 502 1410 542 publicas
1438 502 1467 533 δί
1497 510 1660 545 promptas
1683 503 1832 534 cuneus:
1861 503 1894 533 id
1911 502 1956 534 est
1973 525 1984 539 ,

1120 544 1188 584 jure
1212 544 1354 584 gentium
1381 543 1522 583 publicas
1546 543 1599 576 seu
1626 553 1814 576 communes
1843 545 1987 575 omnium

1126 586 1306 616 bominum:
1330 593 1365 616 ut
1383 585 1468 616 idem
1491 586 1632 625 loquitur
1658 586 1754 626 paulo
1778 592 1861 616 ante.
1907 584 1988 615 Prae-

1126 634 1175 657 ter
1200 626 1258 657 lios
1283 625 1412 658 testatur
1437 624 1590 667 Ulpianus
1615 636 1745 667 quoque
1768 625 1787 656 l.
1808 635 1857 665 24.
1885 624 1926 656 D.
1949 626 1984 656 de

1125 669 1227 698 damno
1256 667 1361 703 infesto
1379 690 1388 705 ,
1422 666 1589 699 Flmninum
1607 670 1791 709 publicorum
1814 675 1992 697 communem

1126 711 1209 745 ulum
1239 707 1289 748 effe
1310 732 1319 747 ,
1344 707 1423 746 ficut
1445 710 1564 740 viarum
1588 709 1769 750 publicarum
1789 707 1826 742 ὅ)
1847 709 1990 739 littorum.

1126 750 1189 781 Sed
1216 750 1283 788 illa,
1310 749 1340 780 δε
1365 758 1519 790 praeterea
1547 758 1678 791 portus,
1701 759 1737 780 ac
1760 750 1860 788 ripas,
1883 758 1900 779 a
1926 748 1990 779 Ve-

1129 791 1250 822 teribus
1269 791 1452 822 communia
1475 792 1504 822 &
1531 791 1656 826 bublica
1681 791 1742 821 dici
1779 791 1845 831 pari
1874 789 1961 821 sensu
1979 813 1991 828 ‚

1128 831 1209 863 adeo‘
1228 842 1336 863 verum
1364 832 1433 864 est:
1457 840 1492 863 ut
1511 832 1692 864 Marcianus
1709 832 1791 863 libro
1813 841 1842 872 3.
1868 830 1993 862 Institu-

1129 876 1253 904 tionum
1270 896 1279 911 ,
1313 873 1343 904 id
1361 873 1405 904 est
1421 896 1431 912 ,
1465 882 1506 904 eo
1522 897 1530 911 ‚
1555 883 1594 905 ex
1611 882 1676 913 quo
1697 872 1858 913 descripsit
1874 871 1995 905 Tribo-

1129 916 1239 946 nianus
1258 923 1328 954 quae
1345 913 1434 955 supra
1452 915 1543 946 attuli
1569 914 1806 946 Institutionum
1826 913 1995 956 Fragmen-

1131 964 1161 987 ta
1179 979 1189 994 ‚
1212 965 1261 986 res
1280 964 1393 986 omnes
1417 955 1557 988 dividat:
1581 965 1647 987 non
1665 956 1860 996 in'quinque
1877 963 1995 993 paneg

1131 1006 1247 1037 nempe
1264 1019 1273 1034 ‚
1305 1006 1492 1028 communes
1508 1020 1517 1035 ‚
1550 997 1691 1037 publicas
1710 1020 1719 1035 ,
1759 996 1966 1028 univerfitatis
1983 1019 1996 1036 ,

1133 1038 1246 1069 nullius
1267 1062 1277 1076 ,
1309 1038 1339 1069 ἃ
1357 1038 1566 1078 singulorum:
1591 1037 1643 1069 sed
1663 1039 1693 1068 in
1709 1046 1814 1078 partes
1832 1047 1968 1078 quatuor
1986 1048 1996 1076 ;

1133 1079 1277 1117 scilicet,
1309 1088 1521 1119 communes,
1559 1078 1793 1118 universitatis,
1831 1080 1942 1111 nullius
1967 1080 1999 1110 ὃς

1132 1120 1345 1161 singulorum:
1376 1121 1571 1162 publicarum
1596 1129 1701 1151 autem
1729 1129 1831 1152 rerum
1853 1143 1862 1158 ,
1887 1129 1957 1159 quae
1981 1130 1998 1150 a

1133 1163 1226 1193 rebus
1250 1162 1473 1193 communibus
1498 1162 1528 1192 δε
1555 1161 1764 1193 universitatis
1795 1161 1926 1193 diversa:
1951 1160 1997 1191 se-

1131 1203 1335 1244 junstaeque,
1367 1203 1396 1234 &
1422 1203 1670 1243 interutrasque
1699 1203 1814 1234 medice
1838 1202 1915 1242 fiat,
1940 1211 1998 1234 no—

1134 1244 1278 1276 minatim
1305 1253 1368 1275 non
1389 1244 1594 1275 meminerit:
1625 1243 1666 1275 fic
1683 1244 1768 1275 enim
1790 1244 1896 1274 scribit
1920 1244 1939 1274 l.
1967 1254 1996 1275 2.

1135 1286 1176 1317 D.
1201 1287 1234 1316 de
1253 1295 1349 1316 rerum
1366 1285 1513 1324 clivifione.
1547 1284 1689 1328 Quaedam
1705 1285 1836 1316 naturali
1846 1286 1915 1326 jure
1930 1295 2002 1316 com-

1137 1328 1240 1358 munia
1255 1328 1331 1367 sunt
1353 1329 1479 1357 omnium
1495 1349 1504 1364 ‚
1537 1327 1666 1366 quadam
1682 1325 1901 1364 univerfitalis‚
1925 1336 2004 1367 quae-

1139 1371 1204 1399 dam
1218 1368 1328 1399 nullius
1347 1390 1357 1406 ,
1374 1368 1511 1409 pleraque
1530 1366 1715 1409 singulorum
1729 1390 1738 1406 ,
1770 1377 1831 1408 quae
1847 1368 1941 1398 variis
1965 1375 2003 1398 ex

1139 1420 1191 1441 cau
1206 1419 1232 1440 ις
1256 1410 1358 1450 cuique
1386 1411 1595 1450 adquiruntur.
1640 1408 1706 1440 Pari
1723 1409 1819 1450 igitur
1841 1407 1928 1440 sensu
1952 1417 2005 1439 ac-

1139 1459 1296 1492 ceperunt
1314 1450 1447 1482 Veteres
1473 1450 1654 1482 communia
1673 1450 1703 1481 &
1721 1450 1848 1489 publica
1865 1449 1933 1489 jure
1950 1458 2005 1481 na-

1140 1493 1249 1524 turali:
1275 1492 1488 1533 dixeruntque
1504 1492 1559 1523 illo
1578 1492 1646 1531 jure
1661 1491 1789 1532 publica
1801 1514 1811 1530 ‚
1834 1490 1900 1522 five
1914 1500 2004 1522 com-

1139 1535 1264 1573 munia,
1288 1542 1394 1565 omnia
1412 1542 1549 1574 quorum
1566 1533 1715 1564 innoxius
1734 1532 1778 1563 est
1797 1531 1886 1570 usus;
1908 1540 2006 1573 atque

1139 1576 1221 1606 adeo
1247 1584 1313 1606 non
1337 1582 1460 1606 tantum
1487 1577 1615 1612 a‘e'rem,
1637 1583 1752 1615 aquam
1769 1572 2005 1614 profluentem,

1140 1625 1244 1654 mare,
1269 1616 1298 1648 &
1318 1615 1426 1648 littora
1444 1617 1535 1648 maris
1554 1639 1564 1655 ‚
1588 1624 1658 1657 quae
1682 1623 1907 1647 enumerantur
1927 1616 1957 1645 in
1974 1614 2006 1655 §-

1149 1666 1175 1689 1.
1199 1655 1273 1697 InJl.
1290 1658 1323 1688 de
1337 1666 1433 1688 rerum
1448 1655 1611 1694 divisione5
1643 1655 1696 1688 sed
1717 1664 1754 1688 ea
1777 1665 1909 1697 quoque
1935 1664 2008 1696 quae

1141 1701 1173 1732 in
1195 1698 1399 1740 sequentibus
1420 1698 1464 1729 ibi
1478 1698 1528 1740 §§.
1549 1698 1588 1730 de
1602 1698 1804 1736 fluminibus,
1828 1697 2008 1738 portubus,

1140 1741 1216 1782 ripis
1237 1764 1247 1779 ‚
1279 1740 1436 1771 adduntur
1454 1749 1462 1771 τ
1494 1740 1605 1780 utique
1626 1762 1637 1778 ,
1668 1746 1823 1780 quatenus
1844 1739 2009 1770 innoxiam

1143 1783 1262 1814 habent
1280 1780 1466 1812 utilitatem:
1490 1790 1562 1812 nam
1580 1780 1645 1811 huc
1661 1782 1781 1812 ducunt
1805 1781 1832 1810 d.
1852 1780 1870 1810 l.
1893 1789 1941 1817 24.
1966 1778 2010 1810 D.

1142 1825 1175 1854 de
1192 1824 1294 1853 damno
1318 1820 1424 1861 infecto
1442 1844 1452 1860 ,
1481 1821 1500 1852 l.
1531 1831 1580 1862 50.
1604 1821 1642 1852 l).
1662 1823 1695 1851 rie
1710 1821 1886 1862 adquirendo
1912 1829 2011 1851 rerum

1144 1864 1266 1895 dominio
1280 1885 1289 1898 ,
1321 1862 1351 1893 &
1374 1862 1393 1893 l.
1418 1871 1447 1903 3.
1467 1861 1495 1903 §.
1517 1871 1541 1893 1.
1565 1861 1608 1893 D.
1631 1862 1682 1894 Ne
1696 1863 1765 1903 ᾳιιὶιί
1785 1863 1815 1892 iu
1838 1861 1894 1893 loco
1918 1861 2010 1899 publi-

1145 1915 1199 1936 co:
1232 1912 1336 1942 neque
1362 1903 1425 1935 alio
1449 1902 1536 1935 sensu
1567 1903 1718 1946 Virgilius
1751 1904 1799 1935 lib.
1828 1912 1858 1944 7.
1891 1902 2011 1934 AEnetd.

1146 1945 1219 1982 vers.
1244 1954 1315 1980 229.

1506 2001 1519 2008 -
1561 2003 1573 2010 -
1613 2001 1625 2011 -
1665 1983 1822 2026 Littusque
1840 1993 1974 2025 rogamus

1187 2026 1369 2064 Innocuam,
1393 2025 1430 2060 ὅ)
1452 2025 1564 2057 cunetis
1580 2035 1759 2067 auramque,
1785 2027 1948 2067 undamque
1961 2033 2012 2066 pa·

1291 2073 1405 2099 tentem.

1189 2108 1266 2141 Hoc
1290 2109 1422 2149 amplius
1440 2131 1450 2147 ,
1481 2106 1617 2140 Veteres
1640 2108 1734 2140 etiam
1756 2116 1871 2140 caetera
1889 2108 2012 2148 privata

1149 2151 1255 2190 bona,
1279 2159 1351 2181 cum
1375 2150 1494 2180 habent
1516 2149 1684 2182 utilitatem
1704 2151 1836 2182 domino
1854 2159 1919 2180 non
1944 2159 2012 2190 gra-

1151 2201 1224 2223 vem
1242 2215 1250 2230 ‚
1281 2200 1342 2222 nec
1366 2189 1570 2229 damnosam,
1594 2193 1810 2223 communium
1829 2191 1959 2222 nomine
1983 2192 2014 2222 <Sc

1149 2234 1217 2274 jure
1240 2232 1404 2270 complexi
1431 2231 1511 2264 sunt.
1554 2231 1666 2271 Itaque
1692 2233 1883 2273 generaliter
1901 2231 2014 2263 definit

1152 2275 1282 2306 Marcus
1306 2273 1432 2305 Tullius
1457 2273 1505 2304 lib.
1528 2282 1553 2304 1.
1583 2273 1630 2305 De
1657 2273 1771 2315 Offisiz's
1794 2276 1902 2305 omnia
1924 2282 2014 2305 com-

1152 2320 1257 2347 munia
1282 2315 1447 2346 hominum
1471 2314 1572 2346 videri
1597 2324 1633 2346 ea
1655 2338 1665 2354 ,
1696 2324 1766 2356 quae
1790 2313 1859 2347 sunt
1887 2315 2014 2355 generis

1154 2357 1319 2397 ejul‘dem3
1357 2356 1443 2396 quod
1476 2357 1515 2387 ab
1539 2355 1644 2387 Ennio
1668 2356 1804 2397 positum
1835 2357 1868 2388 iu
1891 2365 1952 2388 uua
1980 2365 2015 2388 re

1156 2398 1316 2430 transferri
1336 2407 1393 2438 per
1413 2397 1525 2429 multas
1548 2396 1672 2438 potest:

1193 2440 1309 2478 Homo,
1332 2441 1382 2480 qui
1400 2440 1510 2469 erranti
1525 2440 1639 2469 comiter
1661 2437 1799 2480 monstrat
1820 2439 1921 2477 viam,

1195 2480 1290 2525 Qunfi
1308 2482 1341 2511 cle
1354 2480 1404 2517 luo
1420 2480 1525 2510 lumine
1547 2480 1642 2511 lumen
1656 2481 1813 2518 accendat,
1829 2481 1909 2519 fucit
1924 2491 1934 2511 .·

1196 2522 1397 2556 Nihilominus
1415 2520 1467 2561 ἱρή
1480 2521 1592 2561 luceat,
1616 2531 1680 2552 cum
1697 2522 1741 2552 illi
1757 2522 1927 2552 accenderit.

1156 2565 1307 2605 additque
1326 2563 1409 2594 idem
1428 2562 1564 2601 Cicero,
1588 2571 1649 2593 una
1665 2572 1704 2594 ex
1727 2572 1761 2594 re
1779 2562 1848 2595 satis
1868 2560 1989 2603 percipi
2006 2582 2017 2600 ,

1159 2614 1194 2636 ut
1212 2604 1366 2647 quidquid
1381 2603 1444 2635 fine
1463 2604 1657 2635 detrimento
1675 2602 1780 2645 potest
1799 2602 2016 2641 commodari,

1159 2648 1191 2678 id
1210 2649 1364 2679 tribuatur
1383 2646 1519 2685 cuique,
1543 2645 1594 2676 vel
1613 2645 1747 2685 ignoto:
1770 2645 1844 2676 inde
1862 2645 1913 2676 illa
1928 2652 2018 2674 com-

1159 2690 1266 2720 munia
1295 2686 1357 2719 esse
1374 2709 1384 2725 ‚
1415 2695 1481 2718 non
1504 2686 1675 2726 prohibere
1700 2695 1780 2727 aqua
1807 2685 1988 2726 profluente
2006 2707 2017 2723 ,

1160 2733 1223 2770 pati
1247 2730 1287 2761 ab
1312 2729 1384 2769 igne
1408 2729 1513 2768 ignem
1533 2736 1666 2768 capere,
1690 2726 1711 2759 fi
1728 2727 1797 2768 quis
1817 2726 1894 2758 velit
1909 2749 1918 2764 ,
1942 2735 2019 2771 con-

1159 2771 1258 2804 filium
1283 2770 1378 2802 fidele
1400 2769 1587 2801 deliberanti
1613 2770 1709 2808 dare3
1732 2777 1802 2809 quae
1823 2768 1892 2799 sunt
1909 2768 1943 2799 iis
1960 2774 2019 2798 uti-

1159 2814 1217 2853 lia,
1241 2813 1293 2854 qui
1316 2811 1496 2852 accipiunt,
1519 2810 1603 2842 danti
1622 2819 1685 2841 non
1705 2808 1856 2841 molesta:
1880 2809 2018 2848 ideoque

1160 2855 1189 2886 δι
1208 2854 1255 2885 his
1272 2852 1425 2884 utendum
1444 2851 1526 2891 esse,
1549 2851 1578 2883 ἃ
1598 2851 1718 2891 semper
1735 2851 1853 2891 aliquid
1874 2851 1912 2881 ad
1930 2858 2020 2880 com-

1160 2905 1289 2927 munem
1320 2894 1490 2925 utilitatem
1518 2892 1738 2924 adferendum.
1777 2892 1830 2923 sed
1868 2890 2018 2932 quoniam

1161 2938 1264 2977 copiae
1293 2944 1398 2977 parvae
1421 2934 1613 2975 singulorum
1639 2933 1729 2971 sunt,
1753 2941 1865 2965 eorum
1883 2939 1988 2964 autem
2007 2953 2018 2968 ,

1162 2980 1214 3019 qui
1237 2978 1284 3009 his
1312 2984 1445 3017 egeant,
1468 2974 1590 3006 infinita
1614 2975 1659 3006 est
1679 2975 1852 3008 multitudo
1870 2996 1880 3009 ‚
1913 2971 2019 3014 vulga-

1162 3029 1227 3051 rem
1252 3018 1472 3050 liberalitatem
1487 3016 1688 3048 referendam
1711 3016 1772 3048 esse
1795 3015 1833 3046 ad
1849 3014 1936 3045 illum
1957 3013 2019 3042 En-

1162 3061 1204 3092 nii
1221 3059 1337 3092 finem:
1360 3057 1577 3090 Nihilominus
1595 3066 1630 3089 ut
1655 3057 1708 3099 ipsi
1726 3058 1849 3093 luceat,
1872 3062 1906 3085 ut
1920 3053 2021 3086 facul-

1164 3109 1211 3133 tas
1227 3101 1282 3136 fit.
1306 3110 1366 3141 qua
1381 3100 1413 3131 in
1430 3099 1555 3130 nostros
1572 3099 1665 3132 fimus
1683 3097 1838 3130 liberales.
1985 3135 1990 3139 ῃ

1204 3153 1232 3183 3.
1259 3141 1336 3173 [laec
1352 3141 1423 3180 ille,
1446 3149 1516 3181 quae
1534 3150 1574 3172 ne
1593 3141 1661 3182 quis
1676 3145 1769 3180 putet
1783 3161 1792 3176 ,
1817 3145 1890 3168 cum
1907 3133 2020 3165 doctis-

1163 3184 1240 3216 simo
1259 3183 1397 3215 Seldeno
1414 3182 1464 3215 lib.
1488 3191 1514 3214 1.
1538 3182 1585 3214 De
1601 3183 1676 3213 mari
1700 3178 1792 3220 claust>
1809 3202 1819 3218 ,
1842 3176 1907 3216 five
1923 3177 1955 3207 cle
1974 3176 2021 3222 do·

1966 3225 2019 3246 mx-
