2036 3495
1813 127 1879 166 165

473 209 840 265 LIBER
915 210 1483 265 OCTAVUS.

754 337 955 375 T1Tu

987 347 1112 374 Lus
1171 337 1198 372 1.

840 416 891 452 De
895 415 1114 463 servitutibus,

83 513 351 565 ρὲὃίρἐθῖιυῑυε
375 511 447 552 hic,
470 512 525 544 etsi
548 511 739 544 inscribatur
760 512 803 544 De
826 514 950 547 servitu·
985 512 1091 554 servit.
1107 511 1198 552 praed.
1217 507 1316 550 rustic.
1339 509 1414 541 inde
1437 509 1600 550 quaefitum
1620 511 1681 551 ibi3
1705 521 1743 543 an
1765 512 1816 544 vel
1830 512 1876 544 vi.

83 564 124 612 ἦ
153 589 186 622 Τ
214 564 254 610 ff
267 557 532 635 &lapieciss'afffln
545 554 950 637 cfffffidss‘i'fflmseffliiffi?

81 615 123 659 β
214 615 251 660 &53
265 638 331 670 Ctus
348 637 377 668 ἂ
396 636 465 669 usus
481 638 577 670 etiam
596 637 762 669 servitutes
780 638 950 678 indigiten-

81 660 251 710 ξ-ξΜῖῑ-ἴῆ
265 687 313 710 tur
329 679 347 708 l.
372 687 397 709 1.
417 679 444 709 h.
461 685 483 710 t.
515 679 577 711 Sed
596 688 667 720 quae
691 680 883 719 praediorum
905 679 950 719 ju·

80 733 114 756 ra
132 723 216 760 sunt,
234 721 399 752 servitutes
417 728 472 758 pei·
484 721 707 752 excellentiam
721 721 890 762 appellari,
907 721 951 751 di-

83 765 167 797 ctum
184 762 229 795 est
246 761 304 793 Tit.
324 770 349 793 1.
361 761 520 802 superioris
536 762 610 794 libri.
642 761 694 793 De
714 763 763 794 his
780 762 822 794 fic
839 762 952 794 Paulus

81 805 101 838 l.
120 815 147 846 3.
166 805 193 836 b.
213 811 233 836 t.
259 804 421 835 servitutes
437 804 610 841 pradiorurn
625 805 690 834 aliae
707 806 738 835 in
745 805 806 846 solo
817 828 825 842 ‚
841 803 906 835 aliae
921 805 953 834 in

74 845 222 889 superficie
239 842 406 884 confistunt.
431 844 488 876 Hae
508 845 663 876 uibanael.
676 855 723 876 20.
744 848 789 878 D.
809 846 842 877 de
855 846 952 880 servit.

74 889 167 930 praed.
182 888 245 920 urb.
266 887 327 919 illae
352 884 494 926 rusticae,
516 887 714 928 appellantur
732 888 752 920 l.
781 896 826 930 13.
851 886 894 918 D.
919 888 953 918 cie

741 971 1092 1008 T1rutus

994 557 1062 586 neis
1086 555 1266 593 acquiratur
1289 551 1421 583 servitus
1445 552 1566 583 rustica.
1601 562 1667 584 erat
1691 554 1872 593 dubitatio;

995 596 1083 636 quod
1107 595 1207 626 vineae
1232 592 1381 624 videntur
1403 593 1443 623 ad
1468 592 1666 632 superficiem
1695 594 1873 633 respicere:

994 647 1066 669 cum
1085 635 1205 668 rusticae
1223 634 1379 665 servitutis
1396 633 1451 673 fit,
1464 633 1531 665 solo
1551 635 1706 675 prodesse.
1733 636 1794 667 Sed
1805 637 1876 676 pla-

993 680 1061 710 cuit
1083 677 1241 718 Javoleno
1259 698 1269 714 ,
1302 676 1402 708 vineis
1423 675 1542 716 acquiri
1572 676 1718 708 rusticam
1743 677 1876 709 servitu-

995 728 1077 751 tem:
1102 717 1183 759 quasi
1208 717 1254 749 his
1279 717 1388 748 debita
1413 716 1564 755 servitus,
1588 718 1687 758 magis
1710 719 1747 749 ad
1774 718 1875 751 solum

996 761 1151 801 respiciat.
1186 760 1324 797 ideoque
1347 782 1356 797 ‚
1387 757 1510 799 inquit,
1530 759 1723 799 Javolenus,
1747 758 1876 791 sublatis

996 803 1120 840 vineis,
1145 801 1276 833 servitus
1302 801 1464 837 manebit,
1489 800 1589 831 vineis
1612 800 1777 842 impolita,
1800 810 1876 842 qua-

994 843 1017 876 fi
1035 843 1100 875 solo
1113 866 1124 883 ‚
1145 852 1211 875 non
1228 841 1423 882 superficiei,
1447 841 1614 874 inhaerens.

1149 967 1198 1003 ΙΙ.

635 1047 685 1084 De
688 1046 894 1095 servitutibus
907 1046 1090 1094 praediorum
1113 1046 1310 1080 urbanorum.

80 1137 174 1213 Ait
189 1137 284 1178 igitur
299 1136 412 1169 Paulus
428 1136 447 1168 1.
457 1146 485 1178 3.
504 1135 544 1168 D.
560 1137 593 1168 de
601 1138 763 1175 servitutih.
784 1136 949 1172 servitutes

163 1180 352 1210 urbanorum
373 1180 560 1217 praediol·um
584 1180 677 1216 (inde
693 1180 835 1210 ordietur
855 1181 949 1213 inter-

78 1221 240 1262 pretatio)
258 1221 288 1251 in
305 1220 470 1260 luperficie
487 1219 666 1251 consistere.
684 1221 757 1259 quia
774 1231 852 1253 vero
870 1224 952 1255 aedes

80 1260 306 1304 superficiarias
326 1270 477 1292 vocamus
491 1261 509 1291 l.
527 1270 554 1292 2.
577 1260 615 1291 D.
633 1261 890 1302 defieperficiebus‚
902 1264 950 1302 Ju-

80 1303 231 1336 stmianus
246 1303 274 1344 §.
303 1312 329 1334 1.
356 1300 425 1341 Infl.
444 1303 477 1332 de
492 1303 589 1335 (ervit.
605 1304 691 1341 praed.
718 1307 952 1336 convenienter

78 1345 198 1382 Paulo,
218 1345 407 1374 urbanorum
419 1366 426 1380 ,
445 1342 564 1382 inquit,
581 1345 770 1383 praediorum
786 1345 953 1379 servitutes

79 1386 142 1418 esse
164 1385 217 1416 has
235 1394 302 1424 quae
323 1383 465 1416 aedificiis
482 1384 646 1414 inhaerent.
671 1395 730 1416 nec
748 1387 828 1418 male
845 1388 951 1426 addit,

76 1428 154 1460 ideo
175 1426 365 1457 urbanorum
383 1424 572 1465 praediorum
583 1425 697 1457 ditias:
712 1430 862 1466 quoniam
880 1431 953 1460 aedi-

78 1467 151 1500 ficia
169 1468 274 1498 omnia
293 1468 408 1497 urbana
422 1467 537 1507 pl'aedla
556 1468 750 1506 appellamus
762 1492 770 1506 ‚
782 1470 836 1501 etsi
853 1471 883 1502 in
900 1471 954 1502 vil-

78 1510 110 1543 la
126 1507 278 1540 aedificata
297 1507 365 1539 iint.
391 1507 489 1547 quue
501 1506 693 1548 &Ulpianus
709 1510 878 1543 confirmat
895 1512 912 1542 l.
929 1521 953 1544 1.

79 1550 125 1584 D.
144 1550 388 1590 Communspraed.
413 1548 567 1587 Exempla
583 1559 681 1588 porro
699 1549 884 1585 servitutum
903 1563 951 1584 ur-

79 1592 236 1623 banorum
260 1590 450 1630 praediorum
475 1588 558 1630 Gajo
582 1591 601 1621 l.
628 1600 655 1621 ρ.
673 1591 700 1622 h.
718 1597 739 1622 t.
765 1594 837 1626 talia
865 1594 953 1627 sunt:

78 1633 128 1673 jus
154 1633 246 1663 altius
268 1632 402 1662 tollendi
422 1631 451 1662 ἃ
470 1630 630 1663 officiendi
649 1633 819 1666 luminibus
836 1636 952 1675 vieini,

77 1681 135 1705 aut
152 1682 216 1704 non
234 1672 420 1704 extollendi.
444 1671 522 1704 Item
537 1672 725 1706 stillicidium
740 1678 902 1709 avertendi
920 1677 951 1709 in

80 1715 202 1747 testum
216 1714 379 1745 velaream
397 1713 512 1752 vicini,
528 1721 580 1745 aut
596 1724 658 1746 non
677 1717 851 1750 avertendi.
871 1717 951 1751 Item

82 1756 276 1789 immittendi
296 1763 380 1796 tigna
405 1755 434 1786 in
458 1757 610 1794 parietem
629 1757 743 1790 vicini:
767 1760 795 1790 ὅ(
814 1760 952 1797 denique

79 1797 271 1872 Erojiciendi
289 1797 539 1836 protegetidive:
558 1804 737 1837 caeteraque
757 1800 819 1832 istis
836 1801 951 1833 similia.

112 1840 224 1870 rimum
235 1837 304 1878 Gaji
323 1838 503 1882 exemplum
520 1837 582 1876 est,
597 1839 646 1878 jus
663 1841 753 1871 altius
770 1842 903 1874 tollendi
922 1843 951 1874 δί

80 1880 246 1912 officiendi
263 1879 431 1911 luminibus
450 1879 553 1910 vicini.
577 1880 625 1910 An
643 1881 753 1914 refile‘?
770 1884 881 1920 aliquis
897 1886 952 1916 du·

81 1921 183 1954 bitet:
205 1931 245 1952 eo
264 1921 352 1961 quod
376 1919 627 1961 unicuiquejure
652 1924 782 1956 naturali
801 1925 897 1965 licet,
920 1926 951 1957 in

81 1963 139 1994 suo
157 1961 263 1993 facere
283 1963 313 1993 id
334 1962 422 2003 quod
447 1961 542 2001 velit,
567 1963 661 1995 etiam
686 1973 758 1996 cum
782 1967 885 1998 alieno
909 1968 952 1998 in-

80 2004 259 2035 commodo
275 2003 293 2034 l.
312 2012 341 2038 9.
357 2003 401 2034 D.
417 2004 444 2033 h.
461 2009 482 2034 t.
504 2004 604 2035 modo
622 2004 698 2036 nibil
718 2006 867 2039 immittat
879 2009 907 2039 in
925 2017 953 2039 a·

80 2045 200 2078 lienum
217 2044 281 2088 l.-8.
300 2044 327 2086 §.
343 2055 372 2085 5.
392 2043 430 2075 D.
455 2045 489 2075 Si
505 2047 603 2080 servit.
619 2048 727 2079 vindic.
747 2057 858 2085 certo,
882 2059 953 2081 eum

81 2087 135 2126 qui
151 2087 218 2127 jure
233 2086 288 2116 {uo
303 2086 505 2124 utitur‚nulli
525 2086 668 2127 injuriam
686 2088 792 2122 facere
810 2091 827 2121 l.
844 2101 891 2131 55.
915 2091 955 2122 Ι).

82 2130 117 2160 ‹Je
131 2137 189 2169 reg.
208 2127 268 2168 jur.
287 2127 328 2158 sic
343 2136 440 2165 vem,
464 2137 520 2158 cur
534 2128 583 2168 jus
599 2129 689 2161 altius
706 2131 858 2170 tollendi,
882 2141 953 2163 cum

82 2168 237 2201 libertatis
251 2167 305 2206 fit,
322 2177 339 2199 a
354 2167 437 2208 Gajo
454 2167 583 2201 servitus
601 2170 708 2203 urbani
723 2173 828 2211 praedii
845 2175 951 2212 appel-

81 2211 184 2247 ]etur,
210 2209 298 2240 causa
314 2219 377 2240 non
394 2209 449 2240 est.
480 2210 541 2241 Sed
558 2211 634 2243 mihi
655 2214 819 2253 probabile
836 2214 898 2250 est,
914 2215 953 2246 ad

79 2251 266 2283 servitutem
284 2252 456 2282 accedere:
473 2251 492 2282 ii
510 2261 665 2292 ponatur,
683 2259 770 2294 quod
782 2255 892 2288 Romae
911 2257 953 2288 le-

80 2293 172 2334 gibus
190 2291 318 2323 definita
336 2292 397 2322 fuit
412 2293 657 2332 altitudo‚intra
675 2305 768 2336 quam
789 2298 955 2338 unusquis-

79 2343 143 2375 que
167 2333 355 2364 aedificando
379 2333 511 2365 deberet
535 2335 714 2368 consistere.
738 2339 832 2370 talem
850 2347 956 2370 autem

78 2375 192 2407 Romae
208 2373 298 2406 fuisse
316 2373 451 2406 foi-mam
463 2399 470 2411 ,
482 2377 563 2406 inter
572 2377 649 2408 alios
663 2378 864 2419 observantJ.
886 2380 955 2421 Lip-

78 2416 138 2449 fius
152 2418 198 2447 lib.
208 2427 237 2457 3.
253 2416 296 2446 De
304 2418 466 2457 magnitud.
481 2416 561 2447 Rom.
571 2428 593 2448 c.
603 2429 632 2458 4.
642 2419 677 2450 B.
689 2419 859 2452 Briss'onius
868 2421 915 2452 lib.
930 2431 954 2453 1.

81 2457 182 2490 Seleft.
197 2458 289 2499 antiq.
309 2467 334 2488 c.
356 2467 367 2489 1
402 2458 430 2489 δι
455 2457 486 2488 Ρ.
506 2457 606 2491 Faber
623 2462 661 2491 ad
676 2461 694 2492 l.
712 2466 763 2493 61.
784 2463 829 2493 D.
847 2464 880 2493 de
894 2472 954 2504 reg.

78 2499 141 2539 jur.
159 2498 253 2530 etiam
269 2500 430 2540 attingunt
450 2499 530 2530 lianc
544 2500 562 2530 l.
583 2510 608 2532 1.
626 2502 658 2532 C.
675 2504 709 2534 de
726 2503 826 2542 aedific.
840 2505 952 2543 privat.

81 2539 101 2570 l.
113 2549 138 2570 1.
159 2539 190 2570 C.
209 2541 242 2570 de
257 2542 356 2574 servit.
373 2540 392 2570 l.
413 2550 458 2572 11.
482 2542 526 2572 D.
541 2542 570 2573 b.
587 2548 607 2572 t.
638 2542 671 2574 In
692 2544 754 2575 hoc
769 2545 865 2586 igitur
879 2546 954 2584 juris

80 2580 163 2612 statu
179 2579 198 2611 fi
221 2589 346 2612 maneat
369 2581 539 2613 aedificatio
562 2582 641 2615 infra
658 2584 870 2625 praescriptam
890 2586 955 2617 for-

79 2630 182 2658 mam,
200 2621 326 2652 libertas
343 2621 403 2653 est:
419 2622 516 2655 fieam
535 2624 677 2665 superet,
703 2627 812 2658 vicino
828 2628 956 2667 permit-

82 2669 192 2698 tente,
215 2663 389 2702 appellatur
410 2663 552 2696 servitus.
596 2666 705 2698 Licuit
727 2678 806 2699 vero
825 2667 955 2707 vicinis,

83 2711 121 2734 ut
137 2711 289 2749 apparet,
306 2703 502 2743 pactionibus
519 2707 548 2737 ὅ(
566 2706 818 2746 stipulationibus
839 2709 869 2741 in
892 2710 956 2740 hoc

82 2753 195 2775 venire
221 2743 366 2775 adversus
391 2744 494 2785 leges:
519 2747 684 2788 postquam
709 2752 864 2782 creditum
892 2750 956 2789 est,

83 2786 179 2817 talem
203 2784 339 2816 sormam
366 2788 462 2825 magis
478 2788 516 2818 ad
535 2790 708 2830 privatam,
735 2802 827 2831 quam
844 2793 883 2823 ad
903 2801 957 2831 pu-

81 2827 218 2865 blicam,
237 2827 404 2857 utilitatem
425 2829 590 2866 perrinere.
614 2831 675 2862 Sed
696 2832 759 2863 hoc
776 2843 816 2864 ex
833 2835 859 2864 d.
872 2833 892 2864 l.
912 2841 959 2864 11.

83 2869 122 2904 δ’
140 2868 160 2899 l.
184 2877 228 2899 12.
244 2867 272 2908 §.
294 2877 315 2897 i.
333 2867 365 2897 C.
382 2869 414 2897 de
429 2867 528 2904 aectz'sic.
543 2872 652 2910 privat.
675 2874 874 2913 intelligitur.

125 2909 270 2940 Alterum
289 2908 412 2938 urbanae
439 2908 593 2942 servitutis
612 2910 794 2952 exemplum
824 2915 907 2955 Gajo
930 2916 958 2945 d.

83 2951 105 2983 1.
123 2961 150 2982 2.
169 2950 198 2981 h.
215 2957 237 2980 t.
258 2957 346 2980 venit
356 2950 404 2990 jus
423 2951 514 2982 altius
531 2960 594 2983 non
611 2955 755 2988 tollendi.
779 2957 907 2988 obtinet
924 2956 958 2987 il-

81 2994 146 3025 lam
173 2992 318 3027 vicinus,
341 3000 357 3021 a
385 2991 493 3022 vicino
517 2994 705 3033 impetrans;
730 3006 769 3028 ne
793 3000 875 3029 redes
895 2997 959 3028 suas

82 3034 178 3066 tollat
195 3033 233 3063 ad
245 3031 811 3074 praescriptamlegibusaltitudinem.
838 3037 958 3070 Indicio

81 3076 149 3107 hoc
176 3074 275 3115 impp.
303 3073 494 3104 Diocletiani
520 3075 549 3105 &
576 3075 759 3110 Maximiani
782 3103 790 3116 ‚
821 3080 959 3110 Aniceto

84 3117 209 3148 cuidam
226 3115 465 3146 rescribentium
477 3139 485 3151 ,
504 3116 601 3147 Altius
612 3117 735 3156 [edificia
746 3121 857 3157 tollere,
868 3119 895 3157 fi
911 3122 958 3150 do-

86 3167 150 3188 mus
173 3158 336 3189 servitutem
361 3166 418 3187 ozon
441 3158 558 3194 debeat,
588 3159 734 3191 dominum
760 3162 820 3202 ejus
844 3162 960 3192 minime

79 3199 221 3239 prohiberi
238 3198 254 3229 Ι.
273 3203 299 3232 8.
320 3197 351 3228 C.
369 3199 401 3227 de
411 3197 548 3238 servitur.
566 3198 630 3238 Ita,
654 3200 672 3231 ss
695 3201 757 3231 boc
777 3203 875 3234 modo
893 3212 957 3234 non

84 3238 292 3272 obscurentur
310 3240 422 3272 vicinae
439 3240 533 3272 aedes.
563 3240 634 3274 Iino
656 3240 809 3283 Ulpianus
824 3243 843 3276 l.
858 3253 888 3281 9.
908 3245 954 3276 D.

993 1135 1019 1167 h.
1042 1141 1065 1166 t.
1093 1133 1225 1173 scribit,
1251 1134 1326 1165 Cum
1347 1143 1376 1166 eo
1390 1135 1442 1176 qui
1456 1134 1576 1166 tollendo
1592 1135 1720 1169 obscurat
1735 1134 1829 1166 vicini
1842 1143 1877 1166 ι-

992 1178 1039 1208 des
1062 1177 1168 1217 quihus
1192 1185 1249 1207 non
1266 1178 1393 1214 serviat,
1416 1176 1528 1207 nullum
1553 1183 1704 1216 competere
1726 1176 1874 1207 amonem.

996 1218 1135 1250 Proinde
1148 1218 1291 1258 quisquis
1308 1218 1408 1254 nolit,
1425 1217 1509 1248 aedes
1527 1216 1591 1249 suas
1607 1217 1796 1249 aedificando
1806 1216 1876 1248 fieri

994 1259 1213 1297 obscuriores,
1233 1268 1306 1290 eum
1323 1266 1457 1297 oportet
1471 1268 1487 1289 a
1505 1259 1614 1290 vicino
1631 1259 1821 1297 impetrare,
1834 1267 1877 1290 ne

995 1302 1078 1332 aedes
1100 1300 1164 1332 suas
1181 1301 1273 1331 altius
1293 1301 1395 1332 tollat.
1440 1301 1492 1331 Sic
1515 1307 1647 1340 apparet
1672 1300 1775 1331 ciVilis
1793 1300 1876 1331 ratio

995 1343 1201 1373 admittendae
1219 1342 1309 1381 hujus
1328 1341 1504 1379 servitutis,
1529 1350 1592 1373 tam
1606 1350 1692 1372 certa
1710 1341 1776 1380 ejus
1792 1341 1879 1372 utili-

997 1393 1080 1419 tate,
1104 1393 1144 1414 ne
1169 1383 1339 1415 luminibus
1356 1382 1523 1414 officiatur.
1544 1383 1568 1415 is
1585 1392 1664 1413 vero
1687 1380 1756 1413 finis
1781 1385 1880 1413 inter·

997 1426 1071 1455 dum
1090 1424 1296 1456 subauditura
1313 1424 1501 1456 Veteribus:
1520 1433 1554 1455 ut
1573 1424 1609 1455 fit
1627 1424 1657 1455 in
1675 1424 1693 1454 l.
1710 1434 1738 1455 2.
1751 1423 1815 1458 &l.
1831 1433 1877 1455 12.

1000 1467 1044 1497 I).
1065 1467 1091 1496 h.
1108 1472 1128 1497 t.
1153 1467 1311 1498 interdum
1335 1467 1524 1505 exprimitur
1540 1465 1604 1496 hoc
1622 1466 1741 1497 modo:
1766 1465 1819 1496 Ne
1835 1467 1880 1495 al·

997 1507 1059 1537 tius
1077 1508 1147 1547 quis
1165 1507 1255 1538 tollat
1273 1507 1375 1545 aedes,
1394 1507 1619 1538 uoluminibus
1638 1506 1816 1538 officiatur:
1841 1513 1877 1537 uc

995 1549 1027 1579 in
1044 1547 1071 1588 §.
1094 1558 1116 1579 1.
1137 1548 1174 1583 {5⁹
1189 1549 1242 1579 ult.
1261 1547 1332 1589 Inst.
1352 1549 1496 1589 deservit.
1508 1549 1641 1588 praedz'or.
1660 1547 1758 1588 Gajus
1775 1549 1823 1579 lib.
1844 1557 1876 1579 2..

996 1589 1069 1630 Just.
1085 1592 1130 1620 iit.
1152 1599 1175 1620 1.
1193 1590 1212 1632 §
1247 1601 1275 1631 3.
1302 1591 1343 1621 ita
1360 1589 1496 1622 indicat:
1514 1589 1603 1620 allius
1619 1590 1759 1629 erigendae
1777 1591 1877 1620 domus

995 1639 1048 1662 tzur
1064 1641 1122 1662 non
1139 1632 1299 1672 erigendae,
1315 1633 1400 1662 utica
1416 1631 1617 1672 quisfleirz'cet
1628 1653 1638 1669 ,
1656 1637 1690 1661 ut
1706 1631 1810 1661 vicinae
1827 1632 1878 1661 do-

994 1674 1057 1703 mni
1067 1673 1161 1703 lumen
1172 1682 1229 1703 non
1240 1673 1330 1704 tollat.
1361 1672 1465 1703 Locus
1477 1671 1548 1712 Gaji
1569 1672 1632 1702 huc
1647 1681 1747 1710 usque
1765 1671 1826 1706 suit
1841 1671 1875 1704 iu

995 1714 1093 1745 vitio:
1118 1713 1169 1745 sed
1186 1723 1236 1745 me
1255 1714 1458 1754 conjectore,
1476 1713 1520 1745 est
1538 1713 1574 1744 ad
1594 1712 1673 1745 hanc
1692 1712 1807 1745 faciem
1824 1722 1875 1744 re-

994 1754 1194 1787 formandus.
1240 1755 1314 1787 Hoc
1340 1755 1421 1786 infra
1445 1754 1621 1786 ostendam.
1654 1754 1782 1786 interim
1808 1763 1876 1786 non

996 1797 1188 1837 praeteribo3
1213 1799 1300 1837 quod
1319 1797 1388 1828 baec
1409 1796 1539 1827 servitus
1552 1820 1560 1834 ,
1585 1795 1626 1827 fic
1643 1804 1805 1836 concepta
1820 1796 1877 1828 ad-

994 1838 1078 1878 jecto
1096 1839 1160 1878 ejus
1176 1838 1259 1877 fine,
1282 1848 1346 1870 non
1366 1838 1409 1869 est
1428 1838 1547 1878 duplex
1568 1836 1721 1876 servitus'3
1745 1838 1797 1869 sed
1814 1846 1876 1869 uua

996 1880 1178 1911 dumtaxat:
1195 1881 1224 1911 in
1242 1889 1303 1920 qua
1321 1880 1496 1918 posteriora
1513 1879 1608 1910 verba
1621 1880 1764 1919 pendent
1781 1889 1796 1909 a
1814 1878 1877 1919 pri-

996 1920 1126 1959 oribus;
1141 1922 1180 1952 ab
1198 1922 1300 1961 iisque
1315 1921 1356 1952 lic
1372 1921 1590 1959 comitantur,
1607 1929 1641 1951 ut
1658 1920 1754 1952 solam
1775 1921 1877 1959 impe-

997 1963 1085 1994 diant
1094 1962 1352 1994 obscurationem
1369 1963 1541 2000 luminum,
1559 1962 1679 1993 aedibus
1696 1962 1788 1993 altius
1806 1961 1876 1993 sub-

998 2005 1067 2035 latis
1087 2004 1342 2045 contingentem.
1367 2004 1396 2035 &
1415 2003 1459 2035 est
1476 2004 1549 2034 hinc
1566 2002 1783 2043 consequens3
1803 2003 1878 2044 (au-

999 2045 1087 2077 troi-e
1103 2044 1261 2085 Javoleno
1279 2046 1297 2075 l.
1313 2055 1360 2077 12.
1380 2046 1423 2076 D.
1433 2045 1460 2076 h.
1473 2046 1513 2085 τ.)
1532 2052 1565 2075 ut
1582 2043 1714 2075 aedificia
1733 2054 1803 2085 quae
1823 2054 1878 2082 pa-

999 2088 1117 2118 tiantur
1134 2085 1317 2118 servitutem
1335 2085 1386 2118 Ne
1397 2087 1472 2127 quid
1484 2086 1576 2117 altius
1596 2086 1743 2124 tollatur,
1759 2086 1877 2126 possint

998 2127 1088 2169 supra
1111 2137 1180 2159 eam
1207 2128 1409 2159 altitudinem
1437 2127 1553 2158 habere
1579 2128 1750 2160 viridaria:
1776 2135 1879 2167 puto,

998 2171 1086 2210 quod
1099 2179 1133 2200 ea
1150 2169 1285 2201 formula
1299 2169 1338 2201 de
1352 2170 1502 2200 viridibus
1521 2176 1625 2201 tacet:
1642 2168 1742 2200 solum
1761 2175 1878 2207 cavet,

996 2221 1036 2242 ne
1053 2212 1145 2242 altius
1162 2209 1347 2242 aedificetur.
1372 2211 1420 2249 ἃ,
1445 2210 1464 2242 fi
1484 2211 1554 2250 plus
1574 2211 1677 2242 voluit
1694 2210 1878 2250 stipulator,

996 2253 1094 2283 debet
1110 2251 1163 2283 fibi
1181 2253 1358 2293 imputare:
1376 2252 1463 2292 quod
1480 2253 1531 2283 ubi
1552 2259 1680 2292 poterat
1698 2250 1879 2290 stipulatio-

999 2303 1038 2325 ne
1057 2294 1126 2333 plus
1144 2293 1337 2335 complecti,
1355 2303 1419 2325 non
1439 2293 1500 2324 fuit
1518 2293 1640 2334 plenius
1659 2293 1802 2324 locutus:
1824 2292 1879 2331 Ju-

1000 2335 1210 2375 risprudentia
1226 2335 1347 2375 semper
1366 2335 1537 2372 libertatis,
1555 2343 1725 2373 numquam
1745 2333 1879 2364 servitu-

1001 2377 1059 2415 tis,
1076 2376 1209 2407 studiosa
1225 2375 1289 2408 fine
1308 2375 1448 2417 expressa
1464 2375 1667 2413 stipulatione
1683 2375 1703 2406 l.
1720 2384 1769 2411 99-
1788 2374 1828 2407 D.
1845 2376 1880 2405 de

998 2420 1076 2449 verb.
1096 2418 1178 2459 oblig.
1209 2418 1330 2449 Viridia
1357 2426 1473 2457 porr0‚
1497 2424 1532 2447 ut
1550 2416 1614 2447 hoc
1632 2417 1765 2454 addam,
1790 2416 1875 2456 apud

997 2458 1185 2497 Javolenum
1205 2458 1271 2490 sunt
1289 2459 1417 2489 arbores
1429 2482 1438 2496 ‚
1454 2457 1536 2489 filvae
1548 2483 1555 2492 ,
1574 2459 1733 2497 pomaria,
1750 2457 1855 2489 fimilia
1867 2481 1879 2497 ,

996 2503 1028 2531 in
1046 2499 1172 2532 summis
1183 2500 1274 2532 tectis
1289 2499 1398 2540 pofita.
1423 2499 1543 2530 AuCtor
1553 2499 1726 2531 Pliniuslib.
1744 2508 1786 2539 15.
1798 2497 1879 2539 Hzst.

998 2547 1060 2572 nat.
1077 2552 1092 2572 c
1122 2551 1167 2582 14.
1192 2542 1296 2572 verbis
1319 2540 1534 2581 sequentibus.
1578 2541 1614 2572 In
1632 2540 1704 2571 ῑεὲἶα
1718 2539 1879 2582 jamfilvae

992 2584 1153 2623 scandum.
1178 2582 1297 2613 Seneca
1315 2591 1446 2622 quoque
1465 2579 1558 2622 Epzst.
1580 2591 1644 2613 122.
1663 2582 1737 2613 Non
1765 2583 1878 2612 vivunt

1000 2630 1098 2655 contra
1120 2630 1275 2658 naturam,
1299 2625 1350 2664 qui
1364 2624 1494 2663 pomaria
1510 2625 1541 2653 in
1556 2624 1674 2660 staminis
1692 2624 1822 2654 turribus
1831 2622 1877 2664 ,ίέ-

999 2665 1098 2696 runt?
1121 2675 1243 2707 quorum
1259 2663 1344 2702 filvae
1368 2666 1399 2694 in
1422 2663 1504 2695 tetris
1531 2666 1677 2695 domorum
1697 2675 1730 2695 cic
1741 2663 1875 2705 fastigiis

999 2713 1128 2743 nutant,
1150 2707 1215 2736 inde
1232 2708 1300 2736 orcis
1318 2707 1460 2736 radicibus
1475 2715 1528 2746 quo
1544 2707 1662 2746 improbe
1677 2707 1830 2737 cacumina
1850 2714 1878 2734 e-

996 2746 1125 2788 gzffent?
1151 2746 1230 2779 Item
1250 2745 1382 2779 Rutilius
1401 2745 1632 2786 Numantinus,
1655 2747 1811 2779 Itinerarz'o
1827 2746 1874 2776 lib.

1005 2797 1030 2819 1.
1047 2788 1119 2824 verfi
1142 2797 1210 2819 111.

1042 2829 1124 2872 Quid
1139 2829 1240 2870 loquar
1256 2830 1381 2869 inclusas
1398 2830 1475 2860 inter
1488 2830 1639 2871 laquearia
1648 2828 1743 2868 silvas

1086 2870 1220 2902 Vernula
1236 2881 1294 2912 qua
1310 2872 1393 2903 vario
1413 2872 1540 2902 carmine
1555 2872 1630 2902 ludit
1645 2872 1719 2902 (ivis.

1002 2910 1078 2942 Huc
1094 2921 1194 2951 usque
1211 2913 1329 2953 dejure
1344 2912 1396 2945 Ne
1414 2913 1506 2944 altius
1525 2914 1672 2950 tollatur,
1694 2920 1733 2942 ne
1752 2909 1877 2941 lumini-

1003 2953 1060 2984 bus
1078 2952 1235 2985 officiatur

1045 2993 1189 3026 Proxima
1209 2996 1397 3027 deliberatio
1414 2996 1474 3027 erit
1489 2995 1529 3026 de
1546 2994 1696 3025 servitute
1719 2990 1771 3023 Ne
1789 2992 1879 3023 lumi-

1003 3035 1093 3068 nibus
1109 3036 1273 3069 officiatur.
1297 3046 1368 3078 quae
1387 3037 1537 3073 servitus,
1555 3043 1587 3065 ut
1604 3042 1734 3073 apparet
1752 3043 1790 3064 ex
1808 3034 1825 3063 l.
1845 3043 1877 3072 4.

1002 3075 1022 3106 1.
1047 3085 1091 3116 15.
1106 3077 1125 3109 l.
1145 3081 1191 3108 16.
1211 3079 1231 3110 l.
1257 3088 1306 3119 23.
1334 3080 1378 3109 J).
1398 3079 1425 3108 h.
1442 3084 1462 3108 t.
1486 3085 1579 3107 etiarn
1599 3075 1719 3106 Lumen
1736 3075 1875 3115 appella-

1003 3126 1071 3157 tur,
1093 3119 1122 3150 v&
1141 3118 1273 3152 servitus
1291 3119 1479 3151 Luminum:
1505 3118 1566 3155 pari
1586 3115 1688 3146 forma
1709 3125 1768 3155 qua
1785 3117 1880 3147 servi·

1004 3167 1052 3191 tus
1068 3159 1254 3200 Prospectus
1271 3161 1345 3192 alias
1365 3161 1480 3191 dicitur
1494 3159 1541 3196 J'us
1561 3157 1763 3197 Prospectus‚
1775 3158 1804 3188 ἃ
1824 3156 1877 3189 Ne

1002 3201 1179 3241 prospectui
1198 3202 1375 3234 officiatur:
1394 3209 1465 3230 cuin
1484 3198 1518 3230 fit
1536 3208 1594 3229 una
1613 3198 1765 3237 servitus,
1783 3199 1878 3239 pluri-

1000 3242 1057 3275 bus
1074 3243 1258 3314 noerinibus
1276 3242 1448 3283 designata:
1467 3249 1500 3271 ut
1516 3240 1546 3271 in
1564 3238 1768 3281 sequentibus
1784 3248 1877 3281 appa·

1165 3294 1184 3325 3
1826 3290 1875 3312 re-
