<?xml version="1.0" encoding="UTF-8"?>
<!DOCTYPE html PUBLIC "-//W3C//DTD XHTML 1.0 Transitional//EN"
    "http://www.w3.org/TR/xhtml1/DTD/xhtml1-transitional.dtd">
<html xmlns="http://www.w3.org/1999/xhtml" xml:lang="en" lang="en">
 <head>
  <title>
</title>
<meta http-equiv="Content-Type" content="text/html;charset=utf-8" />
  <meta name='ocr-system' content='tesseract 3.04.00' />
  <meta name='ocr-capabilities' content='ocr_page ocr_carea ocr_par ocr_line ocrx_word'/>
</head>
<body>
  <div class='ocr_page' id='page_1' title='image "./gerardinoodtnovi00nood_0367.png"; bbox 0 0 2036 3495; ppageno 0'>
   <div class='ocr_carea' id='block_1_1' title="bbox 521 77 612 115">
    <p class='ocr_par' dir='ltr' id='par_1_1' title="bbox 521 77 612 115">
     <span class='ocr_line' id='line_1_1' title="bbox 521 77 612 115; baseline -0.033 0"><span class='ocrx_word' id='word_1_1' title='bbox 521 77 612 115; x_wconf 66' lang='lat' dir='ltr'><strong>DE</strong></span> 
     </span>
    </p>
   </div>
   <div class='ocr_carea' id='block_1_2' title="bbox 45 162 919 597">
    <p class='ocr_par' dir='ltr' id='par_1_2' title="bbox 45 162 919 597">
     <span class='ocr_line' id='line_1_2' title="bbox 47 162 915 216; baseline -0.028 -1"><span class='ocrx_word' id='word_1_2' title='bbox 47 178 156 216; x_wconf 69' lang='lat' dir='ltr'><strong>&amp;uarii</strong></span> <span class='ocrx_word' id='word_1_3' title='bbox 171 175 303 212; x_wconf 83' lang='lat' dir='ltr'><strong>arbitrio</strong></span> <span class='ocrx_word' id='word_1_4' title='bbox 320 179 373 207; x_wconf 85' lang='lat' dir='ltr'><strong>aut</strong></span> <span class='ocrx_word' id='word_1_5' title='bbox 387 179 448 214; x_wconf 87' lang='lat' dir='ltr'><strong>pro</strong></span> <span class='ocrx_word' id='word_1_6' title='bbox 463 170 552 212; x_wconf 80' lang='lat' dir='ltr'><strong>ligno</strong></span> <span class='ocrx_word' id='word_1_7' title='bbox 567 164 710 199; x_wconf 86' lang='lat' dir='ltr'><strong>adhiberi</strong></span> <span class='ocrx_word' id='word_1_8' title='bbox 727 163 766 195; x_wconf 86' lang='lat' dir='ltr'><strong>ad</strong></span> <span class='ocrx_word' id='word_1_9' title='bbox 782 162 915 195; x_wconf 87' lang='lat' dir='ltr'><strong>combu-</strong></span> 
     </span>
     <span class='ocr_line' id='line_1_3' title="bbox 46 203 915 259; baseline -0.028 -2"><span class='ocrx_word' id='word_1_10' title='bbox 46 224 180 257; x_wconf 86' lang='lat' dir='ltr'><strong>stionem</strong></span> <span class='ocrx_word' id='word_1_11' title='bbox 191 245 200 259; x_wconf 94' lang='lat'>‚</span> <span class='ocrx_word' id='word_1_12' title='bbox 212 227 266 252; x_wconf 84' lang='lat' dir='ltr'><strong>aut</strong></span> <span class='ocrx_word' id='word_1_13' title='bbox 281 227 340 259; x_wconf 92' lang='lat' dir='ltr'><strong>pro</strong></span> <span class='ocrx_word' id='word_1_14' title='bbox 354 213 484 257; x_wconf 89' lang='lat' dir='ltr'><strong>perticis</strong></span> <span class='ocrx_word' id='word_1_15' title='bbox 499 210 619 252; x_wconf 87' lang='lat' dir='ltr'><strong>palisve</strong></span> <span class='ocrx_word' id='word_1_16' title='bbox 635 207 675 238; x_wconf 83' lang='lat' dir='ltr'><strong>ad</strong></span> <span class='ocrx_word' id='word_1_17' title='bbox 690 207 835 247; x_wconf 83' lang='lat' dir='ltr'><strong>vineam:</strong></span> <span class='ocrx_word' id='word_1_18' title='bbox 851 203 915 235; x_wconf 89' lang='lat' dir='ltr'><strong>five</strong></span> 
     </span>
     <span class='ocr_line' id='line_1_4' title="bbox 49 246 914 307; baseline -0.029 -8"><span class='ocrx_word' id='word_1_19' title='bbox 49 264 115 307; x_wconf 89' lang='lat' dir='ltr'><strong>ipse</strong></span> <span class='ocrx_word' id='word_1_20' title='bbox 130 264 179 296; x_wconf 89' lang='lat' dir='ltr'><strong>his</strong></span> <span class='ocrx_word' id='word_1_21' title='bbox 194 261 236 294; x_wconf 84' lang='lat' dir='ltr'><strong>fic</strong></span> <span class='ocrx_word' id='word_1_22' title='bbox 253 260 299 292; x_wconf 75' lang='lat' dir='ltr'><strong>uti</strong></span> <span class='ocrx_word' id='word_1_23' title='bbox 316 257 422 295; x_wconf 89' lang='lat' dir='ltr'><strong>malit,</strong></span> <span class='ocrx_word' id='word_1_24' title='bbox 436 254 500 287; x_wconf 89' lang='lat' dir='ltr'><strong>five</strong></span> <span class='ocrx_word' id='word_1_25' title='bbox 517 261 554 283; x_wconf 90' lang='lat' dir='ltr'><strong>ea</strong></span> <span class='ocrx_word' id='word_1_26' title='bbox 570 248 710 281; x_wconf 89' lang='lat' dir='ltr'><strong>vendere</strong></span> <span class='ocrx_word' id='word_1_27' title='bbox 727 247 804 292; x_wconf 79' lang='lat' dir='ltr'><strong>aliis.</strong></span> <span class='ocrx_word' id='word_1_28' title='bbox 826 246 914 286; x_wconf 83' lang='lat' dir='ltr'><strong>quod</strong></span> 
     </span>
     <span class='ocr_line' id='line_1_5' title="bbox 47 287 916 347; baseline -0.03 -7"><span class='ocrx_word' id='word_1_29' title='bbox 47 308 81 340; x_wconf 86' lang='lat' dir='ltr'><strong>in</strong></span> <span class='ocrx_word' id='word_1_30' title='bbox 97 304 286 347; x_wconf 85' lang='lat' dir='ltr'><strong>quibusdam</strong></span> <span class='ocrx_word' id='word_1_31' title='bbox 301 306 414 341; x_wconf 87' lang='lat' dir='ltr'><strong>quarto</strong></span> <span class='ocrx_word' id='word_1_32' title='bbox 429 319 439 336; x_wconf 88' lang='lat'><em>‚</em></span> <span class='ocrx_word' id='word_1_33' title='bbox 462 296 494 327; x_wconf 92' lang='lat' dir='ltr'><strong>in</strong></span> <span class='ocrx_word' id='word_1_34' title='bbox 510 291 698 335; x_wconf 83' lang='lat' dir='ltr'><strong>quibusdam</strong></span> <span class='ocrx_word' id='word_1_35' title='bbox 714 287 867 328; x_wconf 85' lang='lat' dir='ltr'><strong>septim0,</strong></span> <span class='ocrx_word' id='word_1_36' title='bbox 884 287 916 318; x_wconf 87' lang='lat' dir='ltr'><strong>in</strong></span> 
     </span>
     <span class='ocr_line' id='line_1_6' title="bbox 49 327 915 390; baseline -0.028 -9"><span class='ocrx_word' id='word_1_37' title='bbox 49 347 238 390; x_wconf 87' lang='lat' dir='ltr'><strong>quibusdam</strong></span> <span class='ocrx_word' id='word_1_38' title='bbox 254 341 406 375; x_wconf 87' lang='lat' dir='ltr'><strong>ulteriore</strong></span> <span class='ocrx_word' id='word_1_39' title='bbox 422 346 506 384; x_wconf 78' lang='lat' dir='ltr'><strong>anno</strong></span> <span class='ocrx_word' id='word_1_40' title='bbox 521 333 602 372; x_wconf 85' lang='lat' dir='ltr'><strong>fieri,</strong></span> <span class='ocrx_word' id='word_1_41' title='bbox 614 331 731 364; x_wconf 87' lang='lat' dir='ltr'><strong>Plinius</strong></span> <span class='ocrx_word' id='word_1_42' title='bbox 749 327 849 360; x_wconf 84' lang='lat' dir='ltr'>refert</span> <span class='ocrx_word' id='word_1_43' title='bbox 866 328 915 375; x_wconf 69' lang='lat' dir='ltr'><strong>lib.</strong></span> 
     </span>
     <span class='ocr_line' id='line_1_7' title="bbox 45 370 916 464; baseline -0.028 0"><span class='ocrx_word' id='word_1_44' title='bbox 45 399 112 464; x_wconf 66' lang='lat' dir='ltr'><strong>s¹u⁷1i1</strong></span> <span class='ocrx_word' id='word_1_45' title='bbox 121 378 545 461; x_wconf 46' lang='lat' dir='ltr'><strong>Yei&#39;ississaffioffiffiss?</strong></span> <span class='ocrx_word' id='word_1_46' title='bbox 556 374 679 454; x_wconf 57' lang='lat' dir='ltr'><strong>iiii?</strong></span> <span class='ocrx_word' id='word_1_47' title='bbox 689 370 749 444; x_wconf 57' lang='lat'><strong>25¹3?</strong></span> <span class='ocrx_word' id='word_1_48' title='bbox 754 379 804 443; x_wconf 65' lang='grc' dir='ltr'><strong>ῗᾱ.</strong></span> <span class='ocrx_word' id='word_1_49' title='bbox 819 370 916 442; x_wconf 61' lang='grc' dir='ltr'><strong>ῗὲιῖῗζ</strong></span> 
     </span>
     <span class='ocr_line' id='line_1_8' title="bbox 48 453 919 504; baseline -0.028 1"><span class='ocrx_word' id='word_1_50' title='bbox 48 475 80 504; x_wconf 79' lang='lat' dir='ltr'><strong>in</strong></span> <span class='ocrx_word' id='word_1_51' title='bbox 93 470 214 503; x_wconf 76' lang='lat' dir='ltr'><strong>Scholia.</strong></span> <span class='ocrx_word' id='word_1_52' title='bbox 232 473 297 498; x_wconf 78' lang='lat' dir='ltr'><strong>tom.</strong></span> <span class='ocrx_word' id='word_1_53' title='bbox 314 476 344 497; x_wconf 84' lang='lat'><strong>2.</strong></span> <span class='ocrx_word' id='word_1_54' title='bbox 357 470 425 504; x_wconf 83' lang='lat' dir='ltr'><strong>pag.</strong></span> <span class='ocrx_word' id='word_1_55' title='bbox 442 463 514 501; x_wconf 73' lang='lat'><strong>265.</strong></span> <span class='ocrx_word' id='word_1_56' title='bbox 552 457 641 500; x_wconf 80' lang='lat' dir='ltr'><strong>Quid</strong></span> <span class='ocrx_word' id='word_1_57' title='bbox 655 478 664 494; x_wconf 97' lang='lat'>,</span> <span class='ocrx_word' id='word_1_58' title='bbox 687 453 708 485; x_wconf 89' lang='lat' dir='ltr'><strong>fi</strong></span> <span class='ocrx_word' id='word_1_59' title='bbox 725 463 790 500; x_wconf 85' lang='lat' dir='ltr'><strong>non</strong></span> <span class='ocrx_word' id='word_1_60' title='bbox 809 453 919 483; x_wconf 82' lang='lat' dir='ltr'><strong>caedua</strong></span> 
     </span>
     <span class='ocr_line' id='line_1_9' title="bbox 47 497 918 548; baseline -0.026 -1"><span class='ocrx_word' id='word_1_61' title='bbox 47 513 110 546; x_wconf 70' lang='lat' dir='ltr'><strong>fit?</strong></span> <span class='ocrx_word' id='word_1_62' title='bbox 130 513 173 544; x_wconf 83' lang='lat' dir='ltr'><strong>ait</strong></span> <span class='ocrx_word' id='word_1_63' title='bbox 199 506 396 548; x_wconf 86' lang='lat' dir='ltr'>Pomponius</span> <span class='ocrx_word' id='word_1_64' title='bbox 419 504 446 534; x_wconf 85' lang='lat' dir='ltr'><strong>d.</strong></span> <span class='ocrx_word' id='word_1_65' title='bbox 471 502 491 532; x_wconf 78' lang='lat' dir='ltr'><strong>l.</strong></span> <span class='ocrx_word' id='word_1_66' title='bbox 514 509 560 531; x_wconf 91' lang='lat'><strong>10.</strong></span> <span class='ocrx_word' id='word_1_67' title='bbox 587 497 794 530; x_wconf 69' lang='lat' dir='ltr'><strong>fructuarium</strong></span> <span class='ocrx_word' id='word_1_68' title='bbox 819 503 859 525; x_wconf 80' lang='lat' dir='ltr'><strong>ex</strong></span> <span class='ocrx_word' id='word_1_69' title='bbox 882 503 918 524; x_wconf 84' lang='lat' dir='ltr'><strong>ea</strong></span> 
     </span>
     <span class='ocr_line' id='line_1_10' title="bbox 48 535 919 597; baseline -0.023 -11"><span class='ocrx_word' id='word_1_70' title='bbox 48 555 244 597; x_wconf 82' lang='lat' dir='ltr'><strong>sumpturum</strong></span> <span class='ocrx_word' id='word_1_71' title='bbox 259 551 299 581; x_wconf 83' lang='lat' dir='ltr'><strong>ad</strong></span> <span class='ocrx_word' id='word_1_72' title='bbox 314 547 461 583; x_wconf 81' lang='lat' dir='ltr'><strong>vineam3</strong></span> <span class='ocrx_word' id='word_1_73' title='bbox 483 542 515 574; x_wconf 89' lang='lat' dir='ltr'><strong>id</strong></span> <span class='ocrx_word' id='word_1_74' title='bbox 538 539 604 579; x_wconf 86' lang='lat' dir='ltr'><strong>est,</strong></span> <span class='ocrx_word' id='word_1_75' title='bbox 627 541 667 571; x_wconf 83' lang='lat' dir='ltr'><strong>ad</strong></span> <span class='ocrx_word' id='word_1_76' title='bbox 681 537 788 579; x_wconf 86' lang='lat' dir='ltr'><strong>palum</strong></span> <span class='ocrx_word' id='word_1_77' title='bbox 804 535 834 567; x_wconf 71' lang='grc' dir='ltr'>ἃ</span> <span class='ocrx_word' id='word_1_78' title='bbox 850 544 919 576; x_wconf 86' lang='lat' dir='ltr'><strong>per-</strong></span> 
     </span>
    </p>
   </div>
   <div class='ocr_carea' id='block_1_3' title="bbox 748 637 963 671">
    <p class='ocr_par' dir='ltr' id='par_1_3' title="bbox 748 637 963 671">
     <span class='ocr_line' id='line_1_11' title="bbox 748 637 963 671; baseline -0.023 0"><span class='ocrx_word' id='word_1_79' title='bbox 748 637 963 671; x_wconf 78' lang='lat' dir='ltr'>CAPUT</span> 
     </span>
    </p>
   </div>
   <div class='ocr_carea' id='block_1_4' title="bbox 45 722 819 779">
    <p class='ocr_par' dir='ltr' id='par_1_4' title="bbox 45 722 819 779">
     <span class='ocr_line' id='line_1_12' title="bbox 45 722 819 779; baseline -0.026 -3"><span class='ocrx_word' id='word_1_80' title='bbox 45 735 260 776; x_wconf 77' lang='lat' dir='ltr'><strong>Adminicula,</strong></span> <span class='ocrx_word' id='word_1_81' title='bbox 285 730 391 779; x_wconf 80' lang='lat' dir='ltr'><strong>quibus</strong></span> <span class='ocrx_word' id='word_1_82' title='bbox 406 737 477 776; x_wconf 77' lang='lat' dir='ltr'><strong>eget</strong></span> <span class='ocrx_word' id='word_1_83' title='bbox 498 724 691 773; x_wconf 63' lang='lat' dir='ltr'><strong>ususflueius</strong></span> <span class='ocrx_word' id='word_1_84' title='bbox 698 722 798 769; x_wconf 79' lang='lat' dir='ltr'><strong>fundi</strong></span> <span class='ocrx_word' id='word_1_85' title='bbox 810 749 819 764; x_wconf 93' lang='lat'>‚</span> 
     </span>
    </p>
   </div>
   <div class='ocr_carea' id='block_1_5' title="bbox 91 758 1653 860">
    <p class='ocr_par' dir='ltr' id='par_1_5' title="bbox 91 758 1653 860">
     <span class='ocr_line' id='line_1_13' title="bbox 91 758 1582 834; baseline -0.019 -13"><span class='ocrx_word' id='word_1_86' title='bbox 91 795 185 834; x_wconf 76' lang='lat' dir='ltr'><strong>gatus</strong></span> <span class='ocrx_word' id='word_1_87' title='bbox 200 783 243 829; x_wconf 75' lang='lat' dir='ltr'><strong>sit</strong></span> <span class='ocrx_word' id='word_1_88' title='bbox 265 779 458 828; x_wconf 64' lang='lat' dir='ltr'><strong>ususfrufflts</strong></span> <span class='ocrx_word' id='word_1_89' title='bbox 474 776 574 823; x_wconf 79' lang='lat' dir='ltr'><strong>fundi</strong></span> <span class='ocrx_word' id='word_1_90' title='bbox 596 775 637 809; x_wconf 76' lang='lat' dir='ltr'><strong>ad</strong></span> <span class='ocrx_word' id='word_1_91' title='bbox 661 785 749 819; x_wconf 77' lang='lat' dir='ltr'><strong>quenz</strong></span> <span class='ocrx_word' id='word_1_92' title='bbox 775 783 831 806; x_wconf 79' lang='lat' dir='ltr'><strong>non</strong></span> <span class='ocrx_word' id='word_1_93' title='bbox 846 769 891 815; x_wconf 74' lang='lat' dir='ltr'><strong>fit</strong></span> <span class='ocrx_word' id='word_1_94' title='bbox 916 770 1036 809; x_wconf 74' lang='lat' dir='ltr'><strong>aditus,</strong></span> <span class='ocrx_word' id='word_1_95' title='bbox 1062 762 1121 808; x_wconf 79' lang='lat' dir='ltr'><strong>nifi</strong></span> <span class='ocrx_word' id='word_1_96' title='bbox 1134 773 1189 809; x_wconf 78' lang='lat' dir='ltr'><strong>per</strong></span> <span class='ocrx_word' id='word_1_97' title='bbox 1204 763 1423 797; x_wconf 75' lang='lat' dir='ltr'><strong>hereditarium</strong></span> <span class='ocrx_word' id='word_1_98' title='bbox 1432 758 1582 805; x_wconf 79' lang='lat' dir='ltr'><strong>fundum.</strong></span> 
     </span>
     <span class='ocr_line' id='line_1_14' title="bbox 788 805 1653 860; baseline -0.018 -5"><span class='ocrx_word' id='word_1_99' title='bbox 788 817 829 859; x_wconf 56' lang='grc' dir='ltr'><strong>ἔθ’)</strong></span> <span class='ocrx_word' id='word_1_100' title='bbox 846 820 928 853; x_wconf 78' lang='lat' dir='ltr'><strong>heres</strong></span> <span class='ocrx_word' id='word_1_101' title='bbox 944 829 1012 852; x_wconf 80' lang='lat' dir='ltr'><strong>eum</strong></span> <span class='ocrx_word' id='word_1_102' title='bbox 1034 812 1200 860; x_wconf 68' lang='lat' dir='ltr'><strong>pofficleat,</strong></span> <span class='ocrx_word' id='word_1_103' title='bbox 1227 820 1280 845; x_wconf 75' lang='lat' dir='ltr'><strong>auc</strong></span> <span class='ocrx_word' id='word_1_104' title='bbox 1300 811 1451 856; x_wconf 74' lang='lat' dir='ltr'><strong>legatario</strong></span> <span class='ocrx_word' id='word_1_105' title='bbox 1467 805 1653 842; x_wconf 80' lang='lat' dir='ltr'><em>tradiderit?</em></span> 
     </span>
    </p>
   </div>
   <div class='ocr_carea' id='block_1_6' title="bbox 84 823 760 883">
    <p class='ocr_par' dir='ltr' id='par_1_6' title="bbox 84 823 760 883">
     <span class='ocr_line' id='line_1_15' title="bbox 84 823 760 883; baseline -0.022 -13"><span class='ocrx_word' id='word_1_106' title='bbox 84 835 209 883; x_wconf 79' lang='lat' dir='ltr'><strong>fundus</strong></span> <span class='ocrx_word' id='word_1_107' title='bbox 237 843 257 866; x_wconf 89' lang='lat' dir='ltr'><em>a</em></span> <span class='ocrx_word' id='word_1_108' title='bbox 280 830 423 877; x_wconf 76' lang='lat' dir='ltr'><strong>testatore</strong></span> <span class='ocrx_word' id='word_1_109' title='bbox 441 825 485 872; x_wconf 76' lang='lat' dir='ltr'><strong>fic</strong></span> <span class='ocrx_word' id='word_1_110' title='bbox 508 827 627 871; x_wconf 76' lang='lat' dir='ltr'><strong>legatus</strong></span> <span class='ocrx_word' id='word_1_111' title='bbox 647 823 760 863; x_wconf 75' lang='lat' dir='ltr'><strong>tercio,-</strong></span> 
     </span>
    </p>
   </div>
   <div class='ocr_carea' id='block_1_7' title="bbox 673 59 1356 110">
    <p class='ocr_par' dir='ltr' id='par_1_7' title="bbox 673 59 1356 110">
     <span class='ocr_line' id='line_1_16' title="bbox 673 59 1356 110; baseline -0.02 1"><span class='ocrx_word' id='word_1_112' title='bbox 673 74 1153 110; x_wconf 70' lang='lat' dir='ltr'><strong>Usurizucru</strong></span> <span class='ocrx_word' id='word_1_113' title='bbox 1212 59 1356 101; x_wconf 76' lang='lat' dir='ltr'>L113.I.</span> 
     </span>
    </p>
   </div>
   <div class='ocr_carea' id='block_1_8' title="bbox 1765 65 1835 102">
    <p class='ocr_par' dir='ltr' id='par_1_8' title="bbox 1765 65 1835 102">
     <span class='ocr_line' id='line_1_17' title="bbox 1765 65 1835 102; baseline -0.043 1"><span class='ocrx_word' id='word_1_114' title='bbox 1765 65 1835 102; x_wconf 73' lang='lat'><strong>341</strong></span> 
     </span>
    </p>
   </div>
   <div class='ocr_carea' id='block_1_9' title="bbox 956 146 1836 574">
    <p class='ocr_par' dir='ltr' id='par_1_9' title="bbox 956 146 1836 574">
     <span class='ocr_line' id='line_1_18' title="bbox 957 146 1834 198; baseline -0.018 -6"><span class='ocrx_word' id='word_1_115' title='bbox 957 162 1052 192; x_wconf 87' lang='lat' dir='ltr'><strong>ticam</strong></span> <span class='ocrx_word' id='word_1_116' title='bbox 1067 169 1077 198; x_wconf 71' lang='grc' dir='ltr'><strong>ς</strong></span> <span class='ocrx_word' id='word_1_117' title='bbox 1101 157 1130 189; x_wconf 89' lang='lat'>&amp;</span> <span class='ocrx_word' id='word_1_118' title='bbox 1147 153 1384 195; x_wconf 86' lang='lat' dir='ltr'><strong>consequenter</strong></span> <span class='ocrx_word' id='word_1_119' title='bbox 1398 150 1437 183; x_wconf 85' lang='lat' dir='ltr'><strong>ad</strong></span> <span class='ocrx_word' id='word_1_120' title='bbox 1452 148 1637 188; x_wconf 78' lang='lat' dir='ltr'>materiam,</span> <span class='ocrx_word' id='word_1_121' title='bbox 1657 155 1723 179; x_wconf 87' lang='lat' dir='ltr'><strong>non</strong></span> <span class='ocrx_word' id='word_1_122' title='bbox 1739 146 1779 178; x_wconf 90' lang='lat' dir='ltr'><strong>ad</strong></span> <span class='ocrx_word' id='word_1_123' title='bbox 1796 146 1834 177; x_wconf 65' lang='lat' dir='ltr'><strong>li÷</strong></span> 
     </span>
     <span class='ocr_line' id='line_1_19' title="bbox 956 187 1835 243; baseline -0.017 -10"><span class='ocrx_word' id='word_1_124' title='bbox 956 211 1063 243; x_wconf 88' lang='lat' dir='ltr'><strong>gnum.</strong></span> <span class='ocrx_word' id='word_1_125' title='bbox 1082 199 1237 240; x_wconf 90' lang='lat' dir='ltr'><strong>perticam</strong></span> <span class='ocrx_word' id='word_1_126' title='bbox 1253 196 1337 226; x_wconf 84' lang='lat' dir='ltr'><strong>enim</strong></span> <span class='ocrx_word' id='word_1_127' title='bbox 1349 194 1378 226; x_wconf 70' lang='grc' dir='ltr'><strong>ἃ</strong></span> <span class='ocrx_word' id='word_1_128' title='bbox 1394 193 1500 232; x_wconf 85' lang='lat' dir='ltr'><strong>palum</strong></span> <span class='ocrx_word' id='word_1_129' title='bbox 1517 200 1582 223; x_wconf 91' lang='lat' dir='ltr'><strong>non</strong></span> <span class='ocrx_word' id='word_1_130' title='bbox 1601 199 1660 230; x_wconf 88' lang='lat' dir='ltr'><strong>pro</strong></span> <span class='ocrx_word' id='word_1_131' title='bbox 1677 188 1788 229; x_wconf 85' lang='lat' dir='ltr'><strong>ligno,</strong></span> <span class='ocrx_word' id='word_1_132' title='bbox 1801 187 1835 219; x_wconf 86' lang='lat' dir='ltr'><strong>id</strong></span> 
     </span>
     <span class='ocr_line' id='line_1_20' title="bbox 958 230 1834 282; baseline -0.018 -7"><span class='ocrx_word' id='word_1_133' title='bbox 958 242 1024 282; x_wconf 83' lang='lat' dir='ltr'><strong>est,</strong></span> <span class='ocrx_word' id='word_1_134' title='bbox 1047 250 1114 273; x_wconf 86' lang='lat' dir='ltr'><strong>non</strong></span> <span class='ocrx_word' id='word_1_135' title='bbox 1137 237 1349 271; x_wconf 81' lang='lat' dir='ltr'><strong>comburendi</strong></span> <span class='ocrx_word' id='word_1_136' title='bbox 1372 234 1481 272; x_wconf 80' lang='lat' dir='ltr'><strong>causa,</strong></span> <span class='ocrx_word' id='word_1_137' title='bbox 1496 233 1635 264; x_wconf 81' lang='lat' dir='ltr'><strong>haberi:</strong></span> <span class='ocrx_word' id='word_1_138' title='bbox 1659 230 1712 262; x_wconf 83' lang='lat' dir='ltr'><strong>sed</strong></span> <span class='ocrx_word' id='word_1_139' title='bbox 1735 236 1834 261; x_wconf 88' lang='lat' dir='ltr'><strong>mate-</strong></span> 
     </span>
     <span class='ocr_line' id='line_1_21' title="bbox 959 270 1831 317; baseline -0.017 -1"><span class='ocrx_word' id='word_1_140' title='bbox 959 286 1014 316; x_wconf 88' lang='lat' dir='ltr'><strong>riae</strong></span> <span class='ocrx_word' id='word_1_141' title='bbox 1030 281 1247 317; x_wconf 83' lang='lat' dir='ltr'><strong>annumerari3</strong></span> <span class='ocrx_word' id='word_1_142' title='bbox 1271 279 1303 310; x_wconf 91' lang='lat' dir='ltr'><strong>id</strong></span> <span class='ocrx_word' id='word_1_143' title='bbox 1321 276 1385 315; x_wconf 89' lang='lat' dir='ltr'><strong>est,</strong></span> <span class='ocrx_word' id='word_1_144' title='bbox 1405 277 1444 307; x_wconf 88' lang='lat' dir='ltr'><strong>ad</strong></span> <span class='ocrx_word' id='word_1_145' title='bbox 1462 273 1683 306; x_wconf 71' lang='lat' dir='ltr'><strong>aedificandum</strong></span> <span class='ocrx_word' id='word_1_146' title='bbox 1700 271 1752 303; x_wconf 91' lang='lat' dir='ltr'><strong>vel</strong></span> <span class='ocrx_word' id='word_1_147' title='bbox 1770 270 1831 302; x_wconf 91' lang='lat' dir='ltr'><strong>ful-</strong></span> 
     </span>
     <span class='ocr_line' id='line_1_22' title="bbox 959 311 1832 357; baseline -0.017 0"><span class='ocrx_word' id='word_1_148' title='bbox 959 326 1110 357; x_wconf 88' lang='lat' dir='ltr'><strong>ciendum</strong></span> <span class='ocrx_word' id='word_1_149' title='bbox 1126 320 1290 355; x_wconf 86' lang='lat' dir='ltr'><strong>adhiberi,</strong></span> <span class='ocrx_word' id='word_1_150' title='bbox 1313 318 1438 350; x_wconf 84' lang='lat' dir='ltr'><strong>constat</strong></span> <span class='ocrx_word' id='word_1_151' title='bbox 1454 326 1493 348; x_wconf 87' lang='lat' dir='ltr'><strong>ex</strong></span> <span class='ocrx_word' id='word_1_152' title='bbox 1510 316 1531 346; x_wconf 90' lang='lat' dir='ltr'><strong>l.</strong></span> <span class='ocrx_word' id='word_1_153' title='bbox 1547 324 1598 356; x_wconf 87' lang='lat'><strong>55.</strong></span> <span class='ocrx_word' id='word_1_154' title='bbox 1616 313 1653 349; x_wconf 64' lang='grc' dir='ltr'><strong>ὅ)</strong></span> <span class='ocrx_word' id='word_1_155' title='bbox 1668 315 1718 354; x_wconf 83' lang='lat'><strong>56.</strong></span> <span class='ocrx_word' id='word_1_156' title='bbox 1737 311 1779 344; x_wconf 92' lang='lat' dir='ltr'><strong>D.</strong></span> <span class='ocrx_word' id='word_1_157' title='bbox 1797 312 1832 342; x_wconf 82' lang='lat' dir='ltr'><strong>de</strong></span> 
     </span>
     <span class='ocr_line' id='line_1_23' title="bbox 959 353 1834 408; baseline -0.016 -10"><span class='ocrx_word' id='word_1_158' title='bbox 959 367 1063 408; x_wconf 78' lang='lat' dir='ltr'><strong>legatis</strong></span> <span class='ocrx_word' id='word_1_159' title='bbox 1078 366 1126 396; x_wconf 84' lang='lat' dir='ltr'><strong>lib.</strong></span> <span class='ocrx_word' id='word_1_160' title='bbox 1145 374 1174 405; x_wconf 79' lang='lat'><strong>3.</strong></span> <span class='ocrx_word' id='word_1_161' title='bbox 1214 363 1266 394; x_wconf 89' lang='lat' dir='ltr'><strong>Ait</strong></span> <span class='ocrx_word' id='word_1_162' title='bbox 1283 363 1378 402; x_wconf 86' lang='lat' dir='ltr'><strong>igitur</strong></span> <span class='ocrx_word' id='word_1_163' title='bbox 1393 358 1590 398; x_wconf 85' lang='lat' dir='ltr'>Pomponius</span> <span class='ocrx_word' id='word_1_164' title='bbox 1604 357 1632 387; x_wconf 84' lang='lat' dir='ltr'><strong>d.</strong></span> <span class='ocrx_word' id='word_1_165' title='bbox 1651 355 1670 386; x_wconf 80' lang='lat' dir='ltr'><strong>l.</strong></span> <span class='ocrx_word' id='word_1_166' title='bbox 1691 364 1737 387; x_wconf 87' lang='lat'><strong>10.</strong></span> <span class='ocrx_word' id='word_1_167' title='bbox 1753 353 1834 385; x_wconf 86' lang='lat' dir='ltr'><strong>sum·</strong></span> 
     </span>
     <span class='ocr_line' id='line_1_24' title="bbox 961 396 1835 448; baseline -0.017 -8"><span class='ocrx_word' id='word_1_168' title='bbox 961 417 1088 448; x_wconf 86' lang='lat' dir='ltr'><strong>pturum</strong></span> <span class='ocrx_word' id='word_1_169' title='bbox 1107 415 1148 438; x_wconf 81' lang='lat' dir='ltr'><strong>ex</strong></span> <span class='ocrx_word' id='word_1_170' title='bbox 1166 405 1213 436; x_wconf 90' lang='lat' dir='ltr'><strong>his</strong></span> <span class='ocrx_word' id='word_1_171' title='bbox 1228 402 1433 435; x_wconf 74' lang='lat' dir='ltr'><strong>fruetuarium</strong></span> <span class='ocrx_word' id='word_1_172' title='bbox 1453 409 1519 431; x_wconf 91' lang='lat' dir='ltr'><strong>non</strong></span> <span class='ocrx_word' id='word_1_173' title='bbox 1543 398 1582 429; x_wconf 90' lang='lat' dir='ltr'><strong>ad</strong></span> <span class='ocrx_word' id='word_1_174' title='bbox 1605 396 1835 437; x_wconf 87' lang='lat' dir='ltr'>compendium</span> 
     </span>
     <span class='ocr_line' id='line_1_25' title="bbox 960 436 1836 485; baseline -0.017 -4"><span class='ocrx_word' id='word_1_175' title='bbox 960 450 1070 485; x_wconf 82' lang='lat' dir='ltr'><strong>suurn,</strong></span> <span class='ocrx_word' id='word_1_176' title='bbox 1092 447 1144 479; x_wconf 88' lang='lat' dir='ltr'><strong>sed</strong></span> <span class='ocrx_word' id='word_1_177' title='bbox 1165 447 1203 477; x_wconf 78' lang='lat' dir='ltr'><strong>ad</strong></span> <span class='ocrx_word' id='word_1_178' title='bbox 1225 446 1365 476; x_wconf 88' lang='lat' dir='ltr'><strong>vineam:</strong></span> <span class='ocrx_word' id='word_1_179' title='bbox 1389 443 1463 473; x_wconf 88' lang='lat' dir='ltr'><strong>dum</strong></span> <span class='ocrx_word' id='word_1_180' title='bbox 1489 450 1528 472; x_wconf 92' lang='lat' dir='ltr'><strong>ne</strong></span> <span class='ocrx_word' id='word_1_181' title='bbox 1544 439 1680 471; x_wconf 87' lang='lat' dir='ltr'><strong>fundum</strong></span> <span class='ocrx_word' id='word_1_182' title='bbox 1696 436 1836 470; x_wconf 84' lang='lat' dir='ltr'><strong>deterio-</strong></span> 
     </span>
     <span class='ocr_line' id='line_1_26' title="bbox 961 479 1836 527; baseline -0.016 -4"><span class='ocrx_word' id='word_1_183' title='bbox 961 500 1026 523; x_wconf 86' lang='lat' dir='ltr'><strong>rem</strong></span> <span class='ocrx_word' id='word_1_184' title='bbox 1053 489 1160 521; x_wconf 87' lang='lat' dir='ltr'><strong>faciat.</strong></span> <span class='ocrx_word' id='word_1_185' title='bbox 1193 487 1327 527; x_wconf 76' lang='lat' dir='ltr'>grandes</span> <span class='ocrx_word' id='word_1_186' title='bbox 1350 492 1439 515; x_wconf 86' lang='lat' dir='ltr'><strong>certe</strong></span> <span class='ocrx_word' id='word_1_187' title='bbox 1465 482 1596 513; x_wconf 85' lang='lat' dir='ltr'><strong>arbores</strong></span> <span class='ocrx_word' id='word_1_188' title='bbox 1622 489 1689 512; x_wconf 85' lang='lat' dir='ltr'><strong>non</strong></span> <span class='ocrx_word' id='word_1_189' title='bbox 1712 479 1836 517; x_wconf 86' lang='lat' dir='ltr'><strong>caedet,</strong></span> 
     </span>
     <span class='ocr_line' id='line_1_27' title="bbox 960 520 1667 574; baseline -0.018 -9"><span class='ocrx_word' id='word_1_190' title='bbox 960 532 1157 574; x_wconf 87' lang='lat' dir='ltr'><strong>prohibente</strong></span> <span class='ocrx_word' id='word_1_191' title='bbox 1174 529 1272 560; x_wconf 88' lang='lat' dir='ltr'><strong>Paulo</strong></span> <span class='ocrx_word' id='word_1_192' title='bbox 1286 528 1305 559; x_wconf 80' lang='grc' dir='ltr'><strong>ι.</strong></span> <span class='ocrx_word' id='word_1_193' title='bbox 1328 536 1340 558; x_wconf 92' lang='lat'><em>1</em></span> <span class='ocrx_word' id='word_1_194' title='bbox 1351 535 1376 557; x_wconf 78' lang='lat' dir='ltr'><strong>r.</strong></span> <span class='ocrx_word' id='word_1_195' title='bbox 1393 524 1435 556; x_wconf 91' lang='lat' dir='ltr'><strong>D.</strong></span> <span class='ocrx_word' id='word_1_196' title='bbox 1451 524 1483 555; x_wconf 80' lang='lat' dir='ltr'><strong>cie</strong></span> <span class='ocrx_word' id='word_1_197' title='bbox 1499 520 1667 564; x_wconf 66' lang='lat' dir='ltr'><strong>usufruftzc.</strong></span> 
     </span>
    </p>
   </div>
   <div class='ocr_carea' id='block_1_10' title="bbox 1033 628 1147 667">
    <p class='ocr_par' dir='ltr' id='par_1_10' title="bbox 1033 628 1147 667">
     <span class='ocr_line' id='line_1_28' title="bbox 1033 628 1147 667; baseline -0.044 0"><span class='ocrx_word' id='word_1_198' title='bbox 1033 628 1147 667; x_wconf 87' lang='lat' dir='ltr'><strong>VIII.</strong></span> 
     </span>
    </p>
   </div>
   <div class='ocr_carea' id='block_1_11' title="bbox 837 703 1838 767">
    <p class='ocr_par' dir='ltr' id='par_1_11' title="bbox 837 703 1838 767">
     <span class='ocr_line' id='line_1_29' title="bbox 837 703 1838 767; baseline -0.019 -11"><span class='ocrx_word' id='word_1_199' title='bbox 837 720 1019 767; x_wconf 61' lang='lat' dir='ltr'><strong>fini-“bicario</strong></span> <span class='ocrx_word' id='word_1_200' title='bbox 1031 714 1209 764; x_wconf 67' lang='lat' dir='ltr'><strong>praestanda</strong></span> <span class='ocrx_word' id='word_1_201' title='bbox 1228 712 1283 760; x_wconf 68' lang='lat' dir='ltr'><strong>effe</strong></span> <span class='ocrx_word' id='word_1_202' title='bbox 1299 713 1337 747; x_wconf 82' lang='lat' dir='ltr'><strong>ab</strong></span> <span class='ocrx_word' id='word_1_203' title='bbox 1356 711 1469 747; x_wconf 80' lang='lat' dir='ltr'><em>herede.</em></span> <span class='ocrx_word' id='word_1_204' title='bbox 1505 709 1539 744; x_wconf 75' lang='lat' dir='ltr'><strong>id</strong></span> <span class='ocrx_word' id='word_1_205' title='bbox 1552 706 1710 754; x_wconf 80' lang='lat' dir='ltr'><strong>observari</strong></span> <span class='ocrx_word' id='word_1_206' title='bbox 1717 714 1727 738; x_wconf 89' lang='lat'><strong>.·</strong></span> <span class='ocrx_word' id='word_1_207' title='bbox 1746 703 1778 751; x_wconf 88' lang='lat' dir='ltr'><em>fi</em></span> <span class='ocrx_word' id='word_1_208' title='bbox 1796 704 1838 739; x_wconf 81' lang='lat' dir='ltr'><strong>Ie-</strong></span> 
     </span>
    </p>
   </div>
   <div class='ocr_carea' id='block_1_12' title="bbox 1634 753 1839 852">
    <p class='ocr_par' dir='ltr' id='par_1_12' title="bbox 1634 753 1839 852">
     <span class='ocr_line' id='line_1_30' title="bbox 1634 753 1838 804; baseline -0.02 -14"><span class='ocrx_word' id='word_1_209' title='bbox 1634 753 1740 804; x_wconf 70' lang='lat' dir='ltr'><strong>Quid,</strong></span> <span class='ocrx_word' id='word_1_210' title='bbox 1762 753 1794 799; x_wconf 87' lang='lat' dir='ltr'><strong><em>fi</em></strong></span> <span class='ocrx_word' id='word_1_211' title='bbox 1811 754 1838 786; x_wconf 86' lang='lat' dir='ltr'><strong>is</strong></span> 
     </span>
     <span class='ocr_line' id='line_1_31' title="bbox 1681 800 1839 852; baseline -0.019 -14"><span class='ocrx_word' id='word_1_212' title='bbox 1681 804 1788 852; x_wconf 71' lang='lat' dir='ltr'><strong>Quid,</strong></span> <span class='ocrx_word' id='word_1_213' title='bbox 1806 800 1839 846; x_wconf 82' lang='lat' dir='ltr'><em>fi</em></span> 
     </span>
    </p>
   </div>
   <div class='ocr_carea' id='block_1_13' title="bbox 92 852 1837 930">
    <p class='ocr_par' dir='ltr' id='par_1_13' title="bbox 92 852 1837 930">
     <span class='ocr_line' id='line_1_32' title="bbox 92 852 1837 930; baseline -0.019 -12"><span class='ocrx_word' id='word_1_214' title='bbox 92 882 279 930; x_wconf 78' lang='lat' dir='ltr'><strong>adfundum</strong></span> <span class='ocrx_word' id='word_1_215' title='bbox 287 878 504 925; x_wconf 64' lang='lat' dir='ltr'><strong>frztciuczrium</strong></span> <span class='ocrx_word' id='word_1_216' title='bbox 523 885 580 907; x_wconf 81' lang='lat' dir='ltr'><strong>non</strong></span> <span class='ocrx_word' id='word_1_217' title='bbox 591 870 680 920; x_wconf 75' lang='lat' dir='ltr'><strong>poſjit</strong></span> <span class='ocrx_word' id='word_1_218' title='bbox 697 872 800 905; x_wconf 82' lang='lat' dir='ltr'><strong>venire</strong></span> <span class='ocrx_word' id='word_1_219' title='bbox 815 878 869 914; x_wconf 83' lang='lat' dir='ltr'><strong>per</strong></span> <span class='ocrx_word' id='word_1_220' title='bbox 890 866 1107 901; x_wconf 72' lang='lat' dir='ltr'><strong>hereditarium</strong></span> <span class='ocrx_word' id='word_1_221' title='bbox 1122 873 1133 903; x_wconf 90' lang='grc'><strong>,·</strong></span> <span class='ocrx_word' id='word_1_222' title='bbox 1159 857 1200 899; x_wconf 58' lang='grc' dir='ltr'><strong>ὃ)</strong></span> <span class='ocrx_word' id='word_1_223' title='bbox 1217 860 1337 893; x_wconf 75' lang='lat' dir='ltr'><strong>vicinus</strong></span> <span class='ocrx_word' id='word_1_224' title='bbox 1354 860 1427 892; x_wconf 75' lang='lat' dir='ltr'><strong>nolit</strong></span> <span class='ocrx_word' id='word_1_225' title='bbox 1444 867 1497 902; x_wconf 85' lang='lat' dir='ltr'><strong>per</strong></span> <span class='ocrx_word' id='word_1_226' title='bbox 1509 854 1605 901; x_wconf 76' lang='lat' dir='ltr'><strong>suum</strong></span> <span class='ocrx_word' id='word_1_227' title='bbox 1611 852 1752 901; x_wconf 79' lang='lat' dir='ltr'><strong>fundum</strong></span> <span class='ocrx_word' id='word_1_228' title='bbox 1767 862 1837 885; x_wconf 74' lang='lat' dir='ltr'><strong>corz-</strong></span> 
     </span>
    </p>
   </div>
   <div class='ocr_carea' id='block_1_14' title="bbox 95 916 986 972">
    <p class='ocr_par' dir='ltr' id='par_1_14' title="bbox 95 916 986 972">
     <span class='ocr_line' id='line_1_33' title="bbox 95 916 986 972; baseline -0.024 -3"><span class='ocrx_word' id='word_1_229' title='bbox 95 935 196 970; x_wconf 83' lang='lat' dir='ltr'><strong>cedere</strong></span> <span class='ocrx_word' id='word_1_230' title='bbox 212 931 330 965; x_wconf 77' lang='lat' dir='ltr'><strong>aditum</strong></span> <span class='ocrx_word' id='word_1_231' title='bbox 349 923 629 972; x_wconf 62' lang='lat' dir='ltr'><strong>adfi&#39;zttizcarimn‚</strong></span> <span class='ocrx_word' id='word_1_232' title='bbox 658 933 694 955; x_wconf 81' lang='lat' dir='ltr'><strong>ne</strong></span> <span class='ocrx_word' id='word_1_233' title='bbox 710 918 850 965; x_wconf 78' lang='lat' dir='ltr'><strong>precibus</strong></span> <span class='ocrx_word' id='word_1_234' title='bbox 869 916 986 961; x_wconf 79' lang='lat' dir='ltr'><strong>quidem</strong></span> 
     </span>
    </p>
   </div>
   <div class='ocr_carea' id='block_1_15' title="bbox 1006 902 1839 956">
    <p class='ocr_par' dir='ltr' id='par_1_15' title="bbox 1006 902 1839 956">
     <span class='ocr_line' id='line_1_34' title="bbox 1006 902 1839 956; baseline -0.014 -11"><span class='ocrx_word' id='word_1_235' title='bbox 1006 920 1061 946; x_wconf 78' lang='lat' dir='ltr'><strong>aut</strong></span> <span class='ocrx_word' id='word_1_236' title='bbox 1072 910 1170 956; x_wconf 79' lang='lat' dir='ltr'><strong>pretio</strong></span> <span class='ocrx_word' id='word_1_237' title='bbox 1182 908 1199 941; x_wconf 72' lang='grc' dir='ltr'><strong>ἶ)</strong></span> <span class='ocrx_word' id='word_1_238' title='bbox 1217 906 1274 954; x_wconf 79' lang='lat' dir='ltr'><strong>fui</strong></span> <span class='ocrx_word' id='word_1_239' title='bbox 1301 919 1316 941; x_wconf 84' lang='lat' dir='ltr'><strong>e</strong></span> <span class='ocrx_word' id='word_1_240' title='bbox 1343 908 1390 941; x_wconf 80' lang='lat' dir='ltr'><strong>hic</strong></span> <span class='ocrx_word' id='word_1_241' title='bbox 1407 907 1493 940; x_wconf 69' lang='lat' dir='ltr'><strong>alind</strong></span> <span class='ocrx_word' id='word_1_242' title='bbox 1508 905 1605 950; x_wconf 75' lang='lat' dir='ltr'><strong>JurIs</strong></span> <span class='ocrx_word' id='word_1_243' title='bbox 1624 902 1739 948; x_wconf 80' lang='lat' dir='ltr'><strong>regulis</strong></span> <span class='ocrx_word' id='word_1_244' title='bbox 1756 911 1839 934; x_wconf 74' lang='lat' dir='ltr'><strong>rece-</strong></span> 
     </span>
    </p>
   </div>
   <div class='ocr_carea' id='block_1_16' title="bbox 91 947 1839 1031">
    <p class='ocr_par' dir='ltr' id='par_1_16' title="bbox 91 947 1839 1031">
     <span class='ocr_line' id='line_1_35' title="bbox 91 947 1839 1031; baseline -0.02 -14"><span class='ocrx_word' id='word_1_245' title='bbox 91 990 201 1031; x_wconf 69' lang='lat' dir='ltr'><strong>ptum:</strong></span> <span class='ocrx_word' id='word_1_246' title='bbox 228 978 312 1014; x_wconf 78' lang='lat' dir='ltr'><strong>aliud</strong></span> <span class='ocrx_word' id='word_1_247' title='bbox 323 974 542 1022; x_wconf 76' lang='lat' dir='ltr'><strong>conficetudine.</strong></span> <span class='ocrx_word' id='word_1_248' title='bbox 567 983 603 1006; x_wconf 84' lang='lat' dir='ltr'><strong>ea</strong></span> <span class='ocrx_word' id='word_1_249' title='bbox 618 981 677 1004; x_wconf 82' lang='lat' dir='ltr'><strong>non</strong></span> <span class='ocrx_word' id='word_1_250' title='bbox 693 968 846 1003; x_wconf 61' lang='lat' dir='ltr'><strong>indueram</strong></span> <span class='ocrx_word' id='word_1_251' title='bbox 858 963 914 1010; x_wconf 83' lang='lat' dir='ltr'><strong>effe</strong></span> <span class='ocrx_word' id='word_1_252' title='bbox 932 962 1053 997; x_wconf 80' lang='lat' dir='ltr'><strong>civilem</strong></span> <span class='ocrx_word' id='word_1_253' title='bbox 1073 959 1222 993; x_wconf 53' lang='lat' dir='ltr'><strong>astionem</strong></span> <span class='ocrx_word' id='word_1_254' title='bbox 1239 958 1279 990; x_wconf 83' lang='lat' dir='ltr'><strong>ad</strong></span> <span class='ocrx_word' id='word_1_255' title='bbox 1289 956 1450 1000; x_wconf 71' lang='lat' dir='ltr'><strong>petendum</strong></span> <span class='ocrx_word' id='word_1_256' title='bbox 1468 953 1606 993; x_wconf 75' lang='lat' dir='ltr'><strong>adicum3</strong></span> <span class='ocrx_word' id='word_1_257' title='bbox 1623 950 1683 998; x_wconf 84' lang='lat' dir='ltr'><strong>sed</strong></span> <span class='ocrx_word' id='word_1_258' title='bbox 1698 947 1839 994; x_wconf 76' lang='lat' dir='ltr'><strong>interpel-</strong></span> 
     </span>
    </p>
   </div>
   <div class='ocr_carea' id='block_1_17' title="bbox 98 1012 944 1067">
    <p class='ocr_par' dir='ltr' id='par_1_17' title="bbox 98 1012 944 1067">
     <span class='ocr_line' id='line_1_36' title="bbox 98 1012 944 1067; baseline -0.025 0"><span class='ocrx_word' id='word_1_259' title='bbox 98 1032 242 1067; x_wconf 72' lang='lat' dir='ltr'><strong>lationem</strong></span> <span class='ocrx_word' id='word_1_260' title='bbox 260 1034 350 1063; x_wconf 76' lang='lat' dir='ltr'><strong>extra</strong></span> <span class='ocrx_word' id='word_1_261' title='bbox 367 1024 520 1064; x_wconf 77' lang='lat' dir='ltr'><strong>ordinem,</strong></span> <span class='ocrx_word' id='word_1_262' title='bbox 536 1020 599 1065; x_wconf 81' lang='lat' dir='ltr'><strong>sub</strong></span> <span class='ocrx_word' id='word_1_263' title='bbox 609 1017 710 1065; x_wconf 81' lang='lat' dir='ltr'><strong>speeie</strong></span> <span class='ocrx_word' id='word_1_264' title='bbox 724 1012 944 1062; x_wconf 78' lang='lat' dir='ltr'><strong>persuastom&#39;s3</strong></span> 
     </span>
    </p>
   </div>
   <div class='ocr_carea' id='block_1_18' title="bbox 970 998 1839 1046">
    <p class='ocr_par' dir='ltr' id='par_1_18' title="bbox 970 998 1839 1046">
     <span class='ocr_line' id='line_1_37' title="bbox 970 998 1839 1046; baseline -0.014 -2"><span class='ocrx_word' id='word_1_265' title='bbox 970 1011 1018 1046; x_wconf 79' lang='lat' dir='ltr'><strong>cui</strong></span> <span class='ocrx_word' id='word_1_266' title='bbox 1034 1017 1137 1043; x_wconf 78' lang='lat' dir='ltr'><strong>tamen</strong></span> <span class='ocrx_word' id='word_1_267' title='bbox 1154 1006 1317 1040; x_wconf 79' lang='lat' dir='ltr'><strong>cohcereret</strong></span> <span class='ocrx_word' id='word_1_268' title='bbox 1341 1005 1391 1038; x_wconf 80' lang='lat' dir='ltr'><strong>vis</strong></span> <span class='ocrx_word' id='word_1_269' title='bbox 1415 1004 1455 1042; x_wconf 72' lang='lat'><strong>&amp;²</strong></span> <span class='ocrx_word' id='word_1_270' title='bbox 1478 1002 1646 1037; x_wconf 63' lang='lat' dir='ltr'><strong>[tritior-itas</strong></span> <span class='ocrx_word' id='word_1_271' title='bbox 1668 998 1839 1035; x_wconf 68' lang='lat' dir='ltr'><strong>Praetoris:</strong></span> 
     </span>
    </p>
   </div>
   <div class='ocr_carea' id='block_1_19' title="bbox 102 1054 1364 1124">
    <p class='ocr_par' dir='ltr' id='par_1_19' title="bbox 102 1054 1364 1124">
     <span class='ocr_line' id='line_1_38' title="bbox 102 1054 1364 1124; baseline -0.021 -9"><span class='ocrx_word' id='word_1_272' title='bbox 102 1089 226 1124; x_wconf 78' lang='lat' dir='ltr'><strong>eumque</strong></span> <span class='ocrx_word' id='word_1_273' title='bbox 243 1076 370 1112; x_wconf 79' lang='lat' dir='ltr'><strong>colorem</strong></span> <span class='ocrx_word' id='word_1_274' title='bbox 388 1073 483 1108; x_wconf 83' lang='lat' dir='ltr'><strong>etiam</strong></span> <span class='ocrx_word' id='word_1_275' title='bbox 496 1070 570 1105; x_wconf 73' lang='lat' dir='ltr'><strong>alibi</strong></span> <span class='ocrx_word' id='word_1_276' title='bbox 581 1066 680 1115; x_wconf 70' lang='lat' dir='ltr'><strong>fuzſje</strong></span> <span class='ocrx_word' id='word_1_277' title='bbox 693 1065 885 1112; x_wconf 83' lang='lat' dir='ltr'><strong>observatum</strong></span> <span class='ocrx_word' id='word_1_278' title='bbox 907 1063 938 1096; x_wconf 86' lang='lat' dir='ltr'><strong>in</strong></span> <span class='ocrx_word' id='word_1_279' title='bbox 959 1057 1172 1106; x_wconf 78' lang='lat' dir='ltr'><strong>constitutione</strong></span> <span class='ocrx_word' id='word_1_280' title='bbox 1187 1055 1257 1089; x_wconf 83' lang='lat' dir='ltr'><strong>novi</strong></span> <span class='ocrx_word' id='word_1_281' title='bbox 1269 1054 1364 1099; x_wconf 79' lang='lat' dir='ltr'><strong>juris.</strong></span> 
     </span>
    </p>
   </div>
   <div class='ocr_carea' id='block_1_20' title="bbox 51 1158 945 3237">
    <p class='ocr_par' dir='ltr' id='par_1_20' title="bbox 51 1158 945 3237">
     <span class='ocr_line' id='line_1_39' title="bbox 103 1158 925 1210; baseline -0.026 -1"><span class='ocrx_word' id='word_1_282' title='bbox 103 1176 228 1210; x_wconf 73' lang='lat' dir='ltr'><strong>roxima</strong></span> <span class='ocrx_word' id='word_1_283' title='bbox 245 1170 334 1205; x_wconf 84' lang='lat' dir='ltr'><strong>fundi</strong></span> <span class='ocrx_word' id='word_1_284' title='bbox 350 1168 561 1201; x_wconf 87' lang='lat' dir='ltr'><strong>instrumento</strong></span> <span class='ocrx_word' id='word_1_285' title='bbox 580 1163 649 1195; x_wconf 87' lang='lat' dir='ltr'><strong>sunt</strong></span> <span class='ocrx_word' id='word_1_286' title='bbox 669 1159 875 1193; x_wconf 86' lang='lat' dir='ltr'><strong>adminicula:</strong></span> <span class='ocrx_word' id='word_1_287' title='bbox 893 1158 925 1189; x_wconf 85' lang='lat' dir='ltr'><strong>id</strong></span> 
     </span>
     <span class='ocr_line' id='line_1_40' title="bbox 51 1181 925 1256; baseline -0.025 -5"><span class='ocrx_word' id='word_1_288' title='bbox 51 1181 100 1254; x_wconf 86' lang='lat' dir='ltr'>P</span> <span class='ocrx_word' id='word_1_289' title='bbox 126 1217 189 1256; x_wconf 86' lang='lat' dir='ltr'><strong>est,</strong></span> <span class='ocrx_word' id='word_1_290' title='bbox 208 1223 250 1246; x_wconf 52' lang='lat' dir='ltr'><strong>*ea</strong></span> <span class='ocrx_word' id='word_1_291' title='bbox 266 1213 381 1254; x_wconf 85' lang='lat' dir='ltr'><strong>quibus</strong></span> <span class='ocrx_word' id='word_1_292' title='bbox 398 1217 472 1250; x_wconf 82' lang='lat' dir='ltr'><strong>eget</strong></span> <span class='ocrx_word' id='word_1_293' title='bbox 487 1206 578 1238; x_wconf 86' lang='lat' dir='ltr'><strong>fundi</strong></span> <span class='ocrx_word' id='word_1_294' title='bbox 598 1202 804 1236; x_wconf 64' lang='lat' dir='ltr'><strong>ususfructus.</strong></span> <span class='ocrx_word' id='word_1_295' title='bbox 828 1208 925 1239; x_wconf 73' lang='lat' dir='ltr'><strong>atque</strong></span> 
     </span>
     <span class='ocr_line' id='line_1_41' title="bbox 52 1240 925 1296; baseline -0.025 -3"><span class='ocrx_word' id='word_1_296' title='bbox 52 1260 123 1296; x_wconf 81' lang='lat' dir='ltr'><strong>haec</strong></span> <span class='ocrx_word' id='word_1_297' title='bbox 141 1257 315 1290; x_wconf 69' lang='lat' dir='ltr'><strong>frussuario</strong></span> <span class='ocrx_word' id='word_1_298' title='bbox 340 1257 547 1290; x_wconf 85' lang='lat' dir='ltr'><strong>competere,</strong></span> <span class='ocrx_word' id='word_1_299' title='bbox 570 1245 698 1277; x_wconf 83' lang='lat' dir='ltr'><strong>summae</strong></span> <span class='ocrx_word' id='word_1_300' title='bbox 715 1241 845 1275; x_wconf 88' lang='lat' dir='ltr'><strong>rationis</strong></span> <span class='ocrx_word' id='word_1_301' title='bbox 862 1240 925 1271; x_wconf 82' lang='lat' dir='ltr'><strong>est:</strong></span> 
     </span>
     <span class='ocr_line' id='line_1_42' title="bbox 52 1282 927 1337; baseline -0.029 -1"><span class='ocrx_word' id='word_1_302' title='bbox 52 1301 156 1337; x_wconf 87' lang='lat' dir='ltr'><strong>inutili</strong></span> <span class='ocrx_word' id='word_1_303' title='bbox 182 1298 292 1329; x_wconf 88' lang='lat' dir='ltr'><strong>futuro</strong></span> <span class='ocrx_word' id='word_1_304' title='bbox 324 1290 484 1325; x_wconf 71' lang='lat' dir='ltr'><strong>usufructu</strong></span> <span class='ocrx_word' id='word_1_305' title='bbox 502 1297 567 1320; x_wconf 87' lang='lat' dir='ltr'><strong>non</strong></span> <span class='ocrx_word' id='word_1_306' title='bbox 585 1285 713 1318; x_wconf 85' lang='lat' dir='ltr'><strong>habenti</strong></span> <span class='ocrx_word' id='word_1_307' title='bbox 732 1283 795 1315; x_wconf 89' lang='lat' dir='ltr'><strong>fine</strong></span> <span class='ocrx_word' id='word_1_308' title='bbox 812 1282 927 1322; x_wconf 86' lang='lat' dir='ltr'><strong>quibus</strong></span> 
     </span>
     <span class='ocr_line' id='line_1_43' title="bbox 52 1322 925 1378; baseline -0.026 -2"><span class='ocrx_word' id='word_1_309' title='bbox 52 1353 126 1378; x_wconf 90' lang='lat' dir='ltr'><strong>eum</strong></span> <span class='ocrx_word' id='word_1_310' title='bbox 143 1339 275 1372; x_wconf 92' lang='lat' dir='ltr'><strong>omnino</strong></span> <span class='ocrx_word' id='word_1_311' title='bbox 286 1341 424 1375; x_wconf 84' lang='lat' dir='ltr'>nequeat</span> <span class='ocrx_word' id='word_1_312' title='bbox 441 1330 618 1372; x_wconf 84' lang='lat' dir='ltr'><strong>percipere.</strong></span> <span class='ocrx_word' id='word_1_313' title='bbox 643 1326 695 1358; x_wconf 88' lang='lat' dir='ltr'><strong>sed</strong></span> <span class='ocrx_word' id='word_1_314' title='bbox 712 1326 776 1357; x_wconf 89' lang='lat' dir='ltr'><strong>hoc</strong></span> <span class='ocrx_word' id='word_1_315' title='bbox 792 1322 925 1356; x_wconf 90' lang='lat' dir='ltr'><strong>noluisse</strong></span> 
     </span>
     <span class='ocr_line' id='line_1_44' title="bbox 53 1368 925 1418; baseline -0.028 -1"><span class='ocrx_word' id='word_1_316' title='bbox 53 1386 181 1418; x_wconf 81' lang='lat' dir='ltr'><strong>videtur</strong></span> <span class='ocrx_word' id='word_1_317' title='bbox 192 1378 341 1415; x_wconf 85' lang='lat' dir='ltr'><strong>testator,</strong></span> <span class='ocrx_word' id='word_1_318' title='bbox 354 1376 461 1415; x_wconf 85' lang='lat' dir='ltr'><strong>legans</strong></span> <span class='ocrx_word' id='word_1_319' title='bbox 477 1368 716 1404; x_wconf 66' lang='lat' dir='ltr'><strong>usumfructum.</strong></span> <span class='ocrx_word' id='word_1_320' title='bbox 736 1374 847 1397; x_wconf 81' lang='lat' dir='ltr'><strong>contra</strong></span> <span class='ocrx_word' id='word_1_321' title='bbox 860 1374 925 1395; x_wconf 90' lang='lat' dir='ltr'><strong>cre-</strong></span> 
     </span>
     <span class='ocr_line' id='line_1_45' title="bbox 52 1405 925 1460; baseline -0.026 -1"><span class='ocrx_word' id='word_1_322' title='bbox 52 1426 175 1460; x_wconf 81' lang='lat' dir='ltr'><strong>dendus</strong></span> <span class='ocrx_word' id='word_1_323' title='bbox 192 1421 255 1456; x_wconf 73' lang='lat' dir='ltr'><strong>est,</strong></span> <span class='ocrx_word' id='word_1_324' title='bbox 270 1419 336 1459; x_wconf 80' lang='lat' dir='ltr'><strong>ejus</strong></span> <span class='ocrx_word' id='word_1_325' title='bbox 348 1417 477 1448; x_wconf 81' lang='lat' dir='ltr'><strong>datione</strong></span> <span class='ocrx_word' id='word_1_326' title='bbox 492 1411 665 1443; x_wconf 66' lang='lat' dir='ltr'><strong>fructuario</strong></span> <span class='ocrx_word' id='word_1_327' title='bbox 684 1405 840 1440; x_wconf 68' lang='lat' dir='ltr'><strong>indulsisse</strong></span> <span class='ocrx_word' id='word_1_328' title='bbox 859 1415 925 1437; x_wconf 85' lang='lat' dir='ltr'><strong>om-</strong></span> 
     </span>
     <span class='ocr_line' id='line_1_46' title="bbox 54 1447 926 1502; baseline -0.028 -1"><span class='ocrx_word' id='word_1_329' title='bbox 54 1469 106 1502; x_wconf 86' lang='lat' dir='ltr'><strong>nia</strong></span> <span class='ocrx_word' id='word_1_330' title='bbox 120 1466 159 1498; x_wconf 83' lang='lat' dir='ltr'><strong>ad</strong></span> <span class='ocrx_word' id='word_1_331' title='bbox 176 1462 336 1495; x_wconf 55' lang='lat' dir='ltr'><strong>fructuum</strong></span> <span class='ocrx_word' id='word_1_332' title='bbox 362 1454 609 1498; x_wconf 74' lang='lat' dir='ltr'><strong>perceptionem</strong></span> <span class='ocrx_word' id='word_1_333' title='bbox 629 1449 816 1483; x_wconf 71' lang='lat' dir='ltr'><strong>necess&#39;aria:</strong></span> <span class='ocrx_word' id='word_1_334' title='bbox 840 1455 875 1479; x_wconf 91' lang='lat' dir='ltr'><strong>ut</strong></span> <span class='ocrx_word' id='word_1_335' title='bbox 894 1447 926 1478; x_wconf 91' lang='lat' dir='ltr'><strong>in</strong></span> 
     </span>
     <span class='ocr_line' id='line_1_47' title="bbox 55 1489 927 1542; baseline -0.028 0"><span class='ocrx_word' id='word_1_336' title='bbox 55 1504 250 1542; x_wconf 86' lang='lat' dir='ltr'><strong>antecessum</strong></span> <span class='ocrx_word' id='word_1_337' title='bbox 272 1500 317 1533; x_wconf 86' lang='lat' dir='ltr'><strong>est</strong></span> <span class='ocrx_word' id='word_1_338' title='bbox 334 1496 596 1531; x_wconf 81' lang='lat' dir='ltr'><strong>demonstratum.</strong></span> <span class='ocrx_word' id='word_1_339' title='bbox 638 1492 682 1523; x_wconf 83' lang='lat' dir='ltr'><strong>Ea</strong></span> <span class='ocrx_word' id='word_1_340' title='bbox 699 1491 822 1523; x_wconf 81' lang='lat' dir='ltr'><strong>ratione</strong></span> <span class='ocrx_word' id='word_1_341' title='bbox 840 1489 927 1520; x_wconf 89' lang='lat' dir='ltr'><strong>vide-</strong></span> 
     </span>
     <span class='ocr_line' id='line_1_48' title="bbox 56 1530 930 1583; baseline -0.026 0"><span class='ocrx_word' id='word_1_342' title='bbox 56 1559 107 1583; x_wconf 91' lang='lat' dir='ltr'><strong>tur</strong></span> <span class='ocrx_word' id='word_1_343' title='bbox 122 1547 273 1583; x_wconf 81' lang='lat' dir='ltr'><strong>testator,</strong></span> <span class='ocrx_word' id='word_1_344' title='bbox 297 1543 403 1583; x_wconf 78' lang='lat' dir='ltr'><strong>legans</strong></span> <span class='ocrx_word' id='word_1_345' title='bbox 421 1536 648 1570; x_wconf 69' lang='lat' dir='ltr'><strong>usumfructum</strong></span> <span class='ocrx_word' id='word_1_346' title='bbox 664 1532 756 1564; x_wconf 87' lang='lat' dir='ltr'><strong>fundi</strong></span> <span class='ocrx_word' id='word_1_347' title='bbox 773 1531 858 1563; x_wconf 90' lang='lat' dir='ltr'><strong>aditu</strong></span> <span class='ocrx_word' id='word_1_348' title='bbox 877 1530 930 1561; x_wconf 90' lang='lat' dir='ltr'><strong>de·</strong></span> 
     </span>
     <span class='ocr_line' id='line_1_49' title="bbox 56 1571 932 1628; baseline -0.027 -3"><span class='ocrx_word' id='word_1_349' title='bbox 56 1590 155 1625; x_wconf 84' lang='lat' dir='ltr'><strong>stituti</strong></span> <span class='ocrx_word' id='word_1_350' title='bbox 167 1613 176 1628; x_wconf 96' lang='lat'><strong>‚</strong></span> <span class='ocrx_word' id='word_1_351' title='bbox 200 1596 254 1628; x_wconf 88' lang='lat' dir='ltr'><strong>per</strong></span> <span class='ocrx_word' id='word_1_352' title='bbox 271 1580 535 1622; x_wconf 75' lang='lat' dir='ltr'><strong>consequentiam</strong></span> <span class='ocrx_word' id='word_1_353' title='bbox 557 1574 753 1607; x_wconf 67' lang='lat' dir='ltr'><strong>ususfructus</strong></span> <span class='ocrx_word' id='word_1_354' title='bbox 770 1571 884 1614; x_wconf 83' lang='lat' dir='ltr'><strong>legasse</strong></span> <span class='ocrx_word' id='word_1_355' title='bbox 902 1578 932 1602; x_wconf 88' lang='lat' dir='ltr'><strong>a·</strong></span> 
     </span>
     <span class='ocr_line' id='line_1_50' title="bbox 55 1613 932 1667; baseline -0.026 -1"><span class='ocrx_word' id='word_1_356' title='bbox 55 1633 176 1666; x_wconf 89' lang='lat' dir='ltr'><strong>ditum:</strong></span> <span class='ocrx_word' id='word_1_357' title='bbox 199 1628 263 1660; x_wconf 89' lang='lat' dir='ltr'><strong>fine</strong></span> <span class='ocrx_word' id='word_1_358' title='bbox 288 1634 353 1667; x_wconf 90' lang='lat' dir='ltr'><strong>quo</strong></span> <span class='ocrx_word' id='word_1_359' title='bbox 378 1619 522 1655; x_wconf 83' lang='lat' dir='ltr'><strong>exerceri</strong></span> <span class='ocrx_word' id='word_1_360' title='bbox 547 1618 681 1649; x_wconf 89' lang='lat' dir='ltr'><strong>omnino</strong></span> <span class='ocrx_word' id='word_1_361' title='bbox 697 1625 761 1648; x_wconf 88' lang='lat' dir='ltr'><strong>non</strong></span> <span class='ocrx_word' id='word_1_362' title='bbox 780 1613 883 1655; x_wconf 86' lang='lat' dir='ltr'><strong>posset</strong></span> <span class='ocrx_word' id='word_1_363' title='bbox 898 1621 932 1643; x_wconf 93' lang='lat' dir='ltr'><strong>u-</strong></span> 
     </span>
     <span class='ocr_line' id='line_1_51' title="bbox 57 1655 932 1707; baseline -0.026 1"><span class='ocrx_word' id='word_1_364' title='bbox 57 1671 240 1707; x_wconf 73' lang='lat' dir='ltr'><strong>susfruClzus.</strong></span> <span class='ocrx_word' id='word_1_365' title='bbox 260 1668 344 1700; x_wconf 83' lang='lat' dir='ltr'><strong>hoc:</strong></span> <span class='ocrx_word' id='word_1_366' title='bbox 359 1664 381 1696; x_wconf 84' lang='lat' dir='ltr'><strong>si</strong></span> <span class='ocrx_word' id='word_1_367' title='bbox 397 1664 436 1694; x_wconf 91' lang='lat' dir='ltr'><strong>de</strong></span> <span class='ocrx_word' id='word_1_368' title='bbox 454 1662 541 1693; x_wconf 86' lang='lat' dir='ltr'><strong>aditu</strong></span> <span class='ocrx_word' id='word_1_369' title='bbox 557 1660 634 1691; x_wconf 80' lang='lat' dir='ltr'><strong>nihil</strong></span> <span class='ocrx_word' id='word_1_370' title='bbox 655 1657 773 1689; x_wconf 79' lang='lat' dir='ltr'><strong>dixerit</strong></span> <span class='ocrx_word' id='word_1_371' title='bbox 789 1655 932 1687; x_wconf 87' lang='lat' dir='ltr'><strong>testator.</strong></span> 
     </span>
     <span class='ocr_line' id='line_1_52' title="bbox 57 1696 933 1753; baseline -0.026 -5"><span class='ocrx_word' id='word_1_372' title='bbox 57 1724 169 1747; x_wconf 88' lang='lat' dir='ltr'><strong>verum</strong></span> <span class='ocrx_word' id='word_1_373' title='bbox 185 1707 313 1753; x_wconf 87' lang='lat' dir='ltr'><strong>quid,s1</strong></span> <span class='ocrx_word' id='word_1_374' title='bbox 330 1702 559 1738; x_wconf 67' lang='lat' dir='ltr'><strong>usumfructum</strong></span> <span class='ocrx_word' id='word_1_375' title='bbox 574 1699 728 1741; x_wconf 80' lang='lat' dir='ltr'><strong>legaverit</strong></span> <span class='ocrx_word' id='word_1_376' title='bbox 745 1699 806 1735; x_wconf 89' lang='lat' dir='ltr'><strong>ita,</strong></span> <span class='ocrx_word' id='word_1_377' title='bbox 822 1706 862 1728; x_wconf 90' lang='lat' dir='ltr'><strong>ne</strong></span> <span class='ocrx_word' id='word_1_378' title='bbox 878 1696 933 1727; x_wconf 87' lang='lat' dir='ltr'><strong>he-</strong></span> 
     </span>
     <span class='ocr_line' id='line_1_53' title="bbox 59 1737 933 1794; baseline -0.025 -5"><span class='ocrx_word' id='word_1_379' title='bbox 59 1766 111 1790; x_wconf 80' lang='lat' dir='ltr'><strong>res</strong></span> <span class='ocrx_word' id='word_1_380' title='bbox 127 1759 260 1794; x_wconf 81' lang='lat' dir='ltr'><strong>cogatur</strong></span> <span class='ocrx_word' id='word_1_381' title='bbox 277 1751 361 1781; x_wconf 90' lang='lat' dir='ltr'><strong>viam</strong></span> <span class='ocrx_word' id='word_1_382' title='bbox 380 1742 552 1787; x_wconf 74' lang='lat' dir='ltr'><strong>praestare?</strong></span> <span class='ocrx_word' id='word_1_383' title='bbox 576 1750 656 1781; x_wconf 88' lang='lat' dir='ltr'><strong>puto</strong></span> <span class='ocrx_word' id='word_1_384' title='bbox 668 1764 677 1778; x_wconf 91' lang='lat'><strong>‚</strong></span> <span class='ocrx_word' id='word_1_385' title='bbox 698 1740 762 1770; x_wconf 87' lang='lat' dir='ltr'><strong>hoc</strong></span> <span class='ocrx_word' id='word_1_386' title='bbox 777 1737 933 1770; x_wconf 83' lang='lat' dir='ltr'><strong>inutiliter</strong></span> 
     </span>
     <span class='ocr_line' id='line_1_54' title="bbox 58 1778 934 1838; baseline -0.025 -8"><span class='ocrx_word' id='word_1_387' title='bbox 58 1795 226 1838; x_wconf 81' lang='lat' dir='ltr'><strong>adjecisse:</strong></span> <span class='ocrx_word' id='word_1_388' title='bbox 251 1801 291 1823; x_wconf 90' lang='lat' dir='ltr'><strong>ne</strong></span> <span class='ocrx_word' id='word_1_389' title='bbox 309 1790 362 1822; x_wconf 84' lang='lat' dir='ltr'><strong>sibi</strong></span> <span class='ocrx_word' id='word_1_390' title='bbox 382 1784 607 1818; x_wconf 81' lang='lat' dir='ltr'><strong>contradixisse</strong></span> <span class='ocrx_word' id='word_1_391' title='bbox 626 1781 833 1813; x_wconf 85' lang='lat' dir='ltr'><strong>existimetur.</strong></span> <span class='ocrx_word' id='word_1_392' title='bbox 856 1778 934 1811; x_wconf 84' lang='lat' dir='ltr'><strong>simi-</strong></span> 
     </span>
     <span class='ocr_line' id='line_1_55' title="bbox 61 1821 936 1873; baseline -0.025 -2"><span class='ocrx_word' id='word_1_393' title='bbox 61 1839 81 1872; x_wconf 90' lang='lat' dir='ltr'><strong>li</strong></span> <span class='ocrx_word' id='word_1_394' title='bbox 101 1837 224 1870; x_wconf 83' lang='lat' dir='ltr'><strong>ratione</strong></span> <span class='ocrx_word' id='word_1_395' title='bbox 241 1840 340 1873; x_wconf 77' lang='lat' dir='ltr'><strong>pum,</strong></span> <span class='ocrx_word' id='word_1_396' title='bbox 359 1829 381 1861; x_wconf 86' lang='lat' dir='ltr'><strong>fi</strong></span> <span class='ocrx_word' id='word_1_397' title='bbox 399 1825 559 1860; x_wconf 65' lang='lat' dir='ltr'><strong>usuf&#39;rufitu</strong></span> <span class='ocrx_word' id='word_1_398' title='bbox 574 1825 702 1864; x_wconf 79' lang='lat' dir='ltr'><strong>legato,</strong></span> <span class='ocrx_word' id='word_1_399' title='bbox 721 1822 782 1852; x_wconf 88' lang='lat' dir='ltr'><strong>iter</strong></span> <span class='ocrx_word' id='word_1_400' title='bbox 799 1821 936 1858; x_wconf 82' lang='lat' dir='ltr'><strong>adimat3</strong></span> 
     </span>
     <span class='ocr_line' id='line_1_56' title="bbox 62 1861 934 1912; baseline -0.024 0"><span class='ocrx_word' id='word_1_401' title='bbox 62 1879 210 1912; x_wconf 88' lang='lat' dir='ltr'><strong>inutilem</strong></span> <span class='ocrx_word' id='word_1_402' title='bbox 226 1873 288 1906; x_wconf 79' lang='lat' dir='ltr'><strong>effe</strong></span> <span class='ocrx_word' id='word_1_403' title='bbox 310 1869 566 1911; x_wconf 82' lang='lat' dir='ltr'><strong>ademptionem:</strong></span> <span class='ocrx_word' id='word_1_404' title='bbox 590 1866 662 1905; x_wconf 84' lang='lat' dir='ltr'><strong>quia</strong></span> <span class='ocrx_word' id='word_1_405' title='bbox 686 1863 808 1903; x_wconf 80' lang='lat' dir='ltr'><strong>semper</strong></span> <span class='ocrx_word' id='word_1_406' title='bbox 832 1861 934 1902; x_wconf 88' lang='lat' dir='ltr'><strong>sequi-</strong></span> 
     </span>
     <span class='ocr_line' id='line_1_57' title="bbox 64 1903 934 1953; baseline -0.024 0"><span class='ocrx_word' id='word_1_407' title='bbox 64 1930 114 1953; x_wconf 88' lang='lat' dir='ltr'><strong>tur</strong></span> <span class='ocrx_word' id='word_1_408' title='bbox 137 1914 378 1951; x_wconf 70' lang='lat' dir='ltr'><strong>usumfructum.</strong></span> <span class='ocrx_word' id='word_1_409' title='bbox 409 1909 545 1951; x_wconf 83' lang='lat' dir='ltr'><strong>proinde</strong></span> <span class='ocrx_word' id='word_1_410' title='bbox 566 1907 642 1947; x_wconf 85' lang='lat' dir='ltr'><strong>quid</strong></span> <span class='ocrx_word' id='word_1_411' title='bbox 667 1904 743 1936; x_wconf 77' lang='lat' dir='ltr'><strong>est?</strong></span> <span class='ocrx_word' id='word_1_412' title='bbox 767 1904 788 1935; x_wconf 86' lang='lat' dir='ltr'><strong>si</strong></span> <span class='ocrx_word' id='word_1_413' title='bbox 810 1903 934 1943; x_wconf 81' lang='lat' dir='ltr'><strong>legetur</strong></span> 
     </span>
     <span class='ocr_line' id='line_1_58' title="bbox 61 1945 933 1995; baseline -0.025 0"><span class='ocrx_word' id='word_1_414' title='bbox 61 1959 254 1995; x_wconf 67' lang='lat' dir='ltr'><strong>ususfructus</strong></span> <span class='ocrx_word' id='word_1_415' title='bbox 269 1954 362 1987; x_wconf 90' lang='lat' dir='ltr'><strong>fundi</strong></span> <span class='ocrx_word' id='word_1_416' title='bbox 378 1950 515 1984; x_wconf 81' lang='lat' dir='ltr'><strong>carentis</strong></span> <span class='ocrx_word' id='word_1_417' title='bbox 531 1949 663 1980; x_wconf 83' lang='lat' dir='ltr'><strong>itinere:</strong></span> <span class='ocrx_word' id='word_1_418' title='bbox 676 1947 714 1977; x_wconf 83' lang='lat' dir='ltr'><strong>ab</strong></span> <span class='ocrx_word' id='word_1_419' title='bbox 730 1945 850 1976; x_wconf 84' lang='lat' dir='ltr'><strong>herede</strong></span> <span class='ocrx_word' id='word_1_420' title='bbox 868 1953 933 1975; x_wconf 87' lang='lat' dir='ltr'><strong>uon</strong></span> 
     </span>
     <span class='ocr_line' id='line_1_59' title="bbox 62 1983 936 2038; baseline -0.024 -3"><span class='ocrx_word' id='word_1_421' title='bbox 62 2004 166 2038; x_wconf 86' lang='lat' dir='ltr'><strong>minus</strong></span> <span class='ocrx_word' id='word_1_422' title='bbox 185 2002 262 2036; x_wconf 90' lang='lat' dir='ltr'><strong>iter,</strong></span> <span class='ocrx_word' id='word_1_423' title='bbox 279 2005 374 2038; x_wconf 84' lang='lat' dir='ltr'><strong>quam</strong></span> <span class='ocrx_word' id='word_1_424' title='bbox 390 1991 580 2025; x_wconf 67' lang='lat' dir='ltr'><strong>ususfructus</strong></span> <span class='ocrx_word' id='word_1_425' title='bbox 597 1988 742 2020; x_wconf 85' lang='lat' dir='ltr'><strong>debetur.</strong></span> <span class='ocrx_word' id='word_1_426' title='bbox 768 1987 897 2025; x_wconf 83' lang='lat' dir='ltr'><strong>utique,</strong></span> <span class='ocrx_word' id='word_1_427' title='bbox 914 1983 936 2015; x_wconf 81' lang='lat' dir='ltr'>fi</span> 
     </span>
     <span class='ocr_line' id='line_1_60' title="bbox 64 2025 936 2086; baseline -0.024 -10"><span class='ocrx_word' id='word_1_428' title='bbox 64 2044 161 2086; x_wconf 80' lang='lat' dir='ltr'><strong>poffit</strong></span> <span class='ocrx_word' id='word_1_429' title='bbox 186 2041 278 2072; x_wconf 87' lang='lat' dir='ltr'><strong>heres</strong></span> <span class='ocrx_word' id='word_1_430' title='bbox 303 2034 477 2069; x_wconf 67' lang='lat' dir='ltr'><strong>fructuario</strong></span> <span class='ocrx_word' id='word_1_431' title='bbox 502 2030 648 2073; x_wconf 81' lang='lat' dir='ltr'><strong>praessare</strong></span> <span class='ocrx_word' id='word_1_432' title='bbox 672 2030 791 2060; x_wconf 87' lang='lat' dir='ltr'><strong>aditum</strong></span> <span class='ocrx_word' id='word_1_433' title='bbox 816 2028 855 2057; x_wconf 86' lang='lat' dir='ltr'><strong>ad</strong></span> <span class='ocrx_word' id='word_1_434' title='bbox 873 2025 936 2057; x_wconf 85' lang='lat' dir='ltr'><strong>fru-</strong></span> 
     </span>
     <span class='ocr_line' id='line_1_61' title="bbox 65 2067 935 2119; baseline -0.025 -1"><span class='ocrx_word' id='word_1_435' title='bbox 65 2084 217 2119; x_wconf 74' lang='lat' dir='ltr'><strong>ctuarium</strong></span> <span class='ocrx_word' id='word_1_436' title='bbox 234 2080 371 2112; x_wconf 88' lang='lat' dir='ltr'><strong>fundum</strong></span> <span class='ocrx_word' id='word_1_437' title='bbox 388 2085 445 2117; x_wconf 85' lang='lat' dir='ltr'><strong>per</strong></span> <span class='ocrx_word' id='word_1_438' title='bbox 463 2074 597 2105; x_wconf 87' lang='lat' dir='ltr'><strong>fundum</strong></span> <span class='ocrx_word' id='word_1_439' title='bbox 619 2069 864 2102; x_wconf 80' lang='lat' dir='ltr'><strong>hereditarium:</strong></span> <span class='ocrx_word' id='word_1_440' title='bbox 883 2067 935 2107; x_wconf 83' lang='lat' dir='ltr'><strong>qui</strong></span> 
     </span>
     <span class='ocr_line' id='line_1_62' title="bbox 62 2108 936 2162; baseline -0.026 -2"><span class='ocrx_word' id='word_1_441' title='bbox 62 2127 108 2160; x_wconf 82' lang='lat' dir='ltr'><strong>e&#39;st</strong></span> <span class='ocrx_word' id='word_1_442' title='bbox 124 2123 227 2157; x_wconf 89' lang='lat' dir='ltr'><strong>sensus</strong></span> <span class='ocrx_word' id='word_1_443' title='bbox 249 2119 376 2162; x_wconf 85' lang='lat' dir='ltr'><strong>Ulpiani</strong></span> <span class='ocrx_word' id='word_1_444' title='bbox 392 2118 411 2149; x_wconf 84' lang='lat' dir='ltr'><strong>l.</strong></span> <span class='ocrx_word' id='word_1_445' title='bbox 433 2126 459 2148; x_wconf 91' lang='lat'><strong>1.</strong></span> <span class='ocrx_word' id='word_1_446' title='bbox 477 2115 507 2157; x_wconf 85' lang='lat'><strong>§.</strong></span> <span class='ocrx_word' id='word_1_447' title='bbox 532 2124 556 2145; x_wconf 92' lang='lat'><strong>1.</strong></span> <span class='ocrx_word' id='word_1_448' title='bbox 579 2113 621 2143; x_wconf 91' lang='lat' dir='ltr'><strong>D.</strong></span> <span class='ocrx_word' id='word_1_449' title='bbox 644 2113 678 2143; x_wconf 80' lang='lat' dir='ltr'><strong>Si</strong></span> <span class='ocrx_word' id='word_1_450' title='bbox 692 2108 877 2151; x_wconf 57' lang='lat' dir='ltr'><strong>ususfructus</strong></span> <span class='ocrx_word' id='word_1_451' title='bbox 888 2115 936 2148; x_wconf 77' lang='lat' dir='ltr'><strong>pe-</strong></span> 
     </span>
     <span class='ocr_line' id='line_1_63' title="bbox 64 2149 938 2203; baseline -0.024 -3"><span class='ocrx_word' id='word_1_452' title='bbox 64 2174 152 2200; x_wconf 75' lang='lat' dir='ltr'><strong>tetur.</strong></span> <span class='ocrx_word' id='word_1_453' title='bbox 177 2165 228 2198; x_wconf 81' lang='lat' dir='ltr'><strong>sed</strong></span> <span class='ocrx_word' id='word_1_454' title='bbox 246 2163 342 2203; x_wconf 87' lang='lat' dir='ltr'><strong>quid,</strong></span> <span class='ocrx_word' id='word_1_455' title='bbox 358 2159 379 2192; x_wconf 80' lang='lat' dir='ltr'>fi</span> <span class='ocrx_word' id='word_1_456' title='bbox 395 2167 459 2191; x_wconf 90' lang='lat' dir='ltr'><strong>non</strong></span> <span class='ocrx_word' id='word_1_457' title='bbox 477 2156 571 2197; x_wconf 87' lang='lat' dir='ltr'><strong>poffit</strong></span> <span class='ocrx_word' id='word_1_458' title='bbox 583 2155 598 2186; x_wconf 62' lang='grc' dir='ltr'><strong>’ἔ</strong></span> <span class='ocrx_word' id='word_1_459' title='bbox 620 2153 722 2193; x_wconf 80' lang='lat' dir='ltr'><strong>finge:</strong></span> <span class='ocrx_word' id='word_1_460' title='bbox 740 2151 812 2191; x_wconf 82' lang='lat' dir='ltr'><strong>(qui</strong></span> <span class='ocrx_word' id='word_1_461' title='bbox 828 2149 873 2181; x_wconf 89' lang='lat' dir='ltr'><strong>est</strong></span> <span class='ocrx_word' id='word_1_462' title='bbox 889 2159 938 2180; x_wconf 83' lang='lat' dir='ltr'><strong>ca-</strong></span> 
     </span>
     <span class='ocr_line' id='line_1_64' title="bbox 66 2193 937 2247; baseline -0.024 -6"><span class='ocrx_word' id='word_1_463' title='bbox 66 2211 114 2241; x_wconf 83' lang='lat' dir='ltr'><strong>sus</strong></span> <span class='ocrx_word' id='word_1_464' title='bbox 132 2209 152 2239; x_wconf 89' lang='lat' dir='ltr'><strong>l.</strong></span> <span class='ocrx_word' id='word_1_465' title='bbox 172 2216 218 2246; x_wconf 85' lang='lat'><strong>15.</strong></span> <span class='ocrx_word' id='word_1_466' title='bbox 241 2204 271 2247; x_wconf 82' lang='lat'><strong>§.</strong></span> <span class='ocrx_word' id='word_1_467' title='bbox 294 2213 318 2236; x_wconf 87' lang='lat'><strong>1.</strong></span> <span class='ocrx_word' id='word_1_468' title='bbox 338 2201 379 2233; x_wconf 90' lang='lat' dir='ltr'><strong>D.</strong></span> <span class='ocrx_word' id='word_1_469' title='bbox 408 2201 441 2231; x_wconf 81' lang='lat' dir='ltr'><strong>de</strong></span> <span class='ocrx_word' id='word_1_470' title='bbox 463 2199 517 2239; x_wconf 85' lang='lat' dir='ltr'><strong>usu</strong></span> <span class='ocrx_word' id='word_1_471' title='bbox 534 2197 570 2232; x_wconf 55' lang='grc' dir='ltr'><strong>ὅ)</strong></span> <span class='ocrx_word' id='word_1_472' title='bbox 588 2194 745 2233; x_wconf 70' lang='lat' dir='ltr'><strong>usufrutiu</strong></span> <span class='ocrx_word' id='word_1_473' title='bbox 761 2193 872 2233; x_wconf 73' lang='lat' dir='ltr'><strong>legato)</strong></span> <span class='ocrx_word' id='word_1_474' title='bbox 891 2199 937 2222; x_wconf 87' lang='lat' dir='ltr'><strong>te-</strong></span> 
     </span>
     <span class='ocr_line' id='line_1_65' title="bbox 64 2233 937 2283; baseline -0.023 -1"><span class='ocrx_word' id='word_1_475' title='bbox 64 2250 163 2283; x_wconf 85' lang='lat' dir='ltr'><strong>stator</strong></span> <span class='ocrx_word' id='word_1_476' title='bbox 180 2246 300 2279; x_wconf 85' lang='lat' dir='ltr'><strong>habens</strong></span> <span class='ocrx_word' id='word_1_477' title='bbox 316 2244 397 2275; x_wconf 91' lang='lat' dir='ltr'><strong>duos</strong></span> <span class='ocrx_word' id='word_1_478' title='bbox 413 2240 551 2277; x_wconf 88' lang='lat' dir='ltr'><strong>fundos,</strong></span> <span class='ocrx_word' id='word_1_479' title='bbox 575 2237 660 2278; x_wconf 84' lang='lat' dir='ltr'><strong>legat</strong></span> <span class='ocrx_word' id='word_1_480' title='bbox 678 2235 768 2267; x_wconf 89' lang='lat' dir='ltr'><strong>unius</strong></span> <span class='ocrx_word' id='word_1_481' title='bbox 794 2233 937 2274; x_wconf 88' lang='lat' dir='ltr'><strong>proprie-</strong></span> 
     </span>
     <span class='ocr_line' id='line_1_66' title="bbox 69 2273 938 2323; baseline -0.023 0"><span class='ocrx_word' id='word_1_482' title='bbox 69 2299 168 2323; x_wconf 86' lang='lat' dir='ltr'><strong>tatem</strong></span> <span class='ocrx_word' id='word_1_483' title='bbox 182 2287 295 2319; x_wconf 88' lang='lat' dir='ltr'><strong>Titio:</strong></span> <span class='ocrx_word' id='word_1_484' title='bbox 311 2283 439 2317; x_wconf 82' lang='lat' dir='ltr'><strong>alterius</strong></span> <span class='ocrx_word' id='word_1_485' title='bbox 455 2279 684 2313; x_wconf 66' lang='lat' dir='ltr'><strong>usumfruerum</strong></span> <span class='ocrx_word' id='word_1_486' title='bbox 699 2277 783 2316; x_wconf 73' lang='lat' dir='ltr'><strong>SeJo.</strong></span> <span class='ocrx_word' id='word_1_487' title='bbox 809 2284 873 2305; x_wconf 88' lang='lat' dir='ltr'><strong>non</strong></span> <span class='ocrx_word' id='word_1_488' title='bbox 893 2273 938 2304; x_wconf 88' lang='lat' dir='ltr'><strong>est</strong></span> 
     </span>
     <span class='ocr_line' id='line_1_67' title="bbox 67 2315 938 2364; baseline -0.023 1"><span class='ocrx_word' id='word_1_489' title='bbox 67 2334 118 2364; x_wconf 86' lang='lat' dir='ltr'><strong>via</strong></span> <span class='ocrx_word' id='word_1_490' title='bbox 135 2332 174 2362; x_wconf 90' lang='lat' dir='ltr'><strong>ad</strong></span> <span class='ocrx_word' id='word_1_491' title='bbox 189 2326 395 2361; x_wconf 66' lang='lat' dir='ltr'><strong>fructuarium</strong></span> <span class='ocrx_word' id='word_1_492' title='bbox 413 2323 548 2355; x_wconf 88' lang='lat' dir='ltr'><strong>fundum</strong></span> <span class='ocrx_word' id='word_1_493' title='bbox 560 2345 569 2360; x_wconf 89' lang='lat'><strong>,</strong></span> <span class='ocrx_word' id='word_1_494' title='bbox 594 2319 647 2351; x_wconf 80' lang='lat' dir='ltr'><strong>nili</strong></span> <span class='ocrx_word' id='word_1_495' title='bbox 673 2328 728 2360; x_wconf 84' lang='lat' dir='ltr'><strong>per</strong></span> <span class='ocrx_word' id='word_1_496' title='bbox 745 2316 880 2348; x_wconf 86' lang='lat' dir='ltr'><strong>fundum</strong></span> <span class='ocrx_word' id='word_1_497' title='bbox 895 2315 938 2346; x_wconf 90' lang='lat' dir='ltr'><strong>le·</strong></span> 
     </span>
     <span class='ocr_line' id='line_1_68' title="bbox 64 2357 937 2415; baseline -0.023 -9"><span class='ocrx_word' id='word_1_498' title='bbox 64 2382 186 2415; x_wconf 85' lang='lat' dir='ltr'><strong>gatum.</strong></span> <span class='ocrx_word' id='word_1_499' title='bbox 217 2368 392 2411; x_wconf 78' lang='lat' dir='ltr'><strong>quaeritur,</strong></span> <span class='ocrx_word' id='word_1_500' title='bbox 421 2374 460 2396; x_wconf 85' lang='lat' dir='ltr'><strong>an</strong></span> <span class='ocrx_word' id='word_1_501' title='bbox 485 2363 559 2404; x_wconf 88' lang='lat' dir='ltr'><strong>Sejo</strong></span> <span class='ocrx_word' id='word_1_502' title='bbox 582 2360 757 2394; x_wconf 70' lang='lat' dir='ltr'><strong>fructuario</strong></span> <span class='ocrx_word' id='word_1_503' title='bbox 782 2357 937 2389; x_wconf 80' lang='lat' dir='ltr'><strong>debeatur</strong></span> 
     </span>
     <span class='ocr_line' id='line_1_69' title="bbox 64 2399 937 2453; baseline -0.023 -6"><span class='ocrx_word' id='word_1_504' title='bbox 64 2415 198 2448; x_wconf 85' lang='lat' dir='ltr'><strong>servitus</strong></span> <span class='ocrx_word' id='word_1_505' title='bbox 218 2421 274 2453; x_wconf 89' lang='lat' dir='ltr'><strong>per</strong></span> <span class='ocrx_word' id='word_1_506' title='bbox 290 2408 427 2441; x_wconf 89' lang='lat' dir='ltr'><strong>fundum</strong></span> <span class='ocrx_word' id='word_1_507' title='bbox 440 2404 546 2437; x_wconf 70' lang='lat' dir='ltr'><strong>Titii?</strong></span> <span class='ocrx_word' id='word_1_508' title='bbox 570 2404 674 2439; x_wconf 85' lang='lat' dir='ltr'><strong>dices,</strong></span> <span class='ocrx_word' id='word_1_509' title='bbox 699 2400 827 2437; x_wconf 78' lang='lat' dir='ltr'><strong>deberi3</strong></span> <span class='ocrx_word' id='word_1_510' title='bbox 845 2399 873 2429; x_wconf 84' lang='lat'>&amp;</span> <span class='ocrx_word' id='word_1_511' title='bbox 890 2407 937 2428; x_wconf 79' lang='lat' dir='ltr'><strong>re-</strong></span> 
     </span>
     <span class='ocr_line' id='line_1_70' title="bbox 66 2440 937 2496; baseline -0.023 -7"><span class='ocrx_word' id='word_1_512' title='bbox 66 2457 133 2489; x_wconf 71' lang='grc' dir='ltr'><strong>διες</strong></span> <span class='ocrx_word' id='word_1_513' title='bbox 150 2455 222 2496; x_wconf 87' lang='lat' dir='ltr'><strong>quia</strong></span> <span class='ocrx_word' id='word_1_514' title='bbox 239 2449 430 2484; x_wconf 68' lang='lat' dir='ltr'><strong>ususfructus</strong></span> <span class='ocrx_word' id='word_1_515' title='bbox 447 2446 511 2479; x_wconf 83' lang='lat' dir='ltr'><strong>fine</strong></span> <span class='ocrx_word' id='word_1_516' title='bbox 529 2455 565 2476; x_wconf 85' lang='lat' dir='ltr'><strong>ea</strong></span> <span class='ocrx_word' id='word_1_517' title='bbox 580 2444 684 2475; x_wconf 88' lang='lat' dir='ltr'><strong>nullus</strong></span> <span class='ocrx_word' id='word_1_518' title='bbox 700 2441 755 2474; x_wconf 85' lang='lat' dir='ltr'><strong>est.</strong></span> <span class='ocrx_word' id='word_1_519' title='bbox 783 2440 903 2472; x_wconf 87' lang='lat' dir='ltr'><strong>Verum</strong></span> <span class='ocrx_word' id='word_1_520' title='bbox 921 2448 937 2469; x_wconf 83' lang='lat' dir='ltr'><strong>a</strong></span> 
     </span>
     <span class='ocr_line' id='line_1_71' title="bbox 66 2481 937 2537; baseline -0.023 -7"><span class='ocrx_word' id='word_1_521' title='bbox 66 2507 132 2537; x_wconf 83' lang='lat' dir='ltr'><strong>quo</strong></span> <span class='ocrx_word' id='word_1_522' title='bbox 158 2502 250 2537; x_wconf 91' lang='lat' dir='ltr'><strong>petet</strong></span> <span class='ocrx_word' id='word_1_523' title='bbox 273 2492 457 2524; x_wconf 87' lang='lat' dir='ltr'><strong>servitutem</strong></span> <span class='ocrx_word' id='word_1_524' title='bbox 480 2486 596 2527; x_wconf 77' lang='lat' dir='ltr'><strong>Sejus?</strong></span> <span class='ocrx_word' id='word_1_525' title='bbox 612 2493 676 2515; x_wconf 88' lang='lat' dir='ltr'><strong>non</strong></span> <span class='ocrx_word' id='word_1_526' title='bbox 693 2485 779 2515; x_wconf 88' lang='lat' dir='ltr'><strong>enim</strong></span> <span class='ocrx_word' id='word_1_527' title='bbox 797 2481 894 2513; x_wconf 84' lang='lat' dir='ltr'><strong>habet</strong></span> <span class='ocrx_word' id='word_1_528' title='bbox 909 2489 937 2511; x_wconf 81' lang='lat' dir='ltr'><strong>a·</strong></span> 
     </span>
     <span class='ocr_line' id='line_1_72' title="bbox 68 2523 936 2574; baseline -0.024 -2"><span class='ocrx_word' id='word_1_529' title='bbox 68 2540 208 2571; x_wconf 61' lang='lat' dir='ltr'><strong>ctionem</strong></span> <span class='ocrx_word' id='word_1_530' title='bbox 223 2537 255 2567; x_wconf 89' lang='lat' dir='ltr'><strong>in</strong></span> <span class='ocrx_word' id='word_1_531' title='bbox 270 2532 435 2574; x_wconf 86' lang='lat' dir='ltr'><strong>personam</strong></span> <span class='ocrx_word' id='word_1_532' title='bbox 452 2527 600 2561; x_wconf 87' lang='lat' dir='ltr'><strong>adversus</strong></span> <span class='ocrx_word' id='word_1_533' title='bbox 610 2526 756 2557; x_wconf 87' lang='lat' dir='ltr'><strong>Titium:</strong></span> <span class='ocrx_word' id='word_1_534' title='bbox 773 2523 845 2560; x_wconf 79' lang='lat' dir='ltr'><strong>Quia</strong></span> <span class='ocrx_word' id='word_1_535' title='bbox 864 2530 936 2552; x_wconf 87' lang='lat' dir='ltr'><strong>cum</strong></span> 
     </span>
     <span class='ocr_line' id='line_1_73' title="bbox 68 2563 936 2611; baseline -0.023 1"><span class='ocrx_word' id='word_1_536' title='bbox 68 2590 109 2611; x_wconf 91' lang='lat' dir='ltr'><strong>eo</strong></span> <span class='ocrx_word' id='word_1_537' title='bbox 125 2588 190 2611; x_wconf 93' lang='lat' dir='ltr'><strong>non</strong></span> <span class='ocrx_word' id='word_1_538' title='bbox 207 2574 378 2608; x_wconf 80' lang='lat' dir='ltr'><strong>contraxit.</strong></span> <span class='ocrx_word' id='word_1_539' title='bbox 402 2581 463 2604; x_wconf 91' lang='lat' dir='ltr'><strong>nec</strong></span> <span class='ocrx_word' id='word_1_540' title='bbox 481 2570 579 2610; x_wconf 80' lang='lat' dir='ltr'><strong>magis</strong></span> <span class='ocrx_word' id='word_1_541' title='bbox 597 2568 695 2599; x_wconf 87' lang='lat' dir='ltr'><strong>habet</strong></span> <span class='ocrx_word' id='word_1_542' title='bbox 711 2563 936 2597; x_wconf 72' lang='lat' dir='ltr'><strong>confessoriam</strong></span> 
     </span>
     <span class='ocr_line' id='line_1_74' title="bbox 69 2604 937 2655; baseline -0.022 -2"><span class='ocrx_word' id='word_1_543' title='bbox 69 2622 101 2652; x_wconf 91' lang='lat' dir='ltr'><strong>in</strong></span> <span class='ocrx_word' id='word_1_544' title='bbox 114 2627 182 2652; x_wconf 89' lang='lat' dir='ltr'><strong>rem</strong></span> <span class='ocrx_word' id='word_1_545' title='bbox 198 2618 374 2649; x_wconf 69' lang='lat' dir='ltr'><strong>actionem:</strong></span> <span class='ocrx_word' id='word_1_546' title='bbox 394 2613 465 2655; x_wconf 87' lang='lat' dir='ltr'><strong>quia</strong></span> <span class='ocrx_word' id='word_1_547' title='bbox 481 2621 547 2643; x_wconf 89' lang='lat' dir='ltr'><strong>non</strong></span> <span class='ocrx_word' id='word_1_548' title='bbox 565 2608 671 2651; x_wconf 86' lang='lat' dir='ltr'><strong>potest</strong></span> <span class='ocrx_word' id='word_1_549' title='bbox 687 2607 823 2639; x_wconf 86' lang='lat' dir='ltr'><strong>servitus</strong></span> <span class='ocrx_word' id='word_1_550' title='bbox 840 2604 937 2637; x_wconf 86' lang='lat' dir='ltr'><strong>debe-</strong></span> 
     </span>
     <span class='ocr_line' id='line_1_75' title="bbox 70 2646 935 2695; baseline -0.022 -2"><span class='ocrx_word' id='word_1_551' title='bbox 70 2663 93 2693; x_wconf 88' lang='lat' dir='ltr'><strong>ri</strong></span> <span class='ocrx_word' id='word_1_552' title='bbox 112 2660 168 2692; x_wconf 88' lang='lat' dir='ltr'><strong>soli</strong></span> <span class='ocrx_word' id='word_1_553' title='bbox 186 2657 371 2690; x_wconf 77' lang='lat' dir='ltr'><strong>fructuario.</strong></span> <span class='ocrx_word' id='word_1_554' title='bbox 402 2662 476 2695; x_wconf 83' lang='lat' dir='ltr'><strong>aget</strong></span> <span class='ocrx_word' id='word_1_555' title='bbox 499 2653 593 2694; x_wconf 86' lang='lat' dir='ltr'><strong>igitur</strong></span> <span class='ocrx_word' id='word_1_556' title='bbox 610 2651 698 2690; x_wconf 84' lang='lat' dir='ltr'><strong>Sejus</strong></span> <span class='ocrx_word' id='word_1_557' title='bbox 713 2646 860 2679; x_wconf 80' lang='lat' dir='ltr'><strong>adversus</strong></span> <span class='ocrx_word' id='word_1_558' title='bbox 884 2646 935 2675; x_wconf 86' lang='lat' dir='ltr'><strong>he-</strong></span> 
     </span>
     <span class='ocr_line' id='line_1_76' title="bbox 71 2687 939 2734; baseline -0.02 -1"><span class='ocrx_word' id='word_1_559' title='bbox 71 2702 180 2734; x_wconf 86' lang='lat' dir='ltr'><strong>redem</strong></span> <span class='ocrx_word' id='word_1_560' title='bbox 202 2699 326 2730; x_wconf 72' lang='lat' dir='ltr'><strong>afflone</strong></span> <span class='ocrx_word' id='word_1_561' title='bbox 352 2706 393 2728; x_wconf 88' lang='lat' dir='ltr'><strong>ex</strong></span> <span class='ocrx_word' id='word_1_562' title='bbox 416 2694 620 2727; x_wconf 82' lang='lat' dir='ltr'><strong>testamento.</strong></span> <span class='ocrx_word' id='word_1_563' title='bbox 644 2690 699 2723; x_wconf 86' lang='lat' dir='ltr'><strong>nifi</strong></span> <span class='ocrx_word' id='word_1_564' title='bbox 721 2690 751 2721; x_wconf 86' lang='lat'>&amp;</span> <span class='ocrx_word' id='word_1_565' title='bbox 769 2688 810 2720; x_wconf 86' lang='lat' dir='ltr'><strong>fic</strong></span> <span class='ocrx_word' id='word_1_566' title='bbox 826 2687 939 2718; x_wconf 82' lang='lat' dir='ltr'><strong>frustra</strong></span> 
     </span>
     <span class='ocr_line' id='line_1_77' title="bbox 71 2729 939 2784; baseline -0.016 -11"><span class='ocrx_word' id='word_1_567' title='bbox 71 2750 161 2784; x_wconf 81' lang='lat' dir='ltr'><strong>aget:</strong></span> <span class='ocrx_word' id='word_1_568' title='bbox 184 2738 351 2779; x_wconf 86' lang='lat' dir='ltr'><strong>quomodo</strong></span> <span class='ocrx_word' id='word_1_569' title='bbox 368 2737 453 2769; x_wconf 88' lang='lat' dir='ltr'><strong>enirn</strong></span> <span class='ocrx_word' id='word_1_570' title='bbox 470 2733 630 2775; x_wconf 80' lang='lat' dir='ltr'><strong>praestabit</strong></span> <span class='ocrx_word' id='word_1_571' title='bbox 648 2733 739 2763; x_wconf 81' lang='lat' dir='ltr'><strong>heres</strong></span> <span class='ocrx_word' id='word_1_572' title='bbox 756 2729 939 2762; x_wconf 83' lang='lat' dir='ltr'><strong>servitutem</strong></span> 
     </span>
     <span class='ocr_line' id='line_1_78' title="bbox 73 2770 945 2820; baseline -0.018 -5"><span class='ocrx_word' id='word_1_573' title='bbox 73 2786 105 2816; x_wconf 87' lang='lat' dir='ltr'><strong>in</strong></span> <span class='ocrx_word' id='word_1_574' title='bbox 122 2782 225 2814; x_wconf 88' lang='lat' dir='ltr'><strong>fundo</strong></span> <span class='ocrx_word' id='word_1_575' title='bbox 244 2780 297 2820; x_wconf 90' lang='lat' dir='ltr'><strong>qui</strong></span> <span class='ocrx_word' id='word_1_576' title='bbox 315 2778 360 2810; x_wconf 89' lang='lat' dir='ltr'><strong>est</strong></span> <span class='ocrx_word' id='word_1_577' title='bbox 373 2778 442 2818; x_wconf 81' lang='lat' dir='ltr'><strong>J&#39;ure</strong></span> <span class='ocrx_word' id='word_1_578' title='bbox 458 2777 554 2817; x_wconf 83' lang='lat' dir='ltr'><strong>legati</strong></span> <span class='ocrx_word' id='word_1_579' title='bbox 572 2774 673 2807; x_wconf 85' lang='lat' dir='ltr'><strong>statim</strong></span> <span class='ocrx_word' id='word_1_580' title='bbox 696 2771 780 2803; x_wconf 87' lang='lat' dir='ltr'><strong>Titii</strong></span> <span class='ocrx_word' id='word_1_581' title='bbox 801 2770 902 2802; x_wconf 67' lang='lat' dir='ltr'><strong>faetus</strong></span> <span class='ocrx_word' id='word_1_582' title='bbox 928 2778 945 2799; x_wconf 89' lang='lat' dir='ltr'><strong>a</strong></span> 
     </span>
     <span class='ocr_line' id='line_1_79' title="bbox 72 2810 942 2858; baseline -0.02 -1"><span class='ocrx_word' id='word_1_583' title='bbox 72 2832 178 2858; x_wconf 86' lang='lat' dir='ltr'><strong>morte</strong></span> <span class='ocrx_word' id='word_1_584' title='bbox 195 2820 373 2858; x_wconf 80' lang='lat' dir='ltr'><strong>testatoris3</strong></span> <span class='ocrx_word' id='word_1_585' title='bbox 396 2827 432 2849; x_wconf 87' lang='lat' dir='ltr'><strong>ac</strong></span> <span class='ocrx_word' id='word_1_586' title='bbox 448 2827 489 2848; x_wconf 87' lang='lat' dir='ltr'><strong>ne</strong></span> <span class='ocrx_word' id='word_1_587' title='bbox 503 2823 671 2848; x_wconf 85' lang='lat' dir='ltr'><strong>momento</strong></span> <span class='ocrx_word' id='word_1_588' title='bbox 688 2814 818 2854; x_wconf 90' lang='lat' dir='ltr'><strong>quidem</strong></span> <span class='ocrx_word' id='word_1_589' title='bbox 836 2810 942 2842; x_wconf 84' lang='lat' dir='ltr'><strong>substi-</strong></span> 
     </span>
     <span class='ocr_line' id='line_1_80' title="bbox 73 2853 943 2903; baseline -0.02 -5"><span class='ocrx_word' id='word_1_590' title='bbox 73 2868 113 2898; x_wconf 89' lang='lat' dir='ltr'><strong>tit</strong></span> <span class='ocrx_word' id='word_1_591' title='bbox 137 2867 167 2896; x_wconf 91' lang='lat' dir='ltr'><strong>in</strong></span> <span class='ocrx_word' id='word_1_592' title='bbox 192 2861 325 2903; x_wconf 78' lang='lat' dir='ltr'><strong>persona</strong></span> <span class='ocrx_word' id='word_1_593' title='bbox 347 2859 474 2892; x_wconf 87' lang='lat' dir='ltr'><strong>heredis</strong></span> <span class='ocrx_word' id='word_1_594' title='bbox 490 2858 507 2890; x_wconf 68' lang='grc' dir='ltr'><strong>ἱ)</strong></span> <span class='ocrx_word' id='word_1_595' title='bbox 531 2856 552 2888; x_wconf 85' lang='lat' dir='ltr'>fi</span> <span class='ocrx_word' id='word_1_596' title='bbox 576 2864 682 2888; x_wconf 79' lang='lat' dir='ltr'><strong>tamen</strong></span> <span class='ocrx_word' id='word_1_597' title='bbox 707 2856 737 2886; x_wconf 92' lang='lat' dir='ltr'><strong>in</strong></span> <span class='ocrx_word' id='word_1_598' title='bbox 763 2853 943 2885; x_wconf 83' lang='lat' dir='ltr'><strong>hereditate</strong></span> 
     </span>
     <span class='ocr_line' id='line_1_81' title="bbox 71 2893 942 2940; baseline -0.02 0"><span class='ocrx_word' id='word_1_599' title='bbox 71 2904 227 2940; x_wconf 74' lang='lat' dir='ltr'><strong>mansisset</strong></span> <span class='ocrx_word' id='word_1_600' title='bbox 249 2901 366 2933; x_wconf 85' lang='lat' dir='ltr'><strong>fundus</strong></span> <span class='ocrx_word' id='word_1_601' title='bbox 391 2909 447 2938; x_wconf 85' lang='lat' dir='ltr'><strong>per</strong></span> <span class='ocrx_word' id='word_1_602' title='bbox 466 2908 559 2939; x_wconf 87' lang='lat' dir='ltr'><strong>quem</strong></span> <span class='ocrx_word' id='word_1_603' title='bbox 583 2897 688 2937; x_wconf 84' lang='lat' dir='ltr'><strong>potest</strong></span> <span class='ocrx_word' id='word_1_604' title='bbox 713 2894 848 2936; x_wconf 85' lang='lat' dir='ltr'><strong>praestari</strong></span> <span class='ocrx_word' id='word_1_605' title='bbox 872 2893 942 2924; x_wconf 88' lang='lat' dir='ltr'><strong>via:</strong></span> 
     </span>
     <span class='ocr_line' id='line_1_82' title="bbox 74 2937 943 2988; baseline -0.02 -7"><span class='ocrx_word' id='word_1_606' title='bbox 74 2949 220 2988; x_wconf 81' lang='lat' dir='ltr'><strong>exigeret</strong></span> <span class='ocrx_word' id='word_1_607' title='bbox 235 2952 304 2976; x_wconf 84' lang='lat' dir='ltr'><strong>eam</strong></span> <span class='ocrx_word' id='word_1_608' title='bbox 321 2940 507 2973; x_wconf 66' lang='lat' dir='ltr'><strong>fructuarius</strong></span> <span class='ocrx_word' id='word_1_609' title='bbox 516 2940 555 2969; x_wconf 90' lang='lat' dir='ltr'><strong>ab</strong></span> <span class='ocrx_word' id='word_1_610' title='bbox 572 2938 689 2969; x_wconf 88' lang='lat' dir='ltr'><strong>herede</strong></span> <span class='ocrx_word' id='word_1_611' title='bbox 699 2937 870 2968; x_wconf 88' lang='lat' dir='ltr'><strong>secundum</strong></span> <span class='ocrx_word' id='word_1_612' title='bbox 888 2943 943 2964; x_wconf 80' lang='lat' dir='ltr'><strong>vo-</strong></span> 
     </span>
     <span class='ocr_line' id='line_1_83' title="bbox 74 2976 943 3024; baseline -0.02 -2"><span class='ocrx_word' id='word_1_613' title='bbox 74 2992 231 3024; x_wconf 84' lang='lat' dir='ltr'><strong>luntatem</strong></span> <span class='ocrx_word' id='word_1_614' title='bbox 256 2982 419 3016; x_wconf 66' lang='lat' dir='ltr'><strong>defuncti:</strong></span> <span class='ocrx_word' id='word_1_615' title='bbox 443 2980 497 3021; x_wconf 87' lang='lat' dir='ltr'><strong>qui</strong></span> <span class='ocrx_word' id='word_1_616' title='bbox 522 2980 574 3011; x_wconf 89' lang='lat' dir='ltr'><strong>ubi</strong></span> <span class='ocrx_word' id='word_1_617' title='bbox 595 2979 678 3019; x_wconf 77' lang='lat' dir='ltr'><strong>legat</strong></span> <span class='ocrx_word' id='word_1_618' title='bbox 694 2976 943 3013; x_wconf 72' lang='lat' dir='ltr'><strong>usumfructum,</strong></span> 
     </span>
     <span class='ocr_line' id='line_1_84' title="bbox 77 3017 943 3067; baseline -0.02 -4"><span class='ocrx_word' id='word_1_619' title='bbox 77 3030 216 3064; x_wconf 88' lang='lat' dir='ltr'><strong>creditur</strong></span> <span class='ocrx_word' id='word_1_620' title='bbox 240 3034 373 3067; x_wconf 85' lang='lat' dir='ltr'><strong>quoque</strong></span> <span class='ocrx_word' id='word_1_621' title='bbox 396 3023 500 3063; x_wconf 78' lang='lat' dir='ltr'><strong>legare</strong></span> <span class='ocrx_word' id='word_1_622' title='bbox 528 3019 718 3052; x_wconf 86' lang='lat' dir='ltr'><strong>adminicula</strong></span> <span class='ocrx_word' id='word_1_623' title='bbox 740 3018 804 3050; x_wconf 79' lang='lat' dir='ltr'><strong>(ine</strong></span> <span class='ocrx_word' id='word_1_624' title='bbox 828 3017 943 3057; x_wconf 84' lang='lat' dir='ltr'><strong>quibus</strong></span> 
     </span>
     <span class='ocr_line' id='line_1_85' title="bbox 77 3058 943 3113; baseline -0.02 -9"><span class='ocrx_word' id='word_1_625' title='bbox 77 3071 198 3113; x_wconf 86' lang='lat' dir='ltr'><strong>percipi</strong></span> <span class='ocrx_word' id='word_1_626' title='bbox 221 3067 355 3100; x_wconf 88' lang='lat' dir='ltr'><strong>omuino</strong></span> <span class='ocrx_word' id='word_1_627' title='bbox 380 3063 492 3104; x_wconf 89' lang='lat' dir='ltr'><strong>nequit</strong></span> <span class='ocrx_word' id='word_1_628' title='bbox 517 3060 719 3093; x_wconf 72' lang='lat' dir='ltr'><strong>ususfructus.</strong></span> <span class='ocrx_word' id='word_1_629' title='bbox 743 3068 828 3090; x_wconf 89' lang='lat' dir='ltr'><strong>nunc</strong></span> <span class='ocrx_word' id='word_1_630' title='bbox 850 3058 943 3088; x_wconf 88' lang='lat' dir='ltr'><strong>heres</strong></span> 
     </span>
     <span class='ocr_line' id='line_1_86' title="bbox 78 3099 943 3145; baseline -0.018 0"><span class='ocrx_word' id='word_1_631' title='bbox 78 3115 123 3145; x_wconf 89' lang='lat' dir='ltr'><strong>rei</strong></span> <span class='ocrx_word' id='word_1_632' title='bbox 136 3109 351 3143; x_wconf 86' lang='lat' dir='ltr'><strong>vindicatione</strong></span> <span class='ocrx_word' id='word_1_633' title='bbox 366 3112 547 3137; x_wconf 86' lang='lat' dir='ltr'><strong>conventus</strong></span> <span class='ocrx_word' id='word_1_634' title='bbox 561 3112 578 3134; x_wconf 84' lang='lat' dir='ltr'><strong>a</strong></span> <span class='ocrx_word' id='word_1_635' title='bbox 592 3101 745 3143; x_wconf 82' lang='lat' dir='ltr'><strong>legatario</strong></span> <span class='ocrx_word' id='word_1_636' title='bbox 756 3123 766 3139; x_wconf 85' lang='lat'><strong>,</strong></span> <span class='ocrx_word' id='word_1_637' title='bbox 777 3099 816 3130; x_wconf 91' lang='lat' dir='ltr'><strong>ab</strong></span> <span class='ocrx_word' id='word_1_638' title='bbox 833 3108 874 3131; x_wconf 87' lang='lat' dir='ltr'><strong>eo</strong></span> <span class='ocrx_word' id='word_1_639' title='bbox 891 3107 943 3140; x_wconf 87' lang='lat' dir='ltr'><strong>pe·</strong></span> 
     </span>
     <span class='ocr_line' id='line_1_87' title="bbox 79 3141 943 3187; baseline -0.019 -1"><span class='ocrx_word' id='word_1_640' title='bbox 79 3162 144 3186; x_wconf 87' lang='lat' dir='ltr'><strong>tet:</strong></span> <span class='ocrx_word' id='word_1_641' title='bbox 160 3160 193 3184; x_wconf 89' lang='lat' dir='ltr'><strong>ut</strong></span> <span class='ocrx_word' id='word_1_642' title='bbox 209 3149 383 3183; x_wconf 70' lang='lat' dir='ltr'><strong>fructuario</strong></span> <span class='ocrx_word' id='word_1_643' title='bbox 401 3145 525 3187; x_wconf 74' lang='lat' dir='ltr'><strong>praestet</strong></span> <span class='ocrx_word' id='word_1_644' title='bbox 536 3145 584 3185; x_wconf 86' lang='lat' dir='ltr'><strong>jus</strong></span> <span class='ocrx_word' id='word_1_645' title='bbox 601 3141 800 3179; x_wconf 85' lang='lat' dir='ltr'><strong>transeundi,</strong></span> <span class='ocrx_word' id='word_1_646' title='bbox 819 3141 850 3172; x_wconf 70' lang='grc' dir='ltr'>δί</span> <span class='ocrx_word' id='word_1_647' title='bbox 866 3141 896 3172; x_wconf 89' lang='lat' dir='ltr'><strong>in</strong></span> <span class='ocrx_word' id='word_1_648' title='bbox 913 3149 943 3171; x_wconf 90' lang='lat' dir='ltr'><strong>a-</strong></span> 
     </span>
     <span class='ocr_line' id='line_1_88' title="bbox 80 3181 943 3237; baseline -0.015 -10"><span class='ocrx_word' id='word_1_649' title='bbox 80 3195 143 3237; x_wconf 83' lang='lat' dir='ltr'><strong>gris</strong></span> <span class='ocrx_word' id='word_1_650' title='bbox 157 3192 295 3226; x_wconf 87' lang='lat' dir='ltr'><strong>servetur</strong></span> <span class='ocrx_word' id='word_1_651' title='bbox 309 3189 416 3223; x_wconf 86' lang='lat' dir='ltr'><strong>forma</strong></span> <span class='ocrx_word' id='word_1_652' title='bbox 433 3196 502 3231; x_wconf 73' lang='lat' dir='ltr'><strong>quze</strong></span> <span class='ocrx_word' id='word_1_653' title='bbox 517 3185 579 3218; x_wconf 88' lang='lat' dir='ltr'><strong>fuit</strong></span> <span class='ocrx_word' id='word_1_654' title='bbox 595 3185 671 3218; x_wconf 91' lang='lat' dir='ltr'><strong>vivo</strong></span> <span class='ocrx_word' id='word_1_655' title='bbox 687 3182 857 3222; x_wconf 80' lang='lat' dir='ltr'><strong>testatore,</strong></span> <span class='ocrx_word' id='word_1_656' title='bbox 879 3181 943 3215; x_wconf 89' lang='lat' dir='ltr'><strong>five</strong></span> 
     </span>
    </p>
   </div>
   <div class='ocr_carea' id='block_1_21' title="bbox 968 1143 1859 3261">
    <p class='ocr_par' dir='ltr' id='par_1_21' title="bbox 968 1143 1856 1933">
     <span class='ocr_line' id='line_1_89' title="bbox 968 1143 1842 1190; baseline -0.013 -3"><span class='ocrx_word' id='word_1_657' title='bbox 968 1156 1074 1187; x_wconf 86' lang='lat' dir='ltr'><strong>donec</strong></span> <span class='ocrx_word' id='word_1_658' title='bbox 1098 1150 1292 1183; x_wconf 67' lang='lat' dir='ltr'><strong>ususfructus</strong></span> <span class='ocrx_word' id='word_1_659' title='bbox 1315 1155 1501 1190; x_wconf 84' lang='lat' dir='ltr'><strong>permanet,</strong></span> <span class='ocrx_word' id='word_1_660' title='bbox 1523 1146 1586 1178; x_wconf 86' lang='lat' dir='ltr'><strong>five</strong></span> <span class='ocrx_word' id='word_1_661' title='bbox 1609 1146 1684 1178; x_wconf 90' lang='lat' dir='ltr'><strong>dum</strong></span> <span class='ocrx_word' id='word_1_662' title='bbox 1702 1145 1741 1177; x_wconf 82' lang='lat' dir='ltr'><strong>ad</strong></span> <span class='ocrx_word' id='word_1_663' title='bbox 1757 1143 1842 1176; x_wconf 87' lang='lat' dir='ltr'><strong>suam</strong></span> 
     </span>
     <span class='ocr_line' id='line_1_90' title="bbox 969 1186 1844 1237; baseline -0.01 -10"><span class='ocrx_word' id='word_1_664' title='bbox 969 1195 1200 1237; x_wconf 84' lang='lat' dir='ltr'><strong>proprietatem</strong></span> <span class='ocrx_word' id='word_1_665' title='bbox 1218 1193 1310 1222; x_wconf 75' lang='lat' dir='ltr'><strong>redit.</strong></span> <span class='ocrx_word' id='word_1_666' title='bbox 1335 1192 1366 1221; x_wconf 90' lang='lat' dir='ltr'><strong>id</strong></span> <span class='ocrx_word' id='word_1_667' title='bbox 1382 1189 1403 1220; x_wconf 88' lang='lat' dir='ltr'><strong>si</strong></span> <span class='ocrx_word' id='word_1_668' title='bbox 1421 1190 1560 1228; x_wconf 85' lang='lat' dir='ltr'><strong>patietur</strong></span> <span class='ocrx_word' id='word_1_669' title='bbox 1576 1187 1764 1227; x_wconf 81' lang='lat' dir='ltr'><strong>legatarius3</strong></span> <span class='ocrx_word' id='word_1_670' title='bbox 1790 1186 1844 1218; x_wconf 88' lang='lat' dir='ltr'><strong>be-</strong></span> 
     </span>
     <span class='ocr_line' id='line_1_91' title="bbox 968 1227 1846 1271; baseline -0.015 -1"><span class='ocrx_word' id='word_1_671' title='bbox 968 1248 1008 1270; x_wconf 89' lang='lat' dir='ltr'><strong>ne</strong></span> <span class='ocrx_word' id='word_1_672' title='bbox 1026 1237 1089 1268; x_wconf 78' lang='lat' dir='ltr'><strong>eil:</strong></span> <span class='ocrx_word' id='word_1_673' title='bbox 1106 1234 1247 1271; x_wconf 79' lang='lat' dir='ltr'><strong>alioquin</strong></span> <span class='ocrx_word' id='word_1_674' title='bbox 1264 1241 1328 1262; x_wconf 87' lang='lat' dir='ltr'><strong>non</strong></span> <span class='ocrx_word' id='word_1_675' title='bbox 1347 1230 1509 1261; x_wconf 86' lang='lat' dir='ltr'><strong>concedet</strong></span> <span class='ocrx_word' id='word_1_676' title='bbox 1525 1229 1553 1259; x_wconf 89' lang='lat' dir='ltr'><strong>ci</strong></span> <span class='ocrx_word' id='word_1_677' title='bbox 1565 1228 1686 1259; x_wconf 85' lang='lat' dir='ltr'><strong>Praetor</strong></span> <span class='ocrx_word' id='word_1_678' title='bbox 1704 1227 1846 1258; x_wconf 83' lang='lat' dir='ltr'><strong>vindica-</strong></span> 
     </span>
     <span class='ocr_line' id='line_1_92' title="bbox 970 1268 1848 1311; baseline -0.013 0"><span class='ocrx_word' id='word_1_679' title='bbox 970 1282 1094 1311; x_wconf 89' lang='lat' dir='ltr'><strong>tionem</strong></span> <span class='ocrx_word' id='word_1_680' title='bbox 1110 1275 1219 1307; x_wconf 89' lang='lat' dir='ltr'><strong>fundi:</strong></span> <span class='ocrx_word' id='word_1_681' title='bbox 1244 1272 1296 1305; x_wconf 83' lang='lat' dir='ltr'><strong>uifl</strong></span> <span class='ocrx_word' id='word_1_682' title='bbox 1320 1271 1495 1304; x_wconf 74' lang='lat' dir='ltr'><strong>frucluario</strong></span> <span class='ocrx_word' id='word_1_683' title='bbox 1514 1279 1556 1301; x_wconf 82' lang='lat' dir='ltr'><strong>ex</strong></span> <span class='ocrx_word' id='word_1_684' title='bbox 1573 1268 1715 1301; x_wconf 68' lang='lat' dir='ltr'><strong>defuncti</strong></span> <span class='ocrx_word' id='word_1_685' title='bbox 1734 1268 1848 1300; x_wconf 87' lang='lat' dir='ltr'><strong>volun-</strong></span> 
     </span>
     <span class='ocr_line' id='line_1_93' title="bbox 970 1308 1847 1360; baseline -0.014 -8"><span class='ocrx_word' id='word_1_686' title='bbox 970 1329 1036 1352; x_wconf 81' lang='lat' dir='ltr'><strong>tate</strong></span> <span class='ocrx_word' id='word_1_687' title='bbox 1047 1320 1132 1360; x_wconf 89' lang='lat' dir='ltr'><strong>prius</strong></span> <span class='ocrx_word' id='word_1_688' title='bbox 1145 1315 1325 1358; x_wconf 72' lang='lat' dir='ltr'><strong>prcestiterit</strong></span> <span class='ocrx_word' id='word_1_689' title='bbox 1339 1315 1386 1354; x_wconf 84' lang='lat' dir='ltr'><strong>jus</strong></span> <span class='ocrx_word' id='word_1_690' title='bbox 1403 1311 1582 1344; x_wconf 83' lang='lat' dir='ltr'><strong>transeundi</strong></span> <span class='ocrx_word' id='word_1_691' title='bbox 1599 1319 1657 1350; x_wconf 89' lang='lat' dir='ltr'><strong>per</strong></span> <span class='ocrx_word' id='word_1_692' title='bbox 1672 1309 1760 1341; x_wconf 89' lang='lat' dir='ltr'><strong>suum</strong></span> <span class='ocrx_word' id='word_1_693' title='bbox 1774 1308 1847 1340; x_wconf 87' lang='lat' dir='ltr'><strong>fun·</strong></span> 
     </span>
     <span class='ocr_line' id='line_1_94' title="bbox 971 1350 1847 1398; baseline -0.014 -5"><span class='ocrx_word' id='word_1_694' title='bbox 971 1363 1046 1393; x_wconf 87' lang='lat' dir='ltr'><strong>dum</strong></span> <span class='ocrx_word' id='word_1_695' title='bbox 1063 1361 1090 1391; x_wconf 81' lang='lat' dir='ltr'><strong>cl.</strong></span> <span class='ocrx_word' id='word_1_696' title='bbox 1112 1359 1131 1390; x_wconf 90' lang='lat' dir='ltr'><strong>l.</strong></span> <span class='ocrx_word' id='word_1_697' title='bbox 1155 1367 1199 1398; x_wconf 83' lang='lat'><strong>15.</strong></span> <span class='ocrx_word' id='word_1_698' title='bbox 1218 1357 1247 1398; x_wconf 59' lang='grc' dir='ltr'><strong>ἓ.</strong></span> <span class='ocrx_word' id='word_1_699' title='bbox 1270 1365 1295 1387; x_wconf 88' lang='lat'><strong>1.</strong></span> <span class='ocrx_word' id='word_1_700' title='bbox 1312 1355 1353 1387; x_wconf 64' lang='lat' dir='ltr'><strong>D⁴</strong></span> <span class='ocrx_word' id='word_1_701' title='bbox 1372 1356 1405 1385; x_wconf 75' lang='lat' dir='ltr'><strong>de</strong></span> <span class='ocrx_word' id='word_1_702' title='bbox 1422 1356 1477 1394; x_wconf 81' lang='lat' dir='ltr'><strong>usu</strong></span> <span class='ocrx_word' id='word_1_703' title='bbox 1501 1352 1538 1387; x_wconf 62' lang='grc' dir='ltr'><strong>ὅ)</strong></span> <span class='ocrx_word' id='word_1_704' title='bbox 1561 1350 1719 1392; x_wconf 64' lang='grc' dir='ltr'><strong>ἰιΙυῙταὲἶτι</strong></span> <span class='ocrx_word' id='word_1_705' title='bbox 1742 1351 1847 1391; x_wconf 78' lang='lat' dir='ltr'><strong>legato.</strong></span> 
     </span>
     <span class='ocr_line' id='line_1_95' title="bbox 972 1393 1850 1440; baseline -0.013 -6"><span class='ocrx_word' id='word_1_706' title='bbox 972 1403 1165 1440; x_wconf 86' lang='lat' dir='ltr'><strong>Eodemque</strong></span> <span class='ocrx_word' id='word_1_707' title='bbox 1182 1398 1279 1430; x_wconf 82' lang='lat' dir='ltr'><strong>vertit</strong></span> <span class='ocrx_word' id='word_1_708' title='bbox 1299 1397 1364 1428; x_wconf 93' lang='lat' dir='ltr'><strong>hoc</strong></span> <span class='ocrx_word' id='word_1_709' title='bbox 1382 1394 1513 1436; x_wconf 86' lang='lat' dir='ltr'><strong>Ulpiani</strong></span> <span class='ocrx_word' id='word_1_710' title='bbox 1530 1394 1548 1425; x_wconf 88' lang='lat' dir='ltr'><strong>l.</strong></span> <span class='ocrx_word' id='word_1_711' title='bbox 1561 1403 1610 1433; x_wconf 74' lang='lat'><strong>44.</strong></span> <span class='ocrx_word' id='word_1_712' title='bbox 1629 1393 1659 1435; x_wconf 57' lang='grc' dir='ltr'><strong>ς.</strong></span> <span class='ocrx_word' id='word_1_713' title='bbox 1676 1393 1731 1424; x_wconf 79' lang='lat' dir='ltr'><strong>ult.</strong></span> <span class='ocrx_word' id='word_1_714' title='bbox 1750 1393 1792 1423; x_wconf 91' lang='lat' dir='ltr'><strong>D.</strong></span> <span class='ocrx_word' id='word_1_715' title='bbox 1816 1394 1850 1424; x_wconf 81' lang='lat' dir='ltr'><strong>de</strong></span> 
     </span>
     <span class='ocr_line' id='line_1_96' title="bbox 972 1433 1850 1486; baseline -0.014 -10"><span class='ocrx_word' id='word_1_716' title='bbox 972 1445 1074 1486; x_wconf 78' lang='lat' dir='ltr'><strong>legatis</strong></span> <span class='ocrx_word' id='word_1_717' title='bbox 1090 1443 1138 1473; x_wconf 79' lang='lat' dir='ltr'><strong>lib.</strong></span> <span class='ocrx_word' id='word_1_718' title='bbox 1154 1450 1179 1472; x_wconf 89' lang='lat'><strong>1.</strong></span> <span class='ocrx_word' id='word_1_719' title='bbox 1199 1440 1233 1471; x_wconf 87' lang='lat' dir='ltr'><strong>Si</strong></span> <span class='ocrx_word' id='word_1_720' title='bbox 1246 1441 1319 1470; x_wconf 75' lang='lat' dir='ltr'><strong>duos</strong></span> <span class='ocrx_word' id='word_1_721' title='bbox 1327 1438 1442 1478; x_wconf 79' lang='lat' dir='ltr'><strong>fundos</strong></span> <span class='ocrx_word' id='word_1_722' title='bbox 1457 1436 1562 1467; x_wconf 80' lang='lat' dir='ltr'><strong>habens</strong></span> <span class='ocrx_word' id='word_1_723' title='bbox 1576 1433 1711 1476; x_wconf 78' lang='lat' dir='ltr'><strong>testator,</strong></span> <span class='ocrx_word' id='word_1_724' title='bbox 1728 1434 1850 1466; x_wconf 78' lang='lat' dir='ltr'><strong>alterius</strong></span> 
     </span>
     <span class='ocr_line' id='line_1_97' title="bbox 972 1475 1852 1525; baseline -0.014 -8"><span class='ocrx_word' id='word_1_725' title='bbox 972 1487 1044 1517; x_wconf 81' lang='lat' dir='ltr'><strong>mibi</strong></span> <span class='ocrx_word' id='word_1_726' title='bbox 1061 1481 1276 1525; x_wconf 65' lang='lat' dir='ltr'><strong>usumfrufftum</strong></span> <span class='ocrx_word' id='word_1_727' title='bbox 1288 1504 1298 1519; x_wconf 93' lang='lat'><em>‚</em></span> <span class='ocrx_word' id='word_1_728' title='bbox 1313 1480 1436 1511; x_wconf 78' lang='lat' dir='ltr'><strong>alterum</strong></span> <span class='ocrx_word' id='word_1_729' title='bbox 1454 1476 1528 1508; x_wconf 74' lang='lat' dir='ltr'><strong>&#39;I&#39;iiz&#39;o</strong></span> <span class='ocrx_word' id='word_1_730' title='bbox 1544 1476 1633 1518; x_wconf 69' lang='lat' dir='ltr'><strong>leger:</strong></span> <span class='ocrx_word' id='word_1_731' title='bbox 1647 1477 1762 1507; x_wconf 69' lang='lat' dir='ltr'><strong>aditum</strong></span> <span class='ocrx_word' id='word_1_732' title='bbox 1778 1475 1852 1507; x_wconf 73' lang='lat' dir='ltr'><strong>mibi</strong></span> 
     </span>
     <span class='ocr_line' id='line_1_98' title="bbox 976 1518 1850 1562; baseline -0.011 -4"><span class='ocrx_word' id='word_1_733' title='bbox 976 1525 1075 1558; x_wconf 70' lang='lat' dir='ltr'><strong>Tizius</strong></span> <span class='ocrx_word' id='word_1_734' title='bbox 1091 1534 1149 1556; x_wconf 81' lang='lat' dir='ltr'><strong>non</strong></span> <span class='ocrx_word' id='word_1_735' title='bbox 1164 1523 1272 1554; x_wconf 75' lang='lat' dir='ltr'><strong>debebit</strong></span> <span class='ocrx_word' id='word_1_736' title='bbox 1283 1522 1346 1562; x_wconf 71' lang='lat' dir='ltr'><strong>,fied</strong></span> <span class='ocrx_word' id='word_1_737' title='bbox 1361 1521 1439 1551; x_wconf 85' lang='lat' dir='ltr'><strong>heres</strong></span> <span class='ocrx_word' id='word_1_738' title='bbox 1454 1528 1483 1549; x_wconf 86' lang='lat' dir='ltr'><strong>co</strong></span> <span class='ocrx_word' id='word_1_739' title='bbox 1505 1518 1569 1549; x_wconf 73' lang='lat' dir='ltr'><strong>itur</strong></span> <span class='ocrx_word' id='word_1_740' title='bbox 1584 1518 1719 1548; x_wconf 84' lang='lat' dir='ltr'><strong>redimere</strong></span> <span class='ocrx_word' id='word_1_741' title='bbox 1735 1518 1850 1548; x_wconf 79' lang='lat' dir='ltr'><strong>aditum</strong></span> 
     </span>
     <span class='ocr_line' id='line_1_99' title="bbox 975 1556 1851 1610; baseline -0.013 -11"><span class='ocrx_word' id='word_1_742' title='bbox 975 1568 1013 1603; x_wconf 60' lang='grc' dir='ltr'><strong>δὲ)</strong></span> <span class='ocrx_word' id='word_1_743' title='bbox 1024 1565 1170 1610; x_wconf 66' lang='lat' dir='ltr'><strong>praestare.</strong></span> <span class='ocrx_word' id='word_1_744' title='bbox 1188 1563 1302 1596; x_wconf 86' lang='lat' dir='ltr'><strong>Sensus</strong></span> <span class='ocrx_word' id='word_1_745' title='bbox 1322 1560 1462 1602; x_wconf 88' lang='lat' dir='ltr'><strong>Ulpiani.</strong></span> <span class='ocrx_word' id='word_1_746' title='bbox 1514 1558 1643 1590; x_wconf 89' lang='lat' dir='ltr'><strong>eredem</strong></span> <span class='ocrx_word' id='word_1_747' title='bbox 1660 1558 1782 1596; x_wconf 87' lang='lat' dir='ltr'><strong>teneri,</strong></span> <span class='ocrx_word' id='word_1_748' title='bbox 1797 1556 1851 1589; x_wconf 86' lang='lat' dir='ltr'><strong>sua</strong></span> 
     </span>
     <span class='ocr_line' id='line_1_100' title="bbox 976 1599 1852 1649; baseline -0.015 -7"><span class='ocrx_word' id='word_1_749' title='bbox 976 1619 1095 1649; x_wconf 86' lang='lat' dir='ltr'><strong>opera,</strong></span> <span class='ocrx_word' id='word_1_750' title='bbox 1118 1606 1243 1646; x_wconf 85' lang='lat' dir='ltr'><strong>suisque</strong></span> <span class='ocrx_word' id='word_1_751' title='bbox 1260 1602 1407 1645; x_wconf 77' lang='lat' dir='ltr'><strong>impenfis</strong></span> <span class='ocrx_word' id='word_1_752' title='bbox 1423 1601 1598 1633; x_wconf 67' lang='lat' dir='ltr'><strong>fruetuario</strong></span> <span class='ocrx_word' id='word_1_753' title='bbox 1616 1599 1793 1637; x_wconf 87' lang='lat' dir='ltr'><strong>redimere,</strong></span> <span class='ocrx_word' id='word_1_754' title='bbox 1817 1599 1852 1631; x_wconf 87' lang='lat' dir='ltr'><strong>id</strong></span> 
     </span>
     <span class='ocr_line' id='line_1_101' title="bbox 976 1642 1854 1690; baseline -0.016 -6"><span class='ocrx_word' id='word_1_755' title='bbox 976 1651 1042 1690; x_wconf 90' lang='lat' dir='ltr'><strong>est,</strong></span> <span class='ocrx_word' id='word_1_756' title='bbox 1065 1650 1234 1689; x_wconf 87' lang='lat' dir='ltr'><strong>accipere,</strong></span> <span class='ocrx_word' id='word_1_757' title='bbox 1258 1645 1323 1678; x_wconf 87' lang='lat' dir='ltr'><strong>five</strong></span> <span class='ocrx_word' id='word_1_758' title='bbox 1346 1652 1521 1686; x_wconf 89' lang='lat' dir='ltr'><strong>procurare</strong></span> <span class='ocrx_word' id='word_1_759' title='bbox 1544 1642 1739 1673; x_wconf 87' lang='lat' dir='ltr'><strong>servitutem.</strong></span> <span class='ocrx_word' id='word_1_760' title='bbox 1766 1648 1801 1671; x_wconf 76' lang='lat' dir='ltr'><strong>ut</strong></span> <span class='ocrx_word' id='word_1_761' title='bbox 1818 1647 1854 1671; x_wconf 76' lang='lat' dir='ltr'><strong>e-</strong></span> 
     </span>
     <span class='ocr_line' id='line_1_102' title="bbox 977 1682 1853 1729; baseline -0.015 -4"><span class='ocrx_word' id='word_1_762' title='bbox 977 1694 1042 1725; x_wconf 90' lang='lat' dir='ltr'><strong>nim</strong></span> <span class='ocrx_word' id='word_1_763' title='bbox 1063 1700 1151 1723; x_wconf 83' lang='lat' dir='ltr'><strong>emere</strong></span> <span class='ocrx_word' id='word_1_764' title='bbox 1174 1697 1233 1729; x_wconf 90' lang='lat' dir='ltr'><strong>pro</strong></span> <span class='ocrx_word' id='word_1_765' title='bbox 1251 1687 1378 1728; x_wconf 83' lang='lat' dir='ltr'><strong>accipere</strong></span> <span class='ocrx_word' id='word_1_766' title='bbox 1393 1685 1477 1726; x_wconf 85' lang='lat' dir='ltr'><strong>apud</strong></span> <span class='ocrx_word' id='word_1_767' title='bbox 1496 1683 1633 1716; x_wconf 83' lang='lat' dir='ltr'><strong>Veteres</strong></span> <span class='ocrx_word' id='word_1_768' title='bbox 1649 1682 1853 1723; x_wconf 76' lang='lat' dir='ltr'><strong>ponebatur,</strong></span> 
     </span>
     <span class='ocr_line' id='line_1_103' title="bbox 976 1724 1856 1768; baseline -0.016 -1"><span class='ocrx_word' id='word_1_769' title='bbox 976 1734 1107 1766; x_wconf 64' lang='lat' dir='ltr'><strong>auctore</strong></span> <span class='ocrx_word' id='word_1_770' title='bbox 1118 1731 1212 1763; x_wconf 80' lang='lat' dir='ltr'><strong>Festo</strong></span> <span class='ocrx_word' id='word_1_771' title='bbox 1228 1731 1259 1761; x_wconf 93' lang='lat' dir='ltr'><strong>in</strong></span> <span class='ocrx_word' id='word_1_772' title='bbox 1268 1728 1487 1768; x_wconf 62' lang='lat' dir='ltr'><strong>Redemptores:</strong></span> <span class='ocrx_word' id='word_1_773' title='bbox 1501 1724 1544 1757; x_wconf 90' lang='lat' dir='ltr'><strong>fic</strong></span> <span class='ocrx_word' id='word_1_774' title='bbox 1558 1725 1695 1756; x_wconf 77' lang='lat' dir='ltr'><strong>redimere</strong></span> <span class='ocrx_word' id='word_1_775' title='bbox 1708 1724 1856 1765; x_wconf 55' lang='lat' dir='ltr'><strong>aliquane</strong></span> 
     </span>
     <span class='ocr_line' id='line_1_104' title="bbox 977 1763 1853 1810; baseline -0.011 -3"><span class='ocrx_word' id='word_1_776' title='bbox 977 1777 1020 1808; x_wconf 83' lang='lat' dir='ltr'><strong>do</strong></span> <span class='ocrx_word' id='word_1_777' title='bbox 1040 1772 1231 1806; x_wconf 86' lang='lat' dir='ltr'><strong>transfertur</strong></span> <span class='ocrx_word' id='word_1_778' title='bbox 1254 1771 1293 1802; x_wconf 90' lang='lat' dir='ltr'><strong>ad</strong></span> <span class='ocrx_word' id='word_1_779' title='bbox 1312 1770 1581 1810; x_wconf 86' lang='lat' dir='ltr'><strong>qualemcumque</strong></span> <span class='ocrx_word' id='word_1_780' title='bbox 1597 1766 1690 1798; x_wconf 82' lang='lat' dir='ltr'><strong>aliam</strong></span> <span class='ocrx_word' id='word_1_781' title='bbox 1709 1763 1853 1806; x_wconf 63' lang='lat' dir='ltr'><strong>speciem!</strong></span> 
     </span>
     <span class='ocr_line' id='line_1_105' title="bbox 976 1806 1852 1856; baseline -0.013 -8"><span class='ocrx_word' id='word_1_782' title='bbox 976 1813 1206 1856; x_wconf 81' lang='lat' dir='ltr'><strong>redemptionis</strong></span> <span class='ocrx_word' id='word_1_783' title='bbox 1217 1836 1227 1851; x_wconf 92' lang='lat'>‚</span> <span class='ocrx_word' id='word_1_784' title='bbox 1251 1820 1345 1852; x_wconf 84' lang='lat' dir='ltr'><strong>quam</strong></span> <span class='ocrx_word' id='word_1_785' title='bbox 1359 1810 1496 1851; x_wconf 83' lang='lat' dir='ltr'><strong>pecunia</strong></span> <span class='ocrx_word' id='word_1_786' title='bbox 1511 1808 1636 1840; x_wconf 67' lang='lat' dir='ltr'><strong>fastam.</strong></span> <span class='ocrx_word' id='word_1_787' title='bbox 1668 1807 1735 1838; x_wconf 80' lang='lat' dir='ltr'><strong>hoc</strong></span> <span class='ocrx_word' id='word_1_788' title='bbox 1749 1806 1852 1838; x_wconf 74' lang='lat' dir='ltr'><strong>modo</strong></span> 
     </span>
     <span class='ocr_line' id='line_1_106' title="bbox 976 1848 1852 1895; baseline -0.013 -6"><span class='ocrx_word' id='word_1_789' title='bbox 976 1857 1131 1894; x_wconf 85' lang='lat' dir='ltr'><strong>Tacitus,</strong></span> <span class='ocrx_word' id='word_1_790' title='bbox 1155 1853 1295 1895; x_wconf 77' lang='lat' dir='ltr'><strong>Agricola</strong></span> <span class='ocrx_word' id='word_1_791' title='bbox 1316 1862 1340 1884; x_wconf 87' lang='lat' dir='ltr'><strong>c.</strong></span> <span class='ocrx_word' id='word_1_792' title='bbox 1357 1856 1387 1883; x_wconf 91' lang='lat'><strong>6.</strong></span> <span class='ocrx_word' id='word_1_793' title='bbox 1412 1851 1441 1893; x_wconf 82' lang='lat'><strong>§.</strong></span> <span class='ocrx_word' id='word_1_794' title='bbox 1460 1861 1491 1892; x_wconf 83' lang='lat'><strong>3.</strong></span> <span class='ocrx_word' id='word_1_795' title='bbox 1528 1848 1703 1886; x_wconf 80' lang='lat' dir='ltr'><strong>Proconsul‚</strong></span> <span class='ocrx_word' id='word_1_796' title='bbox 1727 1848 1852 1888; x_wconf 66' lang='lat' dir='ltr'><strong>inquit3</strong></span> 
     </span>
     <span class='ocr_line' id='line_1_107' title="bbox 977 1890 1853 1933; baseline -0.013 -3"><span class='ocrx_word' id='word_1_797' title='bbox 977 1901 1009 1931; x_wconf 82' lang='lat' dir='ltr'><strong>in</strong></span> <span class='ocrx_word' id='word_1_798' title='bbox 1030 1907 1139 1929; x_wconf 83' lang='lat' dir='ltr'><strong>omnem</strong></span> <span class='ocrx_word' id='word_1_799' title='bbox 1161 1896 1332 1927; x_wconf 65' lang='lat' dir='ltr'><strong>aviditatem</strong></span> <span class='ocrx_word' id='word_1_800' title='bbox 1357 1901 1486 1933; x_wconf 81' lang='lat' dir='ltr'><strong>pronus,</strong></span> <span class='ocrx_word' id='word_1_801' title='bbox 1508 1891 1691 1933; x_wconf 71' lang='lat' dir='ltr'><strong>quantalibet</strong></span> <span class='ocrx_word' id='word_1_802' title='bbox 1705 1890 1853 1930; x_wconf 71' lang='lat' dir='ltr'><strong>facilitate</strong></span> 
     </span>
    </p>

    <p class='ocr_par' dir='ltr' id='par_1_22' title="bbox 978 1931 1859 3261">
     <span class='ocr_line' id='line_1_108' title="bbox 978 1931 1772 1979; baseline -0.014 -7"><span class='ocrx_word' id='word_1_803' title='bbox 978 1940 1178 1979; x_wconf 75' lang='lat' dir='ltr'><strong>redempturus</strong></span> <span class='ocrx_word' id='word_1_804' title='bbox 1194 1935 1258 1976; x_wconf 67' lang='lat' dir='ltr'><strong>effer</strong></span> <span class='ocrx_word' id='word_1_805' title='bbox 1275 1941 1408 1965; x_wconf 75' lang='lat' dir='ltr'><strong>mutuam</strong></span> <span class='ocrx_word' id='word_1_806' title='bbox 1426 1932 1674 1973; x_wconf 79' lang='lat' dir='ltr'><strong>diffimulalionem</strong></span> <span class='ocrx_word' id='word_1_807' title='bbox 1692 1931 1772 1963; x_wconf 80' lang='lat' dir='ltr'><strong>mali.</strong></span> 
     </span>
     <span class='ocr_line' id='line_1_109' title="bbox 1019 1971 1853 2022; baseline -0.011 -10"><span class='ocrx_word' id='word_1_808' title='bbox 1019 1981 1118 2022; x_wconf 72' lang='lat' dir='ltr'><strong>Igitur</strong></span> <span class='ocrx_word' id='word_1_809' title='bbox 1145 1978 1167 2010; x_wconf 86' lang='lat' dir='ltr'>fi</span> <span class='ocrx_word' id='word_1_810' title='bbox 1193 1978 1316 2017; x_wconf 79' lang='lat' dir='ltr'><strong>legetur</strong></span> <span class='ocrx_word' id='word_1_811' title='bbox 1335 1974 1528 2007; x_wconf 72' lang='lat' dir='ltr'><strong>ususfructus</strong></span> <span class='ocrx_word' id='word_1_812' title='bbox 1545 1973 1658 2011; x_wconf 82' lang='lat' dir='ltr'><strong>fundi,</strong></span> <span class='ocrx_word' id='word_1_813' title='bbox 1682 1971 1853 2013; x_wconf 87' lang='lat' dir='ltr'><strong>indigentis</strong></span> 
     </span>
     <span class='ocr_line' id='line_1_110' title="bbox 979 2013 1855 2056; baseline -0.011 -2"><span class='ocrx_word' id='word_1_814' title='bbox 979 2023 1112 2054; x_wconf 82' lang='lat' dir='ltr'><strong>itinere:</strong></span> <span class='ocrx_word' id='word_1_815' title='bbox 1137 2019 1309 2051; x_wconf 65' lang='lat' dir='ltr'><strong>frut&#39;tuario</strong></span> <span class='ocrx_word' id='word_1_816' title='bbox 1334 2024 1398 2048; x_wconf 83' lang='lat' dir='ltr'><strong>tam</strong></span> <span class='ocrx_word' id='word_1_817' title='bbox 1424 2017 1503 2054; x_wconf 89' lang='lat' dir='ltr'><strong>iter,</strong></span> <span class='ocrx_word' id='word_1_818' title='bbox 1526 2024 1619 2056; x_wconf 85' lang='lat' dir='ltr'><strong>quam</strong></span> <span class='ocrx_word' id='word_1_819' title='bbox 1640 2013 1855 2053; x_wconf 67' lang='lat' dir='ltr'><strong>ususfructus,</strong></span> 
     </span>
     <span class='ocr_line' id='line_1_111' title="bbox 980 2054 1855 2098; baseline -0.011 -3"><span class='ocrx_word' id='word_1_820' title='bbox 980 2065 1018 2095; x_wconf 86' lang='lat' dir='ltr'><strong>ab</strong></span> <span class='ocrx_word' id='word_1_821' title='bbox 1036 2063 1154 2095; x_wconf 73' lang='lat' dir='ltr'><strong>herede</strong></span> <span class='ocrx_word' id='word_1_822' title='bbox 1172 2060 1326 2091; x_wconf 77' lang='lat' dir='ltr'><strong>debetur:</strong></span> <span class='ocrx_word' id='word_1_823' title='bbox 1343 2058 1442 2090; x_wconf 89' lang='lat' dir='ltr'><strong>modo</strong></span> <span class='ocrx_word' id='word_1_824' title='bbox 1459 2057 1480 2089; x_wconf 86' lang='lat' dir='ltr'><strong>fi</strong></span> <span class='ocrx_word' id='word_1_825' title='bbox 1497 2057 1591 2098; x_wconf 85' lang='lat' dir='ltr'><strong>poffit</strong></span> <span class='ocrx_word' id='word_1_826' title='bbox 1608 2056 1700 2087; x_wconf 81' lang='lat' dir='ltr'><strong>heres</strong></span> <span class='ocrx_word' id='word_1_827' title='bbox 1716 2054 1855 2086; x_wconf 69' lang='lat' dir='ltr'><strong>fructua-</strong></span> 
     </span>
     <span class='ocr_line' id='line_1_112' title="bbox 979 2097 1855 2139; baseline -0.011 -2"><span class='ocrx_word' id='word_1_828' title='bbox 979 2107 1027 2137; x_wconf 88' lang='lat' dir='ltr'><strong>rio</strong></span> <span class='ocrx_word' id='word_1_829' title='bbox 1047 2105 1086 2135; x_wconf 84' lang='lat' dir='ltr'><strong>ad</strong></span> <span class='ocrx_word' id='word_1_830' title='bbox 1110 2102 1244 2134; x_wconf 83' lang='lat' dir='ltr'><strong>fundum</strong></span> <span class='ocrx_word' id='word_1_831' title='bbox 1271 2100 1476 2131; x_wconf 68' lang='lat' dir='ltr'><strong>fructuarium</strong></span> <span class='ocrx_word' id='word_1_832' title='bbox 1495 2097 1641 2139; x_wconf 81' lang='lat' dir='ltr'><strong>przestare</strong></span> <span class='ocrx_word' id='word_1_833' title='bbox 1657 2097 1778 2130; x_wconf 87' lang='lat' dir='ltr'><strong>aditum</strong></span> <span class='ocrx_word' id='word_1_834' title='bbox 1797 2105 1855 2135; x_wconf 87' lang='lat' dir='ltr'><strong>per</strong></span> 
     </span>
     <span class='ocr_line' id='line_1_113' title="bbox 981 2137 1856 2180; baseline -0.01 -2"><span class='ocrx_word' id='word_1_835' title='bbox 981 2145 1205 2177; x_wconf 84' lang='lat' dir='ltr'><strong>hereditarium</strong></span> <span class='ocrx_word' id='word_1_836' title='bbox 1224 2142 1377 2179; x_wconf 88' lang='lat' dir='ltr'><strong>fundum,</strong></span> <span class='ocrx_word' id='word_1_837' title='bbox 1402 2141 1478 2172; x_wconf 89' lang='lat' dir='ltr'><strong>licet</strong></span> <span class='ocrx_word' id='word_1_838' title='bbox 1495 2140 1593 2171; x_wconf 89' lang='lat' dir='ltr'><strong>tertio</strong></span> <span class='ocrx_word' id='word_1_839' title='bbox 1612 2139 1763 2180; x_wconf 86' lang='lat' dir='ltr'><strong>legatum.</strong></span> <span class='ocrx_word' id='word_1_840' title='bbox 1791 2137 1856 2169; x_wconf 91' lang='lat' dir='ltr'><strong>Sed</strong></span> 
     </span>
     <span class='ocr_line' id='line_1_114' title="bbox 981 2179 1855 2228; baseline -0.009 -10"><span class='ocrx_word' id='word_1_841' title='bbox 981 2187 1056 2228; x_wconf 85' lang='lat' dir='ltr'><strong>quid</strong></span> <span class='ocrx_word' id='word_1_842' title='bbox 1070 2211 1079 2225; x_wconf 91' lang='lat'>,</span> <span class='ocrx_word' id='word_1_843' title='bbox 1104 2185 1124 2216; x_wconf 87' lang='lat' dir='ltr'><strong>si</strong></span> <span class='ocrx_word' id='word_1_844' title='bbox 1144 2194 1183 2216; x_wconf 93' lang='lat' dir='ltr'><strong>ne</strong></span> <span class='ocrx_word' id='word_1_845' title='bbox 1201 2183 1242 2227; x_wconf 76' lang='lat' dir='ltr'><strong>sic</strong></span> <span class='ocrx_word' id='word_1_846' title='bbox 1261 2183 1388 2223; x_wconf 87' lang='lat' dir='ltr'><strong>quidem</strong></span> <span class='ocrx_word' id='word_1_847' title='bbox 1407 2181 1525 2222; x_wconf 74' lang='lat' dir='ltr'><strong>poffit?</strong></span> <span class='ocrx_word' id='word_1_848' title='bbox 1547 2182 1609 2222; x_wconf 80' lang='lat' dir='ltr'><strong>J&#39;am</strong></span> <span class='ocrx_word' id='word_1_849' title='bbox 1628 2180 1756 2212; x_wconf 89' lang='lat' dir='ltr'><strong>eveniet</strong></span> <span class='ocrx_word' id='word_1_850' title='bbox 1773 2179 1855 2211; x_wconf 91' lang='lat' dir='ltr'><strong>duo·</strong></span> 
     </span>
     <span class='ocr_line' id='line_1_115' title="bbox 981 2220 1855 2261; baseline -0.01 -1"><span class='ocrx_word' id='word_1_851' title='bbox 981 2238 1049 2261; x_wconf 92' lang='lat' dir='ltr'><strong>rum</strong></span> <span class='ocrx_word' id='word_1_852' title='bbox 1075 2228 1219 2258; x_wconf 89' lang='lat' dir='ltr'><strong>alterum.</strong></span> <span class='ocrx_word' id='word_1_853' title='bbox 1252 2231 1305 2255; x_wconf 85' lang='lat' dir='ltr'><strong>aut</strong></span> <span class='ocrx_word' id='word_1_854' title='bbox 1321 2225 1405 2254; x_wconf 89' lang='lat' dir='ltr'><strong>enim</strong></span> <span class='ocrx_word' id='word_1_855' title='bbox 1423 2223 1542 2254; x_wconf 87' lang='lat' dir='ltr'><strong>inutilis</strong></span> <span class='ocrx_word' id='word_1_856' title='bbox 1562 2222 1623 2254; x_wconf 90' lang='lat' dir='ltr'><strong>erit</strong></span> <span class='ocrx_word' id='word_1_857' title='bbox 1641 2220 1832 2253; x_wconf 74' lang='lat' dir='ltr'><strong>ususfructus</strong></span> <span class='ocrx_word' id='word_1_858' title='bbox 1845 2243 1855 2259; x_wconf 91' lang='lat'>‚</span> 
     </span>
     <span class='ocr_line' id='line_1_116' title="bbox 981 2262 1855 2304; baseline -0.01 -3"><span class='ocrx_word' id='word_1_859' title='bbox 981 2269 1153 2302; x_wconf 81' lang='lat' dir='ltr'><strong>deficiente</strong></span> <span class='ocrx_word' id='word_1_860' title='bbox 1169 2267 1271 2298; x_wconf 86' lang='lat' dir='ltr'><strong>aditu:</strong></span> <span class='ocrx_word' id='word_1_861' title='bbox 1288 2273 1342 2296; x_wconf 84' lang='lat' dir='ltr'><strong>aut</strong></span> <span class='ocrx_word' id='word_1_862' title='bbox 1359 2264 1411 2295; x_wconf 85' lang='lat' dir='ltr'><strong>hic</strong></span> <span class='ocrx_word' id='word_1_863' title='bbox 1427 2273 1557 2304; x_wconf 87' lang='lat' dir='ltr'><strong>quoque</strong></span> <span class='ocrx_word' id='word_1_864' title='bbox 1575 2270 1649 2304; x_wconf 83' lang='lat' dir='ltr'><strong>aget</strong></span> <span class='ocrx_word' id='word_1_865' title='bbox 1664 2262 1855 2294; x_wconf 73' lang='lat' dir='ltr'><strong>fructuarius</strong></span> 
     </span>
     <span class='ocr_line' id='line_1_117' title="bbox 982 2303 1855 2343; baseline -0.011 0"><span class='ocrx_word' id='word_1_866' title='bbox 982 2321 1021 2343; x_wconf 85' lang='lat' dir='ltr'><strong>ex</strong></span> <span class='ocrx_word' id='word_1_867' title='bbox 1049 2310 1239 2341; x_wconf 76' lang='lat' dir='ltr'><strong>testamento</strong></span> <span class='ocrx_word' id='word_1_868' title='bbox 1263 2305 1410 2338; x_wconf 86' lang='lat' dir='ltr'><strong>adversus</strong></span> <span class='ocrx_word' id='word_1_869' title='bbox 1428 2306 1601 2338; x_wconf 86' lang='lat' dir='ltr'><strong>heredem:</strong></span> <span class='ocrx_word' id='word_1_870' title='bbox 1626 2312 1661 2335; x_wconf 88' lang='lat' dir='ltr'><strong>ut</strong></span> <span class='ocrx_word' id='word_1_871' title='bbox 1677 2312 1751 2335; x_wconf 89' lang='lat' dir='ltr'><strong>cum</strong></span> <span class='ocrx_word' id='word_1_872' title='bbox 1768 2303 1855 2334; x_wconf 91' lang='lat' dir='ltr'><strong>aditu</strong></span> 
     </span>
     <span class='ocr_line' id='line_1_118' title="bbox 981 2344 1855 2391; baseline -0.01 -7"><span class='ocrx_word' id='word_1_873' title='bbox 981 2353 1037 2384; x_wconf 87' lang='lat' dir='ltr'><strong>fibi</strong></span> <span class='ocrx_word' id='word_1_874' title='bbox 1062 2349 1188 2391; x_wconf 85' lang='lat' dir='ltr'><strong>praestet</strong></span> <span class='ocrx_word' id='word_1_875' title='bbox 1214 2347 1451 2380; x_wconf 69' lang='lat' dir='ltr'><strong>usumfructum.</strong></span> <span class='ocrx_word' id='word_1_876' title='bbox 1493 2347 1557 2378; x_wconf 89' lang='lat' dir='ltr'><strong>Sed</strong></span> <span class='ocrx_word' id='word_1_877' title='bbox 1574 2344 1677 2386; x_wconf 85' lang='lat' dir='ltr'><strong>finge,</strong></span> <span class='ocrx_word' id='word_1_878' title='bbox 1701 2344 1855 2376; x_wconf 85' lang='lat' dir='ltr'><strong>heredem</strong></span> 
     </span>
     <span class='ocr_line' id='line_1_119' title="bbox 983 2387 1858 2432; baseline -0.01 -7"><span class='ocrx_word' id='word_1_879' title='bbox 983 2393 1121 2425; x_wconf 83' lang='lat' dir='ltr'><strong>damnari</strong></span> <span class='ocrx_word' id='word_1_880' title='bbox 1135 2392 1173 2423; x_wconf 88' lang='lat' dir='ltr'><strong>ad</strong></span> <span class='ocrx_word' id='word_1_881' title='bbox 1190 2389 1424 2432; x_wconf 84' lang='lat' dir='ltr'><strong>praestationem</strong></span> <span class='ocrx_word' id='word_1_882' title='bbox 1443 2388 1564 2419; x_wconf 88' lang='lat' dir='ltr'><strong>aditus:</strong></span> <span class='ocrx_word' id='word_1_883' title='bbox 1590 2387 1758 2426; x_wconf 91' lang='lat' dir='ltr'><strong>quomodo</strong></span> <span class='ocrx_word' id='word_1_884' title='bbox 1776 2395 1858 2426; x_wconf 72' lang='lat' dir='ltr'><strong>prze-</strong></span> 
     </span>
     <span class='ocr_line' id='line_1_120' title="bbox 981 2428 1854 2472; baseline -0.01 -6"><span class='ocrx_word' id='word_1_885' title='bbox 981 2435 1073 2467; x_wconf 84' lang='lat' dir='ltr'><strong>stabit</strong></span> <span class='ocrx_word' id='word_1_886' title='bbox 1083 2433 1201 2465; x_wconf 91' lang='lat' dir='ltr'><strong>aditum</strong></span> <span class='ocrx_word' id='word_1_887' title='bbox 1213 2441 1308 2472; x_wconf 84' lang='lat' dir='ltr'><strong>quem</strong></span> <span class='ocrx_word' id='word_1_888' title='bbox 1325 2440 1390 2462; x_wconf 89' lang='lat' dir='ltr'><strong>non</strong></span> <span class='ocrx_word' id='word_1_889' title='bbox 1401 2429 1523 2461; x_wconf 75' lang='lat' dir='ltr'><strong>habet?</strong></span> <span class='ocrx_word' id='word_1_890' title='bbox 1538 2438 1555 2460; x_wconf 92' lang='lat' dir='ltr'><strong>a</strong></span> <span class='ocrx_word' id='word_1_891' title='bbox 1570 2428 1678 2459; x_wconf 91' lang='lat' dir='ltr'><strong>vicino</strong></span> <span class='ocrx_word' id='word_1_892' title='bbox 1689 2451 1698 2464; x_wconf 85' lang='lat'>‚</span> <span class='ocrx_word' id='word_1_893' title='bbox 1710 2428 1854 2468; x_wconf 89' lang='lat' dir='ltr'><strong>inquies,</strong></span> 
     </span>
     <span class='ocr_line' id='line_1_121' title="bbox 981 2468 1855 2516; baseline -0.009 -9"><span class='ocrx_word' id='word_1_894' title='bbox 981 2476 1064 2516; x_wconf 90' lang='lat' dir='ltr'><strong>petit</strong></span> <span class='ocrx_word' id='word_1_895' title='bbox 1080 2474 1244 2515; x_wconf 84' lang='lat' dir='ltr'><strong>precario,</strong></span> <span class='ocrx_word' id='word_1_896' title='bbox 1268 2480 1323 2503; x_wconf 86' lang='lat' dir='ltr'><strong>aut</strong></span> <span class='ocrx_word' id='word_1_897' title='bbox 1341 2479 1427 2502; x_wconf 89' lang='lat' dir='ltr'><strong>emet</strong></span> <span class='ocrx_word' id='word_1_898' title='bbox 1443 2469 1525 2511; x_wconf 88' lang='lat' dir='ltr'><strong>justo</strong></span> <span class='ocrx_word' id='word_1_899' title='bbox 1543 2470 1659 2510; x_wconf 86' lang='lat' dir='ltr'><strong>pretio.</strong></span> <span class='ocrx_word' id='word_1_900' title='bbox 1684 2468 1736 2500; x_wconf 84' lang='lat' dir='ltr'><strong>sed</strong></span> <span class='ocrx_word' id='word_1_901' title='bbox 1756 2470 1855 2510; x_wconf 88' lang='lat' dir='ltr'><strong>quid,</strong></span> 
     </span>
     <span class='ocr_line' id='line_1_122' title="bbox 981 2511 1855 2552; baseline -0.009 -3"><span class='ocrx_word' id='word_1_902' title='bbox 981 2517 1001 2550; x_wconf 88' lang='lat' dir='ltr'>fi</span> <span class='ocrx_word' id='word_1_903' title='bbox 1014 2518 1066 2548; x_wconf 91' lang='lat' dir='ltr'><strong>hic</strong></span> <span class='ocrx_word' id='word_1_904' title='bbox 1082 2516 1163 2547; x_wconf 89' lang='lat' dir='ltr'><strong>nolit</strong></span> <span class='ocrx_word' id='word_1_905' title='bbox 1180 2516 1207 2546; x_wconf 93' lang='lat' dir='ltr'><strong>ei</strong></span> <span class='ocrx_word' id='word_1_906' title='bbox 1223 2515 1341 2546; x_wconf 84' lang='lat' dir='ltr'><strong>aditum</strong></span> <span class='ocrx_word' id='word_1_907' title='bbox 1353 2521 1406 2544; x_wconf 85' lang='lat' dir='ltr'><strong>aut</strong></span> <span class='ocrx_word' id='word_1_908' title='bbox 1418 2511 1566 2552; x_wconf 89' lang='lat' dir='ltr'><strong>precibus</strong></span> <span class='ocrx_word' id='word_1_909' title='bbox 1584 2518 1637 2542; x_wconf 89' lang='lat' dir='ltr'><strong>aut</strong></span> <span class='ocrx_word' id='word_1_910' title='bbox 1653 2511 1759 2551; x_wconf 87' lang='lat' dir='ltr'><strong>pretio</strong></span> <span class='ocrx_word' id='word_1_911' title='bbox 1776 2519 1855 2542; x_wconf 91' lang='lat' dir='ltr'><strong>con-</strong></span> 
     </span>
     <span class='ocr_line' id='line_1_123' title="bbox 981 2553 1859 2592; baseline -0.01 -1"><span class='ocrx_word' id='word_1_912' title='bbox 981 2557 1123 2590; x_wconf 75' lang='lat' dir='ltr'><strong>cedere?</strong></span> <span class='ocrx_word' id='word_1_913' title='bbox 1146 2556 1257 2588; x_wconf 86' lang='lat' dir='ltr'><strong>melius</strong></span> <span class='ocrx_word' id='word_1_914' title='bbox 1274 2555 1428 2586; x_wconf 88' lang='lat' dir='ltr'><strong>ominare.</strong></span> <span class='ocrx_word' id='word_1_915' title='bbox 1453 2553 1496 2584; x_wconf 89' lang='lat' dir='ltr'><strong>nil</strong></span> <span class='ocrx_word' id='word_1_916' title='bbox 1512 2560 1618 2584; x_wconf 89' lang='lat' dir='ltr'><strong>tamen</strong></span> <span class='ocrx_word' id='word_1_917' title='bbox 1634 2561 1743 2592; x_wconf 85' lang='lat' dir='ltr'><strong>quaero</strong></span> <span class='ocrx_word' id='word_1_918' title='bbox 1759 2560 1859 2583; x_wconf 85' lang='lat' dir='ltr'><strong>teme-</strong></span> 
     </span>
     <span class='ocr_line' id='line_1_124' title="bbox 981 2593 1856 2638; baseline -0.008 -6"><span class='ocrx_word' id='word_1_919' title='bbox 981 2611 1031 2632; x_wconf 91' lang='lat' dir='ltr'><strong>re:</strong></span> <span class='ocrx_word' id='word_1_920' title='bbox 1056 2609 1125 2631; x_wconf 90' lang='lat' dir='ltr'><strong>nam</strong></span> <span class='ocrx_word' id='word_1_921' title='bbox 1145 2597 1166 2629; x_wconf 87' lang='lat' dir='ltr'>fi</span> <span class='ocrx_word' id='word_1_922' title='bbox 1183 2598 1251 2638; x_wconf 86' lang='lat' dir='ltr'><strong>quis</strong></span> <span class='ocrx_word' id='word_1_923' title='bbox 1269 2596 1384 2627; x_wconf 84' lang='lat' dir='ltr'><strong>habeat</strong></span> <span class='ocrx_word' id='word_1_924' title='bbox 1402 2594 1536 2626; x_wconf 85' lang='lat' dir='ltr'><strong>fundum</strong></span> <span class='ocrx_word' id='word_1_925' title='bbox 1556 2602 1610 2626; x_wconf 87' lang='lat' dir='ltr'><strong>aut</strong></span> <span class='ocrx_word' id='word_1_926' title='bbox 1626 2593 1856 2634; x_wconf 79' lang='lat' dir='ltr'><strong>sepulchrum3</strong></span> 
     </span>
     <span class='ocr_line' id='line_1_125' title="bbox 982 2636 1854 2677; baseline -0.01 -3"><span class='ocrx_word' id='word_1_927' title='bbox 982 2643 1043 2674; x_wconf 88' lang='lat' dir='ltr'><strong>iter</strong></span> <span class='ocrx_word' id='word_1_928' title='bbox 1058 2641 1096 2672; x_wconf 89' lang='lat' dir='ltr'><strong>ad</strong></span> <span class='ocrx_word' id='word_1_929' title='bbox 1116 2639 1252 2671; x_wconf 90' lang='lat' dir='ltr'><strong>fundum</strong></span> <span class='ocrx_word' id='word_1_930' title='bbox 1276 2645 1330 2668; x_wconf 86' lang='lat' dir='ltr'><strong>aut</strong></span> <span class='ocrx_word' id='word_1_931' title='bbox 1354 2636 1552 2677; x_wconf 86' lang='lat' dir='ltr'><strong>sepulchrum</strong></span> <span class='ocrx_word' id='word_1_932' title='bbox 1578 2646 1645 2667; x_wconf 91' lang='lat' dir='ltr'><strong>non</strong></span> <span class='ocrx_word' id='word_1_933' title='bbox 1663 2636 1800 2668; x_wconf 86' lang='lat' dir='ltr'><strong>habeat:</strong></span> <span class='ocrx_word' id='word_1_934' title='bbox 1824 2636 1854 2666; x_wconf 94' lang='lat' dir='ltr'><strong>ei</strong></span> 
     </span>
     <span class='ocr_line' id='line_1_126' title="bbox 983 2677 1855 2718; baseline -0.007 -4"><span class='ocrx_word' id='word_1_935' title='bbox 983 2685 1043 2715; x_wconf 87' lang='lat' dir='ltr'><strong>iter</strong></span> <span class='ocrx_word' id='word_1_936' title='bbox 1060 2692 1078 2713; x_wconf 93' lang='lat' dir='ltr'><strong>a</strong></span> <span class='ocrx_word' id='word_1_937' title='bbox 1094 2682 1202 2713; x_wconf 92' lang='lat' dir='ltr'><strong>vicino</strong></span> <span class='ocrx_word' id='word_1_938' title='bbox 1218 2687 1271 2710; x_wconf 89' lang='lat' dir='ltr'><strong>aut</strong></span> <span class='ocrx_word' id='word_1_939' title='bbox 1285 2679 1431 2718; x_wconf 79' lang='lat' dir='ltr'><strong>precario</strong></span> <span class='ocrx_word' id='word_1_940' title='bbox 1447 2678 1531 2717; x_wconf 83' lang='lat' dir='ltr'><strong>dari,</strong></span> <span class='ocrx_word' id='word_1_941' title='bbox 1545 2686 1600 2709; x_wconf 82' lang='lat' dir='ltr'><strong>aut</strong></span> <span class='ocrx_word' id='word_1_942' title='bbox 1615 2678 1722 2718; x_wconf 87' lang='lat' dir='ltr'><strong>pretio</strong></span> <span class='ocrx_word' id='word_1_943' title='bbox 1738 2677 1855 2715; x_wconf 82' lang='lat' dir='ltr'><strong>vendi,</strong></span> 
     </span>
     <span class='ocr_line' id='line_1_127' title="bbox 984 2719 1857 2764; baseline -0.009 -8"><span class='ocrx_word' id='word_1_944' title='bbox 984 2725 1107 2764; x_wconf 88' lang='lat' dir='ltr'><strong>semper</strong></span> <span class='ocrx_word' id='word_1_945' title='bbox 1126 2722 1256 2762; x_wconf 84' lang='lat' dir='ltr'><strong>quidem</strong></span> <span class='ocrx_word' id='word_1_946' title='bbox 1273 2719 1372 2752; x_wconf 89' lang='lat' dir='ltr'><strong>visum</strong></span> <span class='ocrx_word' id='word_1_947' title='bbox 1388 2720 1433 2751; x_wconf 88' lang='lat' dir='ltr'><strong>est</strong></span> <span class='ocrx_word' id='word_1_948' title='bbox 1451 2720 1522 2751; x_wconf 89' lang='lat' dir='ltr'><strong>viris</strong></span> <span class='ocrx_word' id='word_1_949' title='bbox 1539 2720 1651 2760; x_wconf 90' lang='lat' dir='ltr'><strong>probis</strong></span> <span class='ocrx_word' id='word_1_950' title='bbox 1675 2728 1800 2758; x_wconf 81' lang='lat' dir='ltr'><strong>aequum</strong></span> <span class='ocrx_word' id='word_1_951' title='bbox 1819 2726 1857 2748; x_wconf 86' lang='lat' dir='ltr'><strong>ac</strong></span> 
     </span>
     <span class='ocr_line' id='line_1_128' title="bbox 986 2757 1857 2803; baseline -0.008 -6"><span class='ocrx_word' id='word_1_952' title='bbox 986 2766 1127 2797; x_wconf 88' lang='lat' dir='ltr'><strong>bonum:</strong></span> <span class='ocrx_word' id='word_1_953' title='bbox 1145 2762 1196 2794; x_wconf 90' lang='lat' dir='ltr'><strong>sed</strong></span> <span class='ocrx_word' id='word_1_954' title='bbox 1210 2763 1270 2802; x_wconf 84' lang='lat' dir='ltr'><strong>jam</strong></span> <span class='ocrx_word' id='word_1_955' title='bbox 1285 2762 1405 2797; x_wconf 82' lang='lat' dir='ltr'><strong>pridem</strong></span> <span class='ocrx_word' id='word_1_956' title='bbox 1419 2761 1543 2793; x_wconf 89' lang='lat' dir='ltr'><strong>ostendi</strong></span> <span class='ocrx_word' id='word_1_957' title='bbox 1559 2762 1590 2793; x_wconf 92' lang='lat' dir='ltr'><strong>in</strong></span> <span class='ocrx_word' id='word_1_958' title='bbox 1606 2760 1690 2803; x_wconf 82' lang='lat' dir='ltr'><strong>Julio</strong></span> <span class='ocrx_word' id='word_1_959' title='bbox 1701 2760 1792 2792; x_wconf 84' lang='lat' dir='ltr'><strong>Paulo</strong></span> <span class='ocrx_word' id='word_1_960' title='bbox 1802 2757 1857 2797; x_wconf 79' lang='lat' dir='ltr'><strong>‚Ji-</strong></span> 
     </span>
     <span class='ocr_line' id='line_1_129' title="bbox 986 2802 1857 2845; baseline -0.008 -8"><span class='ocrx_word' id='word_1_961' title='bbox 986 2816 1022 2837; x_wconf 84' lang='lat' dir='ltr'><strong>ve</strong></span> <span class='ocrx_word' id='word_1_962' title='bbox 1036 2807 1069 2837; x_wconf 80' lang='lat' dir='ltr'><strong>cie</strong></span> <span class='ocrx_word' id='word_1_963' title='bbox 1083 2810 1186 2845; x_wconf 81' lang='lat' dir='ltr'><strong>partus</strong></span> <span class='ocrx_word' id='word_1_964' title='bbox 1202 2802 1372 2844; x_wconf 81' lang='lat' dir='ltr'><strong>expositione</strong></span> <span class='ocrx_word' id='word_1_965' title='bbox 1389 2802 1425 2838; x_wconf 75' lang='lat'><strong>&amp;³</strong></span> <span class='ocrx_word' id='word_1_966' title='bbox 1441 2812 1525 2841; x_wconf 85' lang='lat' dir='ltr'><strong>nece,</strong></span> <span class='ocrx_word' id='word_1_967' title='bbox 1541 2813 1566 2834; x_wconf 88' lang='lat' dir='ltr'><strong>c.</strong></span> <span class='ocrx_word' id='word_1_968' title='bbox 1588 2813 1635 2835; x_wconf 93' lang='lat'><strong>10.</strong></span> <span class='ocrx_word' id='word_1_969' title='bbox 1654 2802 1691 2837; x_wconf 66' lang='grc' dir='ltr'><strong>δ’</strong></span> <span class='ocrx_word' id='word_1_970' title='bbox 1710 2812 1721 2834; x_wconf 91' lang='lat'>1</span> <span class='ocrx_word' id='word_1_971' title='bbox 1732 2811 1743 2833; x_wconf 93' lang='lat'>1</span> <span class='ocrx_word' id='word_1_972' title='bbox 1757 2824 1766 2838; x_wconf 95' lang='lat'>,</span> <span class='ocrx_word' id='word_1_973' title='bbox 1785 2808 1857 2840; x_wconf 85' lang='lat' dir='ltr'><strong>quae</strong></span> 
     </span>
     <span class='ocr_line' id='line_1_130' title="bbox 986 2843 1858 2893; baseline -0.008 -15"><span class='ocrx_word' id='word_1_974' title='bbox 986 2847 1160 2893; x_wconf 80' lang='lat' dir='ltr'><strong>honestatis</strong></span> <span class='ocrx_word' id='word_1_975' title='bbox 1174 2854 1269 2886; x_wconf 84' lang='lat' dir='ltr'><strong>atque</strong></span> <span class='ocrx_word' id='word_1_976' title='bbox 1280 2844 1378 2876; x_wconf 85' lang='lat' dir='ltr'><strong>officii</strong></span> <span class='ocrx_word' id='word_1_977' title='bbox 1394 2844 1480 2883; x_wconf 89' lang='lat' dir='ltr'><strong>sunt,</strong></span> <span class='ocrx_word' id='word_1_978' title='bbox 1498 2853 1533 2876; x_wconf 87' lang='lat' dir='ltr'><strong>ut</strong></span> <span class='ocrx_word' id='word_1_979' title='bbox 1547 2844 1671 2884; x_wconf 89' lang='lat' dir='ltr'><strong>semper</strong></span> <span class='ocrx_word' id='word_1_980' title='bbox 1685 2843 1764 2883; x_wconf 79' lang='lat' dir='ltr'><strong>juris</strong></span> <span class='ocrx_word' id='word_1_981' title='bbox 1781 2850 1858 2881; x_wconf 86' lang='lat' dir='ltr'><strong>prae-</strong></span> 
     </span>
     <span class='ocr_line' id='line_1_131' title="bbox 987 2882 1858 2935; baseline -0.009 -15"><span class='ocrx_word' id='word_1_982' title='bbox 987 2896 1089 2935; x_wconf 73' lang='lat' dir='ltr'><strong>ceptis</strong></span> <span class='ocrx_word' id='word_1_983' title='bbox 1107 2888 1391 2934; x_wconf 81' lang='lat' dir='ltr'><strong>commendentur3</strong></span> <span class='ocrx_word' id='word_1_984' title='bbox 1413 2895 1478 2918; x_wconf 87' lang='lat' dir='ltr'><strong>non</strong></span> <span class='ocrx_word' id='word_1_985' title='bbox 1502 2887 1624 2918; x_wconf 89' lang='lat' dir='ltr'><strong>idcirco</strong></span> <span class='ocrx_word' id='word_1_986' title='bbox 1640 2885 1720 2924; x_wconf 81' lang='lat' dir='ltr'><strong>Juris</strong></span> <span class='ocrx_word' id='word_1_987' title='bbox 1737 2882 1858 2922; x_wconf 75' lang='lat' dir='ltr'><strong>regulis</strong></span> 
     </span>
     <span class='ocr_line' id='line_1_132' title="bbox 987 2923 1857 2977; baseline -0.011 -15"><span class='ocrx_word' id='word_1_988' title='bbox 987 2939 1165 2977; x_wconf 64' lang='lat' dir='ltr'><strong>cononem</strong></span> <span class='ocrx_word' id='word_1_989' title='bbox 1190 2929 1219 2960; x_wconf 76' lang='lat' dir='ltr'><strong>&lt;St</strong></span> <span class='ocrx_word' id='word_1_990' title='bbox 1242 2928 1306 2961; x_wconf 89' lang='lat' dir='ltr'><strong>fori</strong></span> <span class='ocrx_word' id='word_1_991' title='bbox 1331 2928 1516 2960; x_wconf 75' lang='lat' dir='ltr'><strong>necestitate</strong></span> <span class='ocrx_word' id='word_1_992' title='bbox 1540 2926 1697 2966; x_wconf 87' lang='lat' dir='ltr'><strong>adstringi.</strong></span> <span class='ocrx_word' id='word_1_993' title='bbox 1728 2923 1759 2954; x_wconf 88' lang='lat' dir='ltr'><strong>id</strong></span> <span class='ocrx_word' id='word_1_994' title='bbox 1775 2926 1857 2953; x_wconf 68' lang='lat' dir='ltr'><strong>vero</strong></span> 
     </span>
     <span class='ocr_line' id='line_1_133' title="bbox 987 2964 1856 3018; baseline -0.012 -15"><span class='ocrx_word' id='word_1_995' title='bbox 987 2981 1017 3018; x_wconf 83' lang='lat' dir='ltr'><strong>in</strong></span> <span class='ocrx_word' id='word_1_996' title='bbox 1035 2970 1200 3013; x_wconf 82' lang='lat' dir='ltr'><strong>proposito</strong></span> <span class='ocrx_word' id='word_1_997' title='bbox 1215 2969 1270 3002; x_wconf 86' lang='lat' dir='ltr'><strong>usu</strong></span> <span class='ocrx_word' id='word_1_998' title='bbox 1286 2971 1394 3002; x_wconf 87' lang='lat' dir='ltr'><strong>venit:</strong></span> <span class='ocrx_word' id='word_1_999' title='bbox 1410 2969 1431 3001; x_wconf 80' lang='lat' dir='ltr'>fl</span> <span class='ocrx_word' id='word_1_1000' title='bbox 1448 2970 1532 3003; x_wconf 84' lang='lat' dir='ltr'><strong>enim</strong></span> <span class='ocrx_word' id='word_1_1001' title='bbox 1547 2968 1668 2999; x_wconf 86' lang='lat' dir='ltr'><strong>vicinus</strong></span> <span class='ocrx_word' id='word_1_1002' title='bbox 1685 2965 1794 2995; x_wconf 81' lang='lat' dir='ltr'><strong>vicino</strong></span> <span class='ocrx_word' id='word_1_1003' title='bbox 1809 2964 1856 2995; x_wconf 67' lang='lat' dir='ltr'><strong>ina</strong></span> 
     </span>
     <span class='ocr_line' id='line_1_134' title="bbox 988 3006 1858 3054; baseline -0.008 -10"><span class='ocrx_word' id='word_1_1004' title='bbox 988 3014 1108 3054; x_wconf 85' lang='lat' dir='ltr'><strong>digenti</strong></span> <span class='ocrx_word' id='word_1_1005' title='bbox 1133 3013 1266 3051; x_wconf 84' lang='lat' dir='ltr'><strong>itinere,</strong></span> <span class='ocrx_word' id='word_1_1006' title='bbox 1290 3012 1373 3044; x_wconf 88' lang='lat' dir='ltr'><strong>nolit</strong></span> <span class='ocrx_word' id='word_1_1007' title='bbox 1398 3012 1459 3042; x_wconf 89' lang='lat' dir='ltr'><strong>iter</strong></span> <span class='ocrx_word' id='word_1_1008' title='bbox 1477 3011 1618 3042; x_wconf 86' lang='lat' dir='ltr'><strong>vendere</strong></span> <span class='ocrx_word' id='word_1_1009' title='bbox 1636 3014 1688 3038; x_wconf 84' lang='lat' dir='ltr'><strong>aut</strong></span> <span class='ocrx_word' id='word_1_1010' title='bbox 1707 3006 1858 3046; x_wconf 79' lang='lat' dir='ltr'><strong>precario</strong></span> 
     </span>
     <span class='ocr_line' id='line_1_135' title="bbox 989 3047 1857 3101; baseline -0.009 -15"><span class='ocrx_word' id='word_1_1011' title='bbox 989 3055 1189 3101; x_wconf 79' lang='lat' dir='ltr'><strong>concedere:</strong></span> <span class='ocrx_word' id='word_1_1012' title='bbox 1214 3055 1297 3086; x_wconf 87' lang='lat' dir='ltr'><strong>cedo</strong></span> <span class='ocrx_word' id='word_1_1013' title='bbox 1309 3078 1319 3093; x_wconf 91' lang='lat'>‚</span> <span class='ocrx_word' id='word_1_1014' title='bbox 1343 3057 1414 3094; x_wconf 80' lang='lat' dir='ltr'><strong>quae</strong></span> <span class='ocrx_word' id='word_1_1015' title='bbox 1431 3052 1531 3093; x_wconf 77' lang='lat' dir='ltr'><strong>posita</strong></span> <span class='ocrx_word' id='word_1_1016' title='bbox 1547 3049 1608 3081; x_wconf 74' lang='lat' dir='ltr'><strong>fuit</strong></span> <span class='ocrx_word' id='word_1_1017' title='bbox 1622 3048 1695 3087; x_wconf 79' lang='lat' dir='ltr'><strong>Jure</strong></span> <span class='ocrx_word' id='word_1_1018' title='bbox 1712 3047 1807 3079; x_wconf 69' lang='lat' dir='ltr'><strong>Civilsi</strong></span> <span class='ocrx_word' id='word_1_1019' title='bbox 1823 3055 1857 3078; x_wconf 88' lang='lat' dir='ltr'><strong>a·</strong></span> 
     </span>
     <span class='ocr_line' id='line_1_136' title="bbox 988 3089 1856 3136; baseline -0.01 -8"><span class='ocrx_word' id='word_1_1020' title='bbox 988 3096 1051 3128; x_wconf 68' lang='lat' dir='ltr'><strong>Clio</strong></span> <span class='ocrx_word' id='word_1_1021' title='bbox 1069 3105 1128 3136; x_wconf 87' lang='lat' dir='ltr'><strong>qua</strong></span> <span class='ocrx_word' id='word_1_1022' title='bbox 1147 3096 1269 3128; x_wconf 85' lang='lat' dir='ltr'><strong>vicinus</strong></span> <span class='ocrx_word' id='word_1_1023' title='bbox 1284 3103 1432 3127; x_wconf 81' lang='lat' dir='ltr'><strong>teneatur</strong></span> <span class='ocrx_word' id='word_1_1024' title='bbox 1449 3094 1555 3124; x_wconf 87' lang='lat' dir='ltr'><strong>vicino</strong></span> <span class='ocrx_word' id='word_1_1025' title='bbox 1574 3091 1634 3120; x_wconf 84' lang='lat' dir='ltr'><strong>iter</strong></span> <span class='ocrx_word' id='word_1_1026' title='bbox 1645 3089 1790 3120; x_wconf 77' lang='lat' dir='ltr'><strong>vendere·</strong></span> <span class='ocrx_word' id='word_1_1027' title='bbox 1800 3092 1856 3120; x_wconf 79' lang='lat' dir='ltr'><strong>aut</strong></span> 
     </span>
     <span class='ocr_line' id='line_1_137' title="bbox 985 3129 1855 3179; baseline -0.011 -9"><span class='ocrx_word' id='word_1_1028' title='bbox 985 3138 1130 3179; x_wconf 88' lang='lat' dir='ltr'><strong>precario</strong></span> <span class='ocrx_word' id='word_1_1029' title='bbox 1147 3137 1246 3169; x_wconf 79' lang='lat' dir='ltr'><strong>dare?</strong></span> <span class='ocrx_word' id='word_1_1030' title='bbox 1270 3137 1364 3169; x_wconf 78' lang='lat' dir='ltr'><strong>nulla.</strong></span> <span class='ocrx_word' id='word_1_1031' title='bbox 1389 3134 1442 3167; x_wconf 90' lang='lat' dir='ltr'><strong>Ne</strong></span> <span class='ocrx_word' id='word_1_1032' title='bbox 1460 3144 1509 3165; x_wconf 84' lang='lat' dir='ltr'><strong>res</strong></span> <span class='ocrx_word' id='word_1_1033' title='bbox 1526 3138 1630 3163; x_wconf 83' lang='lat' dir='ltr'><strong>careat</strong></span> <span class='ocrx_word' id='word_1_1034' title='bbox 1647 3129 1831 3162; x_wconf 76' lang='lat' dir='ltr'><strong>testimonio</strong></span> <span class='ocrx_word' id='word_1_1035' title='bbox 1844 3152 1855 3169; x_wconf 83' lang='lat'>,</span> 
     </span>
     <span class='ocr_line' id='line_1_138' title="bbox 985 3173 1855 3252; baseline -0.011 -40"><span class='ocrx_word' id='word_1_1036' title='bbox 985 3180 1138 3252; x_wconf 52' lang='lat' dir='ltr'><strong>adducapli</strong></span> <span class='ocrx_word' id='word_1_1037' title='bbox 1148 3178 1341 3212; x_wconf 84' lang='lat' dir='ltr'><strong>Ciceronem</strong></span> <span class='ocrx_word' id='word_1_1038' title='bbox 1352 3200 1363 3217; x_wconf 89' lang='lat'><strong><em>,</em></strong></span> <span class='ocrx_word' id='word_1_1039' title='bbox 1379 3178 1419 3209; x_wconf 89' lang='lat' dir='ltr'><strong>de</strong></span> <span class='ocrx_word' id='word_1_1040' title='bbox 1435 3173 1489 3207; x_wconf 89' lang='lat' dir='ltr'><strong>suo</strong></span> <span class='ocrx_word' id='word_1_1041' title='bbox 1505 3181 1653 3214; x_wconf 85' lang='lat' dir='ltr'><strong>tempore</strong></span> <span class='ocrx_word' id='word_1_1042' title='bbox 1671 3173 1855 3212; x_wconf 84' lang='lat' dir='ltr'><strong>italoquen·</strong></span> 
     </span>
     <span class='ocr_line' id='line_1_139' title="bbox 1154 3221 1854 3261; baseline -0.013 -9"><span class='ocrx_word' id='word_1_1043' title='bbox 1154 3230 1173 3252; x_wconf 93' lang='lat' dir='ltr'><strong>v</strong></span> <span class='ocrx_word' id='word_1_1044' title='bbox 1195 3230 1214 3261; x_wconf 75' lang='lat'><strong>3</strong></span> <span class='ocrx_word' id='word_1_1045' title='bbox 1768 3221 1854 3251; x_wconf 66' lang='lat' dir='ltr'><strong>tem,</strong></span> 
     </span>
    </p>
   </div>
  </div>
 </body>
</html>
