2052 3487
388 171 454 208 Au
502 170 662 207 LEGEM
712 166 953 214 Aquinum
1001 167 1146 208 [ΑΒΜ
1197 170 1490 211 SINGULARIS.

50 269 164 308 partem
184 261 284 296 damni
305 261 373 293 dare
389 257 506 301 noluisti
520 283 531 300 ,
552 259 583 299 fi
600 266 695 292 tamen
711 259 830 303 noluisti
844 285 855 301 ‚
884 263 916 293 in

56 313 149 339 totum
165 304 247 347 quafi
267 305 394 345 prudens
411 303 517 333 dederis
530 325 539 340 ‚
562 305 700 334 tenendus
714 313 751 334 es.
789 303 841 334 Ex
858 309 916 334 toto

55 349 133 380 mim
151 346 268 388 noluiffe
285 346 377 383 debet,
399 344 450 386 qui
462 344 656 384 imprudentia
673 345 850 383 defenditur.
882 345 916 376 Si

50 390 192 431 fatereris
202 389 328 428 scienter
343 386 467 427 januam
494 385 645 426 incendzffe
661 409 670 425 ,
694 385 724 424 fi
747 396 839 417 unum
857 387 914 427 tig-

56 441 145 470 num,
164 436 255 471 puto,
278 434 337 460 tota
354 429 452 458 domus
466 426 675 469 intelligeretur
690 437 727 458 ex
739 434 841 469 parte:
863 438 915 459 nec

56 474 132 504 enim
152 473 302 514 quisquam
319 470 413 501 omnia
428 469 575 507 incendit,
598 470 652 509 sed
674 479 763 500 unam
785 470 915 511 aliquam

56 523 142 552 rem,
173 522 210 544 ex
235 522 293 554 qua
305 512 414 552 fiirgat
439 510 471 540 in
495 513 591 541 omnia
604 511 638 549 se
646 510 805 551 sparsurus
825 513 912 552 ignis.

54 555 152 596 Atqui
166 561 232 586 vars
247 556 344 585 domus
358 550 396 592 est
413 552 517 590 arbor,
541 561 602 592 qziae
617 553 649 582 in
664 554 741 583 domo
758 551 806 592 est.
842 551 916 584 Huc

53 586 221 637 usque'iic
245 595 372 626 editur:
402 591 454 624 sed
480 593 553 633 quia
578 593 666 625 nullo
690 595 782 633 plane
805 593 915 632 sensu,

56 637 194 670 divinavi
218 636 346 677 quidem
369 635 467 674 olim,
483 633 512 672 fi
529 640 623 665 tamen
641 635 778 676 voluisti:
804 645 915 667 verum

53 688 156 720 nuper
180 677 344 709 intellecto
364 700 374 715 ‚
403 675 435 707 i'n
459 676 563 707 Variis
592 676 758 708 leelionz‘bus
784 677 823 709 V.
853 676 913 708 CL.

53 720 189 753 Andreae
212 719 337 750 Schotti
366 717 407 749 sic
437 716 556 749 habere
586 725 651 749 tres
677 718 776 750 libi-os
807 727 914 749 manu-

52 761 205 801 scriptos3
227 759 316 791 ausus
336 759 401 791 suin
419 759 496 791 milii
514 759 723 799 persuadere,
749 769 843 800 quam
861 769 913 790 an-

53 809 86 834 te
106 802 213 843 putavi
228 801 442 842 conjecturam
455 824 465 840 ,
489 801 551 833 effe
569 810 675 832 veram
693 801 824 832 Senecae
841 800 913 846 scri-

51 851 200 884 pturam:
229 843 368 875 maxime
398 841 616 874 subscribente
642 851 721 874 mea:
744 841 913 872 sententlae

50 884 267 917 Eruditiffimo
293 893 366 916 meo
396 885 536 923 Amico,
565 884 710 924 Johanne
740 883 912 930 Barbeyra-

54 927 127 964 cio,
150 925 190 958 V.
212 926 273 959 CL.
296 924 370 958 Not.
390 925 496 957 Gallie.
512 927 549 956 ad
567 926 704 957 Graiium
721 924 767 955 De
775 934 836 966 yur.
858 924 910 955 hel.

54 967 91 1002 δ’
105 975 170 1008 pac.
195 967 242 1000 lib.
259 978 288 999 2.
311 978 336 1000 c.
357 976 402 1008 17.
426 977 457 999 n.
477 977 522 999 12.
547 966 678 998 Senecae
700 967 801 1005 addo,
825 965 912 1006 quod

53 1009 76 1041 fi
92 1008 236 1049 stipulam
252 1010 283 1040 in
302 1018 378 1050 agro
396 1016 452 1039 tuo
473 1008 638 1040 incendisti
657 1032 666 1046 ,
699 1008 787 1048 quod
811 1006 914 1053 solent

53 1050 132 1082 boni
155 1049 397 1091 patresfamilias
421 1050 534 1081 multas
557 1051 600 1080 ob
623 1049 727 1080 causas
745 1057 821 1089 quas
846 1048 914 1079 Vir-

54 1091 145 1139 gilius
167 1092 214 1122 lz'b.
236 1101 262 1123 1.
294 1092 426 1132 Georgic.
451 1092 585 1131 exponit
605 1092 678 1129 versss
696 1095 744 1128 84.
776 1089 813 1124 δέ)
833 1089 913 1135 seqq.

55 1134 103 1171 ii,
134 1133 263 1173 inquam
282 1155 292 1170 ,
322 1132 466 1171 stipulam
493 1134 523 1163 in
546 1142 622 1173 agro
649 1130 913 1165 tuoincendist1‚

54 1173 201 1215 ignisque
224 1175 262 1204 ad
287 1173 382 1204 vicini
411 1174 560 1212 praedium
587 1181 772 1213 pervagatus
795 1171 912 1217 est³.&

58 1215 125 1246 hoc
142 1215 270 1251 exuffit,
291 1214 351 1254 jam
371 1214 532 1254 quaefltum
552 1214 616 1250 est,
637 1222 674 1244 an
693 1214 763 1254 lege
788 1212 914 1252 Aquilia

58 1256 193 1287 tenearis
210 1256 227 1286 Ρ
254 1255 296 1286 Et
320 1263 412 1295 negat
432 1254 582 1295 Ulpianus
605 1255 631 1284 d.
660 1253 720 1285 Tit.
743 1263 789 1285 12.
813 1253 864 1284 sed
883 1255 914 1284 in

54 1296 173 1328 factum
195 1296 350 1336 agendum
377 1295 438 1326 effe
454 1318 464 1333 ,
494 1297 598 1326 addita
615 1294 723 1332 causa,
755 1295 828 1336 quia
848 1303 914 1326 non

55 1337 271 1378 principaliter
290 1336 423 1367 exuss'illi
439 1360 448 1372 ,
473 1335 525 1368 sed
544 1337 618 1368 dum
637 1336 726 1377 egisti
743 1337 847 1373 aliud,
872 1335 914 1367 fic

53 1379 133 1419 ignis
158 1377 316 1419 proccffit.
358 1377 553 1418 Exemplum
576 1377 641 1409 hoc
659 1388 700 1410 ex
728 1377 817 1410 dictis
833 1378 915 1410 locis

49 1427 159 1451 unum.

92 1461 241 1500 Sequitur
261 1460 404 1491 alterum.
448 1459 535 1491 Alina
559 1460 663 1500 ignem
688 1460 811 1493 fornaci
829 1460 915 1492 reete

52 1499 213 1542 subjecit3
244 1503 321 1533 alius
350 1503 454 1543 ignem
479 1500 654 1540 custodiit,
681 1502 732 1534 sed
753 1503 915 1543 negligen-

53 1550 133 1582 [ει-ς
162 1552 240 1581 aut,
273 1552 344 1574 cum
367 1542 500 1574 deberet
527 1543 632 1583 ignem
659 1543 843 1582 custodire,
875 1545 914 1575 ad

52 1583 218 1615 fornacem
239 1584 454 1615 obdormivit:
486 1584 600 1616 domus
617 1585 723 1616 exusta
741 1585 786 1616 est
802 1609 811 1622 ‚
843 1593 914 1616 uter

51 1625 123 1666 lege
138 1624 265 1665 Aquilia
286 1625 439 1656 tenetur?
462 1635 533 1657 nam
552 1626 603 1666 qui
622 1627 728 1667 ignem
746 1627 831 1658 recte
847 1625 915 1657 sub-

51 1667 153 1708 jecit,
183 1666 262 1698 nihil
294 1669 470 1708 peccavit:
501 1668 554 1707 qui
584 1670 689 1708 ignem
715 1669 914 1709 negligenter

52 1707 200 1740 custodiit
216 1731 226 1746 ‚
257 1716 309 1739 aut
333 1709 370 1738 ad
393 1707 557 1740 fornacem
577 1710 778 1741 obdormiVit
793 1733 802 1748 ,
836 1709 914 1741 nihil

51 1748 160 1780 fecit:
192 1756 325 1789 oportet
349 1757 453 1780 autem
472 1773 482 1787 ‚
514 1757 548 1780 ut
578 1750 712 1789 Aquiliae
736 1751 825 1782 locus
856 1750 912 1789 fic,

50 1799 118 1822 non
133 1791 233 1821 modo
252 1792 400 1821 damnum
418 1791 524 1821 datum
544 1790 625 1829 effe,
648 1791 701 1823 sed
719 1794 814 1824 etiam
837 1792 914 1832 inju-

52 1832 117 1868 ria,
140 1831 273 1870 amplius
289 1831 391 1862 dantis
414 1840 572 1871 corpore:
604 1832 634 1863 id
651 1833 695 1863 est
713 1856 722 1871 ,
753 1834 915 1873 praecipue

51 1871 140 1904 facto
172 1872 248 1912 ejus.
295 1870 402 1902 Utitur
433 1870 555 1913 Legum
587 1872 729 1904 Collatio
762 1874 915 1915 exemplo

52 1913 142 1953 quod
166 1912 339 1945 omiserunt
362 1912 588 1945 Pandectarum
617 1913 854 1954 Compilatores
884 1915 915 1946 in

52 1956 81 1986 d.
105 1954 171 1996 §.9
206 1955 237 1985 id
261 1954 444 1994 exemplum
470 1954 516 1985 est
533 1977 541 1992 ‚
571 1955 603 1986 Si
621 1955 772 1987 Medicus
795 1956 916 1987 chirur-

52 2005 111 2036 gus
136 1995 300 2027 hominem
332 1995 416 2026 recte
446 1995 580 2027 secuerit
597 2019 607 2034 ,
638 1997 690 2028 sed
717 1998 917 2038 negligenter

52 2037 104 2068 vel
122 2035 186 2077 ipse
204 2036 249 2074 se,
275 2036 325 2067 vel
342 2036 418 2068 alius
436 2046 528 2075 eum,
547 2038 725 2069 curaverit:
748 2039 812 2070 five
831 2039 915 2070 enim

51 2077 153 2109 homo
172 2077 284 2118 periit,
308 2077 372 2109 sive
389 2078 571 2110 debilitatus
594 2078 640 2110 est
657 2102 666 2117 ,
698 2080 824 2120 Aquilia
847 2089 914 2111 ces-

51 2118 115 2151 sat:
141 2119 212 2157 quia
234 2128 299 2150 non
323 2119 448 2158 potest,
481 2120 570 2160 quod
595 2120 671 2151 alius
692 2122 860 2161 peccavit,
884 2130 913 2151 a·

51 2160 104 2198 lii,
136 2160 168 2191 id
189 2159 235 2192 est
251 2183 261 2199 ,
293 2159 429 2191 Medico
452 2161 611 2202 imputari.
655 2160 718 2193 Sed
742 2163 818 2203 quid
843 2162 916 2194 est?

51 2201 177 2242 placet,
209 2201 240 2233 in
265 2210 338 2233 eum
362 2203 416 2242 qui
434 2209 486 2233 aut
508 2204 547 2234 ad
565 2202 731 2235 fornacem
750 2204 915 2236 obdormi-

53 2243 103 2273 vit
118 2265 129 2280 ‚
159 2249 212 2274 aut
239 2243 345 2284 ignem
369 2244 569 2285 negligenter
592 2245 735 2284 curavit,
758 2255 823 2276 non
848 2246 916 2284 qui-

53 2283 129 2319 dem
156 2293 197 2315 ex
226 2284 330 2315 verbis
364 2285 441 2325 legis
466 2286 616 2317 directam
639 2286 799 2319 aetioneiii
824 2287 914 2324 dari,

54 2324 110 2356 sed
131 2324 170 2355 ad
187 2326 368 2365 exemplum
387 2326 451 2367 ejus
472 2327 583 2359 utilem
600 2327 760 2360 actionem
784 2337 915 2369 compe-

53 2372 135 2397 tere.
172 2364 237 2407 Qui
255 2366 388 2405 potest?
410 2376 481 2400 nam
497 2370 550 2409 qui
570 2369 786 2409 obdormivit,
810 2370 835 2402 is
850 2379 917 2401 rem

56 2406 228 2439 humanam
247 2407 278 2438 ὅ(
302 2408 474 2440 naturalem
494 2409 594 2450 pass‘us
612 2410 676 2451 est3
709 2421 746 2443 ea
762 2421 841 2443 vero
865 2421 919 2443 ne-

57 2457 121 2488 que
144 2449 256 2489 culpa,
281 2458 385 2489 neque
407 2450 535 2490 injuria,
556 2452 690 2484 videtur.
732 2453 794 2484 Sed
812 2453 916 2484 videa-

53 2497 143 2528 mus,
169 2499 210 2521 ne
235 2489 261 2521 is
279 2491 331 2531 qui
358 2491 397 2522 ad
413 2491 578 2525 fornacem
603 2494 821 2533 obdormivit,
852 2504 918 2526 non

56 2530 101 2561 ob
121 2530 264 2563 somnum
290 2539 452 2564 teneatur:
475 2535 601 2576 (neque
624 2537 707 2568 enim
738 2535 864 2568 somnus
886 2536 918 2567 in

55 2571 182 2612 culpam
200 2580 252 2603 aut
275 2573 418 2614 injuriam
445 2576 556 2616 cadit)
579 2576 631 2608 sed
647 2578 720 2618 quia
736 2586 790 2609 aut
809 2578 913 2619 ignem

55 2620 119 2644 non
135 2614 291 2653 extinxit,
311 2623 363 2646 aut
379 2617 406 2646 ei
427 2616 600 2650 custodiam
617 2620 646 2650 &
661 2619 802 2661 vigiliam
819 2628 914 2661 quam

54 2657 198 2695 recepit,
220 2664 286 2688 non
301 2657 456 2698 praestiiit.

715 2772 929 2808 CAPUT

1757 178 1829 221 141

997 261 1092 294 Aliud
1108 263 1292 303 exemplum
1311 262 1357 296 est
1372 264 1401 296 d.
1423 263 1444 296 l.
1461 272 1510 305 27.
1534 261 1564 305 §.
1581 261 1636 296 ult.
1659 263 1689 296 h.
1713 262 1828 310 λῴου

958 303 1033 335 casti
1052 303 1165 335 tect'ori
1184 305 1357 337 curandum
1384 305 1506 337 laecum
1533 305 1661 345 plenum
1683 306 1770 338 vitii:
1794 307 1826 339 id

959 345 1003 377 est
1022 369 1031 384 ,
1061 353 1096 376 ut
1118 345 1257 384 Jacobus
1283 346 1431 388 Cujacius
1452 346 1490 378 V.
1510 346 1571 379 CL.
1596 347 1825 388 interpretatur

957 386 1006 418 lib.
1027 396 1073 420 10.
1108 388 1229 427 Observ.
1260 398 1285 420 c.
1309 398 1339 425 9.
1369 389 1432 420 vini
1460 387 1627 420 cisternam
1652 390 1824 422 curandam

957 427 1022 460 five
1039 429 1290 461 inci-uilandam:
1315 431 1437 461 laecum
1460 430 1545 460 enim
1569 430 1651 461 intra
1668 438 1824 471 extraque

958 469 1121 502 incrustari
1141 470 1286 509 solitum,
1299 472 1384 502 idem
1404 472 1442 502 V.
1462 470 1521 502 CL.
1541 481 1579 502 ex
1590 472 1686 503 Suida
1703 473 1823 510 docet:

959 511 1110 551 additque
1125 535 1135 550 ,
1160 513 1318 544 restorem
1341 513 1491 552 appellari
1515 522 1587 544 eum
1607 514 1660 552 qui
1681 514 1827 545 cillernae

959 554 1081 584 inducit
1109 554 1287 585 tectorium.
1330 554 1463 594 Cujacio
1482 555 1594 585 addam
1613 555 1721 586 locum
1742 556 1827 596 opti-

959 604 1044 625 mum
1066 604 1105 626 ex
1127 594 1331 627 Tertulliano
1347 616 1357 631 ‚
1390 594 1438 625 De
1456 595 1619 626 idololatria
1641 606 1665 628 c.
1684 602 1712 630 8.
1736 598 1827 637 cujus

959 636 1028 667 haec
1044 635 1113 667 sunt
1129 638 1235 668 vei-ba.
1269 637 1330 668 Scit
1345 636 1474 667 albarius
1493 636 1580 667 testor
1595 636 1632 670 ἐξ
1651 638 1723 668 ceeia
1738 638 1828 673 farci-

958 687 1005 715 re,
1017 677 1054 712 &
1070 677 1188 710 tec‘toria
1204 679 1356 717 inducere,
1372 677 1408 712 ὅ*
1425 675 1577 718 cisternam
1592 678 1663 708 liare
1677 678 1714 713 ξύ)
1731 689 1828 720 cyma-

958 719 1000 748 tia
1017 717 1190 758 distendere,
1201 720 1236 754 ὅ)
1247 720 1339 751 multa
1355 725 1524 750 ornamenta
1535 725 1639 759 praeter
1643 719 1825 757 simulachra

952 761 1115 800 parietibus
1137 762 1304 800 incrispare.
1343 760 1477 791 Mentio
1507 762 1663 801 ejusmodi
1693 763 1826 792 tenoris

956 801 987 830 in
1014 801 1033 830 l.
1050 810 1080 839 ς.
1109 801 1137 841 §.
1155 811 1184 842 7.
1208 801 1250 833 D.
1281 802 1458 833 Commodari
1473 802 1520 833 vel
1542 808 1661 840 contra,
1685 802 1715 833 δε
1732 804 1762 834 iu
1782 802 1828 834 se-

958 850 1078 881 quente
1100 842 1313 884 inscriptione
1331 845 1415 884 apud
1432 842 1609 876 Gruterum
1627 851 1699 885 pag.
1717 848 1790 885 642.

1213 894 1241 916 r.
1264 893 1475 916 MARcivs.
1499 894 1516 915 i·
1551 894 1572 917 1..

1245 935 1262 957 P
1272 935 1295 956 H
1309 936 1348 957 11.
1359 936 1379 957 o
1392 935 1413 957 D
1423 935 1443 957 Α
1455 935 1485 957 M
1494 935 1516 957 v
1526 937 1541 959 s

1242 975 1264 997 T
1276 976 1387 998 ECTo
1400 976 1430 999 R.
1456 977 1518 999 Sin
1530 977 1541 999 t

1226 1017 1240 1038 s
1251 1018 1271 1038 v
1282 1018 1301 1039 E
1314 1018 1346 1040 is
1359 1018 1382 1049 Q
1391 1018 1411 1039 v
1424 1018 1443 1040 E
1475 1018 1549 1040 HIC

1178 1057 1380 1089 JvchDA
1404 1058 1600 1082 snrvLTA

1165 1097 1252 1121 EST.
1280 1099 1479 1122 DELIclA.
1516 1101 1615 1123 Eivs

957 1127 1056 1168 Igitur
1079 1129 1190 1161 locasti
1214 1131 1329 1163 tectori
1353 1132 1588 1164 incrustandum
1610 1134 1733 1166 laecum
1757 1132 1824 1167 vini

956 1171 1096 1210 plenum.
1130 1171 1154 1203 is
1177 1181 1250 1204 eum
1275 1174 1442 1211 pertudit:
1475 1175 1583 1205 vinum
1607 1175 1739 1207 effusum
1768 1176 1826 1208 est.

956 1221 994 1242 an
1016 1212 1086 1253 lege
1104 1211 1231 1253 Aquilia
1251 1214 1436 1255 obligatur?
1470 1214 1510 1245 Et
1528 1225 1680 1255 quantum
1699 1218 1736 1249 ad
1757 1227 1827 1249 ver-

957 1252 996 1283 ba
1014 1254 1149 1292 attinet,
1172 1263 1238 1285 non
1256 1256 1402 1288 videtur:
1426 1265 1491 1287 non
1507 1258 1593 1289 enim
1614 1258 1718 1290 testor
1738 1259 1825 1290 dam·

957 1303 1032 1326 num
1058 1295 1146 1326 dedit
1174 1297 1337 1337 praecipue
1364 1306 1505 1337 corpore
1529 1298 1583 1329 suo
1602 1321 1612 1336 ,
1645 1309 1751 1339 neque
1783 1302 1826 1332 ita

957 1337 1066 1367 vinum
1086 1335 1218 1376 effudit,
1242 1339 1447 1379 corrupitve3
1473 1341 1560 1379 quod
1578 1340 1631 1371 lex
1651 1341 1827 1372 desiderat:

957 1377 1037 1408 vitio
1063 1384 1169 1409 tamen
1196 1378 1330 1419 pertusa:
1359 1380 1389 1411 ἂ
1412 1381 1494 1412 male
1517 1380 1695 1413 incrustatae
1718 1382 1827 1414 cister-

958 1427 1027 1454 nae,
1049 1418 1081 1450 id
1098 1418 1162 1457 est,
1187 1420 1317 1452 rectoris
1336 1421 1401 1453 five
1418 1423 1650 1462 imprudentia,
1682 1423 1746 1456 sive
1769 1424 1826 1456 im-

955 1460 1092 1500 peritia,
1125 1469 1301 1502 utcumque
1325 1463 1418 1503 culpa
1436 1486 1445 1501 ,
1477 1463 1595 1495 factum
1616 1465 1686 1503 est,
1717 1466 1763 1496 uti
1782 1465 1828 1496 vi-

957 1510 1033 1532 num
1058 1500 1279 1535 effunderetur
1303 1503 1333 1535 ὃς
1351 1514 1633 1545 corrumperetur,
1658 1507 1687 1537 &
1709 1508 1828 1538 damno

957 1543 1047 1573 causa
1065 1544 1273 1582 praeberetur.
1295 1546 1431 1585 proinde
1450 1547 1536 1577 utilis
1556 1547 1586 1578 in
1605 1547 1725 1579 fastum
1743 1548 1828 1579 aetio

956 1584 1106 1616 adversus
1121 1594 1194 1617 eum
1218 1587 1307 1617 velut
1322 1596 1363 1618 ex
1383 1587 1459 1628 legis
1483 1587 1637 1619 sententia
1658 1589 1797 1621 dabitur.

1000 1625 1095 1657 Aliud
1124 1628 1307 1667 exemplum
1331 1627 1376 1660 est
1398 1629 1428 1659 in
1451 1629 1461 1659 l
1495 1638 1543 1665 29-
1568 1629 1596 1671 §.
1616 1639 1644 1661 2.
1678 1629 1720 1661 D.
1750 1631 1778 1662 h.
1804 1633 1828 1663 t.

956 1665 1058 1698 Navis
1081 1675 1132 1698 tua
1163 1669 1300 1709 impacta
1323 1670 1368 1700 est
1398 1670 1429 1700 in
1453 1680 1557 1701 meam
1583 1671 1757 1712 scapham:
1790 1680 1829 1703 ea

956 1718 1047 1739 navis
1070 1709 1146 1740 milii
1166 1711 1316 1742 damnum
1343 1711 1443 1742 dedit.
1466 1712 1639 1751 quaeritur,
1671 1722 1709 1744 an
1729 1713 1828 1752 Aqui·

956 1750 997 1781 lia
1020 1750 1104 1781 aetio
1124 1751 1202 1782 mihi
1225 1759 1412 1791 competat:
1437 1753 1587 1784 damnum
1611 1755 1696 1785 enim
1714 1754 1827 1786 dedisti

957 1790 1033 1822 mihi
1045 1813 1054 1828 ,
1078 1791 1131 1822 sed
1149 1802 1214 1823 non
1231 1802 1326 1824 manu
1347 1801 1399 1824 tua
1416 1801 1471 1825 aut
1487 1803 1626 1833 corpore
1646 1803 1721 1834 tuo,
1738 1796 1829 1836 quod

958 1833 1010 1863 lex
1036 1832 1160 1871 Aquilia
1184 1833 1333 1873 postulat.
1377 1834 1440 1866 Sed
1467 1835 1510 1866 ait
1538 1836 1694 1868 Proculus
1710 1859 1720 1874 ‚
1750 1836 1773 1868 fi
1795 1838 1829 1869 in

959 1879 1123 1904 nautarum
1152 1873 1311 1914 potestate
1332 1874 1396 1906 fuit
1412 1898 1421 1913 ,
1454 1885 1495 1907 ne
1519 1877 1551 1908 id
1575 1878 1765 1916 accideret,
1797 1879 1830 1910 ἀ

959 1913 1053 1953 culpa
1070 1923 1182 1946 eorum
1198 1914 1318 1947 factum
1337 1916 1382 1947 est
1395 1940 1404 1955 ,
1428 1917 1500 1958 lege
1517 1918 1642 1958 Aquilia
1660 1928 1734 1951 cum
1753 1929 1830 1951 nau-

959 1956 998 1986 tis
1018 1956 1175 1996 agendum
1192 1956 1278 1988 effe:
1303 1959 1375 1997 quia
1394 1961 1481 1998 parvi
1502 1959 1623 1998 refert,
1648 1968 1753 1993 utrum
1774 1968 1829 1992 tua

958 2006 1055 2028 manu
1085 1997 1235 2030 damnum
1264 2000 1413 2038 dederis,
1445 2009 1483 2031 an
1515 2010 1630 2033 navem
1654 2002 1831 2034 immitten-

959 2038 1022 2076 do,
1045 2046 1099 2069 aut
1117 2039 1326 2079 serraculum,
1350 2041 1413 2081 (ita
1430 2041 1550 2073 habent
1565 2042 1731 2075 Pandcciae
1753 2043 1829 2076 Flo·

958 2079 1073 2110 rentini
1085 2102 1095 2118 ,
1118 2081 1319 2122 approbante
1337 2082 1490 2123 (jujacio,
1521 2084 1572 2124 qui
1587 2084 1766 2122 fhrrczculum
1784 2086 1832 2117 in·

960 2128 1154 2160 terpretatur
1173 2129 1313 2155 contum:
1346 2123 1399 2155 sed
1423 2125 1474 2155 alii
1498 2125 1609 2166 legunt
1622 2128 1830 2165 servandum,

960 2162 989 2193 &
1006 2171 1175 2202 exponunt
1196 2164 1362 2205 scapham,
1387 2167 1436 2197 cui
1456 2174 1560 2198 nautae
1577 2167 1629 2198 vel
1654 2167 1754 2208 pisces
1776 2169 1830 2201 vel

958 2203 989 2234 se
1008 2205 1204 2245 tempestatis
1230 2214 1378 2248 tempore
1394 2208 1624 2249 committunt)
1646 2211 1756 2250 parvi,
1780 2211 1828 2242 in-

959 2254 1072 2285 quam,
1096 2246 1217 2286 refert,
1242 2256 1346 2280 utrum
1366 2249 1517 2281 damnum
1535 2251 1662 2282 dederis
1686 2259 1739 2283 tua
1763 2261 1831 2284 ma-

960 2296 1022 2325 nu,
1047 2297 1084 2318 an
1104 2297 1217 2321 navem
1234 2289 1439 2322 immittendo
1456 2315 1465 2329 ,
1489 2299 1542 2323 aut
1560 2290 1770 2331 serraculum,
1794 2293 1830 2325 fi-

959 2337 999 2359 ve
1029 2328 1224 2362 servaculum
1244 2354 1253 2369 ,
1284 2332 1322 2363 ad
1348 2342 1463 2363 navem
1489 2334 1664 2366 ducendo:
1696 2336 1828 2374 quando

961 2371 1110 2402 omnibus
1137 2372 1184 2402 his
1209 2373 1313 2405 modis
1337 2383 1394 2414 per
1422 2381 1454 2405 te
1475 2396 1485 2412 ‚
1515 2375 1546 2405 id
1566 2374 1634 2412 est,
1664 2376 1829 2415 praecipue

961 2420 1099 2451 corpore
1123 2420 1180 2444 tuo
1197 2437 1206 2451 ‚
1240 2416 1357 2445 damno
1381 2415 1525 2447 adficior.
1552 2416 1603 2447 led
1627 2414 1649 2447 fi
1675 2416 1753 2448 fune
1779 2427 1830 2449 ru-

960 2460 1039 2493 pto,
1071 2453 1141 2485 casu
1164 2453 1306 2487 fortuito
1326 2479 1336 2494 ,
1369 2457 1421 2488 vel
1441 2480 1451 2494 ‚
1483 2466 1556 2488 cum
1580 2466 1646 2488 non
1669 2457 1769 2489 essent
1794 2459 1827 2490 in

961 2503 1043 2525 nave
1061 2503 1163 2527 nautae
1187 2497 1239 2537 qui
1262 2506 1332 2528 eam
1357 2506 1524 2539 regerent,
1547 2499 1635 2530 navis
1652 2505 1705 2530 tua
1728 2501 1828 2539 impe·

962 2537 1045 2576 gerit
1068 2538 1099 2568 in
1127 2547 1257 2576 meam;
1295 2548 1402 2579 neque
1425 2549 1497 2571 cum
1530 2540 1634 2571 nautis
1666 2541 1827 2581 agendum

958 2577 1039 2615 effe,
1063 2587 1170 2618 neque
1187 2588 1257 2610 cum
1275 2580 1428 2613 domino:
1448 2583 1521 2620 quia
1537 2591 1643 2623 neque
1660 2591 1827 2614 nautarum

958 2627 1064 2660 neque
1087 2619 1210 2653 domini
1226 2621 1319 2663 culpa
1343 2625 1495 2664 arguitur.

1002 2771 1124 2810 XIX.

59 2855 180 2902 Legem
198 2858 373 2904 Aquiliam,
403 2862 455 2908 esst
471 2864 724 2911 corruptionem
738 2867 934 2914 persequatur
958 2869 1011 2903 hoc
1026 2870 1144 2915 capite,
1175 2877 1278 2906 tamen
1295 2882 1352 2907 non
1375 2873 1471 2908 aliam
1486 2874 1625 2921 persequi
1634 2901 1645 2918 ‚
1671 2886 1759 2921 quam
1774 2874 1822 2908 in-

101 2907 192 2952 juria
205 2906 342 2953 fabiam.
368 2911 523 2957 injuriam
542 2922 643 2949 autem
661 2917 714 2950 hoc
733 2919 830 2962 capite
839 2915 991 2961 similiter
1010 2920 1125 2964 accipi,
1152 2927 1185 2953 ut
1196 2922 1296 2965 primo
1311 2948 1322 2964 ,
1352 2931 1408 2968 pro
1426 2925 1634 2969 qualicumque
1649 2925 1745 2969 culpa.
1787 2923 1826 2957 Si

106 2956 180 3011 qiiirl
190 2957 285 3001 jure,
311 2966 364 2992 aut
382 2960 450 3006 casu
466 2970 586 3007 ruptum
596 2962 641 3008 fit
653 2991 661 3006 ‚
688 2976 746 2999 non
763 2967 896 3011 intelligi
914 2967 1074 3012 injuriam.
1123 2969 1214 3018 Quid
1223 2971 1341 3017 juris,
1355 2970 1390 3016 fi
1409 2974 1474 3016 quis
1491 2974 1587 3007 vicini
1602 2973 1678 3007 cedes
1700 2969 1823 3018 distipu-

104 3010 153 3038 vit
169 3006 297 3039 incendii
313 3010 431 3042 arcendi
442 3011 575 3055 gratia?
600 3010 641 3051 ἐξ
656 3014 721 3047 alia
736 3015 768 3048 id
781 3026 878 3060 genus
895 3016 1035 3062 exempla
1050 3019 1185 3062 quaedam
1202 3020 1357 3066 elegantia
1372 3020 1516 3067 expofita.

56 3108 258 3181 Porrtrlouqilq
286 3109 375 3182 1εῇξὶ
402 3110 528 3184 {iq‘iuriffi
561 3123 624 3174 nen
657 3116 762 3163 igit-ur-
782 3115 923 3188 sufffici‘t,

61 3187 125 3234 esse
143 3201 152 3222 :
169 3157 456 3238 pinjluriamea'uteem
478 3159 923 3237 lssggrgapiielsiiiiirllizieraffcucri}

60 3237 181 3270 pimus,
213 3241 247 3264 ut
266 3243 386 3274 primo,
420 3245 478 3276 pro
497 3237 594 3276 dolo,
626 3239 655 3270 ἃ
674 3240 764 3281 culpa
784 3241 802 3272 l.
818 3251 867 3283 30.
893 3242 923 3285 §.

61 3278 92 3312 3.
113 3270 158 3304 D.
180 3273 231 3305 Aa
254 3274 341 3317 legem
365 3277 538 3319 Aquiliam.-
567 3281 601 3312 id
619 3280 684 3321 est,
715 3291 775 3324 pro
799 3283 877 3316 dolo
893 3286 924 3317 ἃ

966 3120 1191 3162 qualicumque
1208 3123 1312 3165 culpa.
1337 3125 1420 3156 adeo
1443 3123 1464 3155 ss
1488 3122 1562 3163 quid
1586 3122 1678 3162 J‘ure,
1705 3130 1760 3154 aut
1775 3132 1828 3156 ea·

965 3160 1017 3200 sti,
1040 3162 1159 3196 faftum
1183 3164 1237 3203 fit,
1260 3175 1366 3206 neque
1384 3164 1492 3204 injuria
1510 3164 1574 3201 est,
1606 3173 1712 3204 neque
1729 3165 1827 3206 Aqui-

965 3203 1004 3234 lia
1023 3204 1129 3238 locum
1150 3206 1258 3238 habet.
1282 3215 1313 3237 at
1338 3207 1358 3238 fi
1376 3207 1450 3247 qnid
1473 3205 1587 3245 culpa,
1618 3206 1762 3246 quamvis
1784 3208 1826 3238 le-

964 3245 1084 3278 viffima
1106 3248 1124 3279 l.
1143 3258 1194 3285 44.
1215 3246 1257 3279 Ι).
1278 3249 1336 3278 eorl.
1359 3250 1404 3278 tit.
1428 3247 1459 3277 id
1480 3246 1524 3277 est
1544 3270 1554 3285 ‚
1583 3246 1605 3279 fi
1628 3249 1734 3279 animo
1760 3257 1825 3280 non

966 3288 1096 3328 quidem
1115 3289 1285 3330 improbo,
1314 3287 1367 3321 sed
1391 3289 1618 3360 irgprudente,
1646 3289 1764 3322 fastum
1789 3299 1826 3336 ‘o-

1412 3349 1426 3361 ι
1459 3339 1477 3370 '3
1753 3340 1826 3363 mm*
