2036 3495
152 98 217 132 <292
575 76 607 114 'G
638 88 658 112 fi
691 83 714 110 R
745 86 766 111 A
797 84 819 109 R
852 81 876 109 n
909 82 924 107 1

159 174 310 207 dotandae
329 170 439 202 fluoris
455 175 534 201 onus
547 177 558 206 ;
572 174 667 203 atque
683 163 713 194 id
733 162 784 193 vel
803 160 896 202 ipsius
914 159 1027 200 indigi-

158 215 217 247 tari
239 214 325 246 Pauli
345 213 463 243 verbis:
487 210 569 241 Nam
591 201 785 246 ersibonefie‚
807 211 843 233 ex
860 201 1030 232 liberalitate

153 264 252 288 *tamen
263 254 320 293 fit:
345 263 406 294 quae
422 250 564 286 servanda
581 246 698 278 arbitrio
711 244 816 285 pupilli
834 240 882 282 cst.
917 241 1030 273 Paulus

161 295 356 329 honestatem
387 287 546 330 distinguit
576 297 595 318 a
618 287 704 327 jure:
729 285 916 329 arbitratus,
940 282 1030 328 fratri

159 337 321 370 honestam
339 333 465 373 quidem
495 327 728 367 essepauperis
756 326 870 357 sororis
894 326 1028 355 dotatio-

157 388 256 411 nem:
286 375 336 406 sed
364 375 433 412 jure
458 381 521 403 non
547 369 609 402 esse
637 367 848 400 necessariam.
887 375 982 406 quare
1008 365 1029 397 si

157 419 212 450 fiat
228 441 237 455 ‚
268 415 455 447 liberalitate
476 411 564 449 fieri;
587 412 619 442 id
643 410 706 448 est,
738 418 822 440 mera
842 407 1027 452 voluntate:

158 451 180 491 si
197 467 259 489 non
280 456 352 492 fiat,
375 455 491 486 nullam
521 452 583 485 effe
601 451 823 487 confilioncm3
853 447 908 492 etsi
930 457 1027 479 avari-

158 499 200 531 tia
224 506 290 529 cam
306 505 370 527 non
392 494 529 526 dotantis
546 494 628 534 apud
646 494 747 523 bonos
773 492 858 521 viros
881 499 945 520 non
978 498 1028 519 ca-

157 548 225 572 reat
242 537 426 579 opprobrio.
450 536 504 567 Sic
522 535 693 577 aliquando
711 532 839 564 Plautus
863 530 1029 562 Trinummo

156 591 186 622 3.
200 590 232 620 Δ2.
252 579 326 618 vers.
341 582 394 619 63.
437 577 544 609 Verba
563 576 674 608 Plauti.

198 621 255 652 Sed
273 625 307 650 ut
323 621 404 660 inops
418 619 539 658 infamis
556 626 591 648 ne
602 614 678 654 sim,
694 624 729 646 ne
743 614 814 645 mibi
829 613 905 644 hanc
913 613 1031 653 samam

275 663 305 691 di
332 667 415 691 erunt

194 698 252 734 Me
264 660 441 742 gegizanaln’
452 710 543 731 meam
556 699 676 736 sororem
691 698 722 728 in
737 695 958 727 concubinatum
978 695 1030 724 tibi

198 745 249 775 Sic
266 743 324 778 fine
340 744 403 774 dote
418 741 518 781 dediffi?
528 741 619 780 magis
630 762 639 776 ‚
656 748 741 778 quam
757 740 787 767 in
802 737 1028 767 matrimonium.

197 780 275 829 Quis
298 794 339 814 me
356 784 505 824 improbior
521 781 708 822 perhibeatur
731 778 807 819 effe?
830 778 886 809 hoec
903 777 1030 818 fumige-

282 826 356 856 ratio

203 860 242 898 Te
259 864 402 906 honestet,
425 873 467 894 me
485 869 581 895 autem
596 861 760 900 conmutat,
776 858 806 899 si
815 859 880 898 fine
895 860 958 891 dote
975 860 1028 890 da-

203 916 567 1026 Τιὺὶἒεῃὲνηεψανησηωηι
589 945 701 976 honoris
719 966 728 983 ,
760 942 831 974 mihi
854 942 928 983 quod
959 941 1030 982 obje-

308 994 356 1019 ent
373 1011 382 1027 ,
407 995 466 1018 iet.

159 1030 220 1063 Sed
237 1038 387 1072 apparet,
411 1039 428 1060 a
452 1028 551 1060 Paulo
573 1026 689 1059 adferri
715 1024 789 1066 juris
812 1031 1029 1065 praeceptum,

161 1073 250 1112 duod
275 1082 291 1103 a
315 1071 392 1112 iuris
404 1070 511 1111 regula
527 1068 671 1109 distingui
699 1066 822 1098 solitum
840 1088 849 1103 ,
872 1065 945 1097 alibi
970 1073 1029 1095 ma-

159 1112 276 1146 nifeste
297 1111 431 1154 probavi
446 1112 529 1152 Julio
547 1110 643 1141 Paulo
659 1120 681 1140 c.
701 1118 748 1140 10.
768 1106 873 1151 &Ji-q.

198 1154 248 1186 Ex
267 1153 420 1185 ha&enus
437 1152 526 1184 distis
542 1152 748 1192 intelligitur,
773 1148 866 1179 solius
883 1146 944 1177 esse
963 1144 1031 1191 offi-

159 1196 244 1228 cium
262 1197 359 1237 patris
377 1202 430 1225 aut
446 1194 496 1224 avi
514 1216 524 1233 ,
547 1193 642 1224 filiam
665 1199 719 1223 aut
736 1198 868 1233 neptem
885 1189 1032 1218 habentis

160 1238 194 1271 in
219 1236 394 1278 potestate,
427 1244 497 1266 eam
522 1234 646 1266 dotare.
697 1231 774 1268 Non
798 1239 899 1261 minus
927 1237 1031 1274 tamen

159 1278 222 1310 esse
245 1278 386 1310 officium
403 1276 536 1313 tutoris,
563 1284 622 1315 pro
640 1273 757 1315 pupilla
783 1269 1030 1316 dotem-coristi-

159 1324 252 1350 tuere
277 1328 337 1359 pro
359 1319 458 1349 modo
481 1316 669 1348 facultatum
693 1315 758 1355 ejus
773 1336 783 1352 ‚
821 1313 851 1344 δι
876 1312 1031 1352 dignitate

157 1360 177 1391 s
196 1359 283 1397 onfi,
319 1359 418 1391 docet
445 1358 633 1399 Papinianus
661 1356 681 1389 l.
704 1360 755 1392 69.
778 1354 805 1396 §⁴
830 1364 858 1394 5.
884 1352 924 1383 D.
952 1353 990 1398 b..
1007 1358 1030 1383 t.

160 1370 324 1437 (gunnoris
349 1399 528 1432 meminere
552 1397 660 1429 Celsus
689 1397 709 1428 l.
726 1400 777 1427 60.
802 1395 831 1426 δι
857 1393 1030 1425 Terentius

160 1442 320 1478 Clemens,
336 1441 355 1472 l.
371 1446 420 1472 61.
444 1440 473 1471 d.
490 1445 511 1470 ι.
551 1438 615 1475 Sed
641 1436 806 1468 verisimile
829 1435 892 1474 est,
914 1434 1031 1465 Tribo-

159 1484 288 1519 nianum
314 1482 363 1513 his
386 1481 519 1520 aliisque
549 1478 629 1511 locis
661 1485 823 1509 curatorem
853 1485 911 1516 pro
937 1482 1031 1506 rurore

159 1522 364 1556 substituisse:
398 1530 469 1553 nam
494 1520 532 1551 ad
556 1519 810 1551 constituendam
831 1518 941 1549 dotem
965 1518 1032 1556 jure

158 1573 271 1604 vetere
294 1563 415 1604 semper
430 1561 618 1593 necessarius
635 1559 697 1592 fuit
713 1567 816 1591 tutor:
838 1567 965 1590 curator
983 1558 1029 1603 ad-

160 1605 263 1638 hiberi
281 1614 345 1636 non
365 1603 490 1644 potuit:
513 1603 643 1634 auctore
667 1600 804 1641 Ulpiano
825 1601 871 1631 iic.
891 1609 936 1631 12.
955 1600 1032 1638 infl-

158 1656 205 1678 are.
248 1646 408 1678 Ctetcrum
425 1644 446 1676 fi
463 1652 551 1676 tutor
567 1643 787 1674 adhiberetur:
804 1641 909 1672 adhuc
927 1640 1032 1681 quaefi-

160 1696 227 1720 tum
250 1687 330 1725 fuir,
353 1685 473 1718 essetne
488 1685 531 1717 illi
550 1685 698 1717 Praetoris
716 1684 848 1715 decreto
869 1691 970 1722 opus,
993 1690 1033 1712 an

159 1728 251 1761 non?
275 1728 326 1760 sed
345 1728 451 1768 placet
474 1726 632 1764 distinffio
653 1724 801 1757 Terentii
819 1723 996 1755 Clementis
1010 1721 1033 1766 ΙΙ.

160 1769 211 1802 61.
235 1765 262 1811 §.
282 1779 308 1801 1.
336 1769 378 1801 D.
404 1769 432 1800 b.
455 1774 476 1798 t.
498 1766 722 1805 existimantis,
747 1765 768 1797 fi
800 1765 930 1797 maritus
955 1763 1032 1808 velit

158 1820 266 1843 rerum
282 1806 416 1852 ipsarum
432 1818 563 1851 corpora
579 1809 725 1850 accipere
744 1807 776 1838 in
799 1807 930 1844 dotem,
953 1804 1030 1836 nihil

159 1853 293 1886 ulterius
317 1851 380 1884 esse
404 1851 629 1892 quaerendum:
658 1848 701 1882 fin
726 1848 831 1887 malit,
855 1847 970 1885 vendi,
1001 1845 1031 1877 ἂ

159 1893 330 1936 pecuniam
354 1892 407 1925 sibi
431 1891 462 1923 in
481 1892 588 1923 dotem
606 1889 688 1928 dari,
713 1890 810 1921 licere
834 1888 931 1920 tutori
958 1896 1033 1918 ven-

160 1936 238 1968 dere
254 1958 265 1975 ,
289 1935 319 1966 &
335 1933 501 1975 pecuniam
515 1931 693 1964 conficere:
716 1931 765 1962 sed
778 1931 904 1962 demum
924 1929 1033 1960 decre·

160 1985 197 2008 to
211 1977 383 2017 impetrato
396 1974 485 2006 causa
499 1974 638 2015 cognita.
660 1982 697 2004 ac
715 1972 886 2004 secundum
904 1971 966 2001 hoc
983 1978 1034 1999 ac-

163 2017 311 2058 cipienda
329 2016 463 2048 foi-taffis
479 2015 525 2047 est
541 2014 660 2055 species
675 2015 694 2045 l.
715 2019 743 2048 8.
767 2014 800 2044 C.
820 2014 853 2057 iq
865 2012 980 2053 praedz'is
996 2009 1033 2045 δ’

162 2060 229 2091 aliis
247 2060 304 2090 reb.
318 2059 388 2090 min-
411 2056 455 2089 est
471 2056 555 2088 enim
575 2057 613 2088 ad
628 2055 747 2087 factum
765 2053 921 2093 rescripta.

204 2099 348 2141 Tempus
372 2098 437 2138 est,
458 2106 494 2129 ut
517 2097 769 2135 consideremus,
796 2104 867 2136 quae
889 2103 938 2125 res
965 2102 1034 2133 pos-

163 2138 223 2173 sint
247 2143 278 2173 in
303 2142 415 2172 dotem
438 2139 513 2172 dari.
547 2138 675 2178 posl‘uut
700 2145 806 2169 autem
830 2136 895 2167 dari
922 2144 1036 2166 omues

165 2191 235 2223 quae
263 2183 332 2213 sunt
355 2183 386 2213 in
413 2180 628 2212 commercio:
658 2179 720 2211 five
750 2178 810 2210 sint
844 2178 1037 2217 quantitates

162 2224 328 2263 pondere,
351 2231 504 2260 numero,
527 2229 582 2252 aut
600 2220 740 2252 mensura
758 2218 956 2250 constantes:
973 2216 1036 2248 sive

164 2264 226 2296 fint
240 2274 394 2304 corpora,
415 2273 516 2304 eaque
533 2262 728 2300 immobilia,
751 2260 879 2293 mobilia
892 2282 900 2296 ‚
925 2267 976 2289 aut
996 2257 1037 2289 se·

168 2304 200 2336 se
216 2306 395 2337 moventia:
422 2314 480 2336 nec
496 2304 595 2345 magis
617 2302 736 2339 refert,
761 2310 864 2333 utrum
889 2301 946 2332 sint
963 2299 1037 2330 aesti-

167 2354 251 2378 mata
269 2370 278 2384 ‚
308 2356 345 2378 an
375 2346 558 2378 inaestimata
588 2345 609 2377 l.
636 2353 681 2376 10.
714 2342 751 2378 &³
773 2343 790 2374 l
818 2352 868 2381 42.
894 2341 935 2373 D.
961 2341 988 2371 h.
1012 2346 1035 2371 ι.

168 2396 356 2428 quamquam
374 2397 440 2419 non
459 2389 589 2428 ignoro,
620 2385 755 2416 fundum
780 2384 997 2416 ioaestimatum
1022 2390 1039 2412 a

166 2427 336 2469 Justiniano
359 2429 378 2461 l.
397 2430 474 2460 unic.
498 2427 595 2470 §.15.
615 2427 648 2458 C.
673 2428 706 2457 de
728 2427 769 2456 rei
797 2428 905 2457 uxoriae
929 2422 1039 2454 αὲἶίοηε

167 2470 297 2511 proprie
314 2470 451 2501 dotalem
468 2469 630 2509 appellari.
663 2467 782 2499 Praeter
797 2465 973 2506 superiores
989 2474 1037 2495 res

167 2509 298 2552 possunt
315 2512 409 2542 etiam
437 2510 655 2550 incorporales
677 2511 708 2540 in
737 2509 848 2539 dotem
874 2507 958 2544 dari,
982 2514 1037 2537 no-

168 2551 254 2584 mina
285 2551 371 2581 verbi
403 2551 509 2592 gratia.
536 2552 564 2582 &
590 2550 636 2582 est
660 2549 891 2582 observandum
908 2571 918 2586 ,
950 2547 1038 2586 quod

168 2586 272 2633 Impp.
292 2591 474 2623 Valerianus
492 2593 521 2623 ὁ(
541 2591 705 2623 Gallienus
727 2591 747 2623 l.
764 2600 792 2621 2.
817 2591 850 2621 C.
874 2592 907 2620 cte
934 2589 1040 2626 obliga·

168 2635 294 2665 tionibus
309 2632 346 2666 ὅ)
361 2631 518 2663 ustionibus
535 2634 636 2673 ajunt,
656 2632 736 2672 saepe
753 2630 938 2671 rescriptum
956 2629 1037 2667 esse,

168 2673 352 2707 nominibus
374 2672 405 2704 in
425 2675 529 2704 dotem
544 2674 622 2705 datis
635 2697 644 2712 ‚
668 2673 801 2709 marito,
819 2671 961 2712 quamvis
979 2678 1039 2701 nec

170 2715 331 2757 delegatio
349 2713 553 2754 praecesserit,
577 2724 636 2746 nec
653 2715 714 2746 litis
733 2712 922 2744 contestatio
941 2710 1039 2742 subse·

168 2766 245 2789 cuta
267 2756 323 2794 sit,
347 2763 450 2786 tamen
469 2754 578 2786 utilem
597 2758 754 2787 actionem
777 2755 840 2786 dari
865 2760 1038 2794 oportere,

170 2800 210 2830 ad
227 2796 460 2830 similitudinem
480 2795 544 2834 ejus
563 2798 614 2834 qui
631 2806 748 2828 nomen
765 2799 889 2827 emerit.
931 2793 965 2826 ln
992 2804 1024 2825 rc

168 2840 229 2872 bus
254 2837 508 2878 incorporalibus
533 2835 578 2866 est
603 2839 696 2868 etiarn
722 2836 923 2869 ususfructus.
948 2833 1040 2875 quisi

170 2881 202 2913 in
222 2882 333 2912 dotem
349 2881 438 2910 datus
453 2876 505 2913 fit.
527 2877 581 2915 (ut
597 2878 700 2915 petest
716 2879 734 2910 l.
751 2882 801 2909 66.
826 2879 873 2909 D.
889 2878 916 2907 h.
934 2877 977 2917 c.)
992 2876 1039 2916 jus

169 2923 269 2959 ipsum
292 2944 302 2958 ,
326 2929 391 2952 non
413 2918 533 2950 fruetus
551 2917 604 2957 qui
627 2927 666 2948 ex
691 2928 728 2948 eo
752 2917 987 2959 percipiuntur,
1009 2916 1040 2948 in

172 2964 249 2995 dote
268 2961 331 2993 ess'e
346 2960 450 3001 putari
467 2959 585 2991 debent
607 2958 627 2990 l.
648 2967 677 2997 7.
700 2959 728 2998 §.
746 2969 774 2990 2.
797 2959 837 2991 D.
854 2960 880 2990 b.
900 2966 920 2989 ι.
964 2957 1041 2990 Pos-

169 3004 241 3035 sunt
256 3003 350 3044 igitur
366 3003 396 3034 in
416 3002 528 3033 dotem
544 2999 608 3031 dari
625 3008 673 3030 res
690 3008 799 3029 omnes
822 3009 891 3038 quae
918 2999 986 3030 sunt
1009 3000 1041 3030 in

170 3045 386 3082 commercio,
409 3043 547 3074 maxime
563 3040 768 3084 propriae3an
786 3041 814 3083 ᾃ
831 3041 968 3072 alienae?
983 3050 1040 3081 pu-

170 3094 226 3123 t03
249 3095 310 3116 non
336 3085 482 3125 quidem,
507 3090 541 3114 ut
566 3083 614 3123 jus
637 3082 768 3113 dommo
794 3088 1041 3113 intervertatur:

170 3126 236 3157 hoc
253 3127 336 3157 enim
356 3136 418 3157 non
437 3125 553 3165 patitur
569 3122 717 3154 naturalis
740 3128 794 3152 aut
812 3121 914 3151 civilis
941 3124 1041 3155 ratio:

166 3167 220 3200 fed
238 3174 272 3201 ut
295 3169 377 3199 inter
394 3166 623 3200 contrahentes
641 3164 783 3198 servetur
808 3162 848 3195 de
871 3160 948 3193 dote
966 3171 1044 3195 con-

987 70 1244 106 Noonr
1301 71 1510 105 CofMM.

1071 158 1193 189 ventio.
1215 158 1247 190 id
1269 159 1366 191 multa
1382 160 1556 190 evincunt:
1579 159 1713 199 primum
1738 159 1812 202 quid
1833 163 1939 196 notius

1071 198 1137 238 est,
1160 208 1253 243 quam
1270 201 1368 233 aliena
1384 210 1418 234 re
1441 199 1608 241 accipienti
1631 202 1716 232 bona
1740 201 1803 233 nde
1827 205 1940 235 tradita

1072 249 1112 271 ex
1135 239 1225 271 causa
1241 242 1340 280 dotis,
1365 241 1427 273 esse
1449 242 1671 281 usucapionem
1698 252 1756 281 pro
1778 244 1882 276 dote?
1905 254 1941 276 ea

1072 290 1152 312 vero
1171 291 1209 313 an
1229 284 1442 322 procederet,
1464 282 1520 315 nisi
1538 283 1636 314 aliena
1655 293 1702 315 res
1718 286 1746 314 in
1762 284 1871 316 dotem
1889 287 1942 316 da-

1072 323 1099 353 ri
1110 321 1243 367 posset?
1269 324 1318 356 sed
1335 332 1444 365 aperte
1461 323 1615 363 Ulpianus
1638 325 1657 355 l.
1679 333 1704 356 1.
1729 324 1770 356 D.
1789 325 1843 356 Pro
1862 327 1942 365 dote,

1071 362 1219 402 Titulus,
1243 363 1362 405 inquit,
1389 365 1434 397 est
1451 365 1669 406 usucapionis,
1693 366 1722 397 ἃ
1746 366 1872 406 quidem
1894 367 1944 407 ju-

1072 404 1279 450 stiffimushqui
1296 407 1471 447 appellatur
1482 415 1538 446 pro
1553 407 1647 438 dote:
1664 415 1696 436 ut
1713 408 1812 445 quiin
1830 409 1942 440 dotem

1071 455 1136 477 rem
1163 455 1322 485 accipiat,
1353 447 1521 488 usucapere
1550 448 1642 488 poffit
1668 448 1765 487 spatio
1789 448 1943 488 solemni,

1072 497 1137 527 quo
1155 486 1255 518 solent
1281 489 1333 527 qui
1357 498 1413 528 pro
1434 497 1581 530 emptore
1605 488 1800 529 usucapiunt.
1842 490 1943 530 Supe-

1072 529 1146 560 riori
1164 536 1351 573 argumento
1369 531 1493 562 accedit
1508 532 1658 570 sequens:
1683 532 1769 570 quod
1786 530 1808 562 fi
1830 532 1943 563 mulier

1074 579 1137 601 rem
1156 569 1287 600 alienam
1307 569 1406 601 sciens
1428 571 1458 601 in
1483 572 1593 602 dotem
1621 571 1763 611 dederit,
1786 573 1815 603 ἃ
1839 571 1946 604 divor-

1073 610 1339 651 tiumsequutum
1355 610 1410 647 sit,
1434 612 1462 642 ei
1486 610 1644 643 reddenda
1669 613 1731 651 est,
1753 612 1835 653 quasi
1863 613 1947 645 suam

1073 651 1206 686 dedisset
1223 652 1241 682 l.
1265 660 1309 682 11.
1333 651 1374 682 Ι).
1394 653 1492 683 Soluto
1512 654 1702 685 matrimonio.
1726 653 1881 686 Praeterea
1897 656 1942 686 ait

1073 692 1228 732 Ulpianus
1246 693 1265 723 l.
1294 696 1340 724 16.
1364 692 1409 724 J).
1426 694 1453 723 h.
1471 700 1493 724 ι.
1519 695 1642 732 quoties
1667 705 1715 726 res
1739 694 1887 727 aestimata
1912 696 1945 727 in

1073 738 1184 765 dotem
1204 736 1294 764 datur
1310 757 1320 771 ,
1343 735 1445 766 virum
1465 743 1501 765 ea
1520 734 1622 765 evifia
1639 744 1679 766 ex
1697 744 1808 776 empto
1831 744 1943 768 contra

1073 784 1207 806 uxorem
1240 784 1333 815 agere
1352 798 1362 812 ,
1393 775 1422 806 ἃ
1446 774 1597 815 quidquid
1629 785 1664 805 ea
1688 776 1813 808 actione
1845 777 1945 809 fuerit

1073 815 1261 847 consecutus
1278 839 1288 855 ,
1312 817 1396 848 dotis
1421 817 1564 854 afflone,
1595 815 1697 848 soluto
1721 819 1943 857 matrimonio,

1073 858 1101 888 ei
1125 857 1269 897 praestare
1295 865 1463 897 oportere:
1487 867 1582 898 quare
1605 858 1634 888 ἀ
1661 856 1680 888 si
1708 858 1837 898 duplum
1859 860 1945 891 forte

1073 900 1112 929 ad
1133 900 1232 929 virum
1252 898 1498 937 pervenerit‚id
1515 907 1643 938 quoque
1662 899 1698 930 ad
1716 899 1879 931 mulierem
1897 911 1944 932 re-

1073 940 1154 979 digi:
1177 948 1312 979 eamque
1329 939 1513 972 sententiam
1532 940 1648 971 habere
1666 939 1948 981 aequitaten12quia

1074 990 1136 1012 non
1155 979 1336 1018 simpliciter
1356 982 1500 1012 venditio
1517 981 1569 1020 sit,
1594 980 1645 1012 sed
1660 982 1746 1014 dotis
1763 982 1868 1013 causa:
1884 991 1945 1013 nec

1074 1022 1171 1052 debet
1191 1021 1318 1053 maritus
1339 1021 1451 1053 lucrari
1467 1032 1507 1054 ex
1522 1024 1638 1054 damno
1655 1023 1812 1054 mulieris:
1835 1031 1948 1054 contra

1072 1062 1214 1094 sufficere
1237 1063 1382 1108 maritum
1410 1064 1592 1095 indemnem
1623 1064 1776 1104 praestari,
1807 1073 1870 1095 non
1902 1065 1948 1096 lu-

1073 1113 1161 1135 crum
1182 1103 1304 1136 sentire.
1330 1104 1496 1136 Postremo
1514 1106 1555 1136 ait
1573 1105 1770 1144 Pomponius
1787 1105 1806 1136 l.
1823 1109 1853 1137 6.
1877 1105 1904 1146 §>
1919 1114 1945 1136 1.

1076 1144 1116 1175 D.
1141 1145 1168 1175 b.
1188 1150 1210 1176 t.
1253 1145 1283 1189 Si
1308 1154 1397 1186 pater
1434 1147 1571 1178 alienum
1603 1145 1737 1177 fundum
1771 1147 1854 1178 bona
1883 1146 1947 1178 fide

1074 1194 1244 1226 emptum,
1276 1196 1305 1217 in
1347 1188 1458 1218 dotem
1483 1188 1632 1226 dederit,
1673 1188 1712 1218 ab
1738 1188 1804 1228 ipso
1843 1188 1948 1229 profe·

1074 1227 1166 1272 ctum,
1189 1227 1332 1268 intelligi.
1383 1227 1482 1269 Igitur
1519 1228 1595 1260 sicut
1626 1228 1729 1268 potest
1764 1239 1813 1260 res
1845 1229 1947 1262 aliena

1073 1270 1184 1307 vendi,
1216 1277 1269 1300 aut
1294 1270 1418 1310 pignori
1450 1270 1543 1307 dari,
1576 1279 1678 1310 eoque
1706 1269 1837 1302 nomine
1862 1272 1947 1303 inter

1074 1309 1301 1341 contrahentes
1326 1309 1407 1341 nasci
1431 1311 1587 1351 obligatio
1604 1334 1614 1350 ,
1646 1321 1717 1342 cum
1743 1310 1778 1342 sit
1803 1313 1832 1343 in
1857 1321 1947 1344 corn-

1073 1350 1261 1382 merciozsic
1279 1351 1320 1382 nil
1338 1350 1535 1392 obstat,quo
1553 1352 1654 1384 minus
1676 1362 1710 1384 re
1726 1352 1826 1384 aliena
1841 1354 1873 1384 in
1890 1355 1948 1385 do·

1075 1401 1140 1423 tem
1159 1392 1229 1423 data
1241 1415 1250 1431 ,
1272 1392 1322 1423 vel
1338 1402 1379 1423 eo
1397 1394 1526 1425 nomine
1543 1394 1699 1432 obligatio
1716 1393 1798 1424 inter
1821 1402 1948 1426 contra-

1074 1433 1186 1464 hentes
1203 1432 1394 1465 sustineatur.
1435 1434 1477 1465 At
1494 1433 1576 1466 enini
1596 1433 1749 1474 Ulpianus
1766 1435 1786 1466 Ι.
1805 1443 1851 1474 13.
1869 1435 1898 1476 §.
1913 1446 1944 1468 2.

1075 1474 1118 1505 1).
1134 1475 1167 1504 de
1174 1474 1272 1512 fundo
1284 1475 1372 1505 dotali
1391 1483 1555 1515 exponens
1576 1476 1678 1515 legem
1693 1475 1802 1515 juliam
1817 1478 1857 1507 de
1871 1476 1944 1508 fun-

1075 1516 1118 1546 do
1136 1514 1231 1559 dotali
1247 1516 1308 1552 ait,
1332 1515 1453 1547 Dotale
1477 1515 1628 1553 praedium
1654 1515 1695 1546 sic
1719 1516 1840 1555 accipi;
1871 1525 1945 1549 cum

1076 1557 1252 1587 dominium
1269 1557 1384 1587 marito
1402 1556 1563 1596 quaesitum
1581 1556 1640 1587 est:
1665 1563 1698 1587 ut
1720 1565 1795 1587 tunc
1818 1558 1947 1590 demum

1075 1598 1223 1642 alienatio
1244 1596 1460 1637 prohibeatur.
1503 1597 1618 1629 Reste:
1641 1607 1704 1628 non
1723 1596 1808 1629 enim
1831 1598 1895 1629 hoc
1915 1608 1946 1630 a·

1075 1647 1121 1680 git
1140 1637 1312 1677 Ulpianus,
1336 1648 1377 1670 ne
1393 1639 1537 1670 videatur
1560 1639 1619 1670 dos
1640 1638 1720 1676 esse,
1743 1638 1796 1670 nisi
1819 1640 1948 1672 transsa-

1077 1688 1111 1711 to
1129 1679 1291 1718 dominio,
1312 1679 1400 1719 quod
1418 1680 1510 1712 nobis
1533 1680 1564 1711 in
1590 1679 1752 1721 proposito
1780 1681 1948 1720 negotium

1075 1721 1130 1752 est.
1156 1722 1254 1762 inagis
1269 1720 1399 1761 quaerit,
1424 1722 1553 1761 quando
1572 1722 1744 1761 praedium,
1766 1722 1835 1753 doti
1853 1722 1947 1754 desti-

1074 1769 1182 1793 natum
1199 1764 1238 1793 ab
1254 1772 1295 1793 eo
1311 1763 1397 1802 cujus
1413 1763 1543 1794 inbonis
1561 1762 1614 1800 sit,
1633 1763 1740 1794 dotale
1757 1762 1819 1794 dici
1858 1763 1949 1796 offitz‘

1074 1813 1114 1835 ne
1130 1811 1243 1835 marito
1261 1804 1291 1834 id
1307 1803 1442 1834 alienare
1461 1804 1566 1836 liceat.
1591 1804 1621 1835 ἀ
1645 1803 1815 1843 respondet
1869 1804 1948 1846 lpia-

1074 1854 1152 1883 nus,
1177 1852 1242 1876 tum
1258 1845 1385 1889 demum
1402 1843 1468 1876 fieri
1485 1845 1607 1877 dotale:
1630 1854 1702 1876 cum
1720 1845 1884 1884 quaesitum
1900 1846 1947 1878 est

1075 1886 1190 1918 marito
1207 1886 1399 1918 dominium:
1422 1885 1452 1918 id
1470 1886 1514 1918 est
1528 1910 1537 1924 ‚
1561 1895 1627 1918 tum
1647 1885 1699 1917 ubi
1716 1885 1796 1918 faeta
1813 1887 1857 1919 est
1879 1888 1946 1928 ejus

1075 1927 1216 1959 traditio.
1240 1937 1309 1958 nam
1336 1936 1372 1958 ea
1403 1927 1531 1959 demum
1559 1927 1734 1959 dominium
1757 1929 1943 1967 adquiritur.

1075 1969 1159 2000 clare
1175 1967 1216 2000 sic
1237 1968 1300 2007 ipse
1316 1967 1471 2008 Ulpianus
1488 1969 1507 2000 l.
1530 1979 1561 2010 5.
1582 1969 1620 2000 D.
1642 1967 1738 2001 Soluto
1753 1970 1945 2004 niatrimoni0.·

1116 2009 1193 2042 Non
1215 2010 1314 2041 aliena
1338 2011 1377 2040 ab
1402 2009 1467 2041 hoc
1489 2010 1565 2041 loco
1588 2009 1684 2041 fuerit
1708 2009 1883 2049 inquisitio:
1905 2020 1946 2042 an

1076 2052 1170 2082 rebus
1188 2053 1217 2082 in
1234 2051 1343 2082 dotem
1362 2050 1440 2083 datis
1458 2050 1525 2082 aliae
1539 2050 1695 2089 substitui,
1719 2051 1748 2082 &
1765 2052 1887 2084 dotales
1899 2051 1948 2083 ef-

1076 2091 1128 2124 fici
1150 2093 1290 2132 possint?
1323 2092 1399 2123 mihi
1426 2092 1553 2124 videtur
1576 2102 1617 2123 ex
1645 2091 1665 2123 l.
1683 2102 1719 2132 32
1761 2092 1780 2122 l.
1798 2102 1848 2132 25.
1872 2093 1909 2127 ὅ)
1924 2093 1946 2124 la

1078 2144 1127 2174 27.
1153 2133 1194 2165 D.
1211 2134 1237 2164 h.
1259 2139 1280 2164 t.
1303 2135 1400 2165 modo
1416 2133 1537 2165 mulieri
1556 2133 1632 2165 utile
1651 2132 1705 2172 sit,
1728 2133 1759 2164 id
1782 2132 1847 2164 fieri
1865 2135 1884 2165 l.
1897 2137 1948 2166 26.

1079 2177 1106 2206 cl.
1124 2181 1145 2205 ε.
1169 2175 1199 2206 ὅ(
1216 2184 1255 2206 ex
1271 2175 1335 2215 ejus
1362 2174 1513 2206 consensu
1536 2173 1609 2213 fiat,
1640 2182 1737 2213 atque
1760 2174 1790 2206 in
1823 2184 1948 2213 permu-

1079 2217 1177 2247 tando
1195 2223 1302 2256 agatur
1318 2216 1337 2247 l.
1356 2224 1405 2248 21.
1425 2215 1466 2247 D.
1490 2217 1522 2247 de
1545 2215 1622 2256 ραέῖ.
1649 2216 1736 2246 dotal.
1784 2214 1946 2248 Caeterurn

1080 2264 1186 2297 empta
1204 2267 1219 2287 a
1236 2257 1351 2288 marito
1371 2266 1419 2288 res
1436 2266 1475 2288 ex
1490 2257 1587 2288 dotali
1600 2257 1752 2296 pecunia,
1770 2258 1862 2288 uxori
1879 2265 1945 2289 non

1080 2298 1263 2338 adquiritur.
1287 2305 1407 2329 tantum
1425 2299 1584 2339 competit
1602 2300 1628 2328 ei
1651 2298 1734 2330 dotis
1758 2297 1838 2329 actio
1855 2299 1874 2328 l.
1894 2306 1942 2328 12.

1082 2340 1115 2371 C.
1134 2344 1161 2370 h.
1176 2346 1199 2370 t.
1231 2340 1348 2371 Verum
1373 2339 1471 2379 Gajus
1488 2340 1507 2370 l.
1525 2349 1575 2379 54.
1600 2338 1641 2370 D.
1667 2341 1696 2370 h.
1714 2345 1736 2370 t.
1760 2338 1801 2370 sic
1820 2337 1944 2369 scribit:

1082 2381 1139 2412 Res
1155 2391 1218 2422 quae
1233 2389 1270 2412 ex
1291 2381 1380 2412 dotali
1398 2383 1520 2421 pecunia
1544 2386 1708 2421 comparate
1723 2379 1812 2419 sum,
1838 2378 1946 2409 dotales

1081 2422 1131 2463 effe
1147 2423 1293 2453 videntur.
1337 2422 1399 2453 Sed
1416 2421 1493 2453 mihi
1509 2422 1652 2462 proclive
1669 2420 1731 2459 est,
1754 2418 1826 2460 Gaji
1841 2419 1947 2451 verbis

1081 2462 1168 2494 usum
1193 2472 1335 2504 quaerere
1365 2462 1395 2494 in
1420 2462 1584 2503 privilegio
1608 2461 1694 2501 quod
1724 2461 1838 2492 mulier
1862 2460 1947 2492 dotis

1082 2506 1213 2536 nomine
1233 2504 1330 2536 habet
1345 2504 1427 2535 inter
1450 2502 1552 2535 mariti
1574 2501 1768 2538 creditores,
1790 2510 1862 2533 curn
1881 2510 1948 2533 non

1081 2545 1126 2577 est
1159 2546 1321 2577 solvendo.
1367 2545 1429 2576 Res
1457 2544 1606 2583 exemplo
1632 2543 1774 2583 liquebit.
1827 2542 1948 2574 Mulier

1080 2586 1193 2618 marito
1211 2588 1300 2618 dedit
1317 2586 1448 2617 dotem:
1471 2585 1497 2615 is
1518 2583 1594 2615 fisco
1612 2585 1661 2615 vel
1686 2583 1870 2622 reipublicae
1894 2585 1950 2615 de·

1080 2629 1147 2659 bet.
1170 2637 1234 2659 non
1254 2627 1302 2668 est
1318 2627 1482 2657 solvendo.
1505 2624 1627 2657 mulieri
1646 2626 1803 2666 competit
1825 2624 1950 2666 privile-

1080 2670 1167 2711 gium
1188 2675 1261 2699 ante
1282 2668 1345 2707 ejus
1363 2667 1537 2698 creditores
1555 2665 1733 2707 personales
1749 2667 1768 2697 l.
1785 2676 1833 2707 74.
1855 2666 1896 2697 D.
1913 2667 1945 2698 h.

1081 2718 1102 2741 t.
1126 2710 1145 2740 l.
1166 2719 1209 2749 17.
1234 2708 1261 2750 §.
1284 2717 1310 2740 1.
1334 2708 1353 2738 l.
1375 2712 1421 2742 18.
1445 2707 1517 2742 &A
1535 2717 1579 2744 19.
1605 2707 1647 2739 D.
1673 2709 1706 2739 de
1721 2709 1776 2739 reb.
1801 2706 1875 2738 αιιὲῖ.
1896 2708 1948 2748 ju-

1081 2752 1136 2783 dic.
1157 2748 1256 2791 poffid.
1296 2749 1330 2781 Id
1353 2748 1510 2787 explorati
1533 2748 1608 2789 juris
1636 2749 1680 2780 est
1706 2750 1736 2780 in
1761 2748 1831 2787 ipsis
1852 2748 1948 2780 rebus

1082 2791 1193 2825 marito
1209 2793 1239 2822 in
1254 2792 1363 2822 dotem
1381 2790 1469 2821 datis.
1490 2798 1611 2822 tantum
1627 2790 1785 2821 dubitatur
1800 2789 1840 2821 de
1857 2790 1950 2822 rebus

1081 2843 1098 2865 a
1115 2832 1227 2865 marito
1246 2842 1285 2864 ex
1307 2832 1404 2863 dotali
1418 2830 1551 2872 pecunia
1567 2823 1766 2871 comparatis.
1788 2830 1878 2862 causa
1893 2830 1950 2861 du-

1082 2874 1217 2906 bitandi:
1240 2874 1327 2914 quod
1350 2873 1398 2903 hae
1423 2882 1485 2904 non
1510 2873 1578 2904 sunt
1602 2872 1734 2904 dotales.
1760 2872 1854 2914 igitur
1879 2870 1949 2903 reti·

1082 2915 1230 2948 uentibus
1258 2914 1330 2953 juris
1358 2914 1495 2954 regulam
1514 2937 1524 2952 ‚
1554 2923 1615 2945 non
1639 2912 1763 2944 fruetur
1787 2912 1955 2954 privilegio

1083 2958 1204 2989 mulier.
1246 2955 1306 2987 Sed
1324 2956 1440 2996 placuit
1456 2954 1539 2995 Gajo
1565 2954 1674 2986 favore
1697 2953 1780 2985 dotis
1803 2954 1952 2985 adversus

1084 3000 1221 3039 rigorem
1236 2996 1328 3037 juris.
1353 3006 1401 3028 res
1416 3006 1457 3028 ex
1482 2997 1615 3035 pecunia
1638 2995 1736 3027 dotali
1755 3001 1950 3034 comparatas

1084 3040 1216 3080 perinde
1234 3039 1396 3079 accipere,
1419 3047 1456 3068 ac
1478 3037 1499 3069 si
1515 3037 1638 3068 dotales
1661 3036 1768 3068 essent.
1810 3036 1862 3066 Sic
1877 3044 1953 3066 cen-

1085 3081 1157 3112 seo:
1182 3079 1304 3111 secutus
1337 3078 1610 3118 Harmenopulum
1632 3077 1677 3109 lib,
1703 3087 1730 3117 4,
1757 3077 1883 3116 Ρνωηρι.
1901 3077 1949 3107 tit.

1086 3127 1114 3157 8.
1134 3129 1164 3162 p.
1193 3125 1262 3161 258.
1290 3119 1386 3152 simile
1411 3120 1486 3158 quid
1511 3118 1730 3150 observantem
1757 3118 1788 3148 in
1813 3116 1832 3147 l.
1855 3126 1901 3148 22.
1944 3140 1952 3148 .

1085 3164 1138 3196 ult.
1164 3162 1206 3195 D.
1227 3162 1320 3196 Satur.
1345 3163 1472 3194 matrim.
1494 3160 1581 3201 cujus
1598 3161 1694 3194 verba
1716 3159 1786 3190 haec
1809 3157 1877 3192 sunt
1891 3158 1956 3230 Μυῒ
