2052 3487
184 171 228 206 72

184 246 295 279 alludit
321 252 409 279 certe
431 245 468 276 ad
501 243 586 274 hunc
611 241 706 273 ritum
733 239 862 271 Plautus
884 260 894 278 ,
927 238 1044 279 Captivt

185 288 241 321 aer.
259 298 285 319 27
304 292 347 327 sc.
367 298 394 328 3.
417 285 542 324 verJ182
579 282 615 316 ἐξ
634 287 705 323 seqq.
729 281 839 327 'Igitur
856 303 865 319 ‚
900 282 988 326 quod
1011 280 1046 311 fi-

186 332 242 361 des
259 330 387 370 jubebat
406 328 433 358 ἃ
453 327 574 366 pudor,
600 325 662 354 hoc
688 331 822 363 primum
845 322 983 353 mandati
998 321 1045 360 jus

186 370 256 401 fuit.
281 369 349 409 post
375 367 442 398 usus
465 368 493 397 ei
512 366 668 396 astionem
690 363 831 394 invenitt
856 371 898 393 ita
915 363 945 394 in
969 363 1046 393 civi-

185 412 216 443 le
237 411 399 451 negotium
424 407 562 445 transiit,
594 406 623 436 ὅ(
643 404 961 444 ritusjungendai·um
982 413 1044 434 ma-

187 461 282 483 nuum
301 450 462 486 exolevit,
493 446 575 488 quasi
594 446 828 486 supervacuus:
859 454 976 476 nomen
999 453 1044 475 ta-

185 502 258 524 men
278 493 306 523 δ(
323 501 370 522 res
390 488 507 520 mansit.
552 488 691 519 Promde
714 487 767 517 ubi
794 488 976 517 mandatum
1001 486 1045 517 di-

186 534 310 570 cimus,
352 531 546 571 designamus
576 528 762 560 consensum
797 528 991 558 mandatoris
1014 527 1045 558 ἃ

185 573 370 607 mandatarii
392 574 431 603 de
455 581 519 612 quo
537 572 670 611 negotio
687 569 830 610 periculo
851 569 1045 600 mandatoris

186 617 280 657 gratis
295 614 457 655 gerendo:
483 614 512 644 in
538 621 644 652 eoque
668 610 834 641 contractu
853 619 958 650 neque
976 608 1048 640 scri·

187 665 310 696 pturam
329 655 556 692 desideramus,
574 662 678 691 neque
699 651 849 683 solemnia
865 652 979 689 verba3
997 650 1049 681 sed

185 698 297 729 sufficit
319 695 488 728 consentiri
519 695 537 725 l.
567 703 590 725 1.
616 693 658 725 D.
683 692 824 724 Mandant
851 692 897 723 vet
926 699 1047 730 contra,

187 741 271 771 inter
294 737 438 769 absentes
465 737 593 777 quidem
627 743 684 774 per
709 734 853 765 nuntium
871 757 879 772 ‚
915 740 968 764 aut
992 743 1050 774 per

187 780 350 821 epistolam
369 780 395 809 d.
416 779 433 808 l.
456 787 479 809 1.
506 777 532 819 §.
562 786 584 807 1.
610 776 693 806 inter
709 774 879 815 praesentes
900 784 978 805 vero
997 774 1048 806 vel

187 823 304 859 tacite,
327 829 361 851 ut
381 819 402 850 st
420 818 553 858 praesens
571 817 670 858 patiar
692 826 750 857 pro
774 826 825 848 iiie
843 816 1048 853 interveniri,

187 872 292 902 neque
324 861 542 891 contradicam
566 859 585 890 l.
608 863 637 889 6.
661 858 689 899 §.
715 868 744 890 2.
777 857 818 889 D.
843 859 901 889 eod.
925 858 971 889 tit.
997 858 1048 888 vel

187 905 288 945 palam
312 902 563 942 quibuscumque
581 899 728 941 precariis
755 899 860 930 verbis
885 908 955 939 quae
979 899 1047 930 ido-

188 955 246 976 nea
271 943 327 974 lint
354 942 393 973 ad
417 942 640 982 explicandum
670 941 833 981 utriusque
849 939 1045 971 consensum.

186 986 221 1018 In
247 985 358 1025 quibus
383 983 495 1015 Paulus
519 985 546 1014 d.
578 981 597 1014 l.
621 991 644 1014 i.
666 982 699 1024 §.
719 992 746 1013 2.
771 980 832 1013 effe
858 982 962 1022 inquit
984 991 1048 1012 non

183 1035 310 1058 ,tantum
329 1034 415 1066 rogo,
439 1024 491 1056 sed
510 1025 539 1056 δι
562 1025 683 1060 mando3
708 1024 737 1054 ἃ
761 1023 864 1054 recte:
890 1032 959 1054 nam
977 1032 1049 1054 cum

188 1068 369 1100 mandatum
390 1066 431 1099 ab,
456 1065 566 1097 officio
589 1074 686 1106 atque
710 1065 846 1096 amicitia
872 1063 1051 1105 proficisca-

189 1118 239 1140 tui·
257 1133 266 1147 ‚
291 1116 325 1139 ut
348 1107 413 1139 dixi
437 1108 464 1138 (ἰ.
489 1108 509 1138 l.
535 1116 557 1137 t.
586 1107 616 1149 §.
636 1107 690 1137 ult.
716 1106 791 1147 quid
808 1107 837 1136 ni
859 1107 961 1136 mando
980 1115 1050 1146 pre-

189 1152 308 1181 carium
338 1148 470 1180 verbum
501 1147 562 1179 ess'e
590 1146 817 1179 existimetur?
858 1147 954 1187 Atqui
987 1146 1051 1177 hoc

189 1191 327 1224 ostendit
346 1190 422 1222 illud
441 1190 562 1231 Virgilii
585 1190 631 1220 lib.
652 1193 682 1220 6.
707 1188 822 1220 AEnei'd.
842 1190 915 1224 vers}
937 1192 1002 1219 116.

247 1249 659 1257 ——————
683 1229 783 1260 Omns
803 1231 940 1260 mandata
956 1231 1051 1260 (labat.

230 1285 257 1307 2.
284 1272 392 1316 Quid,
416 1273 437 1304 si
455 1272 524 1305 usus
549 1272 583 1304 sit
600 1273 811 1303 commendandi
836 1271 963 1302 verbo?
987 1280 1052 1302 non

191 1317 292 1348 videri
310 1315 490 1346 mandatum
508 1338 517 1354 ,
553 1313 706 1354 Ulpianus
726 1313 824 1344 refert
846 1313 864 1343 l.
885 1321 929 1344 12.
953 1312 982 1354 §.
1005 1321 1050 1343 12.

190 1358 233 1390 D.
257 1358 314 1388 eod.
339 1358 385 1387 tit.
412 1357 483 1397 quia
502 1357 584 1386 aliud
602 1354 647 1386 est
664 1356 828 1393 mandare,
861 1354 942 1385 aliud
967 1363 1052 1385 com-

191 1400 361 1431 mendare:
384 1399 532 1429 mandare
556 1396 618 1435 est,
643 1404 807 1436 negotium
825 1396 920 1437 gratis
944 1405 1051 1436 geren-

191 1441 267 1472 dum
301 1441 531 1470 committere:
565 1439 792 1469 commendare
822 1436 893 1476 est,
931 1445 1052 1468 tantam

192 1482 321 1514 laudare
343 1480 373 1512 ἀ
388 1482 558 1520 gratiorem
578 1481 731 1512 reddere:
766 1479 860 1519 igitur
885 1478 937 1518 qui
967 1487 1051 1509 man-

190 1523 263 1561 dat,
289 1524 313 1553 is
338 1522 473 1552 mandati
494 1521 667 1561 periculum
692 1521 722 1551 in
747 1519 776 1551 se
793 1518 917 1559 suscipit
937 1520 987 1550 vel
1009 1528 1052 1550 ta·

190 1564 276 1600 cite,
301 1563 352 1594 vel
376 1571 486 1603 aperte
507 1563 524 1593 l.
545 1572 593 1594 20.
619 1561 650 1593 D
682 1562 740 1592 eod.
761 1562 807 1592 tic.
831 1560 886 1592 nifi
906 1570 945 1591 ex
962 1559 1053 1591 causa

191 1606 276 1637 aliud
292 1605 437 1645 placeat3
459 1611 494 1634 ut
512 1604 541 1634 in
564 1603 582 1634 l.
598 1613 648 1644 39.
672 1602 708 1637 &³
730 1603 748 1633 l.
765 1606 815 1643 36.
840 1602 867 1643 §.
885 1612 912 1634 2.
935 1601 976 1633 D.
994 1603 1054 1634 eod.

191 1648 238 1678 tit.
262 1654 318 1684 at,
350 1647 401 1687 qui
425 1648 630 1676 commendat
647 1667 656 1683 ,
688 1652 808 1675 tantum
830 1644 950 1684 praebet
969 1643 1053 1674 testi-

193 1689 337 1720 monium
364 1688 403 1718 de
422 1687 562 1718 moribus
586 1695 638 1717 aut
657 1686 848 1716 conditione
872 1686 937 1724 ejus
958 1694 1054 1725 quem

194 1728 422 1764 commendat;
446 1728 621 1769 periculum
646 1735 751 1758 autem
776 1727 807 1757 in
826 1725 861 1756 se
880 1735 985 1766 neque
1011 1734 1055 1757 ta-

194 1772 259 1802 cite
282 1769 425 1810 suscipit,
449 1778 553 1810 neque
577 1777 710 1807 aperte:
742 1776 931 1808 quamquam
957 1767 1057 1807 pudo-

194 1821 261 1845 rem
288 1811 375 1843 suum
398 1820 510 1842 onerat
541 1812 705 1841 temeraria
733 1809 914 1840 laudatione
944 1808 1052 1840 secun-

194 1854 269 1887 dum
291 1853 354 1884 hoc
376 1852 500 1884 Horatii
525 1851 579 1883 lib.
603 1860 627 1882 t.
654 1849 752 1890 Epist.
775 1854 818 1884 i8.

257 1893 381 1938 Qualem
400 1894 591 1932 commendes,
612 1893 697 1923 etiam
713 1898 798 1933 atque
819 1892 905 1923 etiam
926 1890 1053 1932 auspice,

303 1946 338 1967 ne
360 1946 426 1968 mox

277 1977 429 2010 Incutiarzt
450 1978 544 2009 aliena
562 1977 615 2009 tibi
624 1981 742 2017 peccata
754 1976 902 2016 pudorem.

238 2029 268 2061 3.
287 2019 347 2050 sed
367 2020 634 2058 quemadmodum
654 2015 953 2055 commendatuin‚ita
970 2012 1057 2052 confi-

199 2062 270 2093 lium
285 2085 294 2099 ,
324 2070 341 2092 a
361 2062 510 2092 mandato
532 2060 663 2092 differt:
697 2069 767 2090 nam
793 2058 823 2089 ἃ
841 2056 960 2088 consilii
986 2065 1059 2097 pro·

199 2104 303 2145 prium
326 2102 370 2133 est
389 2125 398 2140 ,
430 2111 469 2133 ne
496 2100 719 2143 obligatorium
740 2099 777 2131 fit
797 2099 817 2131 l.
838 2109 865 2130 2.
889 2098 918 2140 §.
937 2098 990 2128 ult.
1017 2096 1056 2127 D.

199 2144 344 2176 ,llscmclati
368 2143 414 2174 vet
436 2149 561 2174 contra.-
592 2143 643 2183 qui
661 2142 744 2172 enim
769 2142 873 2172 amico
899 2138 1058 2176 consulit,

200 2187 230 2217 ei
257 2185 335 2215 nihil
359 2185 545 2225 promittit,
575 2192 689 2224 praeter
715 2181 811 2215 fidem
838 2182 868 2212 ὅ(
893 2180 1058 2212 amicalem

200 2226 426 2259 affeetionem:
458 2233 646 2265 tantumque
669 2224 755 2262 vult,
789 2232 860 2254 eum
879 2246 888 2261 ,
918 2221 940 2253 fi
962 2222 1056 2262 patia-

200 2277 273 2305 tur,
297 2266 428 2298 consilio
453 2275 585 2298 monere
608 2266 638 2297 δι
659 2275 787 2305 regere:
812 2264 833 2295 fi
851 2273 915 2295 non
934 2263 1058 2300 audiat,

201 2311 338 2341 invitum
355 2317 492 2348 cogere,
516 2316 549 2338 ut
565 2306 661 2338 faciat
676 2307 707 2337 id
724 2307 810 2346 quod
833 2305 931 2343 nolit,
955 2313 1059 2343 neque

201 2351 296 2388 vult,
320 2359 424 2389 neque
440 2348 545 2389 potest
567 2349 586 2379 l.
609 2357 654 2380 10.
681 2347 709 2388 §.
729 2357 756 2388 7.
780 2346 822 2377 D.
846 2347 902 2377 eod.
926 2348 973 2376 tit.
1002 2345 1060 2386 lgi-

202 2400 251 2423 tui·
267 2391 317 2422 cui
341 2391 432 2422 datur
449 2389 631 2428 confilium,
655 2389 679 2419 is
698 2387 719 2419 si
738 2387 920 2419 damnosum
945 2386 1000 2418 fibi
1017 2397 1061 2417 ar-

202 2433 359 2469 bitretur,
384 2432 412 2463 ὃς
436 2430 606 2470 sequatur,
638 2430 774 2469 imputet
792 2429 845 2460 fibi
863 2453 870 2466 ‚
898 2438 969 2460 cum
990 2438 1061 2468 pos-

202 2473 250 2505 set
273 2474 453 2514 negligere:
477 2472 518 2503 sin
537 2473 614 2503 utile
638 2470 815 2509 existimet,
847 2471 877 2502 ἃ
901 2480 949 2501 res
972 2471 1062 2501 aliter

203 2516 313 2553 cadat3
336 2513 529 2545 consulentis
551 2522 654 2554 neque
671 2513 761 2552 culpa
779 2512 842 2549 est,
860 2521 964 2550 neque
982 2511 1061 2542 obli-

202 2557 308 2598 gatio:
334 2556 405 2595 quia
425 2564 528 2593 neque
549 2555 599 2585 hic
616 2555 789 2594 periculum
809 2554 839 2584 in
859 2552 887 2584 se
908 2552 1062 2593 suscepit;

204 2600 235 2629 (Sc
253 2597 325 2634 ille,
350 2605 447 2635 quum
469 2596 615 2635 sequutus
635 2594 678 2626 est
697 2595 784 2634 hujus
802 2594 983 2632 confilium,
1008 2592 1062 2624 suo

202 2639 323 2680 judicio
354 2637 448 2668 stetit.
495 2637 556 2668 Sed
585 2639 648 2667 hoc
674 2645 797 2667 certum
831 2634 904 2674 est,
942 2635 1062 2666 consilii

204 2690 269 2712 non
297 2679 492 2710 fraudulenti
519 2678 633 2710 nullam
658 2678 887 2718 obligationem
912 2676 993 2715 esse3
1017 2685 1062 2707 ct-

204 2720 288 2753 ianifi
321 2729 384 2751 uon
415 2720 564 2758 expediat
598 2720 625 2750 ei
651 2721 700 2750 cui
728 2719 861 2750 dabatur
881 2718 908 2760 ὃ.
930 2722 958 2749 6.
990 2716 1060 2759 lost.

205 2765 239 2795 cle
255 2763 413 2798 mamiato,
442 2760 461 2790 l.
481 2770 507 2791 2.
533 2760 561 2802 ἓ.
580 2761 633 2791 ult.
660 2759 690 2790 D
724 2761 782 2791 eod.
806 2761 852 2791 tit.
877 2761 974 2799 idque
994 2769 1061 2791 om·

207 2814 262 2836 nes
281 2806 464 2834 concedunt
483 2809 548 2832 tum
562 2824 570 2838 ‚
585 2802 604 2832 fi
623 2801 678 2832 tibi
694 2802 883 2841 generaliter
901 2800 1063 2839 suadeam,

207 2854 242 2877 ut
265 2845 414 2884 pecunias
442 2851 509 2874 tuas
535 2843 642 2883 potius
667 2843 697 2873 in
723 2843 903 2883 emptiones
928 2844 1062 2882 praedio·

207 2896 275 2919 rum
299 2885 461 2921 colloces,
485 2893 579 2924 quam
596 2883 756 2921 foeneres,
781 2884 830 2914 vel
849 2894 887 2914 ex
905 2883 1041 2914 diverso.

214 2957 215 2960 ,
246 2939 274 2964 4.
298 2927 359 2958 Sed
386 2925 537 2961 fingamus
555 2948 564 2963 ,
595 2935 648 2956 ine
673 2924 728 2955 tibi
748 2925 934 2955 nominatim
951 2924 1063 2955 consu-

207 2968 294 3001 laiffe
313 2991 322 3006 ‚
354 2975 388 2998 ut
409 2966 501 2998 Titio
521 2967 667 2997 crederes
682 2989 691 3003 ,
724 2975 784 2997 nec
808 2967 898 2997 aliter
916 2973 947 2997 te
968 2965 1063 2997 faetu-

208 3020 275 3041 runi
298 3009 413 3046 fuisse,
443 3007 497 3039 nili
522 3008 578 3039 tibi
611 3006 758 3038 hortator
788 3006 954 3045 suasorque
984 3008 1063 3038 exti-

209 3051 326 3082 tisscm:
351 3050 426 3090 quid
445 3050 603 3083 dicemus;
629 3048 810 3079 mandatum
830 3047 892 3079 ess'e
907 3049 923 3079 ἱ)
957 3048 1064 3079 hercle

209 3090 339 3122 censent
357 3091 464 3121 multi:
489 3090 540 3122 sed
565 3100 604 3121 ne
633 3097 760 3129 putem,
787 3088 894 3120 suadet
912 3087 1066 3129 Ulpianus

208 3132 229 3162 l.
250 3141 276 3162 2¹
301 3131 341 3161 D.
357 3134 389 3161 de
402 3132 608 3171 proxeneti'cis:
631 3132 662 3162 in
681 3140 742 3171 qua
760 3129 802 3161 fic
820 3129 898 3161 infit.
923 3130 1067 3170 Siproxe-

211 3178 278 3204 neta
299 3173 455 3203 intervenit
473 3174 607 3213 faciendi
623 3174 746 3204 nominis
762 3194 771 3210 ,
803 3178 836 3203 ut
861 3170 945 3202 inulti
954 3171 1068 3209 solent,

209 3215 383 3248 videamus,
415 3223 453 3243 ιιη
479 3212 562 3254 poffit
590 3212 672 3256 quasi
701 3214 853 3245 mandator
877 3211 997 3243 teneri?
1027 3211 1068 3242 Et

208 3264 265 3286 noiz
276 3259 348 3295 puto
368 3255 465 3286 teneri.
508 3255 688 3290 Proxeneta
705 3254 750 3290 cst
766 3254 904 3297 paratius
921 3252 972 3286 seu
990 3262 1068 3288 con:

774 140 1354 186 Gestiunthob'r

1088 235 1213 282 ciliator
1228 237 1432 279 perficiendis
1447 236 1602 279 negotiis:
1627 237 1706 270 solet
1725 239 1750 271 is
1768 239 1798 272 in
1814 242 1950 282 emptio—

1087 279 1178 310 nibus
1201 281 1463 318 venditionibus,
1486 280 1711 317 commerciis,
1735 279 1951 315 contractibus

1088 319 1183 352 licttis
1207 322 1317 352 utilem
1341 321 1371 352 se
1393 330 1457 352 non
1477 321 1680 361 improbabili
1705 331 1795 354 more
1820 324 1951 355 exhibe-

1088 370 1121 390 re
1144 361 1163 392 l.
1186 362 1241 393 ult.
1269 362 1310 394 D.
1333 366 1392 393 eoct.
1410 363 1456 393 tit.
1484 362 1563 394 solet
1580 365 1669 396 alite-i·
1688 373 1751 395 non
1771 365 1952 396 conti-aau-

1087 410 1140 432 ros
1159 400 1210 433 sua
1231 402 1428 444 persuafione
1455 413 1606 442 movere,
1639 412 1672 435 ut
1693 406 1823 436 credant
1841 415 1877 437 ac
1895 416 1952 438 noa

1087 443 1170 474 mina
1192 443 1321 475 faeiaiit.
1356 445 1420 476 hoc
1451 455 1535 477 enini
1559 446 1697 477 ostendit
1724 447 1844 478 Seneca
1870 446 1950 488 epist.

1090 492 1155 520 119.
1182 484 1229 516 his
1250 487 1363 518 vei-bis.
1409 486 1491 526 Opus
1517 490 1569 518 erit
1593 489 1643 518 tioi
1660 489 1795 518 creditore
1811 512 1820 526 ‚
1852 495 1884 520 ut
1902 498 1952 519 ne·

1083 525 1292 567 gotiurz'pqffis
1308 550 1317 565 ,
1348 536 1383 558 aes
1408 528 1534 558 alienum
1549 530 1647 569 fuctus
1673 536 1804 569 oportet,-
1829 530 1879 569 sed
1901 540 1951 561 no-

1090 569 1115 597 lo
1132 591 1141 604 ,
1161 576 1211 607 per
1232 568 1431 608 interceſjbrem
1448 572 1603 609 mutueris,
1633 571 1694 601 nole
1718 577 1877 611 proxenetae
1902 581 1952 602 no-

1091 617 1155 638 men
1179 614 1262 639 tuum
1278 610 1414 650 jactent:
1439 617 1578 650 puratum
1611 613 1661 642 libi
1686 614 1848 642 [reilitorem
1871 614 1952 644 (tubo.

1091 649 1154 680 Hic
1174 657 1278 681 tamen
1299 660 1473 689 proxeneta
1497 652 1517 683 ii
1543 654 1713 684 intervenit
1735 653 1872 685 faciendi
1897 663 1954 684 no-

1092 693 1182 722 minis
1197 715 1207 730 ,
1238 690 1454 728 (Graecismus
1477 693 1522 724 est
1547 703 1675 725 n0tatus
1707 695 1755 729 ab?
1778 695 1953 735 Augustino

1091 732 1139 762 lib.
1165 742 1191 764 2.
1224 732 1378 764 Emendat.
1411 742 1472 774 cop.
1498 741 1618 776 laefptig.
1645 745 1692 771 99.
1726 735 1761 769 ἐξ)
1784 737 1869 776 seq.)
1901 736 1954 767 hic

1092 781 1288 819 proxeneta,
1316 775 1465 815 inquam,
1498 775 1518 807 fi
1540 777 1714 807 intervenit
1730 776 1869 807 faciendi
1893 786 1952 808 no-

1091 816 1183 846 minis
1205 818 1320 851 caula,·
1354 822 1382 847 ot
1408 826 1512 857 partes
1539 819 1575 848 ad
1599 818 1855 849 contrahendum
1888 827 1956 858 per-

1091 855 1228 887 suasione
1248 856 1297 887 sua
1316 857 1460 890 induitit:
1485 868 1580 898 negat
1601 858 1755 899 Ulpianus
1775 882 1784 898 ‚
1815 869 1888 890 eum
1908 868 1956 890 te·

1092 898 1180 937 neri3
1205 898 1233 928 ὅ(
1252 899 1339 929 addit
1353 903 1495 937 caulam,
1519 909 1592 939 quia
1613 902 1710 940 inagis
1730 900 1881 932 monstrat
1898 910 1955 932 no-

1092 947 1163 970 men
1179 961 1188 978 ,
1223 948 1316 977 quam
1342 941 1496 978 mandat3
1528 942 1648 973 tametsi
1668 943 1799 974 laudet:
1833 943 1864 973 id
1888 942 1954 982 est,

1092 981 1165 1020 quia
1190 990 1252 1011 non
1276 980 1321 1011 est
1345 981 1411 1023 hoe
1427 982 1534 1012 animo
1551 1006 1560 1019 ‚
1592 992 1624 1013 ut
1644 986 1794 1022 mandet,
1817 983 1847 1014 ὃ(
1871 985 1957 1024 peri-

1093 1023 1199 1052 culum
1220 1030 1372 1061 reeipiat3
1397 1022 1449 1053 sed
1469 1024 1588 1061 lolum,
1612 1034 1645 1054 ut
1662 1024 1835 1062 monstret,
1861 1025 1957 1065 quale

1093 1062 1138 1094 fit.
1183 1062 1249 1105 Qui
1276 1065 1369 1103 igitui-
1393 1062 1557 1095 consilium
1579 1067 1631 1095 dat
1659 1067 1755 1097 etiarn
1777 1066 1867 1097 aliter
1889 1075 1956 1098 non

1094 1106 1299 1135 contr-acturo
1322 1114 1394 1136 cuni
1414 1103 1526 1144 Titio,
1551 1106 1639 1137 verbi
1663 1108 1782 1148 gratia,
1806 1116 1878 1138 eum
1901 1117 1956 1139 ne-

1095 1153 1147 1186 gat
1177 1144 1328 1186 Ulpianus
1352 1147 1491 1178 mandati
1519 1148 1620 1178 teneri
1642 1157 1649 1178 ε
1680 1149 1754 1187 quia
1780 1156 1845 1179 non
1871 1157 1957 1180 man·

1096 1189 1167 1225 dat,
1190 1187 1240 1218 sed
1260 1187 1384 1220 suadet:
1416 1189 1511 1228 longe
1535 1197 1640 1219 autem
1662 1190 1745 1221 aliud
1763 1189 1808 1220 est
1833 1191 1959 1221 manda-

1096 1238 1150 1267 re,
1174 1229 1256 1259 aliud
1282 1228 1408 1260 suadere
1425 1229 1455 1260 <Sc
1480 1229 1655 1260 monstrare
1682 1241 1742 1271 arg.
1768 1231 1787 1262 l.
1814 1240 1837 1262 1.
1860 1231 1890 1272 ὃ.
1911 1240 1960 1270 14.

1097 1280 1139 1302 μ.
1165 1268 1292 1309 Depofitz‘
1315 1271 1360 1301 vel
1384 1278 1491 1302 contra.
1535 1269 1623 1302 ldem
1647 1272 1724 1302 dicit
1751 1271 1904 1313 Ulpianus
1926 1273 1960 1306 d}

1095 1311 1113 1342 l.
1136 1321 1163 1343 2.
1193 1311 1214 1343 si
1240 1312 1358 1352 aliquid
1383 1311 1631 1353 philanthropia?
1664 1314 1795 1345 nomine
1825 1323 1960 1354 accepe-

1096 1354 1161 1384 rit:
1194 1352 1429 1394 philanthropia
1452 1353 1497 1385 est
1527 1354 1703 1386 humanitas
1729 1355 1758 1386 &
1783 1355 1960 1387 dexteritas

1094 1395 1146 1426 seu
1164 1395 1392 1426 benevolentia
1411 1394 1557 1426 adversus
1575 1405 1687 1427 omnes
1712 1396 1860 1427 homines
1885 1405 1960 1437 pro—

1094 1436 1235 1468 miscua:
1266 1445 1300 1467 ut
1326 1430 1415 1477 su'pra
1437 1437 1559 1468 ostendi
1591 1438 1637 1468 lib.
1661 1447 1685 1469 1.
1709 1447 1734 1469 c.
1753 1448 1780 1477 7.
1807 1437 1960 1477 quamob-

1095 1488 1162 1509 rem
1180 1501 1189 1516 ‚
1227 1479 1346 1518 absque
1386 1479 1643 1509 renumeratione
1681 1474 1960 1511 esset-confilium

1096 1527 1306 1560 proxenetae,
1338 1520 1410 1560 quia
1436 1529 1500 1551 non
1528 1519 1615 1552 foret
1639 1521 1820 1551 mandatum
1840 1544 1849 1558 ,
1882 1519 1960 1551 defi-

1095 1563 1202 1592 ciente
1234 1560 1413 1593 consensu:
1444 1560 1607 1602 sequitur,
1649 1571 1683 1592 ut
1713 1572 1752 1592 ne
1785 1562 1960 1593 honorario

1096 1603 1224 1642 quidem
1244 1603 1480 1634 interveniente
1503 1604 1684 1635 mandatum
1708 1601 1780 1634 fiat:
1804 1603 1875 1642 quia
1902 1603 1960 1634 ho-

1096 1654 1155 1676 nos
1170 1644 1390 1675 remunerandi
1415 1643 1503 1675 causa
1521 1644 1680 1680 liabetur;
1712 1654 1777 1675 non
1799 1652 1832 1674 ut
1851 1653 1899 1675 res
1922 1643 1961 1676 fit

1097 1685 1241 1726 periculo
1282 1693 1492 1725 proxenetae3
1531 1695 1591 1717 nec
1622 1685 1705 1725 quasi
1738 1694 1962 1725 argumentum

1098 1727 1254 1759 contracti
1283 1727 1433 1758 mandati.
1486 1725 1588 1765 Hoc,
1619 1726 1641 1758 fi
1667 1728 1735 1768 quis
1762 1726 1831 1759 usus
1854 1726 1890 1758 fit
1908 1734 1964 1758 aut

1089 1769 1237 1810 suadendi
1255 1768 1374 1807 verbo,
1397 1776 1451 1799 aut
1467 1768 1639 1808 consulendi.

1136 1821 1164 1851 5.
1190 1809 1278 1851 Quid
1296 1832 1306 1847 ‚
1337 1808 1357 1840 fi
1385 1810 1528 1847 dixerit,
1559 1811 1661 1841 mando
1680 1809 1697 1841 ἰ)
1728 1810 1870 1842 nondum
1902 1810 1964 1842 eric

1096 1852 1305 1889 mandatum3
1336 1849 1358 1881 fi
1381 1851 1435 1881 tibi
1460 1851 1590 1882 mandet
1610 1859 1733 1882 tantum
1765 1860 1817 1883 tua
1841 1853 1960 1893 gratia:

1099 1903 1171 1925 nam
1197 1891 1424 1932 supervacuum
1455 1891 1500 1923 est
1528 1902 1563 1923 ea
1588 1894 1620 1924 in
1647 1892 1751 1933 specie
1775 1897 1961 1926 mandatum

1093 1942 1141 1976 pr.
1167 1932 1238 1974 Inft.
1259 1935 1291 1963 de
1307 1935 1465 1969 murztiat03
1490 1943 1604 1973 resque
1627 1935 1759 1974 perinde
1781 1936 1961 1975 accipitur,

1100 1975 1183 2016 quasi
1202 1973 1366 2005 confilium
1391 1973 1446 2013 fit,
1471 1974 1501 2005 ἀ
1527 1976 1570 2006 ob
1593 1975 1624 2006 id
1643 1976 1870 2016 obligatorium
1895 1983 1967 2008 non

1100 2017 1146 2049 sit.
1171 2015 1405 2057 quamobrem?
1428 2017 1500 2054 quia
1515 2037 1523 2053 ,
1546 2025 1618 2047 cum
1635 2023 1687 2047 tua
1705 2017 1833 2048 interest
1851 2041 1861 2056 ,
1893 2027 1965 2049 mea

1100 2067 1165 2090 non
1184 2055 1331 2094 interest,
1356 2066 1404 2088 res
1421 2057 1465 2087 tui
1485 2058 1603 2088 arbitrii
1623 2057 1686 2096 est,
1709 2066 1774 2089 non
1798 2060 1870 2089 mei.
1895 2068 1960 2099 ego

1100 2099 1171 2131 saiie
1195 2108 1251 2129 cur
1273 2107 1385 2138 cogam
1409 2106 1440 2128 te
1458 2121 1468 2135 ‚
1500 2106 1535 2129 ut
1561 2100 1591 2129 iri
1616 2108 1650 2129 re
1677 2107 1727 2129 tua
1753 2099 1850 2130 facias
1872 2099 1963 2140 quod

1101 2141 1203 2179 nolis,
1229 2148 1331 2179 neque
1348 2138 1468 2170 causam
1488 2139 1610 2178 habeo,
1634 2149 1739 2180 neque
1762 2140 1963 2173 facultatem.

1102 2182 1153 2214 sed
1178 2183 1206 2212 <St
1230 2181 1250 2212 fi
1270 2189 1335 2211 rem
1354 2189 1436 2211 tuam
1461 2180 1612 2222 gess'eris,
1637 2181 1665 2212 &
1685 2182 1833 2213 damnum
1861 2182 1964 2222 pass'us

1101 2223 1229 2261 fueris3
1260 2222 1337 2252 nihil
1363 2221 1407 2253 est
1437 2224 1523 2262 quod
1555 2221 1682 2254 accuses
1707 2233 1810 2255 meam
1843 2225 1964 2264 impru-

1102 2266 1269 2297 dentiam:
1301 2272 1372 2294 cum
1398 2263 1501 2304 egeris
1527 2270 1611 2295 tuam
1643 2264 1764 2296 causam
1791 2271 1848 2296 tuo
1874 2266 1965 2305 jure;

1104 2307 1132 2338 ὅ(
1155 2306 1298 2346 potueris
1315 2314 1370 2344 per
1393 2313 1425 2336 te
1445 2303 1508 2345 ipse
1529 2308 1714 2345 explorare,
1747 2307 1823 2346 quid
1847 2316 1887 2338 ex
1911 2306 1964 2338 usu

1104 2356 1160 2380 tuo
1178 2347 1263 2379 effet.
1310 2346 1380 2384 Sic,
1403 2345 1424 2378 fi
1443 2347 1542 2387 palam
1564 2356 1626 2378 non
1646 2348 1823 2388 receperim
1842 2348 1965 2388 pericu-

1103 2390 1179 2422 lum.
1222 2389 1327 2425 Idem,
1351 2387 1370 2419 si
1389 2389 1583 2429 receperim,
1607 2388 1735 2420 austore
1755 2388 1850 2420 Celso
1872 2389 1891 2420 l.
1909 2394 1962 2428 48.

1103 2432 1131 2474 §.
1148 2431 1201 2462 ult.
1228 2429 1269 2460 D.
1295 2429 1434 2460 sssmzslatt'
1450 2429 1495 2460 ‘uel
1512 2438 1617 2461 contra.
1643 2431 1686 2461 ait
1709 2431 1792 2462 enim
1812 2453 1821 2467 ,
1850 2430 1871 2461 fi
1888 2454 1898 2469 ‚
1929 2437 1966 2462 ut

1105 2473 1162 2504 tibi
1185 2472 1347 2512 negotium
1372 2480 1461 2511 geras
1479 2494 1488 2508 ‚
1520 2472 1666 2502 mandem
1686 2471 1743 2503 tihi
1761 2494 1771 2510 ,
1801 2471 1830 2502 ὅ(
1849 2479 1883 2502 ut
1901 2471 1967 2502 cui·
2008 2477 2009 2480 ’

1105 2515 1153 2546 vis
1181 2514 1289 2544 credas
1306 2535 1314 2550 ‚
1346 2520 1379 2542 tu
1405 2513 1538 2551 recipias
1565 2511 1668 2543 usuras
1685 2537 1694 2552 ,
1726 2513 1901 2554 periculum
1926 2511 1967 2544 ad

1105 2565 1156 2588 me
1189 2555 1371 2595 pertineat,
1413 2561 1501 2585 extra
1534 2554 1670 2585 mandati
1706 2553 1842 2585 formam
1877 2553 1966 2586 esse:

1107 2595 1375 2635 quemadmodum
1399 2593 1420 2625 fi
1446 2594 1590 2625 mandem
1612 2617 1621 2632 ‚
1661 2604 1694 2626 tit
1730 2596 1785 2626 tibi
1820 2595 1967 2635 quemvis

1105 2638 1242 2670 fundum
1262 2645 1364 2667 emas:
1388 2635 1465 2674 tibi,
1490 2636 1636 2674 itiquam;
1660 2634 1701 2667 fic
1719 2637 1802 2667 enim
1827 2636 1966 2667 Halonn-

1106 2680 1162 2711 der
1186 2679 1270 2717 edit,
1294 2678 1324 2709 δι
1348 2676 1450 2708 sensus
1475 2676 1631 2717 postulat3
1656 2677 1711 2709 etfi
1736 2677 1907 2709 Florentiae
1924 2678 1967 2708 le-

1105 2729 1197 2763 gatur
1212 2720 1291 2750 nzz‘oz'.

1145 2766 1175 2794 6.
1200 2763 1243 2792 At
1260 2759 1412 2801 Ulpianus
1433 2758 1537 2791 obstat
1561 2759 1579 2789 l.
1598 2762 1626 2790 6.
1655 2759 1683 2802 §
1701 2770 1731 2800 5.
1757 2759 1798 2791 D.
1823 2759 1967 2792 Mandati

1105 2804 1152 2835 vel
1169 2808 1268 2834 contra
1286 2825 1296 2841 ,
1327 2810 1423 2842 quum
1447 2801 1500 2832 ait.
1545 2801 1578 2832 Si
1594 2802 1647 2832 tibi
1669 2803 1863 2840 mandavero,
1893 2801 1967 2843 quod

1107 2852 1158 2876 tua
1176 2846 1315 2875 intererat
1332 2865 1341 2880 ‚
1372 2842 1452 2873 nulla
1475 2843 1528 2873 erit
1553 2844 1686 2873 mandati
1700 2843 1772 2874 ιιὲἶῐο
1790 2866 1799 2880 ,
1829 2841 1884 2881 mfi
1905 2851 1968 2873 mea

1107 2895 1216 2928 quoque
1240 2884 1375 2923 interfuit
1395 2894 1404 2913 :
1434 2882 1528 2920 autfi
1544 2893 1601 2914 non
1628 2883 1694 2924 effes
1709 2884 1853 2924 facturus
1869 2907 1879 2923 ,
1910 2881 1967 2921 nifi

1106 2937 1154 2969 ego
1170 2925 1360 2966 mandoffem,
1388 2923 1471 2966 [55⁷³]
1489 2927 1516 2962 Jz
1535 2934 1596 2956 mea
1614 2935 1671 2956 non
1692 2927 1848 2964 interfuit,
1870 2931 1967 2955 tamen

1105 2971 1159 2999 erit
1181 2968 1312 3000 mandati
1334 2966 1417 2997 attio.
1460 2966 1614 3005 soletque
1639 2968 1821 3007 exemplum
1844 2966 1967 3006 postre-

1106 3011 1148 3041 mi
1173 3008 1258 3041 casus
1283 3008 1348 3049 peti
1370 3017 1409 3038 ex
1432 3007 1451 3037 l.
1468 3017 1517 3048 32.
1543 3007 1583 3038 I).
1607 3010 1665 3040 eod.
1689 3009 1734 3039 tit.
1778 3008 1897 3039 Verum
1923 3006 1966 3037 vi-

1110 3051 1264 3088 deamus,
1302 3059 1341 3080 ne
1364 3048 1587 3089 conjungenda
1613 3048 1649 3080 iit
1680 3049 1799 3089 species
1829 3050 1857 3078 d.
1887 3048 1906 3090 §
1934 3057 1965 3085 5.

1110 3101 1183 3123 cum
1210 3101 1246 3123 ea
1272 3099 1341 3130 quae
1358 3091 1510 3129 praeeedit
1533 3090 1560 3132 §.
1581 3100 1609 3129 4.
1634 3091 1665 3121 in
1685 3099 1749 3130 quo
1770 3091 1890 3121 dixerat
1912 3087 1968 3119 Ui-

1111 3133 1231 3172 pianus.
1274 3132 1307 3163 St·
1327 3132 1380 3162 tibi
1397 3133 1589 3170 mandavero,
1612 3132 1687 3172 quod
1709 3140 1770 3162 mea
1795 3141 1851 3161 non
1865 3132 1968 3161 intere-

1110 3180 1168 3205 rat.
1214 3174 1260 3206 Ita
1277 3172 1445 3204 Florentiae
1462 3173 1593 3213 legitur:
1618 3171 1765 3203 &sensus
1784 3172 1828 3203 est
1847 3195 1857 3210 ,
1880 3171 1910 3202 Si
1933 3170 1971 3201 ti-

1110 3214 1142 3245 bi
1165 3215 1358 3247 mandavero
1377 3222 1497 3246 tantum
1514 3214 1614 3244 aliena
1631 3216 1727 3253 gratia
1745 3237 1755 3253 ,
1786 3222 1851 3244 noii
1873 3212 1969 3243 etiam

1110 3264 1200 3296 mea,
1224 3265 1329 3298 neque
1353 3264 1424 3294 tua;
1453 3254 1572 3293 veluti,
1605 3263 1639 3285 ut
1657 3264 1715 3295 pro
1739 3255 1812 3294 sejo
1834 3254 1971 3298 interve-

1884 3302 1972 3333 nias,
