2036 3495
348 102 409 137 An
438 100 529 136 Liu.
566 97 698 134 XXVI.
735 97 838 132 T1T.
869 95 916 132 V.
944 95 993 131 De
1017 103 1111 133 tutor.
1133 94 1175 136 ὃ)
1191 106 1290 134 curat.
1309 101 1427 135 annali
1446 101 1492 135 liis
1511 102 1578 141 ἔῃ
1788 123 1856 155 14:5⁵

725 188 1077 230 T1Tu'tus

1136 195 1183 231 V.

212 291 262 325 Dc
280 290 430 324 timoribus
450 287 490 329 ὃ)
506 286 696 323 curatoribus
715 285 796 318 daris
813 285 853 317 ab
874 285 919 317 his
933 285 1046 331 qiiijus
1063 285 1156 319 dandi
1173 287 1302 322 hahens:
1328 287 1370 328 ὅ)
1387 291 1438 335 qni
1448 317 1458 333 ,
1487 287 1528 329 &⁴
1545 291 1577 326 iit
1595 294 1703 339 quilius

691 332 785 378 causis
791 331 970 379 specialiter
987 335 1058 367 dari
1076 333 1206 380 pigffi'iizt.

136 434 260 477 xpofita
276 435 374 467 tutela
403 430 633 477 testamentaria
658 429 687 461 δι
707 428 873 473 legitima,
898 437 939 460 ex

64 436 136 512 E
157 478 269 509 ordine
291 477 426 515 sequitur
441 473 587 506 Atiliana.
611 470 656 502 est
672 471 740 502 haec
756 471 874 511 species
892 477 939 501 tu-

65 520 139 550 tclae
155 519 287 550 dativae:
311 517 386 548 ideo
409 513 544 547 Atiliana
571 513 749 557 appellata,
774 521 808 543 ut
832 511 937 557 Ulpia-

63 570 123 592 nus
138 560 182 592 ait
206 561 237 591 in
263 557 374 598 Fragm.
395 558 441 588 tit.
460 565 512 601 XI..
529 555 559 597 ᾗ.
587 560 632 589 18.
655 563 725 593 quia
748 552 819 584 Lex
843 553 938 583 Atilia

62 602 173 642 jubet,
203 598 406 638 mulieribus,
438 598 629 639 pupillisque
652 601 775 626 tutores
790 603 861 640 'non
882 593 938 624 ha-

67 643 236 679 bentibus,
259 648 381 672 tutores
399 640 464 672 dari
487 648 505 670 a
519 638 659 670 Praetore
682 636 711 666 δε
735 644 856 682 majore
872 644 940 676 par-

64 694 100 716 te
114 682 337 715 Tribunorum
359 681 479 713 Plebis.
502 679 567 711 hoc
592 682 632 710 de
654 686 795 709 nomine.
822 675 866 707 Ut
888 685 938 708 res

64 725 281 766 intelligatur,
313 722 485 755 Rubricatn
508 719 647 753 dividam
672 722 704 750 iti
729 726 793 763 tres
819 724 935 758 partes.

63 766 165 808 prima
190 765 350 802 ostendit,
379 764 433 805 qui
465 763 601 795 habeant
618 762 667 802 jus
694 760 789 791 dandi
816 766 936 790 tutores

63 815 291 840 curatoresve:
314 807 432 846 altera,
455 805 509 846 qui
532 804 645 844 poffint
662 809 785 833 tutores
807 808 861 831 aut
883 809 938 831 cu-

63 857 185 882 ratores
204 849 289 880 dari:
314 848 426 886 tertia,
450 847 482 878 in
498 846 613 886 quibus
629 842 726 876 caufis
742 848 866 873 tutores
882 849 938 873 aut

61 898 227 923 curatores
245 888 420 929 specialiter
434 889 559 920 dentur.
802 924 808 930 .
853 923 860 929 ,

110 931 145 964 In
161 931 261 971 prima
284 929 458 967 quaestione
481 927 621 961 notanda
643 926 714 958 haec
735 924 861 971 Ulpiani
884 932 933 955 re-

61 973 135 1013 gula
151 973 181 1003 in
204 972 222 1002 l.
239 976 268 1003 6.
286 971 315 1013 §.
329 983 356 1002 α.
375 972 416 1002 D.
431 972 464 1002 de
480 971 586 1002 iuiezis.
612 967 729 1000 Tutoris·
748 967 827 997 dario
842 974 934 1012 neque

63 1015 175 1055 imperii
190 1011 246 1053 est,
269 1023 358 1054 mque
375 1011 604 1054 jurisdiflionii',
623 1010 673 1049 sed
687 1010 713 1039 ei
729 1007 779 1046 soli
800 1012 933 1047 competit

63 1057 114 1086 cui
134 1055 303 1086 nominatim
320 1055 371 1085 hoc
392 1055 469 1085 dedic
489 1053 535 1084 vel
559 1052 623 1084 Lex
638 1073 649 1090 ,
671 1050 717 1081 vel
739 1049 933 1095 §eiiam-tcon-

59 1096 192 1138 sulcum,
214 1097 263 1127 vel
287 1096 432 1137 Princeps.
475 1093 596 1137 Finem⁴
612 1091 727 1138 regula:
742 1091 863 1122 indicat
884 1089 932 1120 lo-

62 1139 95 1169 ci
113 1137 292 1176 Inscriptio:
318 1146 389 1177 qua:
406 1136 450 1168 est
467 1145 507 1167 ex
525 1136 650 1175 Ulpiani
672 1133 727 1164 lib.
743 1136 793 1178 38.
810 1139 863 1162 aut
878 1139 930 1172 39.

62 1179 115 1211 Ad
132 1178 289 1210 Edictmn.
321 1187 432 1209 extant
455 1179 540 1209 enini
569 1184 708 1216 utroque
737 1174 819 1205 libro
841 1181 931 1219 corri-

61 1220 154 1260 plura
169 1220 208 1251 ad
233 1220 365 1251 tutelam
388 1220 525 1250 dativam
551 1215 756 1262 pertinentia.
798 1212 931 1259 Exposi-

63 1270 154 1293 turus
189 1261 283 1301 igitur
313 1261 467 1292 alterutro
498 1260 579 1291 libro
615 1258 790 1303 Ulpianus,
816 1255 930 1302 quibus

60 1300 299 1343 magistratibus
319 1302 454 1342 ianrbe
469 1309 570 1345 atque⁴
583 1300 614 1344 in
630 1298 806 1345 Provinciis
824 1295 860 1327 fic
881 1305 930 1336 Jus

61 1344 155 1375 dandi
172 1343 302 1374 tutoris:
325 1350 399 1373 ante
417 1343 522 1373 omnia
539 1339 762 1379 dixit‚nullius
779 1336 841 1384 else
858 1336 929 1382 Ma-

58 1384 203 1424 gistratus
225 1393 292 1422 Jure
322 1383 362 1413 sui
388 1383 616 1423 Magistratus:
645 1381 678 1412 id
703 1379 768 1426 est,
804 1380 928 1424 idcirco

60 1425 149 1465 quod
175 1424 244 1455 sunt
271 1423 494 1465 Magistratus,
532 1424 563 1455 ἃ
585 1422 706 1454 habeut
734 1429 925 1461 imperium,

55 1473 112 1496 aut
127 1465 386 1505 iurisdietionem.
410 1466 440 1496 &
459 1465 541 1496 hanc
557 1463 650 1508 'addit
675 1462 815 1509 causpm²
838 1463 928 1507 quod

59 1507 172 1538 tutoris
194 1507 281 1536 datio
305 1515 370 1537 uon
387 1506 433 1537 est
454 1505 595 1545 imperii,
618 1512 724 1544 neque
743 1504 929 1549 jurisdictio-

60 1548 110 1579 nis
133 1555 259 1577 eorum:
285 1545 338 1577 sed
352 1546 399 1577 est
417 1556 457 1578 ex
473 1547 521 1578 his
538 1554 609 1586 quae
631 1544 700 1576 sunt
711 1543 856 1588 *specialis
873 1545 929 1576 de-

58 1588 237 1629 legationis.
259 1586 419 1627 competit
435 1586 530 1628 igitur
551 1587 580 1618 ei
596 1586 652 1618 soli
667 1594 719 1617 cui
740 1585 808 1617 hoc
824 1587 927 1618 nomi-

58 1629 159 1661 natim
177 1629 266 1660 dedit
284 1629 336 1659 vel
354 1628 443 1668 Lex,
466 1629 516 1660 vel
534 1625 928 1666 Senatusconsultuiii‚vel

59 1670 224 1711 Princeps.
247 1670 300 1702 Sic
315 1679 394 1701 vero
409 1679 475 1702 non
492 1677 603 1711 negat,
617 1669 732 1702 tutoris
746 1669 929 1709 dationem,

58 1708 226 1752 postquam
244 1711 290 1742 est
305 1710 399 1743 alicui
424 1712 494 1743 data
517 1710 628 1752 Lege,
649 1711 702 1742 vel
717 1709 930 1757 §enatuscon-

56 1752 140 1785 sulto
149 1775 160 1791 ‚
183 1752 237 1784 vel
255 1752 494 1785 Constitutione
504 1775 514 1791 ,
524 1752 586 1785 effe
601 1752 726 1794 imperii
742 1759 796 1784 aut
808 1753 930 1793 jurisdi-

60 1793 186 1826 &ionis
203 1794 420 1834 (contrarium
438 1795 525 1827 enim
541 1803 653 1827 verum
668 1793 733 1834 est)
745 1793 799 1838 sed
815 1802 930 1835 negat,

58 1844 130 1867 eam
144 1834 205 1866 effe
221 1834 371 1867 ordinarii
388 1835 513 1876 imperii
537 1842 591 1868 aut
614 1836 782 1868 ordinariae
806 1836 931 1876 iurisdi-

59 1876 192 1916 &ionis3
215 1875 247 1908 id
264 1875 327 1915 est,
349 1886 462 1917 negat,
485 1877 518 1909 vi
531 1876 656 1919 imperii
677 1882 732 1908 aut
744 1876 932 1916 iurisdictio·

56 1920 106 1950 nis
128 1917 289 1959 pertinere
305 1919 345 1950 ad
362 1918 566 1960 Magistratus
587 1918 702 1959 quibus
727 1927 793 1949 non
817 1917 855 1950 fit
877 1928 931 1951 ex·

57 1968 106 1990 tra
124 1960 268 1990 ordinem
285 1959 432 1991 concessa
450 1960 501 1991 vel
527 1958 616 2000 Lege
638 1960 691 1991 vel
714 1958 930 1992 Senatuscon-

56 2001 137 2032 sulto
148 2023 159 2038 ,
183 2001 234 2031 vel
252 2000 406 2041 Principis
422 2000 671 2033 Constitutione.
692 1999 755 2032 Sed
771 2000 836 2033 hoc
851 2001 929 2034 olim

60 2041 157 2074 docui
171 2042 218 2073 lib.
241 2051 267 2073 1.
289 2041 337 2072 De
347 2041 499 2083 jurisdicr.
516 2041 552 2076 ὅ)
566 2043 666 2083 imper.
683 2051 707 2072 c.
726 2050 753 2073 1.

103 2082 201 2114 Nunc
217 2083 337 2114 tradam
354 2082 457 2124 Leges
473 2084 588 2123 quibus
611 2083 725 2115 tutoris
746 2082 836 2115 datio
857 2083 929 2116 Ma-

56 2123 237 2165 gistratibus
261 2123 297 2154 sit
320 2125 433 2156 delata.
456 2124 555 2165 prima
577 2125 638 2156 fuit
661 2124 774 2156 Atilia:
794 2125 929 2165 iubens,

58 2173 184 2196 tutores
200 2165 232 2196 iu
248 2164 337 2197 Urbe
354 2165 418 2197 dari
434 2175 451 2197 a
468 2165 609 2198 Praetore
627 2164 761 2197 Urbano
777 2166 807 2198 ὅ(
830 2167 929 2208 majo-

55 2216 91 2238 re
108 2213 197 2248 parte
212 2205 433 2238 Tribunorum
450 2206 565 2240 Plebis.
589 2208 619 2239 δι
634 2206 679 2239 est
694 2207 876 2249 exemplum
899 2217 930 2239 a-

54 2250 123 2288 pud
147 2247 275 2278 Livium
300 2248 348 2278 lib.
368 2258 416 2288 39.
441 2258 465 2279 c.
490 2258 519 2285 9.
562 2248 626 2281 Sed
647 2249 719 2289 quia
740 2247 811 2280 Lex
833 2249 929 2281 Atilia

55 2297 179 2321 tantum
198 2288 309 2320 Romae
333 2289 472 2321 habebat
487 2291 615 2329 locum,
638 2289 755 2321 deinde
770 2288 860 2331 Lege
879 2290 930 2331 Ju-

55 2329 96 2361 lia
119 2330 149 2361 «St
164 2329 253 2361 Titia
277 2331 476 2371 prospectum
501 2331 561 2362 est:
583 2340 619 2363 ut
637 2332 669 2362 in
693 2330 872 2363 Provinciis
895 2332 930 2364 fi-

55 2371 176 2403 militer
198 2378 319 2403 tutores
337 2382 354 2403 a
372 2371 554 2405 Praefidibus
568 2381 676 2405 earum
693 2373 852 2405 darentur.
876 2383 930 2406 au-

58 2412 129 2443 Ctor
149 2411 301 2453 Ulpianus
323 2414 351 2444 d.
368 2414 416 2445 iz't.
430 2423 476 2445 XI.
499 2413 529 2455 §2
548 2418 595 2449 18-
619 2414 650 2446 ἁ
672 2413 859 2454 justinianus
879 2421 928 2456 pr.

58 2451 132 2492 Insi.
148 2455 180 2484 de
197 2454 324 2485 Atilian.
343 2460 398 2486 rut.
422 2455 476 2495 qui
494 2456 524 2486 in
548 2455 577 2496 §.
601 2466 631 2497 3.
652 2456 758 2488 addit:
782 2457 868 2496 quod
886 2465 928 2488 eir

59 2491 110 2522 his
136 2493 272 2534 Legibus
305 2503 427 2527 tutores
450 2495 608 2528 desierunt
641 2497 734 2529 dari:
764 2497 930 2538 postquam

60 2532 215 2565 Consules
230 2545 396 2576 coeperunt
414 2537 540 2577 pupillis
557 2537 723 2578 utriusque
740 2538 831 2570 sexus
846 2546 929 2570 tuto-

60 2584 112 2605 res
128 2573 201 2620 dare
217 2585 256 2606 ex
273 2577 482 2617 inquisitione.
505 2578 624 2611 facium
643 2580 674 2611 id
693 2577 930 2612 Constitutione

60 2614 209 2654 Claudii,
241 2617 338 2649 refert
355 2619 526 2652 Suetonius
555 2621 675 2652 Claudio
696 2631 721 2652 c.
749 2631 799 2662 23.
830 2622 860 2653 δι
884 2622 929 2654 est

59 2657 245 2695 exemplum
264 2660 346 2697 apud
360 2660 495 2692 Plinium
510 2662 559 2693 lib.
575 2672 602 2699 9-
625 2661 717 2702 Epist.
737 2672 784 2703 ¹3·
816 2662 930 2695 Postea

58 2696 104 2729 D.
124 2698 271 2743 Marsus,
295 2697 448 2745 Oratione
469 2702 499 2733 in
515 2702 632 2734 Senatu
651 2704 754 2735 habita
771 2726 781 2743 ,
804 2712 839 2735 ut
862 2704 930 2736 dili·

58 2746 186 2779 gentius
210 2740 250 2770 de
274 2741 431 2772 tutoribus
455 2743 657 2781 tractaretur,
682 2745 858 2777 Praetorem
880 2754 930 2778 tu-

60 2780 193 2825 telarem
220 2781 339 2820 primus
364 2781 505 2815 instituit.
534 2785 618 2817 testis
641 2786 842 2823 Capitolinus
858 2809 869 2825 ,
898 2787 930 2818 in

59 2830 73 2850 ε
90 2831 121 2852 us
137 2822 203 2852 viia
220 2832 243 2852 c.
260 2831 291 2853 x.
335 2822 493 2856 Orationis
515 2827 658 2859 meminit
681 2827 837 2867 Ulpianus
860 2828 880 2860 l.
902 2837 929 2860 1.

61 2831 90 2903 ἐ.
113 2871 137 2894 i.
161 2861 204 2908 D.
220 2863 245 2893 h.
267 2869 288 2895 t.
333 2863 443 2896 Movit
467 2876 543 2898 vero
574 2867 616 2900 D.
641 2869 811 2900 Marcum:
843 2869 932 2910 quod

57 2910 149 2943 iupra
167 2904 257 2936 distis
275 2904 415 2946 Legibus
432 2916 536 2948 neque
551 2909 590 2940 de
605 2910 761 2949 exigenda
783 2920 799 2941 a
822 2918 932 2942 tutore

60 2946 212 2976 cautione
229 2969 238 2984 ‚
274 2956 340 2978 rem
365 2948 477 2987 pupilli
500 2948 613 2982 salvam
637 2951 728 2989 fore,
756 2961 864 2992 neque
887 2952 928 2983 de

60 2987 294 3026 compellendis
320 2989 479 3020 tutoribus
498 2991 535 3022 ad
557 2993 666 3023 tutelae
690 2993 929 3025 administratio-

58 3036 132 3058 nem
156 3029 336 3060 cavebatur.
389 3029 422 3062 ld
453 3030 599 3064 observat
626 3033 812 3073 justinianus
839 3034 870 3076 ἓ.
897 3045 927 3075 3.

59 3068 177 3109 Ιη]ἐ.-ὶτ,
198 3076 217 3100 t.
246 3070 296 3102 sed
315 3071 343 3101 in
363 3071 389 3112 §.
415 3082 441 3107 ai.
469 3071 608 3113 subjicit,
630 3074 720 3106 fuiffe
738 3075 855 3107 deinde
872 3076 928 3107 ob-

57 3118 204 3150 rogatum
223 3110 369 3143 Orationi
391 3112 431 3144 l).
449 3112 571 3147 Marci:
594 3123 698 3147 utrum
719 3117 927 3156 moribus,an

56 3151 162 3193 ‚aliqua
190 3152 454 3190 Constitutione,
493 3164 557 3187 non
590 3158 749 3195 exprimit.
781 3165 927 3198 tantum,

56 3190 133 3224 Hoc
154 3194 222 3232 jure
238 3217 250 3236 ,
281 3196 400 3238 inquit,
435 3198 570 3239 utimur,
603 3208 636 3231 ut
662 3198 773 3234 Rome
798 3199 927 3242 quidem

981 427 1105 475 Praetor
1120 438 1175 462 aut
1190 429 1363 464 Praefectus
1381 437 1459 468 Urbi
1476 445 1598 470 tutores
1614 439 1708 471 dent:
1731 439 1761 472 in
1779 440 1857 473 Pro-

981 478 1095 514 uinciis
1114 481 1222 518 autem
1237 472 1405 509 praeficies:
1432 479 1584 519 Ulpianus
1600 483 1696 513 etiam
1713 481 1856 514 Procon-

981 510 1059 543 lules
1077 521 1220 544 nominat
1237 515 1255 545 l.
1278 525 1304 547 1.
1326 523 1373 556 pr.
1390 519 1432 550 D.
1451 521 1481 550 h.
1501 527 1524 551 t.
1548 520 1578 551 ἁ
1601 520 1632 553 in
1647 522 1676 564 §.
1700 532 1725 554 1.
1749 524 1855 563 addit,

981 551 1137 593 Legatum
1156 554 1357 602 Proconsulis
1375 570 1415 592 ex
1431 559 1588 593 Oratione
1613 562 1657 594 D.
1683 564 1785 596 Marci
1809 573 1856 596 tu-

980 599 1083 639 torem
1098 596 1189 627 dare:
1214 605 1325 638 utique
1349 603 1496 634 mandata
1517 612 1534 634 a
1557 602 1744 638 Proconsule
1762 606 1856 645 Juris-

979 635 1139 676 diCtione3
1163 645 1197 668 ut
1217 648 1259 670 ex
1281 640 1467 683 Pomponio
1488 643 1676 685 intelligitur
1698 647 1717 676 ί.
1742 657 1786 688 ¹3·
1810 647 1855 681 D.

978 677 1012 706 de
1028 675 1119 717 officio
1143 678 1335 728 Proconsulis.
1362 686 1497 723 amplius
1523 685 1632 717 scribit
1656 687 1812 728 Ulpianus
1830 688 1852 721 l.

979 727 1007 758 3.
1027 719 1070 764 1).
1084 719 1111 749 h.
1129 725 1155 764 t..
1171 730 1220 760 Jus
1242 722 1336 756 dandi
1355 733 1477 758 tutores
1493 726 1556 759 effe
1571 727 1679 760 datum
1705 729 1854 763 omuibus

980 758 1218 801 Magistratibus
1227 766 1490 807 municipalibus:
1501 768 1556 800 etsi
1572 778 1636 801 non
1654 770 1855 810 alias,quam

980 809 1020 831 ex
1038 809 1201 843 praecepto
1224 805 1393 840 Praefidum
1413 809 1433 840 l.
1455 813 1506 848 46.
1529 809 1558 851 §.
1573 813 1604 841 6.
1628 810 1670 842 D.
1693 813 1727 843 de
1744 813 1855 845 admin.

980 847 1068 872 tutor.
1092 845 1165 882 vel,
1189 852 1225 877 ut
1239 845 1430 886 justinianus
1445 853 1473 882 a.
1487 850 1516 893 §.
1530 862 1561 890 4.
1584 852 1648 891 ait,
1669 852 1748 893 jussu
1771 852 1854 885 Prae-

978 881 1096 925 fidum,
1119 884 1141 916 fi
1157 895 1223 918 noii
1247 887 1307 920 fint
1331 899 1452 932 magna:
1477 892 1588 932 pupilli
1607 893 1796 928 facultates:
1819 895 1854 927 id

979 923 1292 972 estQfiPraefidibus
1312 940 1379 963 non
1400 933 1570 966 videantur
1586 943 1726 976 magnai:
1749 943 1784 969 ut
1799 946 1856 968 ex-

974 966 1064 1005 posui
1081 966 1135 1012 lzb.
1149 978 1178 1000 2.
1201 969 1250 1014 De
1259 971 1408 1012 jurisdit't.
1427 973 1465 1009 ὅ)
1481 975 1521 1006 im
1543 999 1552 1007 .
1567 985 1593 1007 c.
1610 980 1640 1011 8.
1664 977 1726 1009 Ubi
1743 985 1853 1011 autem

974 1005 1088 1039 absunt
1106 1009 1137 1040 hi
1153 1018 1208 1050 qui
1224 1018 1347 1045 tutores
1369 1015 1445 1047 dare
1468 1025 1511 1056 po
1538 1024 1614 1056 unt;
1636 1017 1681 1049 ait
1702 1018 1817 1051 Paulus
1832 1020 1852 1051 l.

977 1056 1026 1093 19.
1043 1048 1087 1081 D.
1104 1051 1133 1081 l).
1151 1058 1175 1083 ι.
1218 1051 1423 1088 Decuriones
1440 1057 1564 1098 juberi,
1586 1059 1710 1099 (puta,
1731 1069 1748 1091 a
1770 1060 1854 1093 Prae·

973 1088 1109 1137 fidibus)
1126 1092 1200 1139 dare
1215 1101 1359 1129 tutores:
1376 1099 1551 1132 dummodo
1567 1102 1669 1142 maJ'oi·
1684 1110 1755 1142 pars
1773 1111 1853 1133 con-

973 1139 1091 1163 veniat.
1135 1132 1189 1165 Sic
1206 1145 1306 1182 usque
1324 1139 1364 1170 ad
1386 1138 1616 1180 Justinianum:
1639 1151 1713 1174 nam
1736 1142 1762 1175 is
1785 1144 1853 1175 hoc

973 1180 1015 1218 ei<
1036 1180 1128 1218 parte
1151 1182 1287 1209 mutawt
1309 1179 1339 1220 §.
1358 1191 1389 1221 5.
1413 1182 1440 1212 h.
1456 1187 1479 1214 t.
1504 1181 1579 1223 Inst.
1599 1183 1733 1225 jubens,
1758 1184 1780 1216 fi
1797 1194 1853 1225 pu-

974 1213 1041 1253 pilli
1057 1214 1226 1250 facultates
1243 1220 1369 1252 valeant
1385 1231 1487 1262 usque
1508 1225 1548 1255 ad
1563 1226 1760 1267 quingentos
1780 1226 1852 1258 soli-

973 1255 1054 1293 dos,
1076 1266 1142 1304 riori
1161 1258 1341 1300 exspectata
1353 1262 1491 1303 juffione
1513 1264 1703 1306 Praefidum,
1728 1266 1852 1300 Defen-

971 1295 1057 1342 sores
1082 1307 1246 1348 ciVitatum
1270 1312 1330 1335 una
1355 1313 1430 1336 curn
1453 1306 1595 1345 eiusdem
1618 1309 1755 1340 civitatis
1779 1310 1854 1341 reli·

970 1337 1139 1384 giosiffimo
1162 1343 1333 1383 Antistite,
1361 1345 1415 1378 vel
1437 1346 1519 1379 alios
1542 1347 1766 1389 Magistratus,
1799 1351 1852 1383 vel

969 1380 1145 1418 juridicum
1161 1384 1386 1418 Alexandrinae
1401 1385 1538 1420 civitatis
1549 1411 1560 1427 ,
1583 1396 1708 1421 tutores
1724 1391 1776 1423 vel
1798 1400 1853 1423 cu·

970 1428 1093 1454 ratores
1116 1432 1244 1469 creare:
1273 1427 1418 1467 legitima
1440 1429 1566 1462 cautela
1591 1431 1767 1471 praestanda
1796 1442 1851 1465 eo·

969 1470 1039 1494 rum
1057 1465 1200 1502 periculo
1215 1467 1270 1507 qui
1285 1476 1356 1499 earn
1370 1469 1542 1509 accipiunt.

996 1504 1171 1548 *Apparet,
1195 1508 1251 1552 qui
1273 1509 1392 1549 poffint
1407 1516 1549 1544 tutorem
1564 1511 1652 1544 dare.
1675 1513 1776 1547 solum
1794 1515 1853 1548 du-

970 1544 1106 1591 bitatur,
1127 1556 1166 1579 an
1182 1547 1230 1581 his
1244 1549 1294 1589 jus
1310 1549 1367 1590 fit,
1391 1552 1508 1584 tutoris
1532 1552 1700 1588 dationem
1724 1557 1853 1589 manda-a

970 1595 1006 1618 re
1022 1586 1181 1634 aliis?·Et
1203 1598 1302 1632 negat
1326 1592 1482 1634 Ulpianus
1503 1593 1524 1625 l.
1539 1598 1568 1629 8.
1591 1593 1636 1628 D.
1654 1595 1684 1628 h.
1705 1601 1727 1628 t.
1759 1606 1850 1631 certa

970 1635 1096 1674 ratione
1117 1639 1150 1662 in
1172 1630 1192 1663 l.
1212 1640 1239 1664 1.
1261 1631 1306 1665 D.
1323 1633 1357 1665 de
1374 1632 1465 1675 officio
1480 1635 1544 1676 ejus
1564 1636 1614 1668 cui
1636 1638 1735 1670 mand.
1751 1637 1791 1679 eft
1801 1639 1852 1682 ju-

969 1670 1043 1702 rzsd.
1079 1679 1272 1714 quamquam
1295 1674 1412 1717 recipit
1437 1676 1681 1719 difficultatem,
1716 1687 1852 1722 propter

970 1709 1131 1752 Legatum
1145 1713 1367 1756 Proconsulis,
1390 1716 1423 1749 δι’
1444 1717 1650 1760 Magistratus
1675 1721 1852 1763 municipa-

970 1752 1038 1784 les:
1060 1753 1102 1800 de
1115 1756 1231 1796 quibus
1244 1757 1311 1789 dixi
1326 1758 1523 1799 pauloante.
1546 1759 1609 1793 Sed
1626 1761 1851 1798 difficultatem

970 1792 1074 1826 sustuli
1089 1796 1119 1829 d.
1135 1797 1183 1828 lib.
1198 1808 1228 1830 2.
1252 1797 1301 1830 De
1311 1799 1423 1841 jurisd.
1442 1800 1480 1836 {9⁹
1494 1802 1593 1844 imper.
1607 1813 1636 1835 c.
1655 1808 1686 1839 8.

1013 1834 1182 1883 Competit
1195 1839 1289 1881 igitur
1304 1841 1413 1874 tutelae
1429 1842 1517 1875 datio
1540 1843 1761 1886 Magistratui,
1782 1855 1854 1879 non

971 1884 1083 1917 omni,
1104 1879 1159 1927 sed
1184 1881 1237 1912 cui
1260 1880 1298 1913 fit
1314 1880 1443 1923 speciali
1466 1882 1557 1927 Lege
1582 1886 1731 1918 concess'a
1750 1896 1759 1919 :
1790 1891 1851 1920 uti-

973 1926 1056 1958 que,
1078 1919 1099 1952 fi
1116 1930 1184 1960 iure
1206 1921 1243 1954 fit
1265 1930 1388 1957 creatus
1410 1933 1429 1956 a
1455 1924 1584 1966 Populo
1607 1934 1661 1960 aut
1682 1927 1852 1969 Principe,

970 1967 1044 1991 curn
1066 1961 1143 1994 effet
1158 1963 1240 1995 liber
1255 1963 1284 1995 &
1298 1964 1378 1998 civis
1393 1965 1570 2000 Romanus.
1593 1969 1650 2001 sed
1663 1969 1768 2011 finge,
1788 1970 1851 2003 ser-

970 2009 1047 2033 vum
1063 2001 1137 2035 ess'e.
1159 2013 1226 2036 non
1242 2004 1349 2046 potest
1364 2008 1493 2049 negari,
1504 2008 1567 2041 effe
1583 2011 1664 2042 vitio
1683 2020 1850 2051 creatum,

971 2051 1097 2088 errante
1117 2044 1245 2086 Populo
1268 2055 1322 2078 aut
1344 2047 1505 2090 Principe.
1536 2051 1577 2083 de
1601 2062 1643 2083 eo
1669 2051 1851 2085 dubitatum

970 2081 1050 2122 fuit,
1072 2094 1110 2130 an
1136 2093 1243 2119 tamen
1269 2088 1374 2121 valeat
1395 2090 1435 2122 ab
1459 2100 1501 2122 eo
1524 2091 1672 2133 gestum?
1695 2094 1849 2128 notabilis

971 2124 1120 2172 quaestio:
1142 2128 1182 2160 ad
1197 2137 1292 2169 quam
1310 2129 1428 2171 spectat
1443 2133 1597 2171 Ulpianus
1614 2135 1634 2165 l.
1652 2143 1684 2175 3.
1707 2133 1744 2166 D.
1754 2136 1788 2166 de
1804 2137 1850 2174 of-

965 2167 1036 2214 jicio
1053 2167 1235 2202 Praetorum:
1257 2170 1303 2203 est
1322 2173 1408 2204 enim
1431 2173 1596 2215 desumpta
1623 2184 1664 2206 ex
1688 2175 1771 2207 libro
1795 2181 1848 2217 38.

971 2216 1038 2252 ejus
1053 2209 1093 2241 ad
1109 2209 1277 2244 Sabinum:
1299 2212 1356 2245 nifi
1376 2214 1431 2245 hic
1448 2223 1581 2255 quoque
1607 2215 1696 2248 malis
1719 2217 1850 2261 legere,

970 2250 1025 2281 lib.
1042 2259 1093 2290 39.
1117 2258 1151 2283 ut
1174 2252 1264 2294 supra
1295 2253 1463 2286 observavi
1489 2257 1528 2287 ad
1557 2257 1578 2288 l.
1599 2260 1630 2288 6.
1653 2257 1684 2299 §.
1703 2267 1731 2289 2.
1757 2259 1799 2290 D.
1817 2261 1852 2290 de

971 2291 1079 2323 tutelis.
1101 2299 1137 2323 ut
1153 2301 1188 2324 ut
1212 2295 1291 2327 erit:
1313 2294 1422 2335 potest
1446 2296 1486 2327 ad
1510 2297 1538 2328 d.
1559 2297 1580 2329 l.
1601 2300 1631 2340 3'.
1656 2297 1779 2332 consuli
1806 2301 1848 2332 V.

971 2332 1031 2364 Cr..
1047 2331 1186 2372 Jacobus
1199 2334 1446 2376 Gothofredus,
1463 2336 1510 2369 lib.
1520 2337 1602 2381 fing.
1620 2338 1669 2371 De
1684 2339 1762 2373 elea.
1778 2340 1852 2376 Mae

967 2371 1083 2415 gistrac.
1100 2375 1219 2407 inhabil.
1231 2384 1301 2418 pag.
1322 2386 1369 2416 14.

975 2456 981 2461 ἱ
1009 2414 1089 2448 Non
1105 2417 1275 2455 adderem,
1298 2427 1364 2450 non
1380 2420 1615 2453 valere-tutela:
1630 2421 1794 2457 dationem
1805 2448 1814 2464 ,
1827 2424 1850 2457 fi

973 2465 1004 2488 iu
1029 2456 1141 2489 furore
1162 2466 1217 2489 aut
1241 2458 1402 2492 dementia
1429 2461 1620 2495 constitutus
1649 2462 1773 2497 Praetor
1795 2474 1850 2498 auc

973 2497 1089 2530 Praeses
1103 2521 1114 2537 ,
1136 2505 1280 2531 tutorem
1302 2501 1446 2541 dederit3
1470 2503 1525 2535 nisi
1542 2505 1670 2544 praeiret
1692 2504 1847 2547 Ulpianus

972 2539 993 2570 l.
1007 2544 1037 2584 8.
1054 2539 1085 2582 §.
1106 2548 1133 2571 1.
1149 2538 1193 2571 D.
1211 2541 1239 2572 h.
1259 2547 1281 2573 t.
1305 2542 1454 2582 Aliquem
1472 2554 1605 2577 movere
1621 2545 1744 2586 poffec,
1761 2549 1847 2588 quod

973 2589 1084 2621 utique
1099 2580 1145 2612 est
1164 2580 1286 2614 Praetor
1301 2583 1353 2615 vel
1370 2584 1508 2625 Praeses3
1530 2596 1591 2618 nec
1608 2586 1701 2620 furor
1723 2590 1750 2619 ei
1775 2589 1847 2620 Ma-

972 2621 1294 2669 gistratumabrogat.
1317 2633 1477 2667 attamen,
1501 2628 1544 2660 ait
1560 2627 1735 2670 Ulpianus,
1758 2630 1846 2662 datio

971 2664 1087 2695 nullius
1101 2672 1162 2695 erit
1179 2667 1345 2698 momenti.

1012 2704 1111 2744 Dixi,
1136 2706 1187 2746 qui
1206 2706 1343 2739 habeant
1357 2709 1408 2749 jus
1425 2709 1519 2742 dandi
1535 2710 1658 2742 tutoris.
1682 2708 1779 2741 dicam
1802 2710 1844 2742 de

972 2747 1071 2777 modo
1093 2756 1159 2786 quo
1173 2748 1315 2784 ,debeant
1338 2750 1424 2782 dare.
1448 2753 1585 2792 primum
1612 2752 1730 2791 poterit
1755 2750 1842 2782 omni

965 2787 1025 2818 die
1042 2788 1119 2819 clari.
1142 2788 1161 2819 l.
1179 2793 1208 2823 3.
1227 2789 1256 2830 §.
1273 2799 1300 2821 2.
1317 2789 1360 2822 D.
1377 2792 1406 2823 h.
1420 2797 1444 2824 t.
1466 2792 1520 2825 sed
1544 2801 1607 2832 quo
1629 2791 1752 2823 modo?
1774 2792 1793 2824 1.
1811 2796 1845 2824 6.

973 2828 1002 2869 §.
1022 2838 1047 2860 1.
1064 2828 1105 2859 D.
1123 2830 1156 2860 de
1170 2831 1272 2861 tutelis
1285 2832 1348 2871 ait,
1364 2841 1459 2873 pui·e;
1484 2844 1547 2866 nou
1563 2832 1617 2863 sub
1633 2832 1843 2872 conditione,

973 2879 1080 2915 neque
1095 2869 1125 2901 in
1144 2871 1243 2904 diem:
1266 2872 1296 2904 ἃ
1311 2872 1332 2905 fi
1351 2875 1443 2907 aliter
1467 2876 1556 2907 datus
1579 2872 1615 2904 fit
1638 2872 1751 2905 nullius
1775 2883 1844 2905 mo·

974 2919 1071 2943 menti
1090 2911 1151 2943 effe
1169 2913 1350 2946 dationem:
1371 2925 1459 2948 certa
1480 2916 1621 2951 ratione,
1645 2913 1758 2953 (quam
1776 2914 1843 2957 sug-

973 2952 1053 2993 gerit
1069 2953 1257 2993 Papinianus
1273 2956 1292 2986 l.
1311 2966 1361 2997 77.
1387 2957 1429 2988 D.
1452 2958 1485 2987 de
1507 2954 1615 2996 regulis
1630 2954 1730 2995 juris)
1753 2958 1843 2996 quod

972 2995 1085 3026 tutoris
1100 2996 1205 3035 datio,
1229 3006 1302 3028 curn
1327 3007 1344 3029 a
1375 2996 1561 3037 Magistratu
1583 3003 1771 3037 exercetur,
1795 2998 1843 3029 est

970 3045 1011 3067 ex
1027 3036 1144 3069 affitibus
1168 3039 1339 3080 legitimis:
1362 3046 1496 3081 quorum
1519 3036 1684 3077 proprium
1708 3037 1775 3077 est,
1807 3048 1842 3071 ut

970 3076 991 3108 fi
1013 3079 1167 3119 recipiant
1180 3081 1264 3112 diem
1284 3080 1334 3110 vel
1352 3079 1594 3113 conditionem.
1621 3079 1652 3109 in
1670 3086 1770 3111 totum
1797 3081 1844 3112 vi-

970 3119 1088 3151 [lCntur
1104 3130 1160 3161 per
1179 3120 1330 3160 [ρχῃροῑίε
1348 3119 1397 3149 vel
1415 3119 1610 3151 CODdlthlllS
1620 3119 1842 3158 adjestionem.

970 3161 1099 3201 utique,
1121 3162 1142 3193 si
1166 3164 1267 3202 palam
1293 3168 1481 3199 apponatur.
1504 3169 1575 3191 nam
1600 3169 1843 3202 nonnumquam

971 3200 1229 3246 tacite'rccipere
1246 3211 1321 3273 quit}
1331 3209 1442 3271 aperte
1460 3200 1705 3243 comprehensa,
1732 3203 1844 3237 vitium

1326 3252 1343 3273 u
1359 3251 1371 3272 J
1394 3251 1413 3283 3
1788 3250 1840 3279 ἐλά»
