2052 3487
199 125 263 158 162

195 210 326 250 quidem
352 205 520 240 creditoris
548 203 634 235 circa
658 200 746 233 usum
765 199 935 232 desiderat:
959 198 1011 231 sed
1029 208 1059 230 a-

194 253 260 293 pud
286 252 314 282 i'e
343 250 449 281 statuit
470 246 601 277 arbitrio
630 245 684 274 suo
701 266 710 282 ,
741 251 803 283 qua
833 245 959 272 ratione
986 250 1059 272 eum

193 293 330 332 pecunia
349 291 411 327 uti,
435 296 530 328 atque
555 295 595 317 ex
618 294 654 316 ea
672 285 794 316 lucrum
812 280 940 320 facere,
964 290 1060 322 opor-

195 342 270 365 teat.
296 331 381 373 quod
401 329 420 360 ii
438 329 466 360 ei
490 328 663 359 maximum
681 348 690 364 ‚
721 332 819 364 atque
840 324 922 355 adeo
945 330 1060 363 praeter

192 375 305 414 spem,
340 371 517 411 obtigerit3
556 377 620 400 non
651 376 691 398 eo
728 365 881 405 maiorem
910 364 1058 402 usuram,

196 424 289 456 quam
312 421 380 453 quae
406 418 568 442 conventa
592 408 628 440 iit
644 431 654 447 ,
689 407 792 439 solvit.
818 407 912 447 igitur
931 405 951 437 fi
975 406 1061 437 dam-

195 465 272 488 num
289 454 405 486 factum
422 451 484 491 fit;
515 450 645 483 viciffim
670 450 769 481 debet
792 447 856 478 hoe
880 456 945 477 non
964 447 1062 477 credi-

197 498 277 535 tori,
302 496 353 526 sed
371 494 531 532 debitori,
555 501 697 524 nocere:
721 490 783 521 sive
802 489 876 530 quia
901 489 933 518 id
961 487 1064 518 astum

196 538 261 576 est3
284 537 347 568 sive
366 544 407 566 ex
422 543 532 567 natura
548 533 698 566 dominii:
722 539 811 562 certe
828 530 900 570 quia
918 529 1064 569 iniquum

195 580 314 616 fuerit,
336 577 505 608 creditoris
523 576 699 617 periculum
717 572 799 610 ess'e3
825 573 855 603 ἂ
877 571 1005 602 interim
1024 572 1064 601 de

196 630 313 664 genere
330 618 514 659 negotiandi
533 619 687 658 pecunia,
706 613 957 646 consumendive
974 620 1042 642 eain
1054 634 1063 649 ,

196 672 262 693 non
285 670 357 693 eum
386 659 577 698 consulere3
611 657 665 689 sed
689 656 872 688 debitorem
903 652 958 685 suo
984 653 1064 684 arbi·

199 705 260 735 trio
286 703 432 735 statuere.
465 711 501 732 ea
526 700 650 733 ratione
678 698 708 729 ἀ
731 698 762 728 in
781 695 986 736 negotiorum
1011 703 1062 735 ge·

197 747 283 777 store
304 743 469 781 obtinuit3
495 750 544 781 ut,
571 741 590 772 fi
607 739 724 771 fecerit
746 742 836 779 quod
856 745 919 768 non
939 735 975 767 sit
993 734 1064 766 soli-

200 796 250 819 tus
269 786 376 818 facere
395 785 561 821 dominus,
585 782 651 822 ejus
669 780 846 821 periculum
868 787 933 809 non
952 777 990 808 ad
1009 777 1065 808 do-

197 830 337 865 minum,
361 826 413 858 sed
431 827 469 857 ad
487 824 606 866 ipsum,
630 822 788 865 pertineat
805 820 824 851 l.
841 828 885 851 ιι.
905 819 948 850 D.
966 819 998 849 de
1016 827 1064 849 ne-

194 871 283 913 gotiis
296 867 393 911 gestis.

237 910 387 942 Tei-tium
412 914 634 949 argumentum
659 904 728 942 est,
769 902 858 944 quod
885 911 936 933 res
968 900 1066 931 debet

199 952 328 993 quaei'tui
358 950 422 982 effe
453 950 496 981 illi
527 950 614 989 cujus
644 945 790 987 periculo
823 943 892 981 est,
935 941 1066 973 auctore

199 993 386 1033 Pomponio
409 992 429 1023 l.
454 1001 500 1031 13.
526 991 554 1032 §.
578 999 603 1021 1.
632 989 672 1020 D.
693 987 868 1018 Commodati
883 984 929 1015 vel
946 989 1066 1019 contra,

201 1035 343 1076 Ulpiano
367 1035 381 1064 i.
407 1042 451 1065 10.
476 1034 504 1073 ᾗ.
523 1037 551 1067 8.
581 1031 620 1062 D.
648 1030 790 1061 Mandati
813 1027 859 1057 vel
876 1032 976 1056 contra
995 1047 1004 1062 ,
1037 1024 1067 1054 dc

200 1078 300 1110 Paulo
324 1076 343 1107 l.
359 1079 410 1115 67.
439 1074 469 1116 ὃ.
495 1083 519 1105 1.
545 1073 584 1104 D.
611 1073 669 1103 Pro
690 1072 775 1111 socio.
800 1067 845 1100 est
869 1075 975 1098 autem
1002 1074 1069 1096 cre-

148 1119 151 1120 ’
201 1120 267 1152 dita
286 1117 421 1159 pecunia
444 1125 509 1147 non
532 1114 702 1146 creditoris
721 1110 866 1152 periculo
885 1119 894 1147 ;
925 1116 959 1138 ut
975 1107 1005 1138 in
1023 1107 1068 1137 lo-

203 1162 353 1198 catione,
378 1159 409 1190 in
428 1167 490 1198 qua
509 1155 686 1188 conductor
706 1153 811 1185 reddit
832 1150 978 1181 eamdem
1001 1156 1066 1179 rem

203 1211 296 1242 quam
313 1199 459 1241 accepit,
482 1199 582 1230 modo
600 1196 721 1234 exstet3
753 1194 783 1225 ὅ(
801 1193 821 1224 ii
839 1192 932 1232 periit
954 1189 1068 1235 fortui-

205 1252 238 1275 to
255 1242 346 1281 casu,
368 1241 446 1273 nibil
473 1248 599 1272 tenetur
616 1239 770 1270 reddere:
794 1234 847 1265 sed
871 1240 1006 1274 pecunia
1023 1229 1068 1261 est

203 1285 362 1317 debitoris
385 1282 542 1324 periculo.
575 1286 704 1312 tenetur
727 1278 812 1309 enim
843 1275 978 1306 reddere
1002 1280 1068 1303 non

205 1327 353 1359 eamdem
371 1324 528 1366 speciem,
552 1321 607 1354 scd
630 1322 713 1353 idem
737 1327 855 1360 genus3
880 1323 1070 1355 quamquam

205 1368 328 1410 species
351 1375 446 1407 quam
469 1364 614 1405 accepit,
637 1363 768 1404 perierit
790 1359 928 1390 fortuito
954 1356 1024 1387 casu
1049 1355 1069 1385 l.

206 1419 256 1442 11.
281 1409 314 1440 C.
339 1409 373 1439 Si
393 1412 500 1439 certum
522 1411 649 1447 petatur.
675 1402 774 1434 debet
797 1401 893 1442 igitur
914 1406 980 1443 non
1003 1405 1070 1428 cre-

204 1451 302 1482 ditori
320 1449 381 1481 esse
398 1447 548 1489 quaestui,
579 1446 632 1477 sed
661 1445 811 1476 debitori.
855 1439 917 1472 Sed
935 1447 1071 1484 primum

204 1492 244 1525 fit
264 1492 408 1531 corporis
425 1489 544 1520 locatio
567 1488 605 1519 ad
622 1493 744 1518 certum
761 1483 849 1514 usum
861 1505 870 1520 ,
894 1482 923 1512 ὅ(
941 1480 1072 1521 quidem

209 1543 283 1565 eum
312 1533 366 1572 qui
396 1531 504 1562 haberi
540 1528 634 1569 posfit
671 1527 752 1557 salva
783 1525 848 1565 ers
881 1521 1072 1556 substantia:

205 1576 292 1606 hunc
310 1582 388 1604 vcro
413 1571 521 1612 egredi
542 1579 606 1601 non
626 1569 723 1600 debet
740 1565 941 1602 conductor,
970 1563 1072 1594 invito

204 1617 363 1649 locatore.
386 1622 459 1644 eum
483 1612 578 1653 igitur
602 1610 623 1642 fi
650 1610 749 1641 sumat
773 1617 813 1639 ex
838 1607 1004 1637 voluntate
1028 1605 1071 1635 lo-

206 1657 323 1689 catoris
339 1679 348 1695 ‚
384 1655 414 1686 ἃ
440 1663 489 1685 res
509 1654 592 1694 perit
611 1651 681 1682 casu
705 1650 869 1686 fortuit03
900 1646 978 1677 nihil
1001 1645 1046 1676 est
1061 1668 1071 1683 ‚

207 1699 295 1739 quod
321 1699 498 1737 imputetur
522 1693 712 1725 conductori
740 1691 792 1733 qui
819 1689 965 1728 corporis
990 1688 1070 1727 peri-

205 1741 313 1772 culum
335 1740 363 1770 in
388 1737 416 1769 se
437 1737 557 1768 nullum
584 1734 737 1775 suscepit,
769 1740 875 1772 eoque
892 1739 931 1760 cx
949 1728 1072 1760 domini

204 1781 375 1813 voluntate
401 1778 470 1811 usus
488 1778 542 1809 est.
569 1777 652 1818 perit
670 1776 764 1816 igitur
782 1772 938 1810 locatori,
961 1771 992 1801 id
1008 1769 1073 1809 est,

208 1823 368 1861 domino,
399 1830 441 1852 ex
466 1828 576 1851 natura
604 1817 749 1849 dominii.
783 1821 896 1845 contra
930 1811 1073 1851 pecuniae

205 1864 330 1897 locatio
355 1862 494 1894 debitori
518 1860 555 1892 fit
571 1861 610 1891 ad
626 1857 713 1890 usum
731 1856 1020 1895 qualemcumque,
1042 1852 1075 1884 id

209 1907 275 1945 eft,
298 1915 364 1937 non
381 1905 492 1944 utique
517 1902 556 1934 ad
583 1910 656 1933 eum
677 1900 730 1940 qui
749 1897 921 1934 creditori,
945 1895 998 1926 sed
1021 1895 1074 1935 qui

209 1948 372 1985 debitori,
397 1947 548 1987 placeat:
577 1952 642 1975 non
666 1944 762 1972 etiam
788 1939 829 1971 fic
853 1937 888 1969 fit
904 1961 913 1976 ‚
944 1944 978 1968 ut
995 1935 1076 1967 salva

208 1996 335 2021 maneat
357 1986 523 2019 substantia
538 2007 548 2023 ,
580 1985 632 2016 sed
656 1991 690 2015 ut
714 1981 767 2014 usu
783 1979 986 2012 consumatur
1005 1989 1012 2009 :
1043 1978 1074 2008 ἀ

207 2031 274 2062 hoc
304 2038 378 2061 cum
405 2029 544 2060 debitori
582 2025 752 2058 videbitur.
788 2023 884 2063 igitur
913 2020 934 2052 fi
966 2027 1072 2060 perit,

207 2076 399 2112 'quamquam
418 2070 488 2101 casu
506 2092 516 2108 ‚
547 2078 612 2100 non
631 2067 713 2108 perit
739 2063 910 2100 creditori,
937 2062 990 2101 qui
1008 2061 1074 2101 ejus

207 2113 385 2155 periculum
412 2121 477 2143 non
510 2110 655 2150 recepit,
693 2116 753 2139 nee
787 2107 828 2137 de
860 2103 1075 2135 consumenda

209 2155 342 2187 statuit:
374 2153 427 2185 sed
453 2152 611 2189 debitori,
644 2150 675 2181 id
701 2147 765 2186 est,
798 2147 933 2178 domino
959 2145 1012 2185 qui
1039 2153 1075 2175 ea

209 2197 265 2228 suo
293 2205 459 2235 ternpore,
492 2194 522 2224 &
550 2192 602 2223 suo
620 2191 771 2228 arbitrio,
796 2189 905 2220 utitur.
945 2185 1076 2217 Tamen

209 2237 347 2278 quaestus
378 2236 427 2276 (fi
451 2235 634 2274 Pomponio
658 2234 684 2263 d.
706 2232 725 2262 l.
750 2240 796 2272 13.
819 2229 848 2271 §.
872 2239 897 2261 1.
921 2227 942 2260 fi
967 2227 1075 2268 Ulpia-

207 2289 253 2311 no
276 2280 304 2309 d.
329 2278 348 2309 i.
374 2287 421 2308 ιο.
445 2276 473 2317 §.
494 2280 523 2309 8.
548 2275 577 2306 dc
595 2274 693 2306 Paulo
716 2274 742 2304 d.
768 2273 787 2302 l.
803 2275 853 2311 67.
876 2270 906 2312 §.
928 2278 951 2301 1.
976 2268 1076 2309 fides)

206 2320 308 2353 <lebet
325 2319 391 2358 ejus
410 2317 471 2349 ess‘e
490 2318 578 2356 cuius
598 2314 775 2356 periculum
800 2312 854 2344 est.
879 2312 920 2344 1ic
936 2310 998 2344 est:
1023 2311 1076 2342 sed

208 2371 275 2394 non
299 2360 438 2400 ubique,
463 2358 514 2389 sed
537 2361 567 2388 in
586 2356 752 2397 speciebus
771 2364 848 2395 quas
867 2353 1010 2385 traCtant.
1047 2351 1075 2383 E

206 2413 241 2436 re
265 2403 325 2434 erit
341 2425 350 2439 ‚
381 2400 512 2441 singulas
541 2398 670 2430 vidiffe:
704 2397 776 2438 quia
801 2396 872 2427 sunt
891 2395 1074 2436 elegantes,

206 2454 313 2484 neque
334 2443 404 2473 latis
423 2440 586 2482 expoiitae.
612 2440 727 2480 primas
750 2445 854 2479 partes
874 2438 958 2468 dabo
983 2436 1076 2468 Pom·

207 2485 329 2526 pomo:
352 2484 439 2524 cujus
458 2484 556 2514 verba
579 2483 608 2512 cl.
632 2481 650 2512 l.
675 2490 719 2522 ¹3·
738 2480 767 2521 §.
790 2488 814 2511 1.
834 2478 914 2511 sunt.
946 2478 979 2509 Si
995 2487 1077 2519 quem

230 2524 346 2565 uaeflum
363 2526 439 2565 fecit
458 2525 482 2555 is
499 2525 550 2565 qui
565 2524 768 2564 experiendum
793 2522 863 2563 quid
880 2521 1005 2560 accepit,
1027 2529 1074 2550 ve-

208 2537 455 2607 qurifijmneuta
468 2566 603 2605 fuerint,
626 2574 713 2605 eaque
735 2564 827 2594 iocata
839 2561 919 2601 sint,
941 2562 971 2592 id
985 2561 1077 2601 ipsum

208 2606 354 2650 prestabit
370 2630 380 2646 ,
403 2609 454 2648 qui
471 2607 681 2647 experiundum
705 2606 800 2636 dedit:
829 2613 919 2645 neque
935 2604 1011 2633 enim
1027 2612 1078 2634 an-

211 2657 239 2682 te
265 2658 327 2680 eam
350 2657 409 2679 rem
436 2647 555 2688 questui
578 2648 682 2688 cuique
710 2646 760 2684 effe
785 2652 915 2686 oportet,
949 2644 1076 2685 [prius]

210 2701 298 2735 qaam
317 2689 442 2730 periculo
470 2690 531 2729 ejus
550 2687 601 2725 sit.
645 2688 697 2719 Sic
727 2687 924 2719 Florentiae:
956 2688 987 2718 iii
1008 2686 1076 2717 aliis

209 2733 298 2767 libris
317 2730 384 2769 est,
415 2732 444 2760 id
468 2731 560 2770 ipsum
578 2728 725 2770 proesiabit
752 2732 776 2760 ei
800 2731 850 2770 qui
867 2728 1078 2768 experiundum

210 2776 299 2807 dedit.
331 2771 470 2803 Rectius.
496 2771 687 2811 proponitur
706 2770 889 2810 Pomponio
905 2769 1015 2809 aliquis
1031 2769 1077 2809 Ju-

211 2823 320 2850 menta
352 2822 516 2852 empturus
533 2834 542 2848 ‚
581 2812 650 2842 haec
678 2813 874 2852 experienda
899 2810 1078 2850 accepisse3

212 2860 315 2899 eaque
331 2855 381 2885 alii
399 2853 516 2886 locaii'e
534 2861 621 2883 certa
644 2855 803 2884 mercede.
830 2853 998 2893 quaeritur,
1022 2861 1075 2883 cu-

209 2901 259 2941 jus
284 2899 375 2930 lucro
409 2904 531 2927 merces
563 2893 679 2924 cedere
709 2894 834 2925 debeat.
867 2897 909 2925 ait
935 2894 1076 2934 Pompo-

213 2944 284 2974 nius
305 2963 314 2976 ,
343 2946 408 2969 non
428 2937 546 2968 debere
571 2936 688 2966 cedere
705 2935 795 2966 lucro
820 2936 885 2975 ejus
902 2936 956 2975 qui
980 2945 1077 2975 expe·

213 2981 325 3017 rienda
346 2978 497 3019 accepit3
530 2974 582 3007 sed
606 2976 658 3016 qui
685 2976 792 3008 dedit:
825 2977 855 3007 ot
873 2977 959 3008 addit
982 2977 1076 3008 ratio-

214 3033 309 3060 nem,
332 3030 368 3051 ea
384 3020 465 3051 ratio
485 3017 546 3056 est,
568 3026 658 3058 neque
674 3018 749 3047 enim
765 3023 832 3048 ante
849 3027 911 3048 eam
927 3027 985 3048 rem
1001 3028 1076 3059 quze-

210 3065 273 3106 ]iai
294 3065 396 3103 cuique
414 3060 466 3102 effe
487 3064 591 3100 oportet
615 3058 743 3099 [prius]
767 3068 852 3099 quam
872 3060 997 3098 periculo
1016 3060 1078 3099 ejus

209 3106 251 3145 fit
268 3117 277 3137 :
305 3105 338 3136 id
356 3102 400 3134 est
418 3127 427 3140 ‚
459 3111 523 3133 non
549 3108 622 3131 ante
645 3107 779 3139 oportet
803 3109 944 3130 mercem
962 3101 993 3131 in
1011 3110 1078 3133 em-

217 3149 330 3188 ptione
359 3145 547 3175 venditione
572 3140 699 3182 quaestui
727 3139 788 3172 esse
814 3143 954 3180 cuique,
986 3150 1078 3180 quam

217 3186 360 3230 perfecta
384 3185 421 3216 fit
444 3185 568 3217 emutio
594 3183 623 3215 ἃ
645 3182 803 3214 venditio.
826 3182 902 3213 inde
926 3180 1011 3212 enim
1035 3182 1080 3213 est

216 3226 374 3270 emptoris
394 3227 542 3267 periei-iio
568 3224 599 3256 ἃ
622 3224 810 3256 commodo.
844 3221 949 3263 quaeso
963 3245 974 3262 ,
1005 3223 1082 3262 quid

810 109 1122 146 thAnn1

1170 106 1404 144 Noonr

1102 199 1144 230 ita
1160 196 1176 228 .9
1200 198 1273 237 quia
1292 197 1347 229 etfi
1365 204 1440 229 ante
1459 195 1573 228 tradita
1592 195 1650 229 fint
1668 196 1809 236 jumenta
1825 220 1835 236 ,
1865 204 1971 232 tamen

1101 250 1167 272 non
1185 242 1224 271 ad
1242 239 1394 280 quaestum
1414 240 1528 270 tradita
1545 237 1633 276 suut,
1659 239 1743 278 quafi
1761 241 1823 278 jam
1842 247 1970 279 empta,

1102 282 1153 313 sed
1172 281 1387 322 experienda:
1419 282 1450 313 id
1468 280 1532 319 est,
1555 280 1610 321 (ut
1637 278 1791 320 Ulpianus
1813 280 1831 310 l.
1851 288 1900 310 20.
1925 279 1969 313 D.

1102 325 1135 355 de
1154 324 1329 363 praescriptis
1346 324 1443 354 verbis
1462 322 1525 362 ait)
1549 331 1583 353 ut
1609 323 1783 362 gratuitum
1809 321 1971 361 acciperet.
2014 326 2016 328 ’

1105 366 1384 410 experimentum,
1407 365 1437 394 δι
1456 363 1521 394 hoc
1539 362 1686 403 sumptu,
1711 363 1829 395 deinde
1848 363 1887 393 de
1905 371 1971 394 em-

1106 414 1220 447 ptione
1245 406 1447 438 deliberaret.
1480 405 1576 445 igitur
1608 404 1630 436 fi
1654 413 1807 446 expertus
1831 404 1973 443 jumenta

1109 447 1179 494 est,
1208 447 1249 494 ,ἀ
1274 446 1427 486 quaestum
1452 445 1534 477 fecit
1552 469 1563 485 ,
1593 456 1666 477 eum
1690 446 1827 477 reddere
1847 445 1970 477 debet:

1109 498 1182 530 quia
1207 491 1238 520 id
1265 489 1368 520 actum
1395 487 1457 519 fuit
1475 511 1485 527 ,
1517 496 1552 519 ut
1576 488 1789 520 commodato
1814 486 1973 525 haberet;

1107 540 1172 563 non
1200 538 1233 562 ut
1255 529 1406 576 quaestum
1430 528 1565 561 faceret.
1596 528 1637 560 fic
1655 552 1665 568 ‚
1697 529 1717 560 ii
1747 527 1890 569 perfecta
1907 536 1972 559 non

1108 572 1146 604 fit
1170 579 1293 612 emptio
1322 571 1495 609 venditi03
1527 571 1557 602 δε
1582 571 1663 602 adeo
1688 580 1736 602 res
1765 579 1831 601 non
1849 568 1886 600 fit
1908 578 1973 600 em·

1107 614 1208 655 ptoris
1224 612 1380 653 periculo.
1405 621 1476 643 narn
1493 611 1513 644 fi
1538 612 1681 653 perfecta
1697 612 1731 643 fit
1747 622 1757 651 ;
1790 611 1820 643 &
1841 619 1890 642 res
1906 610 1972 649 eius

1106 655 1252 696 periculo
1271 653 1335 689 est3
1358 653 1388 685 &
1414 654 1480 694 ejus
1496 653 1617 685 fruetus
1641 655 1758 693 liabet3
1790 652 1839 690 ἃ,
1863 651 1884 683 fi
1907 661 1972 683 non

1108 697 1202 729 solvit
1219 697 1262 727 rei
1281 696 1419 735 pretium
1431 719 1441 734 ,
1456 696 1495 727 ad
1513 694 1616 726 usuras
1635 702 1762 726 tenetur
1781 694 1800 725 i.
1816 703 1863 734 13.
1880 693 1908 733 §.
1926 702 1973 729 19.

1108 739 1149 771 D,
1174 740 1207 769 de
1231 736 1391 783 abtiouibus
1412 739 1499 778 empti
1523 736 1559 771 δέ)
1586 738 1708 768 venditi.
1754 736 1853 767 Recte
1879 734 1976 775 igitur

1108 781 1305 825 Pomponius
1330 779 1362 809 in
1389 778 1418 810 d.
1442 778 1462 809 l.
1485 787 1532 819 13.
1555 777 1584 819 §.
1608 787 1633 809 1.
1664 777 1706 809 D.
1730 777 1908 809 Commodatt
1930 775 1976 806 vel

1108 828 1208 854 contra
1232 821 1331 858 dicit,
1354 819 1506 860 quaesturn
1524 819 1587 850 eise
1610 820 1676 859 ejus
1695 819 1782 859 cujus
1798 817 1975 859 periculum

1108 863 1154 896 est
1173 888 1182 902 ,
1214 862 1346 894 volente
1368 862 1491 902 negotii
1514 870 1643 902 genere.
1677 859 1729 892 sed
1757 861 1821 891 hoc
1845 860 1884 891 ad
1901 858 1975 890 alias

1108 905 1229 947 species
1246 911 1379 944 quarum
1403 903 1462 934 alia
1482 904 1562 934 ratio
1586 902 1640 941 fit,
1664 902 1891 943 porrigendum
1909 909 1976 931 non

1110 947 1165 978 est.
1191 955 1262 978 nam
1288 944 1310 976 fi
1334 944 1448 975 mulier
1473 944 1589 975 marito
1616 945 1728 976 dotem
1746 944 1856 979 dedit,
1883 941 1976 973 mari·

1111 997 1161 1020 tus
1181 986 1302 1020 fruetus
1320 985 1419 1016 habet
1436 994 1476 1016 ex
1493 995 1526 1017 re
1542 985 1641 1016 dotali
1658 996 1665 1016 ε
1689 988 1761 1025 quia
1788 985 1813 1015 is
1832 983 1902 1015 finis
1920 984 1977 1014 do·

1111 1031 1150 1061 tis
1169 1030 1264 1060 datae:
1288 1027 1318 1058 ὃ(
1335 1034 1441 1058 tamen
1460 1027 1519 1058 dos
1539 1036 1603 1058 non
1626 1028 1747 1065 mariti,
1771 1027 1823 1058 sed
1846 1035 1976 1061 uxoris,

1111 1070 1255 1113 periculo
1275 1069 1320 1100 est
1337 1078 1344 1099 :
1378 1067 1556 1108 sufficitque
1581 1068 1696 1100 marito
1713 1091 1722 1106 ,
1754 1068 1808 1098 nisi
1827 1067 1978 1098 aestimata

1111 1114 1169 1145 dos
1188 1112 1242 1150 fit,
1267 1112 1297 1142 in
1325 1118 1362 1140 ea
1381 1109 1527 1150 praestare
1552 1109 1662 1141 dolum
1682 1109 1712 1140 &
1734 1109 1860 1148 culpam
1883 1110 1979 1139 latam

1111 1163 1147 1186 ac
1171 1154 1275 1185 levem
1300 1152 1321 1184 l.
1347 1160 1391 1182 10.
1419 1151 1438 1182 l.
1463 1159 1508 1191 17·
1538 1150 1580 1181 D.
1605 1151 1725 1191 dejure
1746 1152 1863 1181 dotium.
1885 1149 1904 1180 l.
1922 1158 1971 1189 23.

1112 1196 1153 1228 D.
1177 1197 1210 1227 de
1229 1194 1337 1236 regulis
1352 1193 1443 1232 juris.
1487 1191 1535 1223 Ita
1553 1193 1586 1223 in
1609 1192 1800 1231 corporibus
1817 1201 1846 1222 in
1866 1192 1978 1222 dotem

1111 1238 1202 1269 datis.
1228 1236 1323 1275 quid,
1347 1233 1368 1265 fi
1393 1235 1551 1274 quantitas
1572 1233 1633 1265 fit?
1655 1232 1772 1274 Gajum
1791 1233 1862 1264 audi
1885 1232 1906 1263 l.
1925 1241 1978 1271 42.

1113 1278 1155 1310 D.
1181 1279 1295 1320 dejure
1311 1276 1434 1307 dotium.
1459 1274 1500 1306 iic
1516 1274 1607 1313 infit,
1640 1275 1699 1306 Res
1720 1277 1751 1306 irz
1776 1277 1867 1306 dotem
1885 1275 1979 1311 datae,

1113 1330 1176 1361 quae
1193 1320 1320 1360 pondere
1336 1340 1347 1356 ,
1376 1326 1513 1355 numero,
1536 1322 1671 1354 mensura
1693 1314 1824 1357 constant
1839 1340 1848 1355 ‚
1880 1313 1980 1346 mariti

1109 1361 1237 1403 periculo
1248 1361 1347 1400 sunt:
1370 1359 1441 1399 quia
1457 1358 1488 1388 in
1506 1358 1555 1389 boc
1576 1359 1706 1396 dantur,
1736 1364 1767 1389 ut
1786 1367 1832 1388 eas
1856 1358 1981 1388 maritus

1115 1404 1153 1435 ad
1169 1403 1323 1434 arbitrium
1336 1400 1428 1441 suum
1452 1397 1621 1439 distraham
1652 1399 1688 1433 &0⁹
1710 1401 1879 1440 quandoque
1906 1398 1982 1438 solu-

1115 1452 1142 1475 to
1160 1443 1341 1476 matrimonio
1358 1465 1368 1482 ‚
1397 1441 1523 1483 ejusdem
1545 1442 1660 1482 generis
1680 1440 1716 1475 δ’
1733 1442 1883 1483 qualitatis
1907 1440 1982 1471 alias

1114 1484 1272 1526 restituat,
1303 1481 1349 1515 vel
1373 1483 1454 1521 ipse,
1485 1482 1532 1513 vel
1558 1483 1636 1513 heres
1657 1483 1730 1524 ejus.
1775 1482 1809 1514 In
1840 1481 1981 1522 negotiis

1116 1537 1247 1568 quoque
1263 1525 1357 1567 gestis
1377 1523 1443 1565 ipse
1462 1524 1660 1564 Pomponius
1686 1524 1772 1564 cuius
1789 1523 1835 1555 est
1851 1526 1880 1554 d.
1899 1524 1918 1554 ί.
1933 1531 1982 1562 13.

1114 1569 1143 1611 §.
1169 1578 1193 1600 1.
1217 1567 1356 1600 ostendit
1374 1589 1384 1604 ,
1417 1566 1588 1597 utilitatem
1606 1588 1616 1603 ‚
1653 1574 1723 1606 quae
1752 1565 1798 1597 est
1832 1564 1982 1596 humanae

1116 1609 1258 1642 mensura
1283 1607 1441 1648 aequitatis
1459 1631 1469 1646 ,
1499 1607 1672 1647 aliquando
1699 1607 1782 1638 velle
1800 1629 1810 1644 ,
1840 1615 1875 1637 ut
1897 1607 1935 1638 ad
1952 1614 1982 1636 a·

1115 1652 1190 1683 lium
1209 1650 1385 1691 periculum
1403 1672 1413 1686 ,
1442 1649 1481 1680 ad
1503 1648 1597 1679 alium
1620 1649 1743 1680 lucrum
1762 1671 1770 1686 ‚
1803 1649 1982 1688 pertineat:

1116 1702 1189 1724 cum
1212 1692 1253 1724 iic
1277 1690 1381 1722 scribit
1406 1692 1425 1721 ι.
1449 1698 1495 1721 11.
1527 1689 1568 1720 D.
1594 1691 1627 1720 cie
1653 1691 1772 1730 negotiu
1795 1687 1893 1730 gestis.
1948 1688 1984 1719 Si

1116 1736 1230 1774 negotia
1246 1732 1370 1769 absentis
1388 1730 1425 1764 ὅ)
1446 1732 1611 1772 ignorantis
1626 1740 1727 1771 geras:
1752 1729 1788 1764 69⁹
1805 1725 1927 1771 ‘culpam
1945 1729 1984 1763 ἐξ

1116 1777 1212 1807 dolum
1224 1771 1360 1815 prceflare
1374 1773 1462 1803 debes.
1506 1772 1562 1802 Secl
1580 1772 1721 1803 Proculus
1736 1772 1882 1802 interdum
1896 1771 1984 1802 etiam

1117 1818 1214 1855 casum
1228 1813 1361 1856 praestari
1383 1815 1497 1844 debere.-
1528 1813 1620 1844 veluti
1635 1811 1665 1851 fi
1685 1822 1795 1844 novum
1816 1813 1983 1854 negotium,

1117 1860 1191 1900 quod
1214 1867 1271 1888 uon
1291 1855 1333 1894 sit
1344 1855 1450 1894 fiilitus
1473 1854 1570 1894 abſsens
1585 1854 1711 1894 facere,
1743 1856 1905 1885 innomine
1919 1854 1982 1896 ejas

1115 1908 1230 1942 geras‚·
1260 1898 1352 1928 veluti
1374 1895 1488 1927 venales
1513 1897 1637 1927 novitios
1663 1897 1808 1927 coemendo
1824 1919 1833 1933 ,
1862 1896 1908 1926 vel
1929 1896 1984 1926 ali-

1118 1951 1207 1983 quam
1221 1939 1441 1981 negotiationem
1464 1938 1597 1969 ineundo.
1627 1947 1696 1968 riam
1708 1936 1734 1974 fi
1754 1940 1824 1979 quia
1845 1938 1983 1968 damnum

1117 1992 1154 2014 ex
1170 1991 1201 2013 ea
1224 1991 1255 2012 re
1269 1983 1402 2022 secutum
1412 1979 1511 2018 fuerit
1526 2002 1535 2017 ,
1566 1985 1592 2009 te
1602 1979 1757 2020 [equitum
1778 1979 1893 2010 lucrum
1915 1987 1983 2010 vern

1117 2025 1266 2055 absentem.
1309 2020 1454 2051 Tantum
1475 2022 1515 2052 de
1531 2020 1727 2060 Pomponio.

1156 2064 1306 2105 Sequitur
1331 2061 1486 2102 Ulpianus
1508 2063 1535 2092 d.
1561 2061 1580 2093 l.
1604 2071 1650 2094 10.
1672 2061 1700 2103 §.
1723 2067 1750 2096 8.
1783 2062 1825 2094 D.
1850 2061 1983 2094 Manda-

1117 2107 1141 2137 ti
1162 2107 1208 2137 vel
1230 2111 1341 2136 contra.
1386 2104 1421 2134 Si
1444 2105 1618 2134 mardavero
1643 2104 1824 2143 procuratori
1843 2114 1919 2142 meo,
1950 2107 1983 2133 ut

1120 2147 1193 2179 Titio
1214 2146 1370 2187 pecuniam
1391 2154 1482 2175 meanz
1497 2113 1669 2181 grecliitsttze
1685 2145 1801 2184 usuris,
1824 2146 1904 2186 isque
1924 2153 1983 2175 non

1112 2188 1176 2228 fine
1200 2188 1295 2227 usuris
1317 2187 1490 2224 crediderit,
1521 2196 1560 2216 an
1581 2187 1667 2216 etiam
1693 2187 1794 2224 usuras
1813 2188 1884 2216 mibi
1901 2184 1982 2225 resti-

1119 2237 1198 2261 tuere
1220 2230 1316 2260 debeat
1332 2251 1342 2265 ‚
1376 2228 1536 2258 videamus.
1567 2226 1604 2261 ὅ)
1627 2227 1721 2259 Labeo
1745 2228 1848 2267 scribit
1864 2250 1873 2265 ‚
1904 2225 1985 2267 resti-

1119 2279 1197 2303 tuere
1220 2280 1285 2301 eum
1310 2274 1432 2310 oportere
1448 2291 1459 2308 ,
1490 2267 1599 2307 etiamst
1621 2269 1671 2299 boc
1695 2269 1895 2300 mandaverim
1910 2292 1919 2306 ,
1949 2272 1984 2299 ut

1116 2314 1281 2355 gratuitam
1302 2311 1452 2350 pecuniam
1475 2311 1583 2343 daret:
1615 2312 1749 2352 quamvis
1766 2333 1775 2348 ,
1799 2308 1828 2347 si
1855 2309 1983 2351 periculo

1109 2356 1166 2396 sico
1191 2352 1366 2393 credidisset,
1390 2351 1505 2392 caffaret
1528 2352 1545 2392 ξ
1557 2353 1655 2393 inquit
1678 2351 1799 2391 Labeo)
1831 2352 1863 2383 in
1887 2351 1985 2388 usurit

1117 2395 1191 2428 attio
1219 2395 1349 2426 mandati
1401 2394 1490 2433 Seius
1513 2394 1713 2434 procuratori
1735 2393 1921 2431 mandavit,
1951 2399 1986 2423 ut

1119 2436 1212 2469 Titio
1236 2435 1402 2476 pecuniam
1430 2436 1514 2466 suam
1540 2435 1688 2467 crederet
1715 2434 1780 2466 fine
1806 2434 1927 2466 usuris:
1959 2433 1984 2464 is

1120 2488 1189 2510 eam
1214 2477 1349 2508 credidit
1372 2476 1426 2507 sub
1449 2475 1556 2508 usuris.
1589 2477 1741 2516 quaeritur
1757 2500 1766 2516 ,
1797 2485 1836 2507 an
1860 2474 1985 2513 usuraS,

1119 2520 1140 2552 si
1165 2528 1241 2558 quas
1265 2519 1428 2558 percepit,
1453 2518 1618 2549 restituere
1642 2518 1788 2550 debeat?
1817 2518 1860 2549 ait
1876 2515 1985 2556 Ulpia-

1120 2570 1176 2593 nus
1194 2570 1234 2591 ex
1260 2559 1430 2591 Labeone:
1456 2560 1485 2591 (ic
1506 2559 1602 2590 recte.
1631 2567 1666 2590 ut
1690 2560 1774 2590 enim
1803 2559 1986 2591 mandatum

1121 2604 1149 2634 ei
1171 2601 1225 2637 iit‚·
1250 2610 1283 2632 ut
1303 2602 1472 2641 gratuitam
1497 2600 1666 2641 pecuniam
1690 2601 1804 2638 daret3
1835 2608 1941 2630 tamen
1965 2597 1986 2629 si
2022 2624 2023 2627 ,

1120 2643 1175 2675 sub
1202 2642 1298 2673 usuris
1325 2642 1460 2673 credidit
1478 2665 1487 2681 ‚
1520 2643 1550 2672 ἃ
1581 2640 1637 2673 has
1665 2642 1817 2681 accepit;
1851 2649 1917 2672 non
1945 2648 1987 2670 ei:

1121 2685 1190 2723 sua,
1221 2683 1273 2715 sed
1290 2684 1390 2715 aliena
1409 2707 1418 2720 ‚
1448 2683 1584 2723 pecunia
1606 2684 1754 2724 accepit3
1783 2691 1844 2714 nec
1867 2682 1985 2722 patitur

1121 2727 1205 2758 bona
1227 2725 1304 2757 fides
1320 2748 1330 2764 ,
1363 2724 1515 2756 distinctis
1537 2725 1621 2755 inter
1646 2724 1794 2756 nomines
1816 2723 1985 2760 dominiis,

1121 2776 1261 2814 eumtex
1287 2767 1388 2797 aliena
1415 2765 1550 2806 pecunia
1570 2766 1692 2797 lucrum
1718 2764 1826 2796 facere
1842 2788 1852 2803 ,
1883 2765 1986 2796 invito

1121 2811 1267 2841 domino.
1301 2808 1399 2838 debet
1424 2807 1518 2847 igitur
1534 2830 1543 2844 ,
1577 2815 1873 2847 quantumcumque
1898 2805 1988 2836 senfin

1121 2851 1375 2884 emolumentum
1410 2847 1574 2880 restituere
1600 2852 1629 2880 ei
1660 2858 1701 2881 ex
1732 2849 1821 2888 cujus
1852 2846 1987 2888 pecunia

1120 2892 1262 2932 accepit:
1287 2890 1419 2921 volente
1436 2900 1501 2922 non
1517 2891 1643 2922 ratione
1664 2898 1806 2926 tantum,
1823 2888 1874 2921 sed
1891 2890 1987 2919 etiam

1119 2932 1262 2974 Ulpiano
1283 2932 1303 2963 l.
1325 2940 1369 2963 io.
1401 2931 1430 2973 §.
1448 2942 1477 2972 3.
1509 2931 1550 2962 iD.
1577 2933 1635 2964 eoa,
1665 2933 1711 2963 tit.
1745 2932 1857 2962 addam
1887 2928 1988 2960 Paulo

1119 2975 1139 3006 l.
1156 2985 1205 3007 20.
1231 2974 1270 3005 D.
1287 2974 1345 3004 eod.
1362 2974 1408 3005 tit.
1434 2973 1464 3005 ἃ
1482 2972 1564 3013 Gajo
1578 2974 1660 3012 i.46.
1682 2973 1711 3014 §.
1729 2983 1758 3011 4.
1776 2972 1816 3003 D.
1837 2973 1871 3001 ae
1882 2977 1985 3010 procu·

1119 3017 1273 3048 ratoribus.
1301 3015 1459 3053 maxime,
1485 3014 1506 3046 fi
1523 3023 1714 3055 procurator
1731 3022 1799 3044 eam
1817 3012 1986 3051 pecuniam

1120 3067 1186 3089 non
1203 3057 1258 3088 suo
1271 3057 1415 3097 periculo
1429 3056 1649 3087 foeneraverit.
1672 3056 1701 3086 δι
1717 3054 1793 3094 quid
1812 3052 1833 3084 fi
1853 3052 1985 3084 hocfit‘?

1122 3109 1188 3131 non
1203 3098 1288 3130 enim
1307 3097 1418 3130 definit
1436 3097 1499 3129 effe
1515 3098 1616 3129 aliena
1634 3096 1768 3136 pecunia
1784 3094 1828 3125 ob
1849 3096 1881 3125 id
1899 3092 1985 3133 quod

1122 3147 1313 3182 procurator
1338 3148 1407 3171 eam
1434 3137 1489 3170 suo
1512 3139 1659 3179 periculo
1684 3137 1828 3168 exercuit
1844 3135 1861 3167 .9
1892 3135 1986 3177 igitur

1123 3182 1224 3213 debet
1246 3182 1342 3212 etiam
1359 3191 1399 3212 eo
1424 3182 1456 3212 in
1478 3181 1549 3212 casu
1572 3178 1725 3219 quidquid
1748 3176 1907 3208 usurarum
1930 3186 1986 3207 no⁴

1125 3223 1212 3255 mine
1242 3223 1431 3262 acceperit,
1462 3221 1605 3261 pecuniae
1635 3218 1768 3251 domino
1800 3216 1987 3251 restituere?

1922 3265 1988 3290 non
