<?xml version="1.0" encoding="UTF-8"?>
<!DOCTYPE html PUBLIC "-//W3C//DTD XHTML 1.0 Transitional//EN"
    "http://www.w3.org/TR/xhtml1/DTD/xhtml1-transitional.dtd">
<html xmlns="http://www.w3.org/1999/xhtml" xml:lang="en" lang="en">
 <head>
  <title>
</title>
<meta http-equiv="Content-Type" content="text/html;charset=utf-8" />
  <meta name='ocr-system' content='tesseract 3.04.00' />
  <meta name='ocr-capabilities' content='ocr_page ocr_carea ocr_par ocr_line ocrx_word'/>
</head>
<body>
  <div class='ocr_page' id='page_1' title='image "./gerardinoodtnovi00nood_0583.png"; bbox 0 0 2036 3495; ppageno 0'>
   <div class='ocr_carea' id='block_1_1' title="bbox 1764 46 1892 93">
    <p class='ocr_par' dir='ltr' id='par_1_1' title="bbox 1764 46 1892 93">
     <span class='ocr_line' id='line_1_1' title="bbox 1764 46 1892 93; baseline 0.016 -12"><span class='ocrx_word' id='word_1_1' title='bbox 1764 46 1843 93; x_wconf 77' lang='lat' dir='ltr'><strong>Pag.</strong></span> <span class='ocrx_word' id='word_1_2' title='bbox 1872 55 1892 83; x_wconf 71' lang='lat' dir='ltr'><strong>J:</strong></span> 
     </span>
    </p>
   </div>
   <div class='ocr_carea' id='block_1_2' title="bbox 340 133 1635 212">
    <p class='ocr_par' dir='ltr' id='par_1_2' title="bbox 340 133 1635 212">
     <span class='ocr_line' id='line_1_2' title="bbox 340 133 1635 212; baseline -0.01 0"><span class='ocrx_word' id='word_1_3' title='bbox 340 139 1017 212; x_wconf 86' lang='lat' dir='ltr'>GERARDI</span> <span class='ocrx_word' id='word_1_4' title='bbox 1096 133 1635 209; x_wconf 85' lang='lat' dir='ltr'>NOODT‚</span> 
     </span>
    </p>
   </div>
   <div class='ocr_carea' id='block_1_3' title="bbox 608 253 1373 328">
    <p class='ocr_par' dir='ltr' id='par_1_3' title="bbox 608 253 1373 328">
     <span class='ocr_line' id='line_1_3' title="bbox 608 253 1373 328; baseline -0.008 -19"><span class='ocrx_word' id='word_1_5' title='bbox 608 256 913 328; x_wconf 87' lang='lat' dir='ltr'><strong>Jurisconsulti</strong></span> <span class='ocrx_word' id='word_1_6' title='bbox 951 259 1000 308; x_wconf 91' lang='lat'>&amp;</span> <span class='ocrx_word' id='word_1_7' title='bbox 1036 253 1373 314; x_wconf 78' lang='lat' dir='ltr'><strong>Antecefforis,</strong></span> 
     </span>
    </p>
   </div>
   <div class='ocr_carea' id='block_1_4' title="bbox 307 374 992 446">
    <p class='ocr_par' dir='ltr' id='par_1_4' title="bbox 307 374 992 446">
     <span class='ocr_line' id='line_1_4' title="bbox 307 374 992 446; baseline -0.004 0"><span class='ocrx_word' id='word_1_8' title='bbox 307 374 992 446; x_wconf 83' lang='lat' dir='ltr'><strong>COMMEN</strong></span> 
     </span>
    </p>
   </div>
   <div class='ocr_carea' id='block_1_5' title="bbox 1024 371 1678 443">
    <p class='ocr_par' dir='ltr' id='par_1_5' title="bbox 1024 371 1678 443">
     <span class='ocr_line' id='line_1_5' title="bbox 1024 371 1678 443; baseline -0.011 1"><span class='ocrx_word' id='word_1_9' title='bbox 1024 371 1678 443; x_wconf 79' lang='lat' dir='ltr'>&#39;TARIUS</span> 
     </span>
    </p>
   </div>
   <div class='ocr_carea' id='block_1_6' title="bbox 104 497 1885 696">
    <p class='ocr_par' dir='ltr' id='par_1_6' title="bbox 104 497 1885 696">
     <span class='ocr_line' id='line_1_6' title="bbox 104 497 1885 586; baseline -0.007 0"><span class='ocrx_word' id='word_1_10' title='bbox 104 507 270 586; x_wconf 82' lang='lat' dir='ltr'><strong>AD</strong></span> <span class='ocrx_word' id='word_1_11' title='bbox 332 502 845 584; x_wconf 81' lang='lat' dir='ltr'><strong>DIGESTA</strong></span> <span class='ocrx_word' id='word_1_12' title='bbox 902 500 1113 580; x_wconf 88' lang='lat' dir='ltr'><strong>SEU</strong></span> <span class='ocrx_word' id='word_1_13' title='bbox 1164 497 1885 579; x_wconf 80' lang='lat' dir='ltr'><strong>PANDECTAS.</strong></span> 
     </span>
     <span class='ocr_line' id='line_1_7' title="bbox 534 640 1438 696; baseline -0.007 0"><span class='ocrx_word' id='word_1_14' title='bbox 534 642 898 696; x_wconf 81' lang='lat' dir='ltr'><em>LIBER</em></span> <span class='ocrx_word' id='word_1_15' title='bbox 969 640 1438 694; x_wconf 79' lang='lat' dir='ltr'><strong><em>PRIMUS.</em></strong></span> 
     </span>
    </p>
   </div>
   <div class='ocr_carea' id='block_1_7' title="bbox 770 758 1212 796">
    <p class='ocr_par' dir='ltr' id='par_1_7' title="bbox 770 758 1212 796">
     <span class='ocr_line' id='line_1_8' title="bbox 770 758 1212 796; baseline -0.005 0"><span class='ocrx_word' id='word_1_16' title='bbox 770 760 1121 796; x_wconf 69' lang='lat' dir='ltr'><strong>T11-utus</strong></span> <span class='ocrx_word' id='word_1_17' title='bbox 1186 758 1212 794; x_wconf 92' lang='grc' dir='ltr'><strong>Ι.</strong></span> 
     </span>
    </p>
   </div>
   <div class='ocr_carea' id='block_1_8' title="bbox 801 845 1177 898">
    <p class='ocr_par' dir='ltr' id='par_1_8' title="bbox 801 845 1177 898">
     <span class='ocr_line' id='line_1_9' title="bbox 801 845 1177 898; baseline -0.011 -11"><span class='ocrx_word' id='word_1_18' title='bbox 801 852 852 888; x_wconf 88' lang='lat' dir='ltr'><strong>De</strong></span> <span class='ocrx_word' id='word_1_19' title='bbox 870 849 1007 898; x_wconf 79' lang='lat' dir='ltr'><strong>Justitia</strong></span> <span class='ocrx_word' id='word_1_20' title='bbox 1027 845 1069 887; x_wconf 52' lang='grc' dir='ltr'><strong>ἐξ</strong></span> <span class='ocrx_word' id='word_1_21' title='bbox 1083 847 1177 893; x_wconf 84' lang='lat' dir='ltr'><strong>Jure.</strong></span> 
     </span>
    </p>
   </div>
   <div class='ocr_carea' id='block_1_9' title="bbox 82 966 989 3153">
    <p class='ocr_par' dir='ltr' id='par_1_9' title="bbox 88 966 989 2576">
     <span class='ocr_line' id='line_1_10' title="bbox 119 966 967 1016; baseline -0.006 -13"><span class='ocrx_word' id='word_1_22' title='bbox 119 970 411 1016; x_wconf 51' lang='grc' dir='ltr'><strong>ῐέζζξὲξξῐῑετε</strong></span> <span class='ocrx_word' id='word_1_23' title='bbox 433 978 529 1013; x_wconf 87' lang='lat' dir='ltr'><strong>atque</strong></span> <span class='ocrx_word' id='word_1_24' title='bbox 547 971 660 1003; x_wconf 85' lang='lat' dir='ltr'>ordine</span> <span class='ocrx_word' id='word_1_25' title='bbox 676 976 789 1003; x_wconf 89' lang='lat' dir='ltr'><strong>monet</strong></span> <span class='ocrx_word' id='word_1_26' title='bbox 811 966 967 1013; x_wconf 82' lang='lat' dir='ltr'><strong>Ulpianus</strong></span> 
     </span>
     <span class='ocr_line' id='line_1_11' title="bbox 121 1008 968 1055; baseline -0.011 -7"><span class='ocrx_word' id='word_1_27' title='bbox 121 1012 125 1016; x_wconf 75' lang='grc'><strong>”</strong></span> <span class='ocrx_word' id='word_1_28' title='bbox 271 1016 309 1055; x_wconf 60' lang='grc' dir='ltr'><strong>ἐκ</strong></span> <span class='ocrx_word' id='word_1_29' title='bbox 326 1014 358 1046; x_wconf 89' lang='lat' dir='ltr'><strong>in</strong></span> <span class='ocrx_word' id='word_1_30' title='bbox 369 1013 719 1046; x_wconf 86' lang='lat' dir='ltr'><strong>liminelnstitutionum</strong></span> <span class='ocrx_word' id='word_1_31' title='bbox 730 1035 739 1050; x_wconf 92' lang='lat'><strong>,</strong></span> <span class='ocrx_word' id='word_1_32' title='bbox 750 1012 841 1051; x_wconf 86' lang='lat' dir='ltr'><strong>(nam</strong></span> <span class='ocrx_word' id='word_1_33' title='bbox 858 1019 898 1041; x_wconf 84' lang='lat' dir='ltr'><strong>ex</strong></span> <span class='ocrx_word' id='word_1_34' title='bbox 912 1008 968 1040; x_wconf 84' lang='lat' dir='ltr'><strong>lib.</strong></span> 
     </span>
     <span class='ocr_line' id='line_1_12' title="bbox 183 1050 967 1098; baseline -0.01 -10"><span class='ocrx_word' id='word_1_35' title='bbox 183 1050 229 1098; x_wconf 85' lang='lat' dir='ltr'>R</span> <span class='ocrx_word' id='word_1_36' title='bbox 272 1058 310 1096; x_wconf 62' lang='grc' dir='ltr'><strong>εκ</strong></span> <span class='ocrx_word' id='word_1_37' title='bbox 330 1065 356 1087; x_wconf 95' lang='lat'><strong>1.</strong></span> <span class='ocrx_word' id='word_1_38' title='bbox 374 1055 419 1087; x_wconf 87' lang='lat' dir='ltr'><strong>est</strong></span> <span class='ocrx_word' id='word_1_39' title='bbox 434 1055 452 1086; x_wconf 88' lang='lat' dir='ltr'><strong>l.</strong></span> <span class='ocrx_word' id='word_1_40' title='bbox 475 1064 499 1086; x_wconf 92' lang='lat'><strong>1.</strong></span> <span class='ocrx_word' id='word_1_41' title='bbox 524 1056 552 1086; x_wconf 80' lang='lat' dir='ltr'><strong>h.</strong></span> <span class='ocrx_word' id='word_1_42' title='bbox 568 1054 611 1095; x_wconf 79' lang='lat' dir='ltr'><strong>t.)</strong></span> <span class='ocrx_word' id='word_1_43' title='bbox 633 1053 699 1094; x_wconf 88' lang='lat' dir='ltr'><strong>Juri</strong></span> <span class='ocrx_word' id='word_1_44' title='bbox 725 1061 856 1093; x_wconf 85' lang='lat' dir='ltr'>operam</span> <span class='ocrx_word' id='word_1_45' title='bbox 879 1051 967 1082; x_wconf 86' lang='lat' dir='ltr'><strong>datu·</strong></span> 
     </span>
     <span class='ocr_line' id='line_1_13' title="bbox 273 1093 970 1138; baseline -0.01 -9"><span class='ocrx_word' id='word_1_46' title='bbox 273 1099 310 1138; x_wconf 53' lang='lat' dir='ltr'><strong>fik&lt;</strong></span> <span class='ocrx_word' id='word_1_47' title='bbox 329 1106 397 1129; x_wconf 84' lang='lat' dir='ltr'><strong>rum</strong></span> <span class='ocrx_word' id='word_1_48' title='bbox 413 1097 498 1136; x_wconf 86' lang='lat' dir='ltr'><strong>prius</strong></span> <span class='ocrx_word' id='word_1_49' title='bbox 515 1095 600 1128; x_wconf 83' lang='lat' dir='ltr'><strong>nosse</strong></span> <span class='ocrx_word' id='word_1_50' title='bbox 618 1101 788 1136; x_wconf 87' lang='lat' dir='ltr'><strong>oportere,</strong></span> <span class='ocrx_word' id='word_1_51' title='bbox 814 1093 970 1138; x_wconf 62' lang='lat' dir='ltr'><strong>undeno-</strong></span> 
     </span>
     <span class='ocr_line' id='line_1_14' title="bbox 121 1133 970 1180; baseline -0.006 -12"><span class='ocrx_word' id='word_1_52' title='bbox 121 1139 313 1180; x_wconf 48' lang='grc' dir='ltr'><strong>Ᾱζὲὶᾶξςζξζξ</strong></span> <span class='ocrx_word' id='word_1_53' title='bbox 329 1147 401 1169; x_wconf 86' lang='lat' dir='ltr'><strong>men</strong></span> <span class='ocrx_word' id='word_1_54' title='bbox 425 1137 505 1177; x_wconf 79' lang='lat' dir='ltr'><strong>Juris</strong></span> <span class='ocrx_word' id='word_1_55' title='bbox 528 1136 708 1169; x_wconf 74' lang='lat' dir='ltr'><strong>descendat.</strong></span> <span class='ocrx_word' id='word_1_56' title='bbox 748 1135 830 1180; x_wconf 72' lang='lat' dir='ltr'><strong>Illud</strong></span> <span class='ocrx_word' id='word_1_57' title='bbox 844 1133 970 1165; x_wconf 80' lang='lat' dir='ltr'><strong>durius:</strong></span> 
     </span>
     <span class='ocr_line' id='line_1_15' title="bbox 331 1174 970 1221; baseline -0.008 -11"><span class='ocrx_word' id='word_1_58' title='bbox 331 1179 419 1220; x_wconf 85' lang='lat' dir='ltr'><strong>quod</strong></span> <span class='ocrx_word' id='word_1_59' title='bbox 438 1178 532 1216; x_wconf 84' lang='lat' dir='ltr'><strong>dicit,</strong></span> <span class='ocrx_word' id='word_1_60' title='bbox 554 1178 603 1217; x_wconf 83' lang='lat' dir='ltr'><strong>J&#39;us</strong></span> <span class='ocrx_word' id='word_1_61' title='bbox 625 1176 687 1209; x_wconf 80' lang='lat' dir='ltr'><strong>effe</strong></span> <span class='ocrx_word' id='word_1_62' title='bbox 703 1186 719 1207; x_wconf 86' lang='lat' dir='ltr'><strong>a</strong></span> <span class='ocrx_word' id='word_1_63' title='bbox 733 1176 848 1217; x_wconf 85' lang='lat' dir='ltr'><strong>justitia</strong></span> <span class='ocrx_word' id='word_1_64' title='bbox 863 1174 970 1221; x_wconf 70' lang='lat' dir='ltr'><strong>appel-</strong></span> 
     </span>
     <span class='ocr_line' id='line_1_16' title="bbox 101 1217 970 1261; baseline -0.008 -9"><span class='ocrx_word' id='word_1_65' title='bbox 101 1221 216 1252; x_wconf 86' lang='lat' dir='ltr'><strong>latum:</strong></span> <span class='ocrx_word' id='word_1_66' title='bbox 232 1219 390 1258; x_wconf 81' lang='lat' dir='ltr'>causatus,</span> <span class='ocrx_word' id='word_1_67' title='bbox 404 1221 452 1260; x_wconf 83' lang='lat' dir='ltr'><strong>jus</strong></span> <span class='ocrx_word' id='word_1_68' title='bbox 466 1219 528 1251; x_wconf 81' lang='lat' dir='ltr'><strong>effe</strong></span> <span class='ocrx_word' id='word_1_69' title='bbox 543 1227 642 1250; x_wconf 86' lang='lat' dir='ltr'><strong>artem</strong></span> <span class='ocrx_word' id='word_1_70' title='bbox 659 1217 776 1249; x_wconf 85' lang='lat' dir='ltr'><strong>boni&amp;</strong></span> <span class='ocrx_word' id='word_1_71' title='bbox 787 1225 881 1257; x_wconf 85' lang='lat' dir='ltr'><strong>aequi.</strong></span> <span class='ocrx_word' id='word_1_72' title='bbox 898 1223 970 1261; x_wconf 75' lang='lat' dir='ltr'><strong>nam</strong></span> 
     </span>
     <span class='ocr_line' id='line_1_17' title="bbox 101 1255 970 1302; baseline -0.008 -9"><span class='ocrx_word' id='word_1_73' title='bbox 101 1263 142 1293; x_wconf 81' lang='lat' dir='ltr'><strong>ad</strong></span> <span class='ocrx_word' id='word_1_74' title='bbox 159 1268 317 1302; x_wconf 77' lang='lat' dir='ltr'><strong>praecepta</strong></span> <span class='ocrx_word' id='word_1_75' title='bbox 333 1260 563 1292; x_wconf 84' lang='lat' dir='ltr'><strong>Grammatices</strong></span> <span class='ocrx_word' id='word_1_76' title='bbox 578 1257 838 1299; x_wconf 82' lang='lat' dir='ltr'><strong>respicientibus,</strong></span> <span class='ocrx_word' id='word_1_77' title='bbox 853 1255 970 1302; x_wconf 40' lang='lat' dir='ltr'><strong>justiti-a</strong></span> 
     </span>
     <span class='ocr_line' id='line_1_18' title="bbox 100 1297 970 1344; baseline -0.008 -10"><span class='ocrx_word' id='word_1_78' title='bbox 100 1313 118 1334; x_wconf 88' lang='lat' dir='ltr'><strong>a</strong></span> <span class='ocrx_word' id='word_1_79' title='bbox 134 1304 221 1344; x_wconf 83' lang='lat' dir='ltr'><strong>jure,</strong></span> <span class='ocrx_word' id='word_1_80' title='bbox 239 1302 329 1341; x_wconf 84' lang='lat' dir='ltr'><strong>&amp;jus</strong></span> <span class='ocrx_word' id='word_1_81' title='bbox 343 1312 360 1333; x_wconf 82' lang='lat' dir='ltr'><strong>a</strong></span> <span class='ocrx_word' id='word_1_82' title='bbox 372 1300 533 1341; x_wconf 82' lang='lat' dir='ltr'><strong>jubendo,</strong></span> <span class='ocrx_word' id='word_1_83' title='bbox 551 1300 675 1332; x_wconf 87' lang='lat' dir='ltr'><strong>dicitur.</strong></span> <span class='ocrx_word' id='word_1_84' title='bbox 697 1308 758 1331; x_wconf 86' lang='lat' dir='ltr'><strong>nec</strong></span> <span class='ocrx_word' id='word_1_85' title='bbox 774 1297 970 1344; x_wconf 77' lang='lat' dir='ltr'><strong>improbabi-</strong></span> 
     </span>
     <span class='ocr_line' id='line_1_19' title="bbox 98 1337 969 1381; baseline -0.007 -6"><span class='ocrx_word' id='word_1_86' title='bbox 98 1343 132 1375; x_wconf 72' lang='lat' dir='ltr'><strong>ie</strong></span> <span class='ocrx_word' id='word_1_87' title='bbox 147 1343 212 1381; x_wconf 85' lang='lat' dir='ltr'><strong>est,</strong></span> <span class='ocrx_word' id='word_1_88' title='bbox 235 1342 388 1380; x_wconf 80' lang='lat' dir='ltr'><strong>Veteres,</strong></span> <span class='ocrx_word' id='word_1_89' title='bbox 410 1342 553 1373; x_wconf 86' lang='lat' dir='ltr'><strong>nondum</strong></span> <span class='ocrx_word' id='word_1_90' title='bbox 579 1348 704 1381; x_wconf 87' lang='lat' dir='ltr'><strong>reperta</strong></span> <span class='ocrx_word' id='word_1_91' title='bbox 729 1341 819 1372; x_wconf 87' lang='lat' dir='ltr'><strong>litera</strong></span> <span class='ocrx_word' id='word_1_92' title='bbox 837 1338 883 1378; x_wconf 83' lang='lat' dir='ltr'><strong>R,</strong></span> <span class='ocrx_word' id='word_1_93' title='bbox 904 1337 969 1379; x_wconf 79' lang='lat' dir='ltr'><strong>Jusa</strong></span> 
     </span>
     <span class='ocr_line' id='line_1_20' title="bbox 100 1380 976 1425; baseline -0.006 -9"><span class='ocrx_word' id='word_1_94' title='bbox 100 1394 161 1425; x_wconf 87' lang='lat' dir='ltr'><strong>pro</strong></span> <span class='ocrx_word' id='word_1_95' title='bbox 183 1384 250 1423; x_wconf 83' lang='lat' dir='ltr'><strong>jura</strong></span> <span class='ocrx_word' id='word_1_96' title='bbox 268 1383 394 1416; x_wconf 76' lang='lat' dir='ltr'><strong>dixiffe:</strong></span> <span class='ocrx_word' id='word_1_97' title='bbox 417 1392 521 1423; x_wconf 84' lang='lat' dir='ltr'><strong>eoque</strong></span> <span class='ocrx_word' id='word_1_98' title='bbox 537 1381 662 1414; x_wconf 85' lang='lat' dir='ltr'><strong>Festum</strong></span> <span class='ocrx_word' id='word_1_99' title='bbox 684 1380 859 1422; x_wconf 83' lang='lat' dir='ltr'><strong>respicere:</strong></span> <span class='ocrx_word' id='word_1_100' title='bbox 882 1380 976 1420; x_wconf 62' lang='lat' dir='ltr'><strong>apud„</strong></span> 
     </span>
     <span class='ocr_line' id='line_1_21' title="bbox 98 1422 989 1465; baseline -0.004 -9"><span class='ocrx_word' id='word_1_101' title='bbox 98 1422 376 1465; x_wconf 77' lang='lat' dir='ltr'><strong>quemjuffajura.</strong></span> <span class='ocrx_word' id='word_1_102' title='bbox 420 1423 530 1456; x_wconf 81' lang='lat' dir='ltr'>Nolim</span> <span class='ocrx_word' id='word_1_103' title='bbox 555 1431 659 1455; x_wconf 85' lang='lat' dir='ltr'><strong>tamen</strong></span> <span class='ocrx_word' id='word_1_104' title='bbox 676 1447 686 1462; x_wconf 90' lang='lat'><strong>‚</strong></span> <span class='ocrx_word' id='word_1_105' title='bbox 718 1423 841 1455; x_wconf 83' lang='lat' dir='ltr'><strong>idcirco</strong></span> <span class='ocrx_word' id='word_1_106' title='bbox 865 1424 989 1461; x_wconf 52' lang='lat' dir='ltr'><strong>repres</strong></span> 
     </span>
     <span class='ocr_line' id='line_1_22' title="bbox 98 1463 969 1505; baseline -0.005 -8"><span class='ocrx_word' id='word_1_107' title='bbox 98 1466 195 1497; x_wconf 88' lang='lat' dir='ltr'><strong>hendi</strong></span> <span class='ocrx_word' id='word_1_108' title='bbox 213 1465 393 1505; x_wconf 81' lang='lat' dir='ltr'>Ulpianum.</span> <span class='ocrx_word' id='word_1_109' title='bbox 415 1475 481 1498; x_wconf 90' lang='lat' dir='ltr'><strong>non</strong></span> <span class='ocrx_word' id='word_1_110' title='bbox 497 1464 541 1496; x_wconf 87' lang='lat' dir='ltr'><strong>est</strong></span> <span class='ocrx_word' id='word_1_111' title='bbox 558 1466 644 1497; x_wconf 90' lang='lat' dir='ltr'><strong>enim</strong></span> <span class='ocrx_word' id='word_1_112' title='bbox 659 1474 720 1496; x_wconf 88' lang='lat' dir='ltr'><strong>una</strong></span> <span class='ocrx_word' id='word_1_113' title='bbox 736 1463 969 1496; x_wconf 83' lang='lat' dir='ltr'><strong>Grammatico·</strong></span> 
     </span>
     <span class='ocr_line' id='line_1_23' title="bbox 97 1505 971 1548; baseline -0.003 -10"><span class='ocrx_word' id='word_1_114' title='bbox 97 1516 168 1539; x_wconf 80' lang='lat' dir='ltr'><strong>rum</strong></span> <span class='ocrx_word' id='word_1_115' title='bbox 184 1506 392 1548; x_wconf 76' lang='lat' dir='ltr'>etymologia.</span> <span class='ocrx_word' id='word_1_116' title='bbox 416 1506 461 1538; x_wconf 89' lang='lat' dir='ltr'><strong>est</strong></span> <span class='ocrx_word' id='word_1_117' title='bbox 483 1507 513 1538; x_wconf 63' lang='grc' dir='ltr'>ἃ</span> <span class='ocrx_word' id='word_1_118' title='bbox 526 1506 626 1538; x_wconf 81' lang='lat' dir='ltr'><strong>altera</strong></span> <span class='ocrx_word' id='word_1_119' title='bbox 645 1505 912 1544; x_wconf 81' lang='lat' dir='ltr'><strong>Philosophorum</strong></span> <span class='ocrx_word' id='word_1_120' title='bbox 927 1528 936 1543; x_wconf 92' lang='lat'><strong>,</strong></span> <span class='ocrx_word' id='word_1_121' title='bbox 953 1513 971 1535; x_wconf 86' lang='lat' dir='ltr'><strong>a</strong></span> 
     </span>
     <span class='ocr_line' id='line_1_24' title="bbox 97 1547 968 1589; baseline -0.001 -11"><span class='ocrx_word' id='word_1_122' title='bbox 97 1547 261 1589; x_wconf 82' lang='lat' dir='ltr'><strong>superiore</strong></span> <span class='ocrx_word' id='word_1_123' title='bbox 269 1547 400 1579; x_wconf 82' lang='lat' dir='ltr'><strong>diversa.</strong></span> <span class='ocrx_word' id='word_1_124' title='bbox 412 1547 456 1579; x_wconf 88' lang='lat' dir='ltr'><strong>illi</strong></span> <span class='ocrx_word' id='word_1_125' title='bbox 469 1547 623 1580; x_wconf 70' lang='lat' dir='ltr'><strong>sectantur</strong></span> <span class='ocrx_word' id='word_1_126' title='bbox 634 1548 773 1587; x_wconf 83' lang='lat' dir='ltr'><strong>origines</strong></span> <span class='ocrx_word' id='word_1_127' title='bbox 781 1547 968 1579; x_wconf 70' lang='lat' dir='ltr'><strong>verborum:</strong></span> 
     </span>
     <span class='ocr_line' id='line_1_25' title="bbox 98 1588 968 1630; baseline -0.001 -11"><span class='ocrx_word' id='word_1_128' title='bbox 98 1588 133 1619; x_wconf 83' lang='lat' dir='ltr'><strong>hi</strong></span> <span class='ocrx_word' id='word_1_129' title='bbox 151 1597 272 1626; x_wconf 85' lang='lat' dir='ltr'><strong>rerum,</strong></span> <span class='ocrx_word' id='word_1_130' title='bbox 287 1588 416 1620; x_wconf 69' lang='lat' dir='ltr'><strong>auoore</strong></span> <span class='ocrx_word' id='word_1_131' title='bbox 431 1588 552 1621; x_wconf 78' lang='lat' dir='ltr'><strong>Isidoro</strong></span> <span class='ocrx_word' id='word_1_132' title='bbox 563 1589 610 1620; x_wconf 84' lang='lat' dir='ltr'><strong>lib.</strong></span> <span class='ocrx_word' id='word_1_133' title='bbox 620 1598 651 1620; x_wconf 83' lang='lat' dir='ltr'><strong>x.</strong></span> <span class='ocrx_word' id='word_1_134' title='bbox 671 1589 791 1630; x_wconf 77' lang='lat' dir='ltr'><strong>Origin.</strong></span> <span class='ocrx_word' id='word_1_135' title='bbox 796 1596 865 1629; x_wconf 81' lang='lat' dir='ltr'><strong>pag.</strong></span> <span class='ocrx_word' id='word_1_136' title='bbox 880 1591 968 1628; x_wconf 83' lang='lat'>1067.</span> 
     </span>
     <span class='ocr_line' id='line_1_26' title="bbox 99 1628 968 1671; baseline -0.001 -11"><span class='ocrx_word' id='word_1_137' title='bbox 99 1628 200 1669; x_wconf 77' lang='lat' dir='ltr'><strong>Igitur</strong></span> <span class='ocrx_word' id='word_1_138' title='bbox 215 1628 293 1660; x_wconf 84' lang='lat' dir='ltr'><strong>ficut</strong></span> <span class='ocrx_word' id='word_1_139' title='bbox 308 1628 516 1661; x_wconf 81' lang='lat' dir='ltr'><strong>Grammatici</strong></span> <span class='ocrx_word' id='word_1_140' title='bbox 528 1629 677 1670; x_wconf 85' lang='lat' dir='ltr'><strong>justitiam</strong></span> <span class='ocrx_word' id='word_1_141' title='bbox 692 1639 709 1661; x_wconf 89' lang='lat' dir='ltr'><strong>a</strong></span> <span class='ocrx_word' id='word_1_142' title='bbox 720 1631 807 1671; x_wconf 76' lang='lat' dir='ltr'><strong>Jure,</strong></span> <span class='ocrx_word' id='word_1_143' title='bbox 821 1630 935 1670; x_wconf 82' lang='lat' dir='ltr'><strong>jusque</strong></span> <span class='ocrx_word' id='word_1_144' title='bbox 950 1638 968 1660; x_wconf 88' lang='lat' dir='ltr'><strong>a</strong></span> 
     </span>
     <span class='ocr_line' id='line_1_27' title="bbox 96 1669 969 1711; baseline 0.002 -11"><span class='ocrx_word' id='word_1_145' title='bbox 96 1670 240 1709; x_wconf 73' lang='lat' dir='ltr'><strong>jubendo</strong></span> <span class='ocrx_word' id='word_1_146' title='bbox 257 1692 268 1709; x_wconf 86' lang='lat'>‚</span> <span class='ocrx_word' id='word_1_147' title='bbox 290 1670 460 1702; x_wconf 82' lang='lat' dir='ltr'><strong>derivant:</strong></span> <span class='ocrx_word' id='word_1_148' title='bbox 490 1670 530 1702; x_wconf 89' lang='lat' dir='ltr'><strong>fic</strong></span> <span class='ocrx_word' id='word_1_149' title='bbox 553 1670 707 1711; x_wconf 79' lang='lat' dir='ltr'><strong>Ulpianus</strong></span> <span class='ocrx_word' id='word_1_150' title='bbox 724 1694 733 1709; x_wconf 92' lang='lat'><strong>,</strong></span> <span class='ocrx_word' id='word_1_151' title='bbox 756 1669 969 1710; x_wconf 81' lang='lat' dir='ltr'><strong>Philosophus</strong></span> 
     </span>
     <span class='ocr_line' id='line_1_28' title="bbox 100 1711 968 1752; baseline 0.003 -11"><span class='ocrx_word' id='word_1_152' title='bbox 100 1711 260 1748; x_wconf 82' lang='lat' dir='ltr'><strong>imitatus,</strong></span> <span class='ocrx_word' id='word_1_153' title='bbox 273 1711 321 1751; x_wconf 76' lang='lat' dir='ltr'><strong>Jus</strong></span> <span class='ocrx_word' id='word_1_154' title='bbox 335 1721 352 1742; x_wconf 88' lang='lat' dir='ltr'><strong>a</strong></span> <span class='ocrx_word' id='word_1_155' title='bbox 363 1711 477 1751; x_wconf 84' lang='lat' dir='ltr'><strong>justitia</strong></span> <span class='ocrx_word' id='word_1_156' title='bbox 492 1712 685 1752; x_wconf 83' lang='lat' dir='ltr'><strong>appellatum</strong></span> <span class='ocrx_word' id='word_1_157' title='bbox 703 1711 968 1751; x_wconf 77' lang='lat' dir='ltr'><strong>ess&#39;e‚existimat:</strong></span> 
     </span>
     <span class='ocr_line' id='line_1_29' title="bbox 99 1751 970 1796; baseline 0 -13"><span class='ocrx_word' id='word_1_158' title='bbox 99 1751 162 1783; x_wconf 87' lang='lat' dir='ltr'><strong>hac</strong></span> <span class='ocrx_word' id='word_1_159' title='bbox 177 1752 295 1792; x_wconf 70' lang='lat' dir='ltr'><strong>adJecta</strong></span> <span class='ocrx_word' id='word_1_160' title='bbox 310 1753 435 1784; x_wconf 86' lang='lat' dir='ltr'><strong>ratione</strong></span> <span class='ocrx_word' id='word_1_161' title='bbox 452 1764 461 1785; x_wconf 77' lang='lat' dir='ltr'><strong>t</strong></span> <span class='ocrx_word' id='word_1_162' title='bbox 485 1752 583 1796; x_wconf 85' lang='lat' dir='ltr'><strong>Quod</strong></span> <span class='ocrx_word' id='word_1_163' title='bbox 598 1753 645 1794; x_wconf 84' lang='lat' dir='ltr'><strong>jus</strong></span> <span class='ocrx_word' id='word_1_164' title='bbox 664 1751 709 1785; x_wconf 88' lang='lat' dir='ltr'><strong>est</strong></span> <span class='ocrx_word' id='word_1_165' title='bbox 724 1763 773 1785; x_wconf 85' lang='lat' dir='ltr'><strong>ars</strong></span> <span class='ocrx_word' id='word_1_166' title='bbox 789 1753 867 1785; x_wconf 91' lang='lat' dir='ltr'><strong>boni</strong></span> <span class='ocrx_word' id='word_1_167' title='bbox 885 1753 915 1785; x_wconf 87' lang='lat'>&amp;</span> <span class='ocrx_word' id='word_1_168' title='bbox 931 1763 970 1783; x_wconf 83' lang='lat' dir='ltr'><strong>ae-</strong></span> 
     </span>
     <span class='ocr_line' id='line_1_30' title="bbox 100 1792 971 1841; baseline 0.002 -17"><span class='ocrx_word' id='word_1_169' title='bbox 100 1794 167 1834; x_wconf 84' lang='lat' dir='ltr'><strong>qui.</strong></span> <span class='ocrx_word' id='word_1_170' title='bbox 190 1792 308 1825; x_wconf 85' lang='lat' dir='ltr'><strong>sensus:</strong></span> <span class='ocrx_word' id='word_1_171' title='bbox 323 1794 423 1837; x_wconf 82' lang='lat' dir='ltr'><strong>Quod</strong></span> <span class='ocrx_word' id='word_1_172' title='bbox 438 1794 509 1826; x_wconf 88' lang='lat' dir='ltr'><strong>finis</strong></span> <span class='ocrx_word' id='word_1_173' title='bbox 525 1795 599 1827; x_wconf 88' lang='lat' dir='ltr'><strong>artis</strong></span> <span class='ocrx_word' id='word_1_174' title='bbox 615 1795 697 1841; x_wconf 79' lang='lat' dir='ltr'><strong>aequi</strong></span> <span class='ocrx_word' id='word_1_175' title='bbox 715 1794 745 1826; x_wconf 67' lang='grc' dir='ltr'><strong>δε</strong></span> <span class='ocrx_word' id='word_1_176' title='bbox 761 1794 857 1834; x_wconf 88' lang='lat' dir='ltr'><strong>boni,</strong></span> <span class='ocrx_word' id='word_1_177' title='bbox 876 1803 971 1835; x_wconf 90' lang='lat' dir='ltr'><strong>quam</strong></span> 
     </span>
     <span class='ocr_line' id='line_1_31' title="bbox 97 1835 969 1877; baseline 0.003 -12"><span class='ocrx_word' id='word_1_178' title='bbox 97 1835 144 1875; x_wconf 82' lang='lat' dir='ltr'><strong>J&#39;us</strong></span> <span class='ocrx_word' id='word_1_179' title='bbox 160 1835 371 1876; x_wconf 81' lang='lat' dir='ltr'><strong>appellamus,</strong></span> <span class='ocrx_word' id='word_1_180' title='bbox 395 1835 440 1867; x_wconf 86' lang='lat' dir='ltr'><strong>est</strong></span> <span class='ocrx_word' id='word_1_181' title='bbox 459 1835 591 1875; x_wconf 85' lang='lat' dir='ltr'><strong>justitia,</strong></span> <span class='ocrx_word' id='word_1_182' title='bbox 612 1836 675 1877; x_wconf 81' lang='lat' dir='ltr'><strong>ipsa</strong></span> <span class='ocrx_word' id='word_1_183' title='bbox 689 1842 799 1868; x_wconf 78' lang='lat' dir='ltr'><strong>natura</strong></span> <span class='ocrx_word' id='word_1_184' title='bbox 823 1836 909 1876; x_wconf 89' lang='lat' dir='ltr'><strong>prior</strong></span> <span class='ocrx_word' id='word_1_185' title='bbox 923 1845 969 1869; x_wconf 82' lang='lat' dir='ltr'><strong>ar·</strong></span> 
     </span>
     <span class='ocr_line' id='line_1_32' title="bbox 97 1875 969 1918; baseline 0.002 -12"><span class='ocrx_word' id='word_1_186' title='bbox 97 1884 153 1913; x_wconf 86' lang='lat' dir='ltr'><strong>te,</strong></span> <span class='ocrx_word' id='word_1_187' title='bbox 170 1879 209 1907; x_wconf 86' lang='lat' dir='ltr'><strong>ad</strong></span> <span class='ocrx_word' id='word_1_188' title='bbox 225 1876 437 1908; x_wconf 84' lang='lat' dir='ltr'><strong>obtinendum</strong></span> <span class='ocrx_word' id='word_1_189' title='bbox 451 1876 548 1909; x_wconf 89' lang='lat' dir='ltr'><strong>finem</strong></span> <span class='ocrx_word' id='word_1_190' title='bbox 564 1884 759 1918; x_wconf 86' lang='lat' dir='ltr'><strong>comparata.</strong></span> <span class='ocrx_word' id='word_1_191' title='bbox 779 1876 849 1910; x_wconf 88' lang='lat' dir='ltr'><strong>Pari</strong></span> <span class='ocrx_word' id='word_1_192' title='bbox 864 1875 969 1910; x_wconf 85' lang='lat' dir='ltr'><strong>forma</strong></span> 
     </span>
     <span class='ocr_line' id='line_1_33' title="bbox 98 1915 971 1959; baseline 0.003 -11"><span class='ocrx_word' id='word_1_193' title='bbox 98 1915 255 1956; x_wconf 82' lang='lat' dir='ltr'><strong>Isidorus,</strong></span> <span class='ocrx_word' id='word_1_194' title='bbox 279 1916 376 1949; x_wconf 90' lang='lat' dir='ltr'><strong>homo</strong></span> <span class='ocrx_word' id='word_1_195' title='bbox 392 1941 401 1957; x_wconf 89' lang='lat'><strong>,</strong></span> <span class='ocrx_word' id='word_1_196' title='bbox 427 1918 531 1959; x_wconf 87' lang='lat' dir='ltr'><strong>inquit</strong></span> <span class='ocrx_word' id='word_1_197' title='bbox 544 1942 554 1957; x_wconf 93' lang='lat'><em>‚</em></span> <span class='ocrx_word' id='word_1_198' title='bbox 570 1918 686 1951; x_wconf 89' lang='lat' dir='ltr'><strong>dicitur</strong></span> <span class='ocrx_word' id='word_1_199' title='bbox 701 1918 740 1950; x_wconf 86' lang='lat' dir='ltr'><strong>ab</strong></span> <span class='ocrx_word' id='word_1_200' title='bbox 757 1919 971 1951; x_wconf 82' lang='lat' dir='ltr'><strong>humanitate:</strong></span> 
     </span>
     <span class='ocr_line' id='line_1_34' title="bbox 99 1958 969 2000; baseline 0.005 -12"><span class='ocrx_word' id='word_1_201' title='bbox 99 1959 172 1998; x_wconf 85' lang='lat' dir='ltr'><strong>quia</strong></span> <span class='ocrx_word' id='word_1_202' title='bbox 187 1959 274 1999; x_wconf 84' lang='lat' dir='ltr'><strong>prior</strong></span> <span class='ocrx_word' id='word_1_203' title='bbox 289 1958 335 1990; x_wconf 89' lang='lat' dir='ltr'><strong>est</strong></span> <span class='ocrx_word' id='word_1_204' title='bbox 345 1959 540 1996; x_wconf 83' lang='lat' dir='ltr'><strong>humanitas,</strong></span> <span class='ocrx_word' id='word_1_205' title='bbox 557 1968 651 2000; x_wconf 84' lang='lat' dir='ltr'><strong>quarn</strong></span> <span class='ocrx_word' id='word_1_206' title='bbox 662 1960 781 1993; x_wconf 88' lang='lat' dir='ltr'><strong>homo:</strong></span> <span class='ocrx_word' id='word_1_207' title='bbox 798 1959 853 1993; x_wconf 85' lang='lat' dir='ltr'><strong>etfi</strong></span> <span class='ocrx_word' id='word_1_208' title='bbox 869 1960 969 1992; x_wconf 86' lang='lat' dir='ltr'><strong>homo</strong></span> 
     </span>
     <span class='ocr_line' id='line_1_35' title="bbox 98 1999 969 2038; baseline 0.006 -9"><span class='ocrx_word' id='word_1_209' title='bbox 98 1999 139 2030; x_wconf 86' lang='lat' dir='ltr'><strong>ab</strong></span> <span class='ocrx_word' id='word_1_210' title='bbox 164 1999 264 2030; x_wconf 88' lang='lat' dir='ltr'><strong>humo</strong></span> <span class='ocrx_word' id='word_1_211' title='bbox 279 2022 291 2038; x_wconf 91' lang='lat'><strong>,</strong></span> <span class='ocrx_word' id='word_1_212' title='bbox 321 1999 491 2032; x_wconf 89' lang='lat' dir='ltr'><strong>secundum</strong></span> <span class='ocrx_word' id='word_1_213' title='bbox 516 2000 773 2036; x_wconf 73' lang='lat' dir='ltr'><strong>Grammaticos,</strong></span> <span class='ocrx_word' id='word_1_214' title='bbox 797 2001 969 2034; x_wconf 89' lang='lat' dir='ltr'><strong>derivetur.</strong></span> 
     </span>
     <span class='ocr_line' id='line_1_36' title="bbox 98 2039 970 2084; baseline 0.003 -13"><span class='ocrx_word' id='word_1_215' title='bbox 98 2039 172 2071; x_wconf 81' lang='lat' dir='ltr'><strong>Effe</strong></span> <span class='ocrx_word' id='word_1_216' title='bbox 188 2041 281 2081; x_wconf 85' lang='lat' dir='ltr'><strong>igitur</strong></span> <span class='ocrx_word' id='word_1_217' title='bbox 293 2041 341 2080; x_wconf 88' lang='lat' dir='ltr'><strong>jus</strong></span> <span class='ocrx_word' id='word_1_218' title='bbox 360 2050 376 2072; x_wconf 88' lang='lat' dir='ltr'><strong>a</strong></span> <span class='ocrx_word' id='word_1_219' title='bbox 389 2041 504 2082; x_wconf 85' lang='lat' dir='ltr'><strong>justitia</strong></span> <span class='ocrx_word' id='word_1_220' title='bbox 519 2043 712 2082; x_wconf 85' lang='lat' dir='ltr'><strong>appellatum</strong></span> <span class='ocrx_word' id='word_1_221' title='bbox 723 2041 898 2084; x_wconf 79' lang='lat' dir='ltr'><strong>‚Ulpianus</strong></span> <span class='ocrx_word' id='word_1_222' title='bbox 916 2044 970 2075; x_wconf 89' lang='lat' dir='ltr'><strong>ait.</strong></span> 
     </span>
     <span class='ocr_line' id='line_1_37' title="bbox 98 2080 970 2125; baseline 0.005 -13"><span class='ocrx_word' id='word_1_223' title='bbox 98 2080 146 2112; x_wconf 91' lang='lat' dir='ltr'><strong>Ut</strong></span> <span class='ocrx_word' id='word_1_224' title='bbox 171 2091 248 2113; x_wconf 91' lang='lat' dir='ltr'><strong>vero</strong></span> <span class='ocrx_word' id='word_1_225' title='bbox 264 2081 496 2124; x_wconf 82' lang='lat' dir='ltr'><strong>intelligeretur</strong></span> <span class='ocrx_word' id='word_1_226' title='bbox 520 2084 551 2114; x_wconf 91' lang='lat' dir='ltr'><strong>di</strong></span> <span class='ocrx_word' id='word_1_227' title='bbox 576 2084 655 2116; x_wconf 90' lang='lat' dir='ltr'><strong>nitas</strong></span> <span class='ocrx_word' id='word_1_228' title='bbox 670 2084 780 2116; x_wconf 85' lang='lat' dir='ltr'><strong>artium</strong></span> <span class='ocrx_word' id='word_1_229' title='bbox 798 2084 970 2125; x_wconf 79' lang='lat' dir='ltr'><strong>principis3</strong></span> 
     </span>
     <span class='ocr_line' id='line_1_38' title="bbox 97 2122 970 2167; baseline 0.005 -14"><span class='ocrx_word' id='word_1_230' title='bbox 97 2123 137 2154; x_wconf 86' lang='lat' dir='ltr'><strong>ad</strong></span> <span class='ocrx_word' id='word_1_231' title='bbox 154 2123 282 2167; x_wconf 78' lang='lat' dir='ltr'><strong>ejusque</strong></span> <span class='ocrx_word' id='word_1_232' title='bbox 298 2122 452 2163; x_wconf 88' lang='lat' dir='ltr'><strong>studium,</strong></span> <span class='ocrx_word' id='word_1_233' title='bbox 468 2123 539 2156; x_wconf 90' lang='lat' dir='ltr'><strong>sane</strong></span> <span class='ocrx_word' id='word_1_234' title='bbox 566 2125 692 2157; x_wconf 67' lang='lat' dir='ltr'><strong>austum</strong></span> <span class='ocrx_word' id='word_1_235' title='bbox 703 2148 713 2164; x_wconf 92' lang='lat'><strong>,</strong></span> <span class='ocrx_word' id='word_1_236' title='bbox 731 2125 909 2157; x_wconf 88' lang='lat' dir='ltr'><strong>&amp;humano</strong></span> <span class='ocrx_word' id='word_1_237' title='bbox 917 2135 970 2167; x_wconf 89' lang='lat' dir='ltr'><strong>ge-</strong></span> 
     </span>
     <span class='ocr_line' id='line_1_39' title="bbox 96 2164 965 2206; baseline 0.005 -11"><span class='ocrx_word' id='word_1_238' title='bbox 96 2164 165 2195; x_wconf 87' lang='lat' dir='ltr'><strong>neri</strong></span> <span class='ocrx_word' id='word_1_239' title='bbox 181 2164 391 2204; x_wconf 87' lang='lat' dir='ltr'><strong>utiliffimum,</strong></span> <span class='ocrx_word' id='word_1_240' title='bbox 407 2165 533 2198; x_wconf 90' lang='lat' dir='ltr'><strong>nobiles</strong></span> <span class='ocrx_word' id='word_1_241' title='bbox 547 2166 693 2198; x_wconf 81' lang='lat' dir='ltr'><strong>incitaret</strong></span> <span class='ocrx_word' id='word_1_242' title='bbox 711 2166 876 2206; x_wconf 84' lang='lat' dir='ltr'><strong>homines3</strong></span> <span class='ocrx_word' id='word_1_243' title='bbox 900 2176 965 2199; x_wconf 91' lang='lat' dir='ltr'><strong>nou</strong></span> 
     </span>
     <span class='ocr_line' id='line_1_40' title="bbox 95 2204 964 2250; baseline 0.006 -14"><span class='ocrx_word' id='word_1_244' title='bbox 95 2206 198 2237; x_wconf 86' lang='lat' dir='ltr'><strong>minus</strong></span> <span class='ocrx_word' id='word_1_245' title='bbox 213 2204 339 2247; x_wconf 86' lang='lat' dir='ltr'><strong>egregie</strong></span> <span class='ocrx_word' id='word_1_246' title='bbox 350 2229 360 2245; x_wconf 92' lang='lat'><em>‚</em></span> <span class='ocrx_word' id='word_1_247' title='bbox 375 2215 468 2247; x_wconf 89' lang='lat' dir='ltr'><strong>quam</strong></span> <span class='ocrx_word' id='word_1_248' title='bbox 484 2215 685 2247; x_wconf 88' lang='lat' dir='ltr'><strong>opportune,</strong></span> <span class='ocrx_word' id='word_1_249' title='bbox 702 2207 825 2248; x_wconf 86' lang='lat' dir='ltr'><strong>subjicit</strong></span> <span class='ocrx_word' id='word_1_250' title='bbox 840 2208 869 2250; x_wconf 85' lang='lat'><strong>§.</strong></span> <span class='ocrx_word' id='word_1_251' title='bbox 894 2217 918 2240; x_wconf 92' lang='lat'><strong>1.</strong></span> <span class='ocrx_word' id='word_1_252' title='bbox 934 2209 964 2241; x_wconf 84' lang='lat' dir='ltr'><strong>d.</strong></span> 
     </span>
     <span class='ocr_line' id='line_1_41' title="bbox 96 2245 964 2290; baseline 0.006 -13"><span class='ocrx_word' id='word_1_253' title='bbox 96 2245 116 2277; x_wconf 82' lang='lat' dir='ltr'><strong>l.</strong></span> <span class='ocrx_word' id='word_1_254' title='bbox 135 2256 163 2278; x_wconf 90' lang='lat'><strong>1.</strong></span> <span class='ocrx_word' id='word_1_255' title='bbox 180 2247 267 2286; x_wconf 91' lang='lat' dir='ltr'><strong>quod</strong></span> <span class='ocrx_word' id='word_1_256' title='bbox 283 2247 390 2288; x_wconf 89' lang='lat' dir='ltr'><strong>hujus,</strong></span> <span class='ocrx_word' id='word_1_257' title='bbox 405 2248 438 2279; x_wconf 91' lang='lat' dir='ltr'><strong>id</strong></span> <span class='ocrx_word' id='word_1_258' title='bbox 452 2247 516 2286; x_wconf 90' lang='lat' dir='ltr'><strong>est,</strong></span> <span class='ocrx_word' id='word_1_259' title='bbox 531 2248 651 2287; x_wconf 83' lang='lat' dir='ltr'><strong>iustitiae</strong></span> <span class='ocrx_word' id='word_1_260' title='bbox 662 2271 672 2287; x_wconf 94' lang='lat'><strong>,</strong></span> <span class='ocrx_word' id='word_1_261' title='bbox 687 2251 803 2281; x_wconf 90' lang='lat' dir='ltr'><strong>merito</strong></span> <span class='ocrx_word' id='word_1_262' title='bbox 819 2249 888 2290; x_wconf 87' lang='lat' dir='ltr'><strong>quis</strong></span> <span class='ocrx_word' id='word_1_263' title='bbox 904 2259 964 2282; x_wconf 87' lang='lat' dir='ltr'><strong>nos</strong></span> 
     </span>
     <span class='ocr_line' id='line_1_42' title="bbox 97 2287 966 2331; baseline 0.005 -13"><span class='ocrx_word' id='word_1_264' title='bbox 97 2287 287 2320; x_wconf 81' lang='lat' dir='ltr'><strong>Sacerdotes</strong></span> <span class='ocrx_word' id='word_1_265' title='bbox 302 2288 455 2329; x_wconf 87' lang='lat' dir='ltr'><strong>appellet:</strong></span> <span class='ocrx_word' id='word_1_266' title='bbox 471 2289 617 2330; x_wconf 84' lang='lat' dir='ltr'><strong>justitiam</strong></span> <span class='ocrx_word' id='word_1_267' title='bbox 634 2290 820 2331; x_wconf 84' lang='lat' dir='ltr'><strong>(inquiens)</strong></span> <span class='ocrx_word' id='word_1_268' title='bbox 830 2300 966 2331; x_wconf 85' lang='lat' dir='ltr'><strong>namque</strong></span> 
     </span>
     <span class='ocr_line' id='line_1_43' title="bbox 96 2329 965 2372; baseline 0.005 -12"><span class='ocrx_word' id='word_1_269' title='bbox 96 2329 252 2368; x_wconf 91' lang='lat' dir='ltr'><strong>colimus,</strong></span> <span class='ocrx_word' id='word_1_270' title='bbox 276 2329 306 2361; x_wconf 88' lang='lat'>&amp;</span> <span class='ocrx_word' id='word_1_271' title='bbox 333 2330 408 2362; x_wconf 88' lang='lat' dir='ltr'><strong>boni</strong></span> <span class='ocrx_word' id='word_1_272' title='bbox 431 2330 461 2362; x_wconf 72' lang='grc' dir='ltr'>ἀ</span> <span class='ocrx_word' id='word_1_273' title='bbox 484 2332 566 2371; x_wconf 82' lang='lat' dir='ltr'><strong>aequi</strong></span> <span class='ocrx_word' id='word_1_274' title='bbox 590 2332 737 2363; x_wconf 72' lang='lat' dir='ltr'><strong>notitiam</strong></span> <span class='ocrx_word' id='word_1_275' title='bbox 755 2331 965 2372; x_wconf 86' lang='lat' dir='ltr'><strong>profitemur:</strong></span> 
     </span>
     <span class='ocr_line' id='line_1_44' title="bbox 94 2371 965 2413; baseline 0.005 -12"><span class='ocrx_word' id='word_1_276' title='bbox 94 2380 120 2400; x_wconf 87' lang='lat' dir='ltr'><strong>ae</strong></span> <span class='ocrx_word' id='word_1_277' title='bbox 148 2379 220 2402; x_wconf 89' lang='lat' dir='ltr'><strong>uum</strong></span> <span class='ocrx_word' id='word_1_278' title='bbox 238 2371 277 2402; x_wconf 91' lang='lat' dir='ltr'><strong>ab</strong></span> <span class='ocrx_word' id='word_1_279' title='bbox 301 2371 412 2412; x_wconf 90' lang='lat' dir='ltr'><strong>iniquo</strong></span> <span class='ocrx_word' id='word_1_280' title='bbox 436 2371 629 2413; x_wconf 81' lang='lat' dir='ltr'><strong>separantes:</strong></span> <span class='ocrx_word' id='word_1_281' title='bbox 652 2372 774 2404; x_wconf 87' lang='lat' dir='ltr'><strong>licitum</strong></span> <span class='ocrx_word' id='word_1_282' title='bbox 792 2373 831 2404; x_wconf 91' lang='lat' dir='ltr'><strong>ab</strong></span> <span class='ocrx_word' id='word_1_283' title='bbox 850 2373 965 2405; x_wconf 88' lang='lat' dir='ltr'><strong>illicito</strong></span> 
     </span>
     <span class='ocr_line' id='line_1_45' title="bbox 93 2412 964 2455; baseline 0.002 -11"><span class='ocrx_word' id='word_1_284' title='bbox 93 2412 124 2444; x_wconf 90' lang='lat' dir='ltr'><strong>di</strong></span> <span class='ocrx_word' id='word_1_285' title='bbox 139 2419 324 2444; x_wconf 85' lang='lat' dir='ltr'><strong>cernentes:</strong></span> <span class='ocrx_word' id='word_1_286' title='bbox 348 2413 452 2445; x_wconf 86' lang='lat' dir='ltr'><strong>bonos</strong></span> <span class='ocrx_word' id='word_1_287' title='bbox 471 2423 535 2446; x_wconf 86' lang='lat' dir='ltr'><strong>non</strong></span> <span class='ocrx_word' id='word_1_288' title='bbox 553 2413 650 2445; x_wconf 90' lang='lat' dir='ltr'><strong>solum</strong></span> <span class='ocrx_word' id='word_1_289' title='bbox 674 2422 762 2446; x_wconf 91' lang='lat' dir='ltr'><strong>metu</strong></span> <span class='ocrx_word' id='word_1_290' title='bbox 780 2423 964 2455; x_wconf 84' lang='lat' dir='ltr'><strong>poenarum,</strong></span> 
     </span>
     <span class='ocr_line' id='line_1_46' title="bbox 92 2455 964 2495; baseline 0.005 -11"><span class='ocrx_word' id='word_1_291' title='bbox 92 2462 203 2485; x_wconf 89' lang='lat' dir='ltr'><strong>verum</strong></span> <span class='ocrx_word' id='word_1_292' title='bbox 229 2455 432 2494; x_wconf 77' lang='lat' dir='ltr'><strong>praemiorum</strong></span> <span class='ocrx_word' id='word_1_293' title='bbox 457 2464 588 2495; x_wconf 82' lang='lat' dir='ltr'><strong>quoque</strong></span> <span class='ocrx_word' id='word_1_294' title='bbox 612 2455 841 2487; x_wconf 81' lang='lat' dir='ltr'><strong>exhortatione</strong></span> <span class='ocrx_word' id='word_1_295' title='bbox 858 2456 964 2488; x_wconf 86' lang='lat' dir='ltr'><strong>effice-</strong></span> 
     </span>
     <span class='ocr_line' id='line_1_47' title="bbox 89 2495 963 2539; baseline 0.003 -13"><span class='ocrx_word' id='word_1_296' title='bbox 89 2504 125 2526; x_wconf 81' lang='lat' dir='ltr'><strong>re</strong></span> <span class='ocrx_word' id='word_1_297' title='bbox 139 2495 324 2534; x_wconf 89' lang='lat' dir='ltr'><strong>cupientes:</strong></span> <span class='ocrx_word' id='word_1_298' title='bbox 348 2505 454 2528; x_wconf 84' lang='lat' dir='ltr'><strong>veram</strong></span> <span class='ocrx_word' id='word_1_299' title='bbox 479 2497 554 2537; x_wconf 79' lang='lat' dir='ltr'><strong>(nisi</strong></span> <span class='ocrx_word' id='word_1_300' title='bbox 573 2497 686 2538; x_wconf 84' lang='lat' dir='ltr'><strong>fallor)</strong></span> <span class='ocrx_word' id='word_1_301' title='bbox 709 2496 963 2539; x_wconf 83' lang='lat' dir='ltr'><strong>philosophiam,</strong></span> 
     </span>
     <span class='ocr_line' id='line_1_48' title="bbox 88 2536 579 2576; baseline 0.006 -9"><span class='ocrx_word' id='word_1_302' title='bbox 88 2544 155 2568; x_wconf 87' lang='lat' dir='ltr'><strong>non</strong></span> <span class='ocrx_word' id='word_1_303' title='bbox 169 2536 359 2576; x_wconf 76' lang='lat' dir='ltr'><strong>simulatam,</strong></span> <span class='ocrx_word' id='word_1_304' title='bbox 382 2537 579 2572; x_wconf 64' lang='lat' dir='ltr'><strong>affectantes.</strong></span> 
     </span>
    </p>

    <p class='ocr_par' dir='ltr' id='par_1_10' title="bbox 82 2577 965 3153">
     <span class='ocr_line' id='line_1_49' title="bbox 134 2577 963 2621; baseline 0.002 -13"><span class='ocrx_word' id='word_1_305' title='bbox 134 2577 216 2609; x_wconf 84' lang='lat' dir='ltr'><strong>Haec</strong></span> <span class='ocrx_word' id='word_1_306' title='bbox 231 2577 347 2618; x_wconf 86' lang='lat' dir='ltr'><strong>justitia</strong></span> <span class='ocrx_word' id='word_1_307' title='bbox 364 2579 445 2619; x_wconf 88' lang='lat' dir='ltr'><strong>(qua</strong></span> <span class='ocrx_word' id='word_1_308' title='bbox 469 2580 509 2611; x_wconf 92' lang='lat' dir='ltr'><strong>de</strong></span> <span class='ocrx_word' id='word_1_309' title='bbox 533 2580 579 2613; x_wconf 85' lang='lat' dir='ltr'><strong>est</strong></span> <span class='ocrx_word' id='word_1_310' title='bbox 603 2580 691 2621; x_wconf 85' lang='lat' dir='ltr'><strong>prior</strong></span> <span class='ocrx_word' id='word_1_311' title='bbox 710 2579 856 2612; x_wconf 81' lang='lat' dir='ltr'><strong>Rubricae</strong></span> <span class='ocrx_word' id='word_1_312' title='bbox 874 2580 963 2620; x_wconf 79' lang='lat' dir='ltr'><strong>pars)</strong></span> 
     </span>
     <span class='ocr_line' id='line_1_50' title="bbox 90 2617 964 2661; baseline 0.003 -12"><span class='ocrx_word' id='word_1_313' title='bbox 90 2618 129 2650; x_wconf 87' lang='lat' dir='ltr'><strong>ab</strong></span> <span class='ocrx_word' id='word_1_314' title='bbox 149 2617 289 2659; x_wconf 84' lang='lat' dir='ltr'><strong>Ulpiano</strong></span> <span class='ocrx_word' id='word_1_315' title='bbox 303 2619 324 2650; x_wconf 83' lang='lat' dir='ltr'><strong>l.</strong></span> <span class='ocrx_word' id='word_1_316' title='bbox 344 2628 391 2651; x_wconf 91' lang='lat'><strong>10.</strong></span> <span class='ocrx_word' id='word_1_317' title='bbox 407 2620 434 2652; x_wconf 83' lang='lat' dir='ltr'><strong>h.</strong></span> <span class='ocrx_word' id='word_1_318' title='bbox 451 2626 473 2652; x_wconf 76' lang='lat' dir='ltr'><strong>t.</strong></span> <span class='ocrx_word' id='word_1_319' title='bbox 491 2620 659 2659; x_wconf 86' lang='lat' dir='ltr'><strong>definitur,</strong></span> <span class='ocrx_word' id='word_1_320' title='bbox 682 2620 828 2653; x_wconf 79' lang='lat' dir='ltr'><strong>constans</strong></span> <span class='ocrx_word' id='word_1_321' title='bbox 848 2622 876 2652; x_wconf 73' lang='grc' dir='ltr'><strong>δι</strong></span> <span class='ocrx_word' id='word_1_322' title='bbox 894 2631 964 2661; x_wconf 89' lang='lat' dir='ltr'><strong>per-</strong></span> 
     </span>
     <span class='ocr_line' id='line_1_51' title="bbox 88 2660 960 2703; baseline 0.005 -13"><span class='ocrx_word' id='word_1_323' title='bbox 88 2661 187 2701; x_wconf 85' lang='lat' dir='ltr'><strong>petua</strong></span> <span class='ocrx_word' id='word_1_324' title='bbox 204 2660 351 2691; x_wconf 88' lang='lat' dir='ltr'><strong>voluntas</strong></span> <span class='ocrx_word' id='word_1_325' title='bbox 371 2660 419 2700; x_wconf 76' lang='lat' dir='ltr'><strong>ius</strong></span> <span class='ocrx_word' id='word_1_326' title='bbox 445 2661 531 2693; x_wconf 91' lang='lat' dir='ltr'><strong>suum</strong></span> <span class='ocrx_word' id='word_1_327' title='bbox 546 2663 663 2703; x_wconf 87' lang='lat' dir='ltr'><strong>cuique</strong></span> <span class='ocrx_word' id='word_1_328' title='bbox 680 2664 851 2694; x_wconf 87' lang='lat' dir='ltr'><strong>tribuendi.</strong></span> <span class='ocrx_word' id='word_1_329' title='bbox 890 2663 960 2693; x_wconf 82' lang='lat' dir='ltr'><strong>l’ul·</strong></span> 
     </span>
     <span class='ocr_line' id='line_1_52' title="bbox 89 2699 962 2742; baseline 0.006 -12"><span class='ocrx_word' id='word_1_330' title='bbox 89 2700 167 2731; x_wconf 81' lang='lat' dir='ltr'><strong>chra</strong></span> <span class='ocrx_word' id='word_1_331' title='bbox 181 2700 290 2737; x_wconf 87' lang='lat' dir='ltr'><strong>hercle</strong></span> <span class='ocrx_word' id='word_1_332' title='bbox 307 2699 470 2732; x_wconf 89' lang='lat' dir='ltr'><strong>definitio!</strong></span> <span class='ocrx_word' id='word_1_333' title='bbox 494 2706 601 2742; x_wconf 83' lang='lat' dir='ltr'><strong>paucis</strong></span> <span class='ocrx_word' id='word_1_334' title='bbox 619 2713 722 2736; x_wconf 85' lang='lat' dir='ltr'><strong>tamen</strong></span> <span class='ocrx_word' id='word_1_335' title='bbox 741 2704 962 2735; x_wconf 81' lang='lat' dir='ltr'><strong>examinanda.</strong></span> 
     </span>
     <span class='ocr_line' id='line_1_53' title="bbox 87 2739 964 2786; baseline 0.007 -16"><span class='ocrx_word' id='word_1_336' title='bbox 87 2741 193 2773; x_wconf 86' lang='lat' dir='ltr'><strong>Prima</strong></span> <span class='ocrx_word' id='word_1_337' title='bbox 209 2741 328 2786; x_wconf 62' lang='grc' dir='ltr'><strong>γει-δα,</strong></span> <span class='ocrx_word' id='word_1_338' title='bbox 353 2739 492 2781; x_wconf 77' lang='lat' dir='ltr'><strong>Constans</strong></span> <span class='ocrx_word' id='word_1_339' title='bbox 514 2743 550 2777; x_wconf 52' lang='grc' dir='ltr'><strong>ἐξ</strong></span> <span class='ocrx_word' id='word_1_340' title='bbox 568 2751 706 2785; x_wconf 70' lang='lat' dir='ltr'><strong>perpetua</strong></span> <span class='ocrx_word' id='word_1_341' title='bbox 730 2745 885 2784; x_wconf 80' lang='lat' dir='ltr'><strong>voluntas,</strong></span> <span class='ocrx_word' id='word_1_342' title='bbox 909 2745 964 2786; x_wconf 88' lang='lat' dir='ltr'><strong>(ut</strong></span> 
     </span>
     <span class='ocr_line' id='line_1_54' title="bbox 90 2781 963 2825; baseline 0.005 -12"><span class='ocrx_word' id='word_1_343' title='bbox 90 2781 215 2813; x_wconf 84' lang='lat' dir='ltr'><strong>ostendi</strong></span> <span class='ocrx_word' id='word_1_344' title='bbox 225 2781 272 2811; x_wconf 88' lang='lat' dir='ltr'><strong>lib.</strong></span> <span class='ocrx_word' id='word_1_345' title='bbox 284 2790 313 2822; x_wconf 86' lang='lat'><strong>3.</strong></span> <span class='ocrx_word' id='word_1_346' title='bbox 331 2781 532 2814; x_wconf 78' lang='lat' dir='ltr'><strong>Probabilium</strong></span> <span class='ocrx_word' id='word_1_347' title='bbox 547 2794 569 2815; x_wconf 88' lang='lat' dir='ltr'><strong>c.</strong></span> <span class='ocrx_word' id='word_1_348' title='bbox 584 2788 631 2825; x_wconf 85' lang='lat'><strong>1.)</strong></span> <span class='ocrx_word' id='word_1_349' title='bbox 647 2785 790 2817; x_wconf 79' lang='lat' dir='ltr'><strong>habitum</strong></span> <span class='ocrx_word' id='word_1_350' title='bbox 801 2787 893 2817; x_wconf 87' lang='lat' dir='ltr'><strong>animi</strong></span> <span class='ocrx_word' id='word_1_351' title='bbox 910 2787 963 2817; x_wconf 80' lang='lat' dir='ltr'><strong>seu</strong></span> 
     </span>
     <span class='ocr_line' id='line_1_55' title="bbox 90 2821 963 2867; baseline 0.007 -14"><span class='ocrx_word' id='word_1_352' title='bbox 90 2821 267 2854; x_wconf 87' lang='lat' dir='ltr'><strong>voluntatis</strong></span> <span class='ocrx_word' id='word_1_353' title='bbox 296 2822 486 2867; x_wconf 83' lang='lat' dir='ltr'><strong>indigitant:</strong></span> <span class='ocrx_word' id='word_1_354' title='bbox 511 2824 598 2856; x_wconf 79' lang='lat' dir='ltr'><strong>fimul</strong></span> <span class='ocrx_word' id='word_1_355' title='bbox 614 2849 624 2864; x_wconf 92' lang='lat'><strong>,</strong></span> <span class='ocrx_word' id='word_1_356' title='bbox 648 2828 736 2866; x_wconf 86' lang='lat' dir='ltr'><strong>quod</strong></span> <span class='ocrx_word' id='word_1_357' title='bbox 756 2827 871 2867; x_wconf 87' lang='lat' dir='ltr'><strong>justitia</strong></span> <span class='ocrx_word' id='word_1_358' title='bbox 899 2836 963 2858; x_wconf 90' lang='lat' dir='ltr'><strong>non</strong></span> 
     </span>
     <span class='ocr_line' id='line_1_56' title="bbox 90 2862 964 2907; baseline 0.006 -13"><span class='ocrx_word' id='word_1_359' title='bbox 90 2863 262 2894; x_wconf 79' lang='lat' dir='ltr'><strong>aestimatur</strong></span> <span class='ocrx_word' id='word_1_360' title='bbox 284 2862 424 2902; x_wconf 67' lang='lat' dir='ltr'><strong>athone,</strong></span> <span class='ocrx_word' id='word_1_361' title='bbox 449 2867 649 2904; x_wconf 85' lang='lat' dir='ltr'><strong>quantumvis</strong></span> <span class='ocrx_word' id='word_1_362' title='bbox 663 2867 759 2907; x_wconf 83' lang='lat' dir='ltr'><strong>justa:</strong></span> <span class='ocrx_word' id='word_1_363' title='bbox 783 2869 835 2900; x_wconf 79' lang='lat' dir='ltr'><strong>sed</strong></span> <span class='ocrx_word' id='word_1_364' title='bbox 851 2869 964 2899; x_wconf 85' lang='lat' dir='ltr'><strong>volun-</strong></span> 
     </span>
     <span class='ocr_line' id='line_1_57' title="bbox 82 2903 965 2949; baseline 0.007 -14"><span class='ocrx_word' id='word_1_365' title='bbox 82 2904 158 2935; x_wconf 75' lang='lat' dir='ltr'><strong>&#39;tate</strong></span> <span class='ocrx_word' id='word_1_366' title='bbox 182 2903 347 2934; x_wconf 89' lang='lat' dir='ltr'><strong>constante</strong></span> <span class='ocrx_word' id='word_1_367' title='bbox 371 2913 408 2934; x_wconf 88' lang='lat' dir='ltr'><strong>ac</strong></span> <span class='ocrx_word' id='word_1_368' title='bbox 430 2914 582 2945; x_wconf 85' lang='lat' dir='ltr'><strong>perpetua</strong></span> <span class='ocrx_word' id='word_1_369' title='bbox 605 2907 684 2946; x_wconf 81' lang='lat' dir='ltr'><strong>Juste</strong></span> <span class='ocrx_word' id='word_1_370' title='bbox 704 2910 832 2949; x_wconf 76' lang='lat' dir='ltr'><strong>agendi3</strong></span> <span class='ocrx_word' id='word_1_371' title='bbox 857 2918 917 2940; x_wconf 90' lang='lat' dir='ltr'><strong>nec</strong></span> <span class='ocrx_word' id='word_1_372' title='bbox 935 2919 965 2940; x_wconf 87' lang='lat' dir='ltr'><strong>a·</strong></span> 
     </span>
     <span class='ocr_line' id='line_1_58' title="bbox 91 2944 964 2990; baseline 0.008 -15"><span class='ocrx_word' id='word_1_373' title='bbox 91 2945 138 2978; x_wconf 83' lang='lat' dir='ltr'><strong>lio</strong></span> <span class='ocrx_word' id='word_1_374' title='bbox 162 2944 245 2982; x_wconf 89' lang='lat' dir='ltr'><strong>fine,</strong></span> <span class='ocrx_word' id='word_1_375' title='bbox 269 2953 362 2984; x_wconf 86' lang='lat' dir='ltr'><strong>quam</strong></span> <span class='ocrx_word' id='word_1_376' title='bbox 387 2946 548 2985; x_wconf 85' lang='lat' dir='ltr'><strong>utjullitia</strong></span> <span class='ocrx_word' id='word_1_377' title='bbox 566 2945 762 2980; x_wconf 76' lang='lat' dir='ltr'><strong>exerceatur.</strong></span> <span class='ocrx_word' id='word_1_378' title='bbox 784 2951 919 2990; x_wconf 85' lang='lat' dir='ltr'><strong>proinde</strong></span> <span class='ocrx_word' id='word_1_379' title='bbox 943 2949 964 2981; x_wconf 83' lang='lat' dir='ltr'><strong>fi</strong></span> 
     </span>
     <span class='ocr_line' id='line_1_59' title="bbox 82 2986 963 3031; baseline 0.005 -13"><span class='ocrx_word' id='word_1_380' title='bbox 82 2986 182 3027; x_wconf 73' lang='lat' dir='ltr'><strong>spes,</strong></span> <span class='ocrx_word' id='word_1_381' title='bbox 205 2994 258 3016; x_wconf 87' lang='lat' dir='ltr'><strong>aut</strong></span> <span class='ocrx_word' id='word_1_382' title='bbox 284 2993 388 3017; x_wconf 86' lang='lat' dir='ltr'><strong>metus</strong></span> <span class='ocrx_word' id='word_1_383' title='bbox 405 3009 415 3024; x_wconf 90' lang='lat'><strong>,</strong></span> <span class='ocrx_word' id='word_1_384' title='bbox 438 2996 491 3018; x_wconf 85' lang='lat' dir='ltr'><strong>aut</strong></span> <span class='ocrx_word' id='word_1_385' title='bbox 515 2996 602 3019; x_wconf 88' lang='lat' dir='ltr'><strong>error</strong></span> <span class='ocrx_word' id='word_1_386' title='bbox 618 3012 628 3027; x_wconf 90' lang='lat'>‚</span> <span class='ocrx_word' id='word_1_387' title='bbox 657 2989 821 3022; x_wconf 86' lang='lat' dir='ltr'><strong>hominem</strong></span> <span class='ocrx_word' id='word_1_388' title='bbox 845 2991 963 3031; x_wconf 88' lang='lat' dir='ltr'><strong>impro-</strong></span> 
     </span>
     <span class='ocr_line' id='line_1_60' title="bbox 90 3025 964 3072; baseline 0.007 -14"><span class='ocrx_word' id='word_1_389' title='bbox 90 3028 165 3059; x_wconf 84' lang='lat' dir='ltr'><strong>bum</strong></span> <span class='ocrx_word' id='word_1_390' title='bbox 182 3036 219 3057; x_wconf 84' lang='lat' dir='ltr'><strong>ac</strong></span> <span class='ocrx_word' id='word_1_391' title='bbox 234 3025 391 3059; x_wconf 76' lang='lat' dir='ltr'><strong>nefarium</strong></span> <span class='ocrx_word' id='word_1_392' title='bbox 412 3028 528 3059; x_wconf 88' lang='lat' dir='ltr'><strong>invitet</strong></span> <span class='ocrx_word' id='word_1_393' title='bbox 550 3029 694 3061; x_wconf 82' lang='lat' dir='ltr'><strong>trahatve</strong></span> <span class='ocrx_word' id='word_1_394' title='bbox 715 3031 754 3062; x_wconf 86' lang='lat' dir='ltr'><strong>ad</strong></span> <span class='ocrx_word' id='word_1_395' title='bbox 775 3033 855 3072; x_wconf 82' lang='lat' dir='ltr'><strong>aequi</strong></span> <span class='ocrx_word' id='word_1_396' title='bbox 872 3032 964 3063; x_wconf 88' lang='lat' dir='ltr'><strong>boni·</strong></span> 
     </span>
     <span class='ocr_line' id='line_1_61' title="bbox 94 3067 961 3109; baseline 0.005 -9"><span class='ocrx_word' id='word_1_397' title='bbox 94 3076 157 3109; x_wconf 86' lang='lat' dir='ltr'><strong>que</strong></span> <span class='ocrx_word' id='word_1_398' title='bbox 180 3067 433 3107; x_wconf 67' lang='lat' dir='ltr'><strong>observantiam</strong></span> <span class='ocrx_word' id='word_1_399' title='bbox 458 3070 482 3101; x_wconf 89' lang='lat' dir='ltr'><strong>is</strong></span> <span class='ocrx_word' id='word_1_400' title='bbox 506 3069 627 3101; x_wconf 88' lang='lat' dir='ltr'><strong>idcirco</strong></span> <span class='ocrx_word' id='word_1_401' title='bbox 650 3081 713 3102; x_wconf 89' lang='lat' dir='ltr'><strong>non</strong></span> <span class='ocrx_word' id='word_1_402' title='bbox 740 3080 880 3104; x_wconf 87' lang='lat' dir='ltr'><strong>meretur</strong></span> <span class='ocrx_word' id='word_1_403' title='bbox 904 3073 961 3104; x_wconf 86' lang='lat' dir='ltr'><strong>viri</strong></span> 
     </span>
     <span class='ocr_line' id='line_1_62' title="bbox 94 3108 961 3153; baseline 0.006 -12"><span class='ocrx_word' id='word_1_404' title='bbox 94 3109 171 3141; x_wconf 86' lang='lat' dir='ltr'><strong>boni</strong></span> <span class='ocrx_word' id='word_1_405' title='bbox 185 3118 221 3140; x_wconf 86' lang='lat' dir='ltr'><strong>ac</strong></span> <span class='ocrx_word' id='word_1_406' title='bbox 235 3108 445 3150; x_wconf 85' lang='lat' dir='ltr'><strong>justinomen.</strong></span> <span class='ocrx_word' id='word_1_407' title='bbox 462 3118 573 3141; x_wconf 79' lang='lat' dir='ltr'><strong>contra</strong></span> <span class='ocrx_word' id='word_1_408' title='bbox 590 3112 768 3152; x_wconf 83' lang='lat' dir='ltr'><strong>quoque‚fi</strong></span> <span class='ocrx_word' id='word_1_409' title='bbox 786 3123 892 3153; x_wconf 87' lang='lat' dir='ltr'><strong>error,</strong></span> <span class='ocrx_word' id='word_1_410' title='bbox 909 3122 961 3146; x_wconf 88' lang='lat' dir='ltr'><strong>aut</strong></span> 
     </span>
    </p>
   </div>
   <div class='ocr_carea' id='block_1_10' title="bbox 91 3151 959 3224">
    <p class='ocr_par' dir='ltr' id='par_1_11' title="bbox 91 3151 959 3224">
     <span class='ocr_line' id='line_1_63' title="bbox 91 3151 959 3224; baseline 0.006 -41"><span class='ocrx_word' id='word_1_411' title='bbox 91 3151 482 3224; x_wconf 46' lang='lat' dir='ltr'><strong>impetusjpeceffitasvffi</strong></span> <span class='ocrx_word' id='word_1_412' title='bbox 501 3152 643 3194; x_wconf 84' lang='lat' dir='ltr'><strong>impellat</strong></span> <span class='ocrx_word' id='word_1_413' title='bbox 657 3163 698 3186; x_wconf 88' lang='lat' dir='ltr'><strong>eo</strong></span> <span class='ocrx_word' id='word_1_414' title='bbox 713 3163 778 3196; x_wconf 85' lang='lat' dir='ltr'><strong>quo</strong></span> <span class='ocrx_word' id='word_1_415' title='bbox 796 3155 899 3194; x_wconf 85' lang='lat' dir='ltr'><strong>nolit,</strong></span> <span class='ocrx_word' id='word_1_416' title='bbox 916 3158 959 3188; x_wconf 91' lang='lat' dir='ltr'><strong>vi-</strong></span> 
     </span>
     <span class='ocr_line' id='line_1_64' title="bbox 154 3199 282 3224; baseline 0.016 -2"><span class='ocrx_word' id='word_1_417' title='bbox 154 3199 206 3223; x_wconf 74' lang='lat' dir='ltr'><strong>em.</strong></span> <span class='ocrx_word' id='word_1_418' title='bbox 273 3215 282 3224; x_wconf 89' lang='lat'><strong>.</strong></span> 
     </span>
    </p>
   </div>
   <div class='ocr_carea' id='block_1_11' title="bbox 99 977 141 1139">
    <p class='ocr_par' dir='ltr' id='par_1_12' title="bbox 99 977 141 1139">
     <span class='ocr_line' id='line_1_65' title="bbox 99 977 141 1139; textangle 90"><span class='ocrx_word' id='word_1_419' title='bbox 99 977 141 1139; x_wconf 49' lang='lat' dir='ltr'><strong>XXKW</strong></span> 
     </span>
    </p>
   </div>
   <div class='ocr_carea' id='block_1_12' title="bbox 100 1142 119 1178">
    <p class='ocr_par' dir='ltr' id='par_1_13' title="bbox 100 1142 119 1178">
     <span class='ocr_line' id='line_1_66' title="bbox 100 1142 119 1178; textangle 90"><span class='ocrx_word' id='word_1_420' title='bbox 100 1142 119 1178; x_wconf 58' lang='grc' dir='ltr'><strong>,ιίθ</strong></span> 
     </span>
    </p>
   </div>
   <div class='ocr_carea' id='block_1_13' title="bbox 1004 963 1894 3231">
    <p class='ocr_par' dir='ltr' id='par_1_14' title="bbox 1004 963 1894 3231">
     <span class='ocr_line' id='line_1_67' title="bbox 1010 963 1887 1008; baseline 0.001 -10"><span class='ocrx_word' id='word_1_421' title='bbox 1010 974 1080 998; x_wconf 87' lang='lat' dir='ltr'><strong>rum</strong></span> <span class='ocrx_word' id='word_1_422' title='bbox 1094 963 1230 1005; x_wconf 82' lang='lat' dir='ltr'><strong>justum;</strong></span> <span class='ocrx_word' id='word_1_423' title='bbox 1254 974 1315 997; x_wconf 89' lang='lat' dir='ltr'><strong>nec</strong></span> <span class='ocrx_word' id='word_1_424' title='bbox 1340 965 1366 997; x_wconf 91' lang='lat' dir='ltr'><strong>is</strong></span> <span class='ocrx_word' id='word_1_425' title='bbox 1390 965 1466 998; x_wconf 89' lang='lat' dir='ltr'><strong>ideo</strong></span> <span class='ocrx_word' id='word_1_426' title='bbox 1486 967 1554 1000; x_wconf 87' lang='lat' dir='ltr'><strong>talis</strong></span> <span class='ocrx_word' id='word_1_427' title='bbox 1572 966 1636 999; x_wconf 77' lang='lat' dir='ltr'><strong>esse</strong></span> <span class='ocrx_word' id='word_1_428' title='bbox 1653 966 1774 1000; x_wconf 82' lang='lat' dir='ltr'><strong>desinet</strong></span> <span class='ocrx_word' id='word_1_429' title='bbox 1788 974 1887 1008; x_wconf 78' lang='lat' dir='ltr'><strong>atque</strong></span> 
     </span>
     <span class='ocr_line' id='line_1_68' title="bbox 1009 1006 1889 1048; baseline 0 -8"><span class='ocrx_word' id='word_1_430' title='bbox 1009 1006 1138 1048; x_wconf 83' lang='lat' dir='ltr'><strong>injustus</strong></span> <span class='ocrx_word' id='word_1_431' title='bbox 1156 1006 1222 1038; x_wconf 85' lang='lat' dir='ltr'><strong>fiet.</strong></span> <span class='ocrx_word' id='word_1_432' title='bbox 1247 1016 1361 1038; x_wconf 85' lang='lat' dir='ltr'><strong>neuter</strong></span> <span class='ocrx_word' id='word_1_433' title='bbox 1377 1008 1460 1039; x_wconf 82' lang='lat' dir='ltr'><strong>enim</strong></span> <span class='ocrx_word' id='word_1_434' title='bbox 1478 1009 1565 1048; x_wconf 90' lang='lat' dir='ltr'><strong>quod</strong></span> <span class='ocrx_word' id='word_1_435' title='bbox 1580 1008 1678 1048; x_wconf 89' lang='lat' dir='ltr'><strong>fecit,</strong></span> <span class='ocrx_word' id='word_1_436' title='bbox 1695 1009 1817 1042; x_wconf 83' lang='lat' dir='ltr'><strong>voluit:</strong></span> <span class='ocrx_word' id='word_1_437' title='bbox 1833 1009 1889 1041; x_wconf 78' lang='lat' dir='ltr'><strong>sed</strong></span> 
     </span>
     <span class='ocr_line' id='line_1_69' title="bbox 1012 1047 1889 1089; baseline 0.001 -8"><span class='ocrx_word' id='word_1_438' title='bbox 1012 1050 1091 1081; x_wconf 88' lang='lat' dir='ltr'><strong>alter</strong></span> <span class='ocrx_word' id='word_1_439' title='bbox 1107 1047 1160 1089; x_wconf 91' lang='lat' dir='ltr'><strong>spe</strong></span> <span class='ocrx_word' id='word_1_440' title='bbox 1177 1055 1231 1079; x_wconf 88' lang='lat' dir='ltr'><strong>aut</strong></span> <span class='ocrx_word' id='word_1_441' title='bbox 1247 1056 1354 1087; x_wconf 86' lang='lat' dir='ltr'><strong>metu,</strong></span> <span class='ocrx_word' id='word_1_442' title='bbox 1377 1049 1456 1080; x_wconf 87' lang='lat' dir='ltr'><strong>alter</strong></span> <span class='ocrx_word' id='word_1_443' title='bbox 1479 1058 1587 1081; x_wconf 91' lang='lat' dir='ltr'><strong>errore</strong></span> <span class='ocrx_word' id='word_1_444' title='bbox 1605 1059 1659 1081; x_wconf 81' lang='lat' dir='ltr'><strong>aut</strong></span> <span class='ocrx_word' id='word_1_445' title='bbox 1682 1050 1889 1089; x_wconf 77' lang='lat' dir='ltr'><strong>necestitate,</strong></span> 
     </span>
     <span class='ocr_line' id='line_1_70' title="bbox 1012 1089 1889 1133; baseline 0.001 -11"><span class='ocrx_word' id='word_1_446' title='bbox 1012 1090 1052 1122; x_wconf 85' lang='lat' dir='ltr'><strong>ad</strong></span> <span class='ocrx_word' id='word_1_447' title='bbox 1067 1090 1101 1121; x_wconf 88' lang='lat' dir='ltr'><strong>id</strong></span> <span class='ocrx_word' id='word_1_448' title='bbox 1115 1091 1203 1130; x_wconf 88' lang='lat' dir='ltr'><strong>quod</strong></span> <span class='ocrx_word' id='word_1_449' title='bbox 1229 1090 1352 1127; x_wconf 86' lang='lat' dir='ltr'><strong>noluit,</strong></span> <span class='ocrx_word' id='word_1_450' title='bbox 1376 1089 1421 1121; x_wconf 90' lang='lat' dir='ltr'><strong>est</strong></span> <span class='ocrx_word' id='word_1_451' title='bbox 1445 1090 1613 1130; x_wconf 82' lang='lat' dir='ltr'><strong>abreptus:</strong></span> <span class='ocrx_word' id='word_1_452' title='bbox 1637 1100 1733 1133; x_wconf 85' lang='lat' dir='ltr'><strong>atque</strong></span> <span class='ocrx_word' id='word_1_453' title='bbox 1759 1092 1889 1124; x_wconf 89' lang='lat' dir='ltr'><strong>interim</strong></span> 
     </span>
     <span class='ocr_line' id='line_1_71' title="bbox 1013 1130 1891 1172; baseline 0.001 -9"><span class='ocrx_word' id='word_1_454' title='bbox 1013 1130 1124 1164; x_wconf 78' lang='lat' dir='ltr'><strong>manfit</strong></span> <span class='ocrx_word' id='word_1_455' title='bbox 1139 1131 1303 1172; x_wconf 87' lang='lat' dir='ltr'><strong>utriusque</strong></span> <span class='ocrx_word' id='word_1_456' title='bbox 1317 1131 1456 1170; x_wconf 88' lang='lat' dir='ltr'><strong>animus,</strong></span> <span class='ocrx_word' id='word_1_457' title='bbox 1481 1132 1581 1171; x_wconf 84' lang='lat' dir='ltr'><strong>qualis</strong></span> <span class='ocrx_word' id='word_1_458' title='bbox 1604 1131 1684 1172; x_wconf 87' lang='lat' dir='ltr'><strong>fuit,</strong></span> <span class='ocrx_word' id='word_1_459' title='bbox 1715 1134 1819 1165; x_wconf 88' lang='lat' dir='ltr'><strong>bonus</strong></span> <span class='ocrx_word' id='word_1_460' title='bbox 1835 1140 1891 1164; x_wconf 85' lang='lat' dir='ltr'><strong>aut</strong></span> 
     </span>
     <span class='ocr_line' id='line_1_72' title="bbox 1013 1171 1890 1212; baseline 0 -7"><span class='ocrx_word' id='word_1_461' title='bbox 1013 1173 1124 1205; x_wconf 83' lang='lat' dir='ltr'><strong>malus.</strong></span> <span class='ocrx_word' id='word_1_462' title='bbox 1141 1171 1193 1204; x_wconf 90' lang='lat' dir='ltr'><strong>sed</strong></span> <span class='ocrx_word' id='word_1_463' title='bbox 1211 1172 1276 1204; x_wconf 91' lang='lat' dir='ltr'><strong>hoc</strong></span> <span class='ocrx_word' id='word_1_464' title='bbox 1313 1172 1363 1204; x_wconf 83' lang='lat' dir='ltr'><strong>uia</strong></span> <span class='ocrx_word' id='word_1_465' title='bbox 1389 1173 1530 1212; x_wconf 86' lang='lat' dir='ltr'><strong>pluribus</strong></span> <span class='ocrx_word' id='word_1_466' title='bbox 1553 1182 1710 1205; x_wconf 85' lang='lat' dir='ltr'><strong>executus</strong></span> <span class='ocrx_word' id='word_1_467' title='bbox 1734 1175 1800 1206; x_wconf 88' lang='lat' dir='ltr'><strong>sum</strong></span> <span class='ocrx_word' id='word_1_468' title='bbox 1817 1175 1844 1206; x_wconf 76' lang='grc' dir='ltr'><strong>α’.</strong></span> <span class='ocrx_word' id='word_1_469' title='bbox 1861 1184 1890 1205; x_wconf 76' lang='grc' dir='ltr'><strong>ε.</strong></span> 
     </span>
     <span class='ocr_line' id='line_1_73' title="bbox 1018 1213 1891 1256; baseline 0 -9"><span class='ocrx_word' id='word_1_470' title='bbox 1018 1223 1044 1247; x_wconf 86' lang='lat'><strong>1.</strong></span> <span class='ocrx_word' id='word_1_471' title='bbox 1060 1214 1108 1245; x_wconf 83' lang='lat' dir='ltr'><strong>lib.</strong></span> <span class='ocrx_word' id='word_1_472' title='bbox 1128 1223 1157 1252; x_wconf 72' lang='lat'><strong>¹3.</strong></span> <span class='ocrx_word' id='word_1_473' title='bbox 1173 1213 1287 1246; x_wconf 87' lang='lat' dir='ltr'><strong>sufficit</strong></span> <span class='ocrx_word' id='word_1_474' title='bbox 1327 1214 1356 1245; x_wconf 92' lang='lat' dir='ltr'><strong>ic</strong></span> <span class='ocrx_word' id='word_1_475' title='bbox 1373 1213 1509 1255; x_wconf 67' lang='lat' dir='ltr'><strong>attigisse</strong></span> <span class='ocrx_word' id='word_1_476' title='bbox 1526 1214 1642 1246; x_wconf 90' lang='lat' dir='ltr'><strong>obiter.</strong></span> <span class='ocrx_word' id='word_1_477' title='bbox 1667 1214 1722 1246; x_wconf 77' lang='lat' dir='ltr'><strong>Est</strong></span> <span class='ocrx_word' id='word_1_478' title='bbox 1737 1216 1831 1256; x_wconf 82' lang='lat' dir='ltr'><strong>igitur</strong></span> <span class='ocrx_word' id='word_1_479' title='bbox 1843 1216 1891 1254; x_wconf 84' lang='lat' dir='ltr'><strong>ju-</strong></span> 
     </span>
     <span class='ocr_line' id='line_1_74' title="bbox 1014 1247 1890 1296; baseline 0 -9"><span class='ocrx_word' id='word_1_480' title='bbox 1014 1255 1095 1287; x_wconf 85' lang='lat' dir='ltr'><strong>stitia</strong></span> <span class='ocrx_word' id='word_1_481' title='bbox 1122 1247 1262 1295; x_wconf 84' lang='lat' dir='ltr'><strong>Ulpiano</strong></span> <span class='ocrx_word' id='word_1_482' title='bbox 1285 1254 1434 1289; x_wconf 85' lang='lat' dir='ltr'><strong>constans</strong></span> <span class='ocrx_word' id='word_1_483' title='bbox 1459 1255 1489 1287; x_wconf 71' lang='grc' dir='ltr'><strong>ὅ(</strong></span> <span class='ocrx_word' id='word_1_484' title='bbox 1506 1263 1659 1296; x_wconf 83' lang='lat' dir='ltr'><strong>perpetua</strong></span> <span class='ocrx_word' id='word_1_485' title='bbox 1675 1257 1823 1288; x_wconf 85' lang='lat' dir='ltr'><strong>voluntas</strong></span> <span class='ocrx_word' id='word_1_486' title='bbox 1838 1257 1890 1296; x_wconf 81' lang='lat' dir='ltr'><strong>jus</strong></span> 
     </span>
     <span class='ocr_line' id='line_1_75' title="bbox 1012 1296 1888 1337; baseline -0.001 -8"><span class='ocrx_word' id='word_1_487' title='bbox 1012 1296 1099 1329; x_wconf 89' lang='lat' dir='ltr'><strong>suum</strong></span> <span class='ocrx_word' id='word_1_488' title='bbox 1124 1299 1240 1337; x_wconf 77' lang='lat' dir='ltr'><strong>cuique</strong></span> <span class='ocrx_word' id='word_1_489' title='bbox 1264 1297 1436 1329; x_wconf 85' lang='lat' dir='ltr'><strong>tribuendi.</strong></span> <span class='ocrx_word' id='word_1_490' title='bbox 1468 1306 1530 1328; x_wconf 87' lang='lat' dir='ltr'><strong>nec</strong></span> <span class='ocrx_word' id='word_1_491' title='bbox 1553 1297 1687 1335; x_wconf 88' lang='lat' dir='ltr'><strong>dubito;</strong></span> <span class='ocrx_word' id='word_1_492' title='bbox 1711 1298 1786 1337; x_wconf 85' lang='lat' dir='ltr'><strong>quin</strong></span> <span class='ocrx_word' id='word_1_493' title='bbox 1810 1298 1888 1337; x_wconf 75' lang='lat' dir='ltr'><strong>juris</strong></span> 
     </span>
     <span class='ocr_line' id='line_1_76' title="bbox 1011 1338 1892 1380; baseline 0 -10"><span class='ocrx_word' id='word_1_494' title='bbox 1011 1338 1228 1380; x_wconf 84' lang='lat' dir='ltr'><strong>appellatione</strong></span> <span class='ocrx_word' id='word_1_495' title='bbox 1244 1339 1476 1380; x_wconf 66' lang='lat' dir='ltr'><strong>compleiilatur</strong></span> <span class='ocrx_word' id='word_1_496' title='bbox 1492 1338 1700 1380; x_wconf 81' lang='lat' dir='ltr'><strong>dignitatem,</strong></span> <span class='ocrx_word' id='word_1_497' title='bbox 1719 1338 1771 1370; x_wconf 89' lang='lat' dir='ltr'><strong>seu</strong></span> <span class='ocrx_word' id='word_1_498' title='bbox 1791 1338 1892 1370; x_wconf 82' lang='lat' dir='ltr'><strong>facul-</strong></span> 
     </span>
     <span class='ocr_line' id='line_1_77' title="bbox 1013 1380 1893 1422; baseline -0.001 -10"><span class='ocrx_word' id='word_1_499' title='bbox 1013 1388 1112 1412; x_wconf 86' lang='lat' dir='ltr'><strong>tatem</strong></span> <span class='ocrx_word' id='word_1_500' title='bbox 1123 1404 1132 1419; x_wconf 94' lang='lat'><strong>,</strong></span> <span class='ocrx_word' id='word_1_501' title='bbox 1149 1380 1320 1422; x_wconf 82' lang='lat' dir='ltr'><strong>unicuique</strong></span> <span class='ocrx_word' id='word_1_502' title='bbox 1336 1381 1458 1421; x_wconf 80' lang='lat' dir='ltr'><strong>legibus</strong></span> <span class='ocrx_word' id='word_1_503' title='bbox 1473 1388 1527 1411; x_wconf 87' lang='lat' dir='ltr'><strong>aut</strong></span> <span class='ocrx_word' id='word_1_504' title='bbox 1543 1381 1686 1412; x_wconf 86' lang='lat' dir='ltr'><strong>moribus</strong></span> <span class='ocrx_word' id='word_1_505' title='bbox 1701 1389 1893 1421; x_wconf 86' lang='lat' dir='ltr'><strong>competen-</strong></span> 
     </span>
     <span class='ocr_line' id='line_1_78' title="bbox 1015 1421 1889 1462; baseline -0.001 -9"><span class='ocrx_word' id='word_1_506' title='bbox 1015 1430 1089 1453; x_wconf 90' lang='lat' dir='ltr'><strong>tem.</strong></span> <span class='ocrx_word' id='word_1_507' title='bbox 1123 1431 1194 1454; x_wconf 86' lang='lat' dir='ltr'><strong>narn</strong></span> <span class='ocrx_word' id='word_1_508' title='bbox 1216 1422 1263 1461; x_wconf 73' lang='lat' dir='ltr'><strong>ius</strong></span> <span class='ocrx_word' id='word_1_509' title='bbox 1289 1432 1305 1453; x_wconf 89' lang='lat' dir='ltr'><strong>a</strong></span> <span class='ocrx_word' id='word_1_510' title='bbox 1332 1421 1503 1453; x_wconf 80' lang='lat' dir='ltr'><strong>Veteribus</strong></span> <span class='ocrx_word' id='word_1_511' title='bbox 1527 1421 1591 1453; x_wconf 90' lang='lat' dir='ltr'><strong>hoc</strong></span> <span class='ocrx_word' id='word_1_512' title='bbox 1615 1421 1752 1462; x_wconf 86' lang='lat' dir='ltr'><strong>usurpari</strong></span> <span class='ocrx_word' id='word_1_513' title='bbox 1780 1421 1889 1461; x_wconf 87' lang='lat' dir='ltr'><strong>sensu,</strong></span> 
     </span>
     <span class='ocr_line' id='line_1_79' title="bbox 1013 1462 1892 1498; baseline 0 -3"><span class='ocrx_word' id='word_1_514' title='bbox 1013 1463 1121 1498; x_wconf 81' lang='lat' dir='ltr'><strong>multis</strong></span> <span class='ocrx_word' id='word_1_515' title='bbox 1137 1463 1317 1494; x_wconf 77' lang='lat' dir='ltr'><strong>observavit</strong></span> <span class='ocrx_word' id='word_1_516' title='bbox 1336 1463 1376 1495; x_wconf 88' lang='lat' dir='ltr'><strong>V.</strong></span> <span class='ocrx_word' id='word_1_517' title='bbox 1397 1463 1457 1494; x_wconf 77' lang='lat' dir='ltr'><strong>CL.</strong></span> <span class='ocrx_word' id='word_1_518' title='bbox 1474 1462 1656 1495; x_wconf 83' lang='lat' dir='ltr'><strong>Gulielmus</strong></span> <span class='ocrx_word' id='word_1_519' title='bbox 1674 1463 1809 1495; x_wconf 79' lang='lat' dir='ltr'><strong>Budaeus</strong></span> <span class='ocrx_word' id='word_1_520' title='bbox 1824 1463 1892 1495; x_wconf 81' lang='lat' dir='ltr'><strong>An·</strong></span> 
     </span>
     <span class='ocr_line' id='line_1_80' title="bbox 1013 1504 1893 1545; baseline -0.001 -8"><span class='ocrx_word' id='word_1_521' title='bbox 1013 1510 1103 1537; x_wconf 70' lang='lat' dir='ltr'><strong>notat.</strong></span> <span class='ocrx_word' id='word_1_522' title='bbox 1117 1505 1148 1536; x_wconf 80' lang='lat' dir='ltr'><strong>in</strong></span> <span class='ocrx_word' id='word_1_523' title='bbox 1165 1504 1304 1537; x_wconf 67' lang='lat' dir='ltr'><strong>Pandeo.</strong></span> <span class='ocrx_word' id='word_1_524' title='bbox 1319 1511 1350 1545; x_wconf 83' lang='lat' dir='ltr'><strong>p.</strong></span> <span class='ocrx_word' id='word_1_525' title='bbox 1369 1513 1436 1536; x_wconf 68' lang='lat'>212.</span> <span class='ocrx_word' id='word_1_526' title='bbox 1453 1513 1519 1536; x_wconf 88' lang='lat' dir='ltr'><strong>rem</strong></span> <span class='ocrx_word' id='word_1_527' title='bbox 1538 1513 1644 1536; x_wconf 87' lang='lat' dir='ltr'><strong>autern</strong></span> <span class='ocrx_word' id='word_1_528' title='bbox 1660 1505 1780 1536; x_wconf 83' lang='lat' dir='ltr'><strong>indicat</strong></span> <span class='ocrx_word' id='word_1_529' title='bbox 1797 1504 1893 1536; x_wconf 89' lang='lat' dir='ltr'><strong>Cice-</strong></span> 
     </span>
     <span class='ocr_line' id='line_1_81' title="bbox 1012 1544 1891 1588; baseline -0.001 -10"><span class='ocrx_word' id='word_1_530' title='bbox 1012 1556 1049 1578; x_wconf 88' lang='lat' dir='ltr'><strong>ro</strong></span> <span class='ocrx_word' id='word_1_531' title='bbox 1067 1547 1114 1577; x_wconf 67' lang='lat' dir='ltr'><strong>libr</strong></span> <span class='ocrx_word' id='word_1_532' title='bbox 1137 1556 1163 1578; x_wconf 67' lang='lat'><strong>2„</strong></span> <span class='ocrx_word' id='word_1_533' title='bbox 1184 1546 1232 1577; x_wconf 83' lang='lat' dir='ltr'><strong>De</strong></span> <span class='ocrx_word' id='word_1_534' title='bbox 1250 1547 1411 1577; x_wconf 69' lang='lat' dir='ltr'><strong>invention.</strong></span> <span class='ocrx_word' id='word_1_535' title='bbox 1430 1552 1492 1586; x_wconf 73' lang='lat' dir='ltr'><strong>cap.</strong></span> <span class='ocrx_word' id='word_1_536' title='bbox 1511 1556 1562 1588; x_wconf 81' lang='lat'><strong>53.</strong></span> <span class='ocrx_word' id='word_1_537' title='bbox 1583 1546 1631 1578; x_wconf 87' lang='lat' dir='ltr'><strong>his</strong></span> <span class='ocrx_word' id='word_1_538' title='bbox 1649 1544 1891 1586; x_wconf 73' lang='lat' dir='ltr'><strong>verbis:Jqui-</strong></span> 
     </span>
     <span class='ocr_line' id='line_1_82' title="bbox 1011 1583 1891 1628; baseline 0 -9"><span class='ocrx_word' id='word_1_539' title='bbox 1011 1585 1101 1628; x_wconf 69' lang='lat' dir='ltr'><strong>tiatst</strong></span> <span class='ocrx_word' id='word_1_540' title='bbox 1116 1583 1232 1618; x_wconf 72' lang='lat' dir='ltr'><strong>habitus</strong></span> <span class='ocrx_word' id='word_1_541' title='bbox 1242 1589 1350 1626; x_wconf 75' lang='lat' dir='ltr'><strong>animi,</strong></span> <span class='ocrx_word' id='word_1_542' title='bbox 1361 1588 1504 1618; x_wconf 76' lang='lat' dir='ltr'><strong>communi</strong></span> <span class='ocrx_word' id='word_1_543' title='bbox 1518 1588 1792 1627; x_wconf 75' lang='lat' dir='ltr'><strong>ulilituceservata,</strong></span> <span class='ocrx_word' id='word_1_544' title='bbox 1799 1588 1891 1627; x_wconf 63' lang='lat' dir='ltr'><strong>fitam</strong></span> 
     </span>
     <span class='ocr_line' id='line_1_83' title="bbox 1010 1628 1892 1670; baseline -0.001 -9"><span class='ocrx_word' id='word_1_545' title='bbox 1010 1631 1113 1670; x_wconf 76' lang='lat' dir='ltr'><strong>cuique</strong></span> <span class='ocrx_word' id='word_1_546' title='bbox 1130 1630 1258 1660; x_wconf 72' lang='lat' dir='ltr'><strong>tribuens</strong></span> <span class='ocrx_word' id='word_1_547' title='bbox 1272 1630 1456 1669; x_wconf 77' lang='lat' dir='ltr'><strong>dignitatem.</strong></span> <span class='ocrx_word' id='word_1_548' title='bbox 1480 1628 1532 1660; x_wconf 92' lang='lat' dir='ltr'><strong>Sic</strong></span> <span class='ocrx_word' id='word_1_549' title='bbox 1542 1628 1671 1660; x_wconf 89' lang='lat' dir='ltr'><strong>Cicero.</strong></span> <span class='ocrx_word' id='word_1_550' title='bbox 1689 1637 1750 1660; x_wconf 89' lang='lat' dir='ltr'><strong>nec</strong></span> <span class='ocrx_word' id='word_1_551' title='bbox 1765 1629 1892 1670; x_wconf 87' lang='lat' dir='ltr'><strong>adsper-</strong></span> 
     </span>
     <span class='ocr_line' id='line_1_84' title="bbox 1011 1670 1891 1710; baseline -0.001 -7"><span class='ocrx_word' id='word_1_552' title='bbox 1011 1680 1072 1703; x_wconf 86' lang='lat' dir='ltr'><strong>nor</strong></span> <span class='ocrx_word' id='word_1_553' title='bbox 1088 1670 1170 1701; x_wconf 88' lang='lat' dir='ltr'><strong>hanc</strong></span> <span class='ocrx_word' id='word_1_554' title='bbox 1188 1671 1421 1710; x_wconf 67' lang='lat' dir='ltr'><strong>adjectionem,</strong></span> <span class='ocrx_word' id='word_1_555' title='bbox 1444 1670 1596 1701; x_wconf 79' lang='lat' dir='ltr'><strong>Communi</strong></span> <span class='ocrx_word' id='word_1_556' title='bbox 1611 1670 1740 1702; x_wconf 78' lang='lat' dir='ltr'><strong>utilitate</strong></span> <span class='ocrx_word' id='word_1_557' title='bbox 1746 1671 1891 1710; x_wconf 77' lang='lat' dir='ltr'><strong>servata:</strong></span> 
     </span>
     <span class='ocr_line' id='line_1_85' title="bbox 1011 1711 1890 1753; baseline 0.001 -10"><span class='ocrx_word' id='word_1_558' title='bbox 1011 1713 1099 1753; x_wconf 72' lang='lat' dir='ltr'><strong>cujiis</strong></span> <span class='ocrx_word' id='word_1_559' title='bbox 1116 1712 1211 1743; x_wconf 86' lang='lat' dir='ltr'><strong>etiarn</strong></span> <span class='ocrx_word' id='word_1_560' title='bbox 1229 1711 1382 1752; x_wconf 88' lang='lat' dir='ltr'><strong>sequente</strong></span> <span class='ocrx_word' id='word_1_561' title='bbox 1407 1712 1553 1744; x_wconf 86' lang='lat' dir='ltr'><strong>meminit</strong></span> <span class='ocrx_word' id='word_1_562' title='bbox 1575 1711 1766 1743; x_wconf 83' lang='lat' dir='ltr'><strong>definitione</strong></span> <span class='ocrx_word' id='word_1_563' title='bbox 1791 1711 1840 1743; x_wconf 72' lang='lat' dir='ltr'><strong>lib.</strong></span> <span class='ocrx_word' id='word_1_564' title='bbox 1855 1721 1890 1752; x_wconf 87' lang='lat'><strong>5.</strong></span> 
     </span>
     <span class='ocr_line' id='line_1_86' title="bbox 1012 1751 1894 1794; baseline 0 -9"><span class='ocrx_word' id='word_1_565' title='bbox 1012 1753 1060 1785; x_wconf 84' lang='lat' dir='ltr'><strong>De</strong></span> <span class='ocrx_word' id='word_1_566' title='bbox 1072 1752 1183 1794; x_wconf 81' lang='lat' dir='ltr'><strong>finilms</strong></span> <span class='ocrx_word' id='word_1_567' title='bbox 1198 1759 1258 1794; x_wconf 79' lang='lat' dir='ltr'><strong>cap.</strong></span> <span class='ocrx_word' id='word_1_568' title='bbox 1276 1763 1326 1791; x_wconf 65' lang='lat'><strong>253.</strong></span> <span class='ocrx_word' id='word_1_569' title='bbox 1380 1751 1479 1794; x_wconf 79' lang='lat' dir='ltr'><strong>ustitia</strong></span> <span class='ocrx_word' id='word_1_570' title='bbox 1493 1751 1533 1794; x_wconf 78' lang='lat' dir='ltr'><strong>est</strong></span> <span class='ocrx_word' id='word_1_571' title='bbox 1550 1754 1642 1784; x_wconf 83' lang='lat' dir='ltr'><strong>animi</strong></span> <span class='ocrx_word' id='word_1_572' title='bbox 1656 1752 1894 1794; x_wconf 72' lang='lat' dir='ltr'><strong>uffefflo,suum</strong></span> 
     </span>
     <span class='ocr_line' id='line_1_87' title="bbox 1013 1793 1888 1836; baseline -0.001 -9"><span class='ocrx_word' id='word_1_573' title='bbox 1013 1797 1114 1836; x_wconf 81' lang='lat' dir='ltr'><strong>cuique</strong></span> <span class='ocrx_word' id='word_1_574' title='bbox 1128 1795 1275 1833; x_wconf 80' lang='lat' dir='ltr'><strong>tribuens,</strong></span> <span class='ocrx_word' id='word_1_575' title='bbox 1291 1795 1328 1829; x_wconf 52' lang='grc' dir='ltr'><strong>ἐξ</strong></span> <span class='ocrx_word' id='word_1_576' title='bbox 1365 1805 1420 1826; x_wconf 77' lang='lat' dir='ltr'><strong>ane</strong></span> <span class='ocrx_word' id='word_1_577' title='bbox 1427 1794 1593 1835; x_wconf 65' lang='lat' dir='ltr'><strong>flicietcztem</strong></span> <span class='ocrx_word' id='word_1_578' title='bbox 1607 1793 1816 1836; x_wconf 64' lang='lat' dir='ltr'><strong>conjunctionis</strong></span> <span class='ocrx_word' id='word_1_579' title='bbox 1831 1795 1888 1826; x_wconf 82' lang='lat' dir='ltr'><strong>hu-</strong></span> 
     </span>
     <span class='ocr_line' id='line_1_88' title="bbox 1012 1834 1892 1878; baseline 0.001 -11"><span class='ocrx_word' id='word_1_580' title='bbox 1012 1846 1103 1868; x_wconf 79' lang='lat' dir='ltr'><strong>manae</strong></span> <span class='ocrx_word' id='word_1_581' title='bbox 1122 1835 1259 1876; x_wconf 76' lang='lat' dir='ltr'><strong>‘munifice</strong></span> <span class='ocrx_word' id='word_1_582' title='bbox 1276 1835 1313 1871; x_wconf 58' lang='grc' dir='ltr'><strong>ὅ)</strong></span> <span class='ocrx_word' id='word_1_583' title='bbox 1328 1846 1405 1878; x_wconf 71' lang='lat' dir='ltr'><strong>teque</strong></span> <span class='ocrx_word' id='word_1_584' title='bbox 1419 1842 1511 1869; x_wconf 76' lang='lat' dir='ltr'><strong>tuens.</strong></span> <span class='ocrx_word' id='word_1_585' title='bbox 1555 1837 1599 1868; x_wconf 85' lang='lat' dir='ltr'><strong>At</strong></span> <span class='ocrx_word' id='word_1_586' title='bbox 1623 1837 1707 1868; x_wconf 83' lang='lat' dir='ltr'><strong>enim</strong></span> <span class='ocrx_word' id='word_1_587' title='bbox 1730 1834 1892 1876; x_wconf 78' lang='lat' dir='ltr'><strong>Ulpianus</strong></span> 
     </span>
     <span class='ocr_line' id='line_1_89' title="bbox 1012 1876 1889 1910; baseline 0 -1"><span class='ocrx_word' id='word_1_588' title='bbox 1012 1877 1095 1909; x_wconf 89' lang='lat' dir='ltr'><strong>hanc</strong></span> <span class='ocrx_word' id='word_1_589' title='bbox 1106 1876 1272 1910; x_wconf 83' lang='lat' dir='ltr'><strong>clausulam</strong></span> <span class='ocrx_word' id='word_1_590' title='bbox 1289 1879 1320 1909; x_wconf 86' lang='lat' dir='ltr'><strong>in</strong></span> <span class='ocrx_word' id='word_1_591' title='bbox 1338 1878 1388 1910; x_wconf 88' lang='lat' dir='ltr'><strong>sua</strong></span> <span class='ocrx_word' id='word_1_592' title='bbox 1404 1877 1593 1910; x_wconf 89' lang='lat' dir='ltr'><strong>definitione</strong></span> <span class='ocrx_word' id='word_1_593' title='bbox 1607 1877 1723 1910; x_wconf 87' lang='lat' dir='ltr'><strong>omifit.</strong></span> <span class='ocrx_word' id='word_1_594' title='bbox 1746 1877 1810 1910; x_wconf 91' lang='lat' dir='ltr'><strong>Sed</strong></span> <span class='ocrx_word' id='word_1_595' title='bbox 1826 1887 1889 1910; x_wconf 90' lang='lat' dir='ltr'><strong>nec</strong></span> 
     </span>
     <span class='ocr_line' id='line_1_90' title="bbox 1013 1918 1888 1960; baseline 0.001 -10"><span class='ocrx_word' id='word_1_596' title='bbox 1013 1920 1135 1957; x_wconf 90' lang='lat' dir='ltr'><strong>vetuit,</strong></span> <span class='ocrx_word' id='word_1_597' title='bbox 1159 1919 1189 1950; x_wconf 90' lang='lat' dir='ltr'><strong>in</strong></span> <span class='ocrx_word' id='word_1_598' title='bbox 1210 1928 1246 1950; x_wconf 88' lang='lat' dir='ltr'><strong>ea</strong></span> <span class='ocrx_word' id='word_1_599' title='bbox 1264 1919 1429 1952; x_wconf 87' lang='lat' dir='ltr'><strong>subaudiri.</strong></span> <span class='ocrx_word' id='word_1_600' title='bbox 1460 1928 1525 1951; x_wconf 88' lang='lat' dir='ltr'><strong>non</strong></span> <span class='ocrx_word' id='word_1_601' title='bbox 1549 1920 1636 1952; x_wconf 85' lang='lat' dir='ltr'><strong>enim</strong></span> <span class='ocrx_word' id='word_1_602' title='bbox 1655 1919 1799 1960; x_wconf 89' lang='lat' dir='ltr'><strong>putavit,</strong></span> <span class='ocrx_word' id='word_1_603' title='bbox 1823 1918 1888 1951; x_wconf 85' lang='lat' dir='ltr'><strong>esse</strong></span> 
     </span>
     <span class='ocr_line' id='line_1_91' title="bbox 1008 1959 1889 2001; baseline 0.001 -9"><span class='ocrx_word' id='word_1_604' title='bbox 1008 1960 1133 2001; x_wconf 79' lang='lat' dir='ltr'><strong>justitiae</strong></span> <span class='ocrx_word' id='word_1_605' title='bbox 1143 1959 1229 1992; x_wconf 86' lang='lat' dir='ltr'><strong>suum</strong></span> <span class='ocrx_word' id='word_1_606' title='bbox 1244 1962 1362 2001; x_wconf 88' lang='lat' dir='ltr'><strong>cuique</strong></span> <span class='ocrx_word' id='word_1_607' title='bbox 1377 1961 1536 1999; x_wconf 87' lang='lat' dir='ltr'><strong>tribuere,</strong></span> <span class='ocrx_word' id='word_1_608' title='bbox 1553 1967 1589 1992; x_wconf 91' lang='lat' dir='ltr'><strong>ut</strong></span> <span class='ocrx_word' id='word_1_609' title='bbox 1622 1962 1767 1999; x_wconf 84' lang='lat' dir='ltr'><strong>erdatur,</strong></span> <span class='ocrx_word' id='word_1_610' title='bbox 1782 1960 1836 1992; x_wconf 90' lang='lat' dir='ltr'><strong>sed</strong></span> <span class='ocrx_word' id='word_1_611' title='bbox 1851 1968 1889 1993; x_wconf 86' lang='lat' dir='ltr'><strong>ut</strong></span> 
     </span>
     <span class='ocr_line' id='line_1_92' title="bbox 1011 2000 1889 2043; baseline 0 -10"><span class='ocrx_word' id='word_1_612' title='bbox 1011 2003 1157 2043; x_wconf 88' lang='lat' dir='ltr'><strong>juvetur,</strong></span> <span class='ocrx_word' id='word_1_613' title='bbox 1176 2002 1294 2034; x_wconf 83' lang='lat' dir='ltr'><strong>utilitas</strong></span> <span class='ocrx_word' id='word_1_614' title='bbox 1312 2004 1455 2034; x_wconf 84' lang='lat' dir='ltr'><strong>humanae</strong></span> <span class='ocrx_word' id='word_1_615' title='bbox 1472 2002 1589 2042; x_wconf 86' lang='lat' dir='ltr'><strong>conjun</strong></span> <span class='ocrx_word' id='word_1_616' title='bbox 1627 2003 1723 2035; x_wconf 86' lang='lat' dir='ltr'><strong>ionis:</strong></span> <span class='ocrx_word' id='word_1_617' title='bbox 1739 2001 1834 2034; x_wconf 89' lang='lat' dir='ltr'><strong>alium</strong></span> <span class='ocrx_word' id='word_1_618' title='bbox 1852 2000 1889 2033; x_wconf 86' lang='lat' dir='ltr'><strong>fi·</strong></span> 
     </span>
     <span class='ocr_line' id='line_1_93' title="bbox 1013 2043 1887 2085; baseline 0 -10"><span class='ocrx_word' id='word_1_619' title='bbox 1013 2052 1107 2082; x_wconf 87' lang='lat' dir='ltr'><strong>nem,</strong></span> <span class='ocrx_word' id='word_1_620' title='bbox 1129 2052 1222 2083; x_wconf 86' lang='lat' dir='ltr'><strong>quam</strong></span> <span class='ocrx_word' id='word_1_621' title='bbox 1249 2044 1439 2085; x_wconf 87' lang='lat' dir='ltr'><strong>procurandi</strong></span> <span class='ocrx_word' id='word_1_622' title='bbox 1462 2043 1615 2084; x_wconf 87' lang='lat' dir='ltr'><strong>cujusque</strong></span> <span class='ocrx_word' id='word_1_623' title='bbox 1636 2043 1766 2075; x_wconf 87' lang='lat' dir='ltr'><strong>salutem</strong></span> <span class='ocrx_word' id='word_1_624' title='bbox 1784 2067 1794 2081; x_wconf 97' lang='lat'><em>‚</em></span> <span class='ocrx_word' id='word_1_625' title='bbox 1817 2052 1887 2075; x_wconf 82' lang='lat' dir='ltr'><strong>non</strong></span> 
     </span>
     <span class='ocr_line' id='line_1_94' title="bbox 1013 2084 1885 2124; baseline 0.002 -9"><span class='ocrx_word' id='word_1_626' title='bbox 1013 2084 1174 2116; x_wconf 85' lang='lat' dir='ltr'><strong>habentis.</strong></span> <span class='ocrx_word' id='word_1_627' title='bbox 1197 2095 1246 2117; x_wconf 89' lang='lat' dir='ltr'><strong>res</strong></span> <span class='ocrx_word' id='word_1_628' title='bbox 1268 2094 1374 2124; x_wconf 83' lang='lat' dir='ltr'><strong>certa3</strong></span> <span class='ocrx_word' id='word_1_629' title='bbox 1397 2086 1427 2116; x_wconf 86' lang='lat'>&amp;</span> <span class='ocrx_word' id='word_1_630' title='bbox 1450 2086 1570 2116; x_wconf 89' lang='lat' dir='ltr'><strong>dudum</strong></span> <span class='ocrx_word' id='word_1_631' title='bbox 1594 2091 1705 2116; x_wconf 84' lang='lat' dir='ltr'><strong>notata</strong></span> <span class='ocrx_word' id='word_1_632' title='bbox 1721 2084 1885 2117; x_wconf 79' lang='lat' dir='ltr'><strong>Aristoteli</strong></span> 
     </span>
     <span class='ocr_line' id='line_1_95' title="bbox 1011 2126 1884 2168; baseline 0.003 -12"><span class='ocrx_word' id='word_1_633' title='bbox 1011 2126 1061 2158; x_wconf 82' lang='lat' dir='ltr'><strong>lib.</strong></span> <span class='ocrx_word' id='word_1_634' title='bbox 1076 2137 1106 2166; x_wconf 89' lang='lat'><strong>5.</strong></span> <span class='ocrx_word' id='word_1_635' title='bbox 1125 2126 1173 2157; x_wconf 86' lang='lat' dir='ltr'><strong>De</strong></span> <span class='ocrx_word' id='word_1_636' title='bbox 1188 2128 1311 2157; x_wconf 80' lang='lat' dir='ltr'><strong>moribus</strong></span> <span class='ocrx_word' id='word_1_637' title='bbox 1326 2136 1349 2156; x_wconf 80' lang='lat' dir='ltr'><strong>c.</strong></span> <span class='ocrx_word' id='word_1_638' title='bbox 1368 2137 1397 2167; x_wconf 81' lang='lat'><strong>3.</strong></span> <span class='ocrx_word' id='word_1_639' title='bbox 1416 2135 1510 2167; x_wconf 90' lang='lat' dir='ltr'><strong>quem</strong></span> <span class='ocrx_word' id='word_1_640' title='bbox 1528 2134 1562 2158; x_wconf 90' lang='lat' dir='ltr'><strong>ut</strong></span> <span class='ocrx_word' id='word_1_641' title='bbox 1585 2127 1679 2165; x_wconf 88' lang='lat' dir='ltr'><strong>alias,</strong></span> <span class='ocrx_word' id='word_1_642' title='bbox 1703 2126 1746 2158; x_wconf 84' lang='lat' dir='ltr'><strong>ita</strong></span> <span class='ocrx_word' id='word_1_643' title='bbox 1762 2128 1793 2159; x_wconf 88' lang='lat' dir='ltr'><strong>in</strong></span> <span class='ocrx_word' id='word_1_644' title='bbox 1807 2136 1884 2168; x_wconf 85' lang='lat' dir='ltr'><strong>pro-</strong></span> 
     </span>
     <span class='ocr_line' id='line_1_96' title="bbox 1011 2167 1887 2208; baseline 0 -9"><span class='ocrx_word' id='word_1_645' title='bbox 1011 2167 1135 2208; x_wconf 80' lang='lat' dir='ltr'><strong>posito,</strong></span> <span class='ocrx_word' id='word_1_646' title='bbox 1158 2167 1296 2208; x_wconf 85' lang='lat' dir='ltr'><strong>sequitur</strong></span> <span class='ocrx_word' id='word_1_647' title='bbox 1320 2167 1475 2207; x_wconf 78' lang='lat' dir='ltr'><strong>Ulpianus</strong></span> <span class='ocrx_word' id='word_1_648' title='bbox 1496 2168 1516 2198; x_wconf 88' lang='lat' dir='ltr'><strong>l.</strong></span> <span class='ocrx_word' id='word_1_649' title='bbox 1546 2176 1592 2199; x_wconf 84' lang='lat'><strong>12.</strong></span> <span class='ocrx_word' id='word_1_650' title='bbox 1609 2167 1638 2208; x_wconf 85' lang='lat'><strong>§.</strong></span> <span class='ocrx_word' id='word_1_651' title='bbox 1658 2176 1706 2200; x_wconf 73' lang='grc' dir='ltr'><strong>ιι.</strong></span> <span class='ocrx_word' id='word_1_652' title='bbox 1727 2167 1769 2199; x_wconf 92' lang='lat' dir='ltr'><strong>D.</strong></span> <span class='ocrx_word' id='word_1_653' title='bbox 1788 2169 1887 2201; x_wconf 67' lang='lat' dir='ltr'><strong>Ilffan-</strong></span> 
     </span>
     <span class='ocr_line' id='line_1_97' title="bbox 1007 2208 1887 2251; baseline 0.003 -12"><span class='ocrx_word' id='word_1_654' title='bbox 1007 2211 1086 2247; x_wconf 76' lang='lat' dir='ltr'><strong>dati,</strong></span> <span class='ocrx_word' id='word_1_655' title='bbox 1104 2208 1141 2242; x_wconf 63' lang='grc' dir='ltr'><strong>δ’</strong></span> <span class='ocrx_word' id='word_1_656' title='bbox 1156 2209 1173 2238; x_wconf 86' lang='lat' dir='ltr'><strong>l.</strong></span> <span class='ocrx_word' id='word_1_657' title='bbox 1193 2218 1221 2246; x_wconf 84' lang='lat'><strong>4.</strong></span> <span class='ocrx_word' id='word_1_658' title='bbox 1241 2208 1270 2250; x_wconf 81' lang='lat'><strong>§.</strong></span> <span class='ocrx_word' id='word_1_659' title='bbox 1293 2218 1317 2240; x_wconf 86' lang='lat'><strong>1.</strong></span> <span class='ocrx_word' id='word_1_660' title='bbox 1337 2209 1374 2244; x_wconf 74' lang='lat'><strong>&amp;³</strong></span> <span class='ocrx_word' id='word_1_661' title='bbox 1392 2219 1420 2241; x_wconf 89' lang='lat'><strong>2.</strong></span> <span class='ocrx_word' id='word_1_662' title='bbox 1434 2208 1476 2241; x_wconf 89' lang='lat' dir='ltr'><strong>D.</strong></span> <span class='ocrx_word' id='word_1_663' title='bbox 1495 2208 1596 2241; x_wconf 77' lang='lat' dir='ltr'><strong>Famil.</strong></span> <span class='ocrx_word' id='word_1_664' title='bbox 1612 2211 1705 2250; x_wconf 63' lang='lat' dir='ltr'><strong>ercisb.</strong></span> <span class='ocrx_word' id='word_1_665' title='bbox 1718 2218 1795 2251; x_wconf 88' lang='lat' dir='ltr'><strong>quas</strong></span> <span class='ocrx_word' id='word_1_666' title='bbox 1809 2219 1887 2243; x_wconf 86' lang='lat' dir='ltr'><strong>cum</strong></span> 
     </span>
     <span class='ocr_line' id='line_1_98' title="bbox 1006 2250 1451 2291; baseline 0.004 -11"><span class='ocrx_word' id='word_1_667' title='bbox 1006 2250 1073 2281; x_wconf 78' lang='lat' dir='ltr'><strong>aliis</strong></span> <span class='ocrx_word' id='word_1_668' title='bbox 1091 2250 1204 2281; x_wconf 81' lang='lat' dir='ltr'><strong>adduxi</strong></span> <span class='ocrx_word' id='word_1_669' title='bbox 1223 2251 1251 2281; x_wconf 81' lang='lat' dir='ltr'><strong>ci,</strong></span> <span class='ocrx_word' id='word_1_670' title='bbox 1270 2250 1317 2281; x_wconf 83' lang='lat' dir='ltr'><strong>lib.</strong></span> <span class='ocrx_word' id='word_1_671' title='bbox 1335 2261 1362 2291; x_wconf 87' lang='lat'><strong>3.</strong></span> <span class='ocrx_word' id='word_1_672' title='bbox 1380 2261 1403 2281; x_wconf 83' lang='lat' dir='ltr'><strong>c.</strong></span> <span class='ocrx_word' id='word_1_673' title='bbox 1423 2261 1451 2282; x_wconf 82' lang='lat'><strong>2.</strong></span> 
     </span>
     <span class='ocr_line' id='line_1_99' title="bbox 1007 2290 1886 2334; baseline 0.003 -13"><span class='ocrx_word' id='word_1_674' title='bbox 1007 2309 1010 2311; x_wconf 23' lang='grc' dir='ltr'><strong>Δ</strong></span> <span class='ocrx_word' id='word_1_675' title='bbox 1047 2290 1156 2322; x_wconf 80' lang='lat' dir='ltr'><strong>Habes</strong></span> <span class='ocrx_word' id='word_1_676' title='bbox 1176 2290 1300 2330; x_wconf 82' lang='lat' dir='ltr'><strong>justitiae</strong></span> <span class='ocrx_word' id='word_1_677' title='bbox 1318 2291 1552 2324; x_wconf 89' lang='lat' dir='ltr'><strong>definitionem.</strong></span> <span class='ocrx_word' id='word_1_678' title='bbox 1577 2292 1740 2334; x_wconf 70' lang='lat' dir='ltr'><strong>exspetras</strong></span> <span class='ocrx_word' id='word_1_679' title='bbox 1757 2292 1886 2325; x_wconf 88' lang='lat' dir='ltr'><strong>divifio·</strong></span> 
     </span>
     <span class='ocr_line' id='line_1_100' title="bbox 1007 2331 1886 2373; baseline 0.002 -9"><span class='ocrx_word' id='word_1_680' title='bbox 1007 2342 1092 2364; x_wconf 88' lang='lat' dir='ltr'><strong>nem.</strong></span> <span class='ocrx_word' id='word_1_681' title='bbox 1117 2331 1161 2363; x_wconf 86' lang='lat' dir='ltr'><strong>est</strong></span> <span class='ocrx_word' id='word_1_682' title='bbox 1181 2332 1316 2365; x_wconf 85' lang='lat' dir='ltr'><strong>celebris</strong></span> <span class='ocrx_word' id='word_1_683' title='bbox 1334 2333 1403 2364; x_wconf 86' lang='lat' dir='ltr'><strong>haee</strong></span> <span class='ocrx_word' id='word_1_684' title='bbox 1418 2333 1595 2366; x_wconf 85' lang='lat' dir='ltr'><strong>Aristotelis</strong></span> <span class='ocrx_word' id='word_1_685' title='bbox 1605 2336 1632 2365; x_wconf 84' lang='lat' dir='ltr'><strong>d.</strong></span> <span class='ocrx_word' id='word_1_686' title='bbox 1650 2334 1696 2364; x_wconf 74' lang='lat' dir='ltr'><strong>lib.</strong></span> <span class='ocrx_word' id='word_1_687' title='bbox 1709 2344 1737 2373; x_wconf 83' lang='lat'><strong>5.</strong></span> <span class='ocrx_word' id='word_1_688' title='bbox 1756 2344 1780 2364; x_wconf 89' lang='lat' dir='ltr'><strong>c.</strong></span> <span class='ocrx_word' id='word_1_689' title='bbox 1797 2345 1827 2368; x_wconf 83' lang='lat'><strong>2.</strong></span> <span class='ocrx_word' id='word_1_690' title='bbox 1846 2334 1886 2369; x_wconf 61' lang='lat' dir='ltr'><strong>i?</strong></span> 
     </span>
     <span class='ocr_line' id='line_1_101' title="bbox 1007 2373 1887 2415; baseline 0.003 -10"><span class='ocrx_word' id='word_1_691' title='bbox 1007 2384 1035 2414; x_wconf 79' lang='lat'><strong>3.</strong></span> <span class='ocrx_word' id='word_1_692' title='bbox 1061 2374 1147 2413; x_wconf 85' lang='lat' dir='ltr'><strong>quod</strong></span> <span class='ocrx_word' id='word_1_693' title='bbox 1165 2373 1224 2404; x_wconf 84' lang='lat' dir='ltr'><strong>alia</strong></span> <span class='ocrx_word' id='word_1_694' title='bbox 1238 2373 1283 2406; x_wconf 85' lang='lat' dir='ltr'><strong>est</strong></span> <span class='ocrx_word' id='word_1_695' title='bbox 1305 2374 1508 2414; x_wconf 86' lang='lat' dir='ltr'><strong>universalis,</strong></span> <span class='ocrx_word' id='word_1_696' title='bbox 1532 2376 1589 2406; x_wconf 85' lang='lat' dir='ltr'><strong>alia</strong></span> <span class='ocrx_word' id='word_1_697' title='bbox 1607 2375 1815 2415; x_wconf 82' lang='lat' dir='ltr'><strong>particularis.</strong></span> <span class='ocrx_word' id='word_1_698' title='bbox 1837 2375 1887 2408; x_wconf 90' lang='lat' dir='ltr'><strong>U·</strong></span> 
     </span>
     <span class='ocr_line' id='line_1_102' title="bbox 1007 2414 1884 2458; baseline 0.005 -12"><span class='ocrx_word' id='word_1_699' title='bbox 1007 2414 1168 2446; x_wconf 85' lang='lat' dir='ltr'><strong>niversalis</strong></span> <span class='ocrx_word' id='word_1_700' title='bbox 1187 2415 1417 2458; x_wconf 58' lang='lat' dir='ltr'><strong>complectitur,</strong></span> <span class='ocrx_word' id='word_1_701' title='bbox 1432 2418 1566 2447; x_wconf 89' lang='lat' dir='ltr'><strong>virtutes</strong></span> <span class='ocrx_word' id='word_1_702' title='bbox 1582 2426 1706 2447; x_wconf 86' lang='lat' dir='ltr'><strong>omnes.</strong></span> <span class='ocrx_word' id='word_1_703' title='bbox 1731 2416 1777 2448; x_wconf 85' lang='lat' dir='ltr'><strong>est</strong></span> <span class='ocrx_word' id='word_1_704' title='bbox 1796 2419 1884 2451; x_wconf 88' lang='lat' dir='ltr'><strong>enim</strong></span> 
     </span>
     <span class='ocr_line' id='line_1_103' title="bbox 1005 2454 1884 2497; baseline 0.006 -11"><span class='ocrx_word' id='word_1_705' title='bbox 1005 2454 1185 2494; x_wconf 80' lang='lat' dir='ltr'><strong>fortitud03</strong></span> <span class='ocrx_word' id='word_1_706' title='bbox 1201 2466 1272 2488; x_wconf 90' lang='lat' dir='ltr'><strong>cum</strong></span> <span class='ocrx_word' id='word_1_707' title='bbox 1286 2457 1394 2496; x_wconf 86' lang='lat' dir='ltr'><strong>jubet,</strong></span> <span class='ocrx_word' id='word_1_708' title='bbox 1418 2458 1449 2489; x_wconf 92' lang='lat' dir='ltr'><strong>in</strong></span> <span class='ocrx_word' id='word_1_709' title='bbox 1466 2457 1533 2488; x_wconf 86' lang='lat' dir='ltr'><strong>acie</strong></span> <span class='ocrx_word' id='word_1_710' title='bbox 1545 2459 1653 2489; x_wconf 87' lang='lat' dir='ltr'><strong>locum</strong></span> <span class='ocrx_word' id='word_1_711' title='bbox 1670 2465 1798 2497; x_wconf 87' lang='lat' dir='ltr'><strong>tenere,</strong></span> <span class='ocrx_word' id='word_1_712' title='bbox 1815 2468 1884 2492; x_wconf 84' lang='lat' dir='ltr'><strong>non</strong></span> 
     </span>
     <span class='ocr_line' id='line_1_104' title="bbox 1005 2496 1883 2539; baseline 0.003 -12"><span class='ocrx_word' id='word_1_713' title='bbox 1005 2496 1136 2538; x_wconf 83' lang='lat' dir='ltr'><strong>fugere,</strong></span> <span class='ocrx_word' id='word_1_714' title='bbox 1156 2507 1220 2529; x_wconf 88' lang='lat' dir='ltr'><strong>non</strong></span> <span class='ocrx_word' id='word_1_715' title='bbox 1239 2507 1322 2530; x_wconf 86' lang='lat' dir='ltr'><strong>arma</strong></span> <span class='ocrx_word' id='word_1_716' title='bbox 1332 2499 1478 2538; x_wconf 86' lang='lat' dir='ltr'><strong>abjicere.</strong></span> <span class='ocrx_word' id='word_1_717' title='bbox 1497 2499 1542 2531; x_wconf 89' lang='lat' dir='ltr'><strong>est</strong></span> <span class='ocrx_word' id='word_1_718' title='bbox 1559 2499 1790 2539; x_wconf 84' lang='lat' dir='ltr'><strong>temperantia;</strong></span> <span class='ocrx_word' id='word_1_719' title='bbox 1807 2509 1883 2534; x_wconf 86' lang='lat' dir='ltr'><strong>cum</strong></span> 
     </span>
     <span class='ocr_line' id='line_1_105' title="bbox 1006 2539 1882 2580; baseline 0.007 -12"><span class='ocrx_word' id='word_1_720' title='bbox 1006 2546 1113 2576; x_wconf 79' lang='lat' dir='ltr'><strong>verat,</strong></span> <span class='ocrx_word' id='word_1_721' title='bbox 1134 2539 1225 2570; x_wconf 86' lang='lat' dir='ltr'><strong>alicui</strong></span> <span class='ocrx_word' id='word_1_722' title='bbox 1244 2539 1352 2571; x_wconf 86' lang='lat' dir='ltr'><strong>inferri</strong></span> <span class='ocrx_word' id='word_1_723' title='bbox 1370 2540 1529 2580; x_wconf 84' lang='lat' dir='ltr'><strong>stuprum,</strong></span> <span class='ocrx_word' id='word_1_724' title='bbox 1545 2547 1599 2572; x_wconf 88' lang='lat' dir='ltr'><strong>aut</strong></span> <span class='ocrx_word' id='word_1_725' title='bbox 1615 2541 1817 2575; x_wconf 86' lang='lat' dir='ltr'><strong>adulterium.</strong></span> <span class='ocrx_word' id='word_1_726' title='bbox 1834 2541 1882 2574; x_wconf 82' lang='lat' dir='ltr'><strong>est</strong></span> 
     </span>
     <span class='ocr_line' id='line_1_106' title="bbox 1006 2580 1883 2623; baseline 0.003 -11"><span class='ocrx_word' id='word_1_727' title='bbox 1006 2580 1118 2612; x_wconf 85' lang='lat' dir='ltr'><strong>lenitas</strong></span> <span class='ocrx_word' id='word_1_728' title='bbox 1134 2580 1185 2610; x_wconf 80' lang='lat' dir='ltr'><strong>scu</strong></span> <span class='ocrx_word' id='word_1_729' title='bbox 1201 2581 1427 2619; x_wconf 79' lang='lat' dir='ltr'><strong>mansuetud03</strong></span> <span class='ocrx_word' id='word_1_730' title='bbox 1444 2590 1515 2612; x_wconf 89' lang='lat' dir='ltr'><strong>cum</strong></span> <span class='ocrx_word' id='word_1_731' title='bbox 1534 2589 1640 2621; x_wconf 85' lang='lat' dir='ltr'><strong>vetat,</strong></span> <span class='ocrx_word' id='word_1_732' title='bbox 1657 2582 1794 2623; x_wconf 82' lang='lat' dir='ltr'><strong>aliquem</strong></span> <span class='ocrx_word' id='word_1_733' title='bbox 1812 2593 1883 2615; x_wconf 86' lang='lat' dir='ltr'><strong>ver-</strong></span> 
     </span>
     <span class='ocr_line' id='line_1_107' title="bbox 1008 2621 1880 2659; baseline 0.007 -8"><span class='ocrx_word' id='word_1_734' title='bbox 1008 2621 1133 2659; x_wconf 84' lang='lat' dir='ltr'><strong>berari,</strong></span> <span class='ocrx_word' id='word_1_735' title='bbox 1158 2630 1211 2652; x_wconf 84' lang='lat' dir='ltr'><strong>aut</strong></span> <span class='ocrx_word' id='word_1_736' title='bbox 1235 2622 1264 2653; x_wconf 89' lang='lat' dir='ltr'><strong>ei</strong></span> <span class='ocrx_word' id='word_1_737' title='bbox 1282 2623 1363 2653; x_wconf 85' lang='lat' dir='ltr'><strong>male</strong></span> <span class='ocrx_word' id='word_1_738' title='bbox 1379 2623 1454 2654; x_wconf 87' lang='lat' dir='ltr'><strong>dici.</strong></span> <span class='ocrx_word' id='word_1_739' title='bbox 1480 2624 1509 2653; x_wconf 63' lang='grc' dir='ltr'>ἃ</span> <span class='ocrx_word' id='word_1_740' title='bbox 1528 2622 1570 2655; x_wconf 88' lang='lat' dir='ltr'><strong>fic</strong></span> <span class='ocrx_word' id='word_1_741' title='bbox 1586 2624 1617 2654; x_wconf 88' lang='lat' dir='ltr'><strong>in</strong></span> <span class='ocrx_word' id='word_1_742' title='bbox 1635 2625 1771 2656; x_wconf 85' lang='lat' dir='ltr'><strong>caeteris.</strong></span> <span class='ocrx_word' id='word_1_743' title='bbox 1794 2625 1880 2657; x_wconf 88' lang='lat' dir='ltr'><strong>hanc</strong></span> 
     </span>
     <span class='ocr_line' id='line_1_108' title="bbox 1007 2662 1881 2706; baseline 0.007 -14"><span class='ocrx_word' id='word_1_744' title='bbox 1007 2663 1103 2703; x_wconf 84' lang='lat' dir='ltr'><strong>igitur</strong></span> <span class='ocrx_word' id='word_1_745' title='bbox 1117 2662 1266 2702; x_wconf 80' lang='lat' dir='ltr'><strong>justitiam</strong></span> <span class='ocrx_word' id='word_1_746' title='bbox 1279 2662 1463 2695; x_wconf 81' lang='lat' dir='ltr'><strong>Aristoteles</strong></span> <span class='ocrx_word' id='word_1_747' title='bbox 1478 2664 1556 2695; x_wconf 85' lang='lat' dir='ltr'><strong>facit</strong></span> <span class='ocrx_word' id='word_1_748' title='bbox 1572 2666 1716 2696; x_wconf 87' lang='lat' dir='ltr'><strong>eamdem</strong></span> <span class='ocrx_word' id='word_1_749' title='bbox 1727 2666 1881 2706; x_wconf 70' lang='lat' dir='ltr'><strong>perfeetae</strong></span> 
     </span>
     <span class='ocr_line' id='line_1_109' title="bbox 1006 2703 1882 2746; baseline 0.005 -12"><span class='ocrx_word' id='word_1_750' title='bbox 1006 2706 1136 2735; x_wconf 86' lang='lat' dir='ltr'><strong>virtuti:</strong></span> <span class='ocrx_word' id='word_1_751' title='bbox 1161 2703 1216 2734; x_wconf 79' lang='lat' dir='ltr'><strong>etsi</strong></span> <span class='ocrx_word' id='word_1_752' title='bbox 1233 2713 1297 2735; x_wconf 88' lang='lat' dir='ltr'><strong>non</strong></span> <span class='ocrx_word' id='word_1_753' title='bbox 1313 2703 1515 2745; x_wconf 81' lang='lat' dir='ltr'><strong>simpliciter3</strong></span> <span class='ocrx_word' id='word_1_754' title='bbox 1535 2705 1589 2738; x_wconf 86' lang='lat' dir='ltr'><strong>sed</strong></span> <span class='ocrx_word' id='word_1_755' title='bbox 1604 2714 1760 2746; x_wconf 84' lang='lat' dir='ltr'><strong>quatenus</strong></span> <span class='ocrx_word' id='word_1_756' title='bbox 1781 2707 1882 2739; x_wconf 83' lang='lat' dir='ltr'><strong>refer-</strong></span> 
     </span>
     <span class='ocr_line' id='line_1_110' title="bbox 1005 2745 1883 2789; baseline 0.006 -14"><span class='ocrx_word' id='word_1_757' title='bbox 1005 2752 1056 2775; x_wconf 86' lang='lat' dir='ltr'><strong>tur</strong></span> <span class='ocrx_word' id='word_1_758' title='bbox 1074 2745 1113 2775; x_wconf 88' lang='lat' dir='ltr'><strong>ad</strong></span> <span class='ocrx_word' id='word_1_759' title='bbox 1130 2745 1274 2776; x_wconf 86' lang='lat' dir='ltr'><strong>alterum.</strong></span> <span class='ocrx_word' id='word_1_760' title='bbox 1299 2745 1417 2777; x_wconf 90' lang='lat' dir='ltr'><strong>scilicet</strong></span> <span class='ocrx_word' id='word_1_761' title='bbox 1438 2747 1712 2786; x_wconf 80' lang='lat' dir='ltr'><strong>animadvertens,</strong></span> <span class='ocrx_word' id='word_1_762' title='bbox 1733 2748 1883 2789; x_wconf 78' lang='lat' dir='ltr'><strong>justitiam</strong></span> 
     </span>
     <span class='ocr_line' id='line_1_111' title="bbox 1007 2785 1881 2828; baseline 0.003 -11"><span class='ocrx_word' id='word_1_763' title='bbox 1007 2785 1069 2817; x_wconf 88' lang='lat' dir='ltr'><strong>esse</strong></span> <span class='ocrx_word' id='word_1_764' title='bbox 1087 2787 1237 2818; x_wconf 87' lang='lat' dir='ltr'><strong>virtutem</strong></span> <span class='ocrx_word' id='word_1_765' title='bbox 1254 2788 1292 2817; x_wconf 84' lang='lat' dir='ltr'><strong>ad</strong></span> <span class='ocrx_word' id='word_1_766' title='bbox 1309 2788 1461 2826; x_wconf 84' lang='lat' dir='ltr'><strong>alterum;</strong></span> <span class='ocrx_word' id='word_1_767' title='bbox 1485 2788 1733 2828; x_wconf 74' lang='lat' dir='ltr'><strong>functionesque</strong></span> <span class='ocrx_word' id='word_1_768' title='bbox 1751 2798 1881 2820; x_wconf 82' lang='lat' dir='ltr'><strong>caetcra-</strong></span> 
     </span>
     <span class='ocr_line' id='line_1_112' title="bbox 1007 2827 1878 2867; baseline 0.003 -9"><span class='ocrx_word' id='word_1_769' title='bbox 1007 2836 1076 2858; x_wconf 85' lang='lat' dir='ltr'><strong>rum</strong></span> <span class='ocrx_word' id='word_1_770' title='bbox 1095 2827 1247 2858; x_wconf 86' lang='lat' dir='ltr'><strong>virtutum</strong></span> <span class='ocrx_word' id='word_1_771' title='bbox 1269 2827 1409 2860; x_wconf 89' lang='lat' dir='ltr'><strong>fimiliter</strong></span> <span class='ocrx_word' id='word_1_772' title='bbox 1434 2828 1522 2867; x_wconf 79' lang='lat' dir='ltr'><strong>poll&#39;e</strong></span> <span class='ocrx_word' id='word_1_773' title='bbox 1539 2830 1649 2861; x_wconf 85' lang='lat' dir='ltr'><strong>referri</strong></span> <span class='ocrx_word' id='word_1_774' title='bbox 1667 2831 1705 2861; x_wconf 80' lang='lat' dir='ltr'><strong>ad</strong></span> <span class='ocrx_word' id='word_1_775' title='bbox 1724 2831 1878 2861; x_wconf 81' lang='lat' dir='ltr'><strong>alterum:</strong></span> 
     </span>
     <span class='ocr_line' id='line_1_113' title="bbox 1008 2867 1880 2911; baseline 0.002 -12"><span class='ocrx_word' id='word_1_776' title='bbox 1008 2878 1048 2899; x_wconf 90' lang='lat' dir='ltr'><strong>eo</strong></span> <span class='ocrx_word' id='word_1_777' title='bbox 1065 2867 1204 2908; x_wconf 75' lang='lat' dir='ltr'><strong>respectu</strong></span> <span class='ocrx_word' id='word_1_778' title='bbox 1216 2892 1225 2907; x_wconf 92' lang='lat'><strong>,</strong></span> <span class='ocrx_word' id='word_1_779' title='bbox 1241 2869 1363 2910; x_wconf 87' lang='lat' dir='ltr'><strong>inquit,</strong></span> <span class='ocrx_word' id='word_1_780' title='bbox 1379 2870 1466 2911; x_wconf 82' lang='lat' dir='ltr'><strong>poffe</strong></span> <span class='ocrx_word' id='word_1_781' title='bbox 1478 2870 1628 2911; x_wconf 83' lang='lat' dir='ltr'><strong>justitiam</strong></span> <span class='ocrx_word' id='word_1_782' title='bbox 1646 2870 1675 2902; x_wconf 89' lang='lat' dir='ltr'><strong>se</strong></span> <span class='ocrx_word' id='word_1_783' title='bbox 1693 2871 1752 2901; x_wconf 90' lang='lat' dir='ltr'><strong>illis</strong></span> <span class='ocrx_word' id='word_1_784' title='bbox 1769 2869 1880 2902; x_wconf 89' lang='lat' dir='ltr'><strong>misce-</strong></span> 
     </span>
     <span class='ocr_line' id='line_1_114' title="bbox 1008 2909 1879 2951; baseline -0.003 -6"><span class='ocrx_word' id='word_1_785' title='bbox 1008 2919 1042 2940; x_wconf 75' lang='lat' dir='ltr'><strong>re</strong></span> <span class='ocrx_word' id='word_1_786' title='bbox 1054 2932 1062 2945; x_wconf 80' lang='grc'><em>,</em></span> <span class='ocrx_word' id='word_1_787' title='bbox 1079 2909 1358 2950; x_wconf 85' lang='lat' dir='ltr'><strong>&amp;quodammodo</strong></span> <span class='ocrx_word' id='word_1_788' title='bbox 1376 2912 1526 2944; x_wconf 89' lang='lat' dir='ltr'><strong>virtutem</strong></span> <span class='ocrx_word' id='word_1_789' title='bbox 1545 2914 1606 2945; x_wconf 89' lang='lat' dir='ltr'><strong>dici</strong></span> <span class='ocrx_word' id='word_1_790' title='bbox 1623 2919 1724 2943; x_wconf 85' lang='lat' dir='ltr'><strong>totam</strong></span> <span class='ocrx_word' id='word_1_791' title='bbox 1743 2912 1791 2941; x_wconf 83' lang='lat' dir='ltr'><strong>vel</strong></span> <span class='ocrx_word' id='word_1_792' title='bbox 1809 2920 1879 2951; x_wconf 88' lang='lat' dir='ltr'><strong>per-</strong></span> 
     </span>
     <span class='ocr_line' id='line_1_115' title="bbox 1007 2950 1878 2994; baseline 0.005 -14"><span class='ocrx_word' id='word_1_793' title='bbox 1007 2950 1134 2981; x_wconf 61' lang='lat' dir='ltr'><strong>fectam.</strong></span> <span class='ocrx_word' id='word_1_794' title='bbox 1158 2953 1246 2990; x_wconf 85' lang='lat' dir='ltr'><strong>quod</strong></span> <span class='ocrx_word' id='word_1_795' title='bbox 1272 2951 1514 2992; x_wconf 67' lang='lat' dir='ltr'><strong>&amp;justinianus</strong></span> <span class='ocrx_word' id='word_1_796' title='bbox 1541 2954 1659 2994; x_wconf 87' lang='lat' dir='ltr'><strong>patitur</strong></span> <span class='ocrx_word' id='word_1_797' title='bbox 1687 2951 1804 2983; x_wconf 77' lang='lat' dir='ltr'><strong>Novell.</strong></span> <span class='ocrx_word' id='word_1_798' title='bbox 1824 2955 1878 2988; x_wconf 87' lang='lat'><strong>69.</strong></span> 
     </span>
     <span class='ocr_line' id='line_1_116' title="bbox 1007 2990 1878 3032; baseline 0.003 -11"><span class='ocrx_word' id='word_1_799' title='bbox 1007 2990 1205 3023; x_wconf 84' lang='lat' dir='ltr'><strong>Particularis</strong></span> <span class='ocrx_word' id='word_1_800' title='bbox 1219 2994 1334 3032; x_wconf 79' lang='lat' dir='ltr'><strong>justitia</strong></span> <span class='ocrx_word' id='word_1_801' title='bbox 1352 2995 1491 3027; x_wconf 75' lang='lat' dir='ltr'><strong>consistit</strong></span> <span class='ocrx_word' id='word_1_802' title='bbox 1509 2996 1539 3025; x_wconf 90' lang='lat' dir='ltr'><strong>in</strong></span> <span class='ocrx_word' id='word_1_803' title='bbox 1558 2994 1703 3024; x_wconf 82' lang='lat' dir='ltr'><strong>servanda</strong></span> <span class='ocrx_word' id='word_1_804' title='bbox 1721 2994 1802 3023; x_wconf 87' lang='lat' dir='ltr'><strong>inter</strong></span> <span class='ocrx_word' id='word_1_805' title='bbox 1820 2992 1878 3024; x_wconf 87' lang='lat' dir='ltr'><strong>ho·</strong></span> 
     </span>
     <span class='ocr_line' id='line_1_117' title="bbox 1007 3032 1876 3077; baseline 0.002 -14"><span class='ocrx_word' id='word_1_806' title='bbox 1007 3033 1107 3064; x_wconf 86' lang='lat' dir='ltr'><strong>mines</strong></span> <span class='ocrx_word' id='word_1_807' title='bbox 1124 3036 1316 3073; x_wconf 62' lang='lat' dir='ltr'><strong>aequalitate.</strong></span> <span class='ocrx_word' id='word_1_808' title='bbox 1349 3036 1432 3068; x_wconf 83' lang='lat' dir='ltr'><strong>hanc</strong></span> <span class='ocrx_word' id='word_1_809' title='bbox 1445 3035 1594 3077; x_wconf 82' lang='lat' dir='ltr'><strong>justitiam</strong></span> <span class='ocrx_word' id='word_1_810' title='bbox 1614 3032 1799 3065; x_wconf 77' lang='lat' dir='ltr'><strong>Aristoteles</strong></span> <span class='ocrx_word' id='word_1_811' title='bbox 1818 3043 1876 3065; x_wconf 93' lang='lat' dir='ltr'><strong>vo-</strong></span> 
     </span>
     <span class='ocr_line' id='line_1_118' title="bbox 1005 3073 1880 3117; baseline 0.002 -12"><span class='ocrx_word' id='word_1_812' title='bbox 1005 3081 1057 3105; x_wconf 86' lang='lat' dir='ltr'><strong>cat</strong></span> <span class='ocrx_word' id='word_1_813' title='bbox 1074 3073 1237 3115; x_wconf 86' lang='lat' dir='ltr'><strong>superioris</strong></span> <span class='ocrx_word' id='word_1_814' title='bbox 1253 3086 1394 3116; x_wconf 80' lang='lat' dir='ltr'><strong>partem:</strong></span> <span class='ocrx_word' id='word_1_815' title='bbox 1417 3087 1458 3109; x_wconf 92' lang='lat' dir='ltr'><strong>eo</strong></span> <span class='ocrx_word' id='word_1_816' title='bbox 1483 3076 1567 3117; x_wconf 89' lang='lat' dir='ltr'><strong>quod</strong></span> <span class='ocrx_word' id='word_1_817' title='bbox 1591 3075 1750 3115; x_wconf 63' lang='lat' dir='ltr'><strong>pleraeque</strong></span> <span class='ocrx_word' id='word_1_818' title='bbox 1768 3075 1833 3114; x_wconf 72' lang='lat' dir='ltr'><strong>eius</strong></span> <span class='ocrx_word' id='word_1_819' title='bbox 1847 3084 1880 3107; x_wconf 83' lang='lat' dir='ltr'><strong>a·</strong></span> 
     </span>
     <span class='ocr_line' id='line_1_119' title="bbox 1004 3114 1874 3156; baseline 0.003 -11"><span class='ocrx_word' id='word_1_820' title='bbox 1004 3114 1125 3148; x_wconf 64' lang='lat' dir='ltr'><strong>{tiones</strong></span> <span class='ocrx_word' id='word_1_821' title='bbox 1141 3116 1182 3148; x_wconf 85' lang='lat' dir='ltr'><strong>ita</strong></span> <span class='ocrx_word' id='word_1_822' title='bbox 1198 3117 1267 3150; x_wconf 87' lang='lat' dir='ltr'><strong>sunt</strong></span> <span class='ocrx_word' id='word_1_823' title='bbox 1283 3121 1320 3150; x_wconf 86' lang='lat' dir='ltr'><strong>ad</strong></span> <span class='ocrx_word' id='word_1_824' title='bbox 1345 3119 1499 3155; x_wconf 79' lang='lat' dir='ltr'><strong>alterum3</strong></span> <span class='ocrx_word' id='word_1_825' title='bbox 1524 3124 1557 3147; x_wconf 89' lang='lat' dir='ltr'><strong>ut</strong></span> <span class='ocrx_word' id='word_1_826' title='bbox 1574 3116 1611 3146; x_wconf 87' lang='lat' dir='ltr'><strong>ad</strong></span> <span class='ocrx_word' id='word_1_827' title='bbox 1632 3114 1874 3156; x_wconf 88' lang='lat' dir='ltr'><strong>fortitudinem,</strong></span> 
     </span>
     <span class='ocr_line' id='line_1_120' title="bbox 1004 3156 1877 3201; baseline 0.003 -14"><span class='ocrx_word' id='word_1_828' title='bbox 1004 3158 1264 3201; x_wconf 84' lang='lat' dir='ltr'><strong>temperantiam,</strong></span> <span class='ocrx_word' id='word_1_829' title='bbox 1280 3160 1571 3197; x_wconf 79' lang='lat' dir='ltr'><strong>manluetudiuem,</strong></span> <span class='ocrx_word' id='word_1_830' title='bbox 1588 3156 1703 3188; x_wconf 78' lang='lat' dir='ltr'><strong>aliasve</strong></span> <span class='ocrx_word' id='word_1_831' title='bbox 1719 3159 1877 3197; x_wconf 90' lang='lat' dir='ltr'><strong>virtutes,</strong></span> 
     </span>
     <span class='ocr_line' id='line_1_121' title="bbox 1831 3208 1878 3231; baseline -0.021 0"><span class='ocrx_word' id='word_1_832' title='bbox 1831 3208 1878 3231; x_wconf 83' lang='lat' dir='ltr'><strong>re-</strong></span> 
     </span>
    </p>
   </div>
  </div>
 </body>
</html>
