2036 3495
490 30 497 45 Ι

519 91 607 127 Dr.

39 180 232 220 suffindas,
255 180 308 213 sed
330 183 470 222 gentium
494 180 579 221 Jure.
611 182 698 221 quod
723 181 743 213 fi
767 181 802 213 fit
819 182 906 213 viva-

36 224 115 255 rium
127 245 136 261 ,
160 222 378 263 circumseptis
395 223 519 255 l'altibus
535 230 588 253 aut
602 223 766 255 montibus
788 223 903 263 posses-

37 264 150 302 fionis,
167 265 196 295 in
212 273 317 304 eoque
334 265 455 296 vivario
474 266 575 304 capiat
592 263 779 295 fructuarius
797 274 906 305 aprum

37 314 91 337 aut
109 314 239 337 cervum
258 315 274 336 a
290 306 421 337 domino
440 306 609 337 inclusus-n:
627 306 789 346 proprium
806 307 904 338 domi-

37 347 69 379 ni
86 355 220 386 caper-<23
244 348 274 377 ὅ(
297 355 426 387 captum
443 356 548 387 neque
572 348 656 378 civrli
671 370 680 385 ‚
703 357 807 387 neque
831 357 905 388 gen-

40 389 119 419 tium
133 388 199 427 jure
215 387 300 418 suum
316 388 438 419 facere:
456 396 576 419 tantum
593 389 692 429 illijus
710 388 790 426 elle,
808 400 843 420 ea
860 389 905 420 fe-

39 439 72 461 ra
83 452 92 468 ,
109 428 191 469 quasi
208 429 296 460 fundi
307 428 531 467 instrumento,
544 430 586 460 uti
598 429 659 461 frui
672 430 750 461 salva
761 431 826 470 ejus
836 430 902 462 sub·

34 470 157 506 stantia.
182 468 222 501 sic
239 471 268 500 in
284 479 361 510 apro
372 478 424 500 aut
433 480 543 501 cervo.
570 470 656 512 Quid
668 494 676 509 ,
693 471 712 503 fi
728 481 791 503 non
803 472 903 512 ipsum

35 512 158 551 capiat;
181 510 232 542 sed
254 510 399 542 fruetus?
424 511 475 542 Ait
493 510 746 552 Tryphoninus,
771 514 825 544 Sea
839 515 901 551 fru-

39 552 103 583 ctus
120 553 249 593 autjure
266 552 363 590 civili,
386 559 438 582 aut
451 554 581 593 gentium
603 560 668 593 suos
686 555 775 594 facit.
820 554 902 596 Try-

33 592 325 634 phoninusfructus
335 603 393 633 pro
401 595 481 633 foetu
497 596 631 636 accipit:
649 597 815 635 quomodo
834 596 902 627 Ma-

38 635 132 667 nilius
151 636 199 665 lib.
216 644 246 672 4.
262 634 334 674 vers.
358 640 423 669 128.
444 637 484 666 de
500 645 598 668 ariete
617 637 768 676 loquens,
793 637 873 669 infit.

74 675 110 707 In
124 675 318 716 jugulumque
334 677 412 707 dabit
422 677 545 716 frut‘tus
564 677 601 713 ἐξ
616 679 691 709 misle
724 689 754 710 er
765 684 841 711 artes

75 716 206 754 Vellera,
229 718 353 753 dwersos
369 727 404 749 ex
416 724 449 757 se
459 721 605 759 parientia
623 686 756 761 quaeslus.

34 756 77 790 Et
94 758 178 798 apud
203 755 318 797 Gajum
335 759 354 790 l.
379 764 428 793 28.
446 760 488 791 D.
514 763 547 791 ale
563 764 676 801 usuris,
705 762 739 793 In
757 763 902 802 pecudum

31 798 137 840 fructu
159 799 245 829 etiam
261 800 356 838 foetus
378 799 434 841 eft.-
451 800 529 839 ficut
554 803 599 833 lac
616 827 625 841 ,
647 803 742 843 pilus,
767 803 803 838 ὅ)
820 804 899 835 lana.

33 841 129 881 Apud
148 840 323 872 Varronem
340 852 471 883 quoque
494 843 542 875 lib.
562 854 590 885 3.
608 844 655 875 De
670 855 699 875 re
713 844 820 885 rustica
829 855 854 876 c.
872 855 900 877 2.

38 880 79 913 fic
96 889 195 913 extat.
230 882 265 913 ln
277 883 364 923 plano
380 886 476 915 cohors
493 887 524 915 in
541 896 599 926 qua
612 887 803 927 pascebantur
815 887 901 928 galli-

35 932 96 962 πως
111 922 148 957 &²
163 932 262 954 earum
274 924 392 961 fruftus
408 933 556 957 erantova
572 927 607 961 ξξῗ
619 928 703 968 pulli.
729 926 904 968 Distinguit

34 962 373 1005 igiturTryphoninus
390 966 487 999 feram
500 978 515 998 a
527 968 630 1000 fructu
641 992 650 1008 ‚
666 969 698 1000 id
714 969 757 1000 est
769 992 778 1008 ,
788 969 828 999 ab
839 970 903 1009 ejus

33 1006 131 1037 foetu:
159 1007 292 1045 volens,
316 1006 416 1039 feram
441 1009 569 1049 quidem
594 1012 810 1051 occupatione
835 1019 901 1041 non

33 1047 103 1079 fieri
121 1046 299 1080 fructuarii:
324 1059 532 1091 praeterquam
550 1050 570 1082 fi
588 1052 702 1083 nullius
718 1051 782 1091 est;
805 1058 858 1090 ut,
881 1050 902 1082 si

37 1098 103 1120 non
130 1087 166 1119 sit
180 1089 313 1134 ‘viyario
335 1091 468 1123 inclusa:
493 1092 544 1124 sed
564 1094 628 1133 ejus
646 1093 761 1124 foetum
779 1092 902 1132 semper

35 1129 197 1176 fruetuarri
217 1132 283 1162 beri
302 1133 350 1163 vel
367 1134 530 1173 gentium,
550 1135 600 1165 vel
617 1135 701 1165 civili
717 1135 803 1174 jure:
826 1134 902 1172 illo,

6 1174 8 1176 '
37 1171 59 1202 (1
76 1172 140 1210 ipla
155 1170 239 1210 fera,
255 1172 285 1204 id
302 1173 345 1204 est
364 1183 480 1212 mater,
497 1176 611 1205 nullius
628 1175 744 1213 fuerit,
761 1184 824 1206 non
846 1175 902 1205 cir-

35 1211 203 1252 cumsepto
229 1212 350 1246 fundo:
376 1216 457 1254 hoc,
481 1215 501 1247 fi
522 1217 640 1247 domini
666 1216 719 1254 fit3
742 1216 781 1246 ab
797 1225 903 1256 eoque

36 1253 67 1284 in
87 1252 175 1284 fundi
201 1253 409 1287 instrumento
425 1256 586 1287 habeatur.
610 1256 710 1297 finge.
736 1258 841 1297 (quod
858 1256 904 1287 est.

37 1295 221 1339 exemplum
240 1295 268 1336 §.
289 1305 316 1328 1.
334 1298 362 1327 d.
381 1297 400 1328 l.
417 1298 488 1337 62.)
511 1299 542 1328 in
567 1298 756 1337 poffeffione
774 1297 840 1329 sunt
860 1300 903 1329 vi-

36 1344 139 1373 varia,
157 1335 186 1365 ὅ(
205 1344 277 1367 cum
295 1338 395 1378 coepit
413 1338 605 1369 ususfructus
620 1363 628 1376 ,
646 1340 693 1370 his
712 1339 838 1370 inclusae
855 1338 902 1370 fe-

37 1385 98 1415 rae,
121 1384 215 1416 puta,
239 1379 303 1418 apri
321 1379 371 1410 vel
387 1388 500 1410 caetera
524 1379 669 1411 silvestria
685 1381 848 1418 animalia,
871 1381 902 1412 in

36 1427 72 1449 ea
82 1418 268 1457 pollessionc
279 1419 557 1453 custodiebantur:
573 1423 652 1462 (pro
664 1421 818 1453 Veterum
835 1431 901 1453 mo-

36 1468 72 1490 re
88 1459 129 1490 de
146 1467 211 1499 quo
234 1459 283 1492 M.
304 1460 425 1501 Varro,
449 1463 544 1494 etiam
571 1465 609 1495 A.
627 1462 751 1494 Gell1us
769 1466 817 1495 dd.
835 1463 903 1494 locc.

38 1499 69 1532 &
93 1499 210 1533 Plinius
233 1502 281 1533 lib.
300 1507 327 1537 8.
355 1504 432 1535 Nat.
460 1503 513 1544 bist
543 1514 566 1535 c.
585 1505 657 1545 52.)
683 1505 796 1546 quaerit
817 1503 901 1546 Try-

35 1541 214 1583 phoninus‚
238 1551 342 1575 utrum
367 1544 554 1576 fructuarius
579 1555 616 1577 ea
640 1556 813 1578 excercere
834 1547 900 1586 qui·

37 1582 111 1628 dem
130 1584 242 1623 poffit3
257 1586 408 1617 occidere
424 1594 529 1618 autem
549 1597 612 1618 non
631 1588 750 1627 possit?
766 1597 801 1618 ea
818 1597 902 1627 quae-

38 1623 98 1655 stro
109 1627 291 1657 continetur
303 1628 349 1657 his
360 1626 566 1668 Tryphonini
579 1630 683 1660 verbis
695 1652 704 1667 ,
720 1629 806 1660 Num
823 1638 901 1659 exer-

38 1674 99 1711 cere
114 1674 159 1696 eas
175 1666 360 1701 frtcfiuarius
374 1668 455 1709 poffit
467 1692 476 1707 ,
501 1671 621 1700 occidere
642 1681 699 1701 non
713 1669 817 1710 poffit?
841 1669 904 1701 Sed

35 1705 110 1737 huic
127 1708 289 1747 quaestioni
310 1718 402 1740 tacita
421 1710 555 1742 inhaeret
573 1711 750 1751 responsio;
769 1710 823 1742 etfi
840 1721 903 1742 non

35 1755 185 1787 appareat
202 1751 320 1788 palam:
345 1751 453 1782 usitata
475 1751 646 1784 Veteribus
668 1754 792 1784 ratione
810 1762 904 1792 quam

35 1788 118 1828 saepe
133 1789 206 1820 alibi
222 1793 406 1824 indicamus.
424 1792 539 1824 sensus:
558 1792 597 1832 fl,
616 1803 688 1825 cum
704 1794 804 1833 coepit
821 1793 903 1825 usus-

35 1828 176 1868 fruCtuS,
198 1830 274 1862 ferre
294 1835 418 1864 vivariis
444 1834 592 1872 inclusae,
614 1835 644 1865 in
663 1844 699 1866 ea
717 1834 905 1875 poffeffione

37 1870 324 1913 custodiebantur3
348 1875 468 1915 poterit
490 1875 678 1907 fructuarius
701 1885 753 1908 eas
776 1885 905 1907 exerce-

36 1921 91 1951 τες
114 1922 177 1944 non
197 1916 317 1954 poterit
336 1917 497 1949 occidere.
541 1917 682 1948 Exercere
698 1926 802 1949 autem
818 1918 904 1957 feras

37 1953 204 1999 Accurfius
227 1957 363 1996 exponit
379 1981 388 1996 ‚
412 1967 484 1990 cum
509 1957 584 1990 feris
617 1959 743 1990 ludere:
768 1968 904 1999 eamque

35 1997 222 2039 tententiam
240 1998 378 2037 sequitur
396 1999 434 2030 V.
448 1999 505 2030 CL.
519 2000 676 2031 Antonius
694 1999 836 2031 Dadinus
852 2000 904 2031 Al-

38 2037 171 2082 tclerra‚
195 2040 232 2069 aci
257 2039 433 2080 Tryphonini
451 2041 497 2071 lib.
518 2051 546 2081 7.
564 2041 713 2080 Disputat.
732 2042 763 2072 in
780 2041 902 2082 exposi-

38 2085 127 2109 tione
148 2081 176 2110 ct.
200 2080 219 2110 l.
241 2084 290 2112 62.
318 2090 387 2112 uam
411 2083 489 2117 feras
513 2091 639 2113 exercere
656 2085 901 2122 interpretatur,

37 2129 83 2150 eas
97 2121 244 2152 duntaxat
259 2123 370 2162 agitare
384 2123 575 2154 delectationis
586 2125 681 2162 caula.
712 2124 810 2155 Male.
836 2133 899 2155 non

34 2162 67 2194 id
90 2162 156 2201 egit
180 2161 424 2204 Tryphoninus.
457 2165 538 2195 dixit
554 2188 563 2204 ,
596 2165 800 2196 fructuarium
817 2166 902 2203 feras

35 2211 176 2241 exercere,
199 2212 257 2244 pro
276 2205 391 2237 habere
408 2205 490 2236 feras
507 2216 546 2238 ex
564 2207 678 2247 quibus
694 2210 797 2247 capiat
820 2207 900 2238 utili-

36 2251 147 2275 tatem.
171 2254 236 2284 quo
263 2245 347 2277 sensu
370 2246 521 2287 Ulpianus
537 2249 567 2279 in
592 2249 611 2279 l.
629 2258 657 2286 4.
675 2248 704 2290 §.
722 2258 749 2280 2.
771 2248 809 2279 D.
827 2249 859 2278 ale
876 2257 900 2278 e-

36 2287 145 2322 dendo,
169 2286 281 2325 Labeo,
304 2288 424 2328 inquit,
440 2290 561 2329 scribit,
582 2296 694 2329 patrem
719 2299 775 2320 nan
801 2299 886 2329 eugen

35 2328 103 2358 dum
118 2327 232 2367 (eriere)
243 2338 253 2364 3
268 2327 437 2368 nifisciente
451 2339 479 2360 eo
490 2333 658 2372 argentaria
672 2336 831 2362 exercetur.
848 2331 903 2361 Sed

37 2367 109 2399 reste
125 2368 250 2399 Sabinus
272 2373 430 2411 respondit,
455 2377 525 2401 tunc
541 2373 570 2402 id
585 2373 814 2410 admittendum,
838 2382 902 2402 cum

31 2410 113 2450 patri
130 2410 279 2449 quaestum
296 2412 394 2451 refert.
425 2411 577 2444 Similiter
593 2421 635 2443 ait
653 2412 824 2454 Ulpianus,
847 2423 899 2444 na-

35 2461 116 2489 vem,
140 2459 314 2491 cauponam,
331 2451 498 2493 stabulum,
524 2464 650 2485 exercere
673 2455 692 2486 t.
716 2464 739 2486 1.
770 2455 798 2495 §.
817 2465 846 2486 2.
865 2453 900 2488 δ”

35 2503 65 2532 5.
84 2491 125 2524 D.
145 2493 274 2531 Nautae,
291 2501 446 2534 caupones,
463 2493 637 2535 stabularii:
660 2500 710 2536 qui
733 2496 828 2526 habet
848 2505 898 2526 na-

34 2542 127 2572 vem,
149 2543 326 2574 cauponam
349 2544 403 2567 aut
428 2537 598 2575 stabulum,
624 2545 656 2568 ut
673 2538 840 2568 utilitatem
859 2547 899 2568 ex

34 2576 70 2607 iis
86 2576 251 2615 percipiat.
287 2576 328 2607 Et
342 2580 524 2609 exercitarent
540 2578 590 2618 effe
606 2580 643 2609 ad
657 2588 739 2620 quem
757 2580 897 2609 obventio-

33 2626 82 2648 nes
107 2626 199 2647 omnes
223 2616 259 2651 ὃ)
284 2620 392 2650 reditus
409 2620 581 2658 perveniunt
604 2620 624 2651 l.
646 2630 669 2651 1.
689 2620 717 2660 §.
740 2629 786 2659 15.
809 2619 848 2650 D.
867 2621 900 2650 de

33 2659 202 2688 exercitoria
217 2659 335 2689 actione.
376 2659 500 2692 Eodem
517 2660 603 2693 sensu
619 2661 679 2699 ait,
693 2661 899 2692 fructuarium

36 2697 160 2736 danari,
184 2698 213 2729 ἂ
229 2701 368 2739 argenti,
392 2702 418 2732 ἀ
438 2701 609 2741 sulphuris,
629 2703 656 2733 (St
676 2703 761 2739 aeris,
778 2702 807 2733 ἃ
823 2701 899 2733 ferri

30 2740 154 2780 fodinas
176 2748 299 2770 exercere
322 2741 340 2771 l.
361 2751 405 2780 ιη.
426 2742 453 2782 §.
471 2753 499 2782 5.
521 2742 552 2773 D
580 2745 612 2774 de
629 2743 803 2779 usufructu:
826 2752 899 2774 cum

37 2790 79 2812 cx
95 2780 142 2811 his
159 2780 325 2812 utilitatem
337 2784 482 2821 percipit.
508 2783 607 2823 Item,
619 2783 844 2824 lustramentum
861 2794 898 2813 es-

30 2823 64 2863 se
79 2826 250 2861 apparatum
264 2831 360 2853 rerum
379 2825 490 2854 diutius
505 2826 708 2861 mansurarum
718 2824 781 2863 fine
798 2827 901 2865 quibus

37 2863 162 2894 exerceri
186 2864 313 2902 nequiret
331 2863 451 2903 paffeffio
472 2865 490 2894 l.
514 2874 558 2897 12.
580 2865 621 2896 D.
645 2867 677 2896 cle
700 2864 838 2907 instructu
854 2865 901 2896 vel

35 2901 222 2944 instrumento
242 2904 352 2944 legato.-
376 2905 406 2936 id
433 2905 496 2943 est,
519 2908 547 2936 in
566 2908 731 2938 meliorem
757 2907 842 2938 usum
870 2907 898 2937 ἃ

30 2945 169 2977 fructum
187 2943 326 2975 formari.
350 2945 391 2976 fic
408 2947 491 2977 enim
511 2945 637 2979 Nonius
652 2957 676 2978 c.
693 2959 721 2986 4.
741 2947 788 2978 De
807 2947 900 2978 Varia

20 2985 243 3027 'fignificatione
256 2989 414 3023 sermonum
431 2987 565 3026 exponit
583 2988 713 3020 verbum
731 2998 854 3020 exercere
869 2990 898 3019 in

35 3037 76 3059 eo
92 3026 215 3068 Virgilii
231 3027 277 3058 lib.
298 3036 323 3058 1.
343 3028 473 3068 Georgia
505 3027 683 3070 Exercetque
694 3030 831 3070 frequens
850 3029 896 3059 tel-

36 3068 124 3099 lurem
146 3075 231 3110 atque
255 3070 376 3109 imperat
398 3071 488 3099 arvis.
529 3068 624 3109 Igitur
640 3069 659 3101 si
677 3068 752 3101 ferae
772 3071 898 3101 vivariis

35 3109 179 3148 inclusae,
203 3111 234 3141 in
260 3119 294 3141 ca
321 3109 527 3149 possessione,
551 3110 601 3141 seu
619 3121 659 3141 eo
678 3111 706 3141 in
726 3111 827 3142 fundo
847 3120 898 3142 cu-

35 3149 271 3195 stodiebantur,
296 3160 367 3182 cum
388 3152 486 3191 coepit
505 3150 716 3183 ususfructus:
733 3152 801 3183 vult
816 3150 899 3193 Try-

34 3191 213 3264 plipninuls,
236 3192 297 3226 effe
320 3191 493 3226 fructuario
514 3193 582 3233 jus,
605 3202 656 3225 eas
673 3202 843 3233 exercere,
868 3195 899 3226 id

99 3242 150 3264 uin.
191 3255 200 3265 .

668 91 1138 130 Usurntrcru
1195 89 1350 128 L113.I.

1750 99 1822 136 33⁹

948 181 1011 221 est,
1034 182 1073 214 ad
1098 182 1250 223 quaestum
1275 181 1305 213 ἃ
1323 179 1461 213 reditum
1477 178 1615 218 habere3
1639 177 1818 225 nonqetiam

948 224 1108 255 occidere.
1153 225 1250 266 Atqui
1274 231 1447 261 utrumque
1468 221 1589 256 domini
1613 226 1818 261 proprietatis

946 266 994 305 jus
1013 266 1067 297 est.
1105 265 1200 305 Scio;
1223 266 1253 297 &
1273 266 1384 296 docuit
1402 267 1453 295 me
1470 263 1650 294 Columella
1667 262 1712 292 De
1728 270 1757 291 re
1768 270 1819 292 ru-

940 305 1018 347 stica
1034 307 1081 338 lib.
1098 318 1128 344 9·
1145 318 1168 338 c.
1189 316 1211 338 1.
1236 306 1439 346 sequentibus
1456 305 1582 343 verbis,
1595 302 1668 334 Ferre
1678 303 1816 344 pecudes,

947 355 980 379 ut
995 349 1133 389 capreoli,
1150 350 1312 390 damreque,
1328 357 1378 378 nec
1392 348 1486 378 minus
1501 355 1640 387 orygum,
1656 353 1819 390 cervorum-

947 399 1001 430 que
1013 399 1120 431 genera
1137 390 1319 431 &aprorum
1333 391 1412 420 mocio
1429 389 1552 419 lautitiis
1567 397 1601 419 ac
1617 386 1817 426 voluptatibus

947 434 1125 462 dominorum
1134 433 1274 470 serviunt
1286 455 1296 470 ,
1317 431 1395 461 modo
1409 427 1530 471 quoestuz‘
1545 438 1579 459 ac
1594 428 1742 474 reditibus.
1787 425 1816 457 Ι·

946 474 1018 504 dem
1038 474 1068 503 in
1090 472 1278 512 praefatione
1297 473 1436 512 ejusdem
1456 471 1537 501 libri.
1583 469 1652 500 Mos
1673 474 1814 509 antiquus

945 514 1095 554 lepusculis
1120 516 1282 556 capreisque
1299 524 1333 545 uc
1350 511 1494 550 fimilibus
1503 511 1580 550 seris
1598 510 1692 551 juxta
1714 509 1818 540 villam

941 556 1110 597 plerumque
1123 555 1255 597 subjecta
1278 555 1426 586 dominicis
1451 553 1677 583 habitationibus
1686 552 1815 592 *ponebat

944 598 1063 628 vivaria
1074 620 1082 634 ‚
1107 605 1139 628 ut
1157 597 1193 631 ὅ)
1205 595 1416 638 conspeetusuo
1432 595 1529 630 clausa
1544 593 1661 624 venatio
1673 590 1817 632 pofficien-

946 639 983 668 tis
998 638 1146 669 obtutaret
1161 639 1269 676 oculos,
1289 637 1325 672 &²
1335 647 1401 668 cum
1414 634 1546 676 exegiffet
1561 639 1630 674 usus
1643 633 1816 679 epularum,

944 679 1026 710 velut
1042 689 1055 709 e
1071 680 1140 710 cella
1153 686 1363 721 promeremur.
1408 677 1469 709 Sed
1496 686 1561 707 non
1582 676 1670 715 quod
1694 675 1818 706 (lomim

944 722 1147 761 proprietatis
1162 722 1210 761 jus
1228 720 1287 758 est,
1300 723 1395 752 etiam
1412 719 1462 750 hic
1479 717 1638 749 fructuarii
1657 715 1718 747 effe
1728 715 1815 755 Try-

944 762 1105 802 phoninus
1124 770 1222 800 putat.
1250 763 1347 803 Igitur
1361 761 1382 793 fi
1398 770 1470 792 cum
1487 762 1587 799 coepit
1605 756 1816 803 ususfructus,

944 802 1021 834 ferae
1039 803 1165 834 vivariis
1185 803 1330 842 inclusae,
1354 803 1384 834 in
1402 811 1437 833 ea
1454 799 1641 842 poss‘effione
1657 797 1817 844 custodie-

946 845 1079 883 bantur,
1102 844 1207 884 potest
1225 854 1276 875 eas
1293 844 1481 875 fructuarius
1499 850 1671 880 exercere3
1702 843 1733 872 ld
1749 839 1816 879 est,

945 887 983 915 ad
994 885 1128 917 reditum
1145 885 1337 926 &quaestum
1354 885 1489 916 babere:
1506 883 1657 914 occidere
1673 891 1738 914 non
1758 891 1817 928 po-

947 927 1040 957 terit:
1064 927 1135 966 quia
1159 926 1236 958 fera:
1259 927 1385 958 vivariis
1409 927 1535 957 inclulae
1553 934 1569 955 a
1586 925 1819 965 proprietario,

948 968 1013 1006 ejus
1031 965 1098 998 sunt
1116 967 1135 998 l.
1154 978 1182 1008 3.
1202 968 1231 1008 §.
1253 977 1298 1006 14.
1318 967 1360 998 D.
1380 969 1413 997 de
1427 968 1607 1008 adquirenda
1621 966 1669 996 vel
1685 966 1818 997 amitten-

947 1009 984 1039 da
994 1007 1169 1049 poffeffione:
1185 1008 1263 1039 sicut
1280 1009 1372 1048 equi,
1389 1009 1508 1046 boves,
1526 1008 1555 1039 ὅ(
1573 1007 1697 1046 similia,
1714 1007 1817 1038 fundo

945 1051 1129 1081 exercendo
1145 1059 1349 1090 comparata,
1367 1050 1487 1080 domini
1507 1049 1710 1088 proprietatis
1728 1048 1817 1087 sunt;

945 1091 984 1122 ab
1002 1100 1108 1131 eoque
1125 1092 1156 1122 in
1173 1091 1263 1122 fundi
1281 1090 1489 1122 instrumento
1508 1090 1665 1121 habentur
1683 1090 1704 1122 l.
1723 1094 1751 1123 8.
1772 1088 1818 1122 D.

945 1133 977 1162 de
991 1129 1128 1172 instructo
1144 1132 1191 1163 vel
1211 1130 1399 1172 instrumento
1417 1132 1526 1172 legat03
1551 1131 1581 1162 ἁ
1604 1140 1621 1162 a
1644 1130 1817 1162 fructuario

946 1174 1088 1204 exerceri
1106 1173 1250 1214 possunt,
1275 1173 1380 1204 occidi
1399 1182 1462 1203 non
1485 1172 1622 1211 poffuut.
1654 1171 1725 1210 Sic,
1747 1172 1769 1203 fi
1787 1181 1819 1203 u·

947 1213 1170 1246 infructuari'us
1187 1216 1344 1246 accedens
1358 1214 1396 1244 ad
1414 1212 1659 1252 usumfructum,
1676 1215 1818 1252 repperit

946 1255 1029 1287 feras
1056 1257 1182 1288 vivariis
1205 1265 1221 1286 a
1240 1255 1454 1296 proprietario
1475 1254 1619 1285 inclusas.
1663 1252 1773 1294 Quid,
1795 1253 1819 1286 fi

947 1305 1024 1336 quas
1047 1296 1111 1337 ipse
1130 1298 1223 1329 initio
1240 1297 1346 1338 operis
1360 1295 1418 1327 suis
1437 1294 1616 1333 incluserit,
1641 1297 1693 1327 vel
1710 1294 1730 1326 fi
1746 1303 1818 1335 quae

947 1337 998 1369 sua
1021 1338 1133 1378 sponte
1157 1339 1328 1370 inciderint
1345 1361 1354 1377 ‚
1379 1335 1554 1378 delapsaeve
1580 1335 1734 1368 fuerint?
1763 1337 1820 1382 Ait

945 1378 1201 1420 Tryphoninus‚
1224 1380 1278 1412 has
1289 1379 1451 1411 fructuarii
1466 1378 1560 1419 juris,
1576 1378 1608 1409 id
1626 1378 1689 1417 est,
1714 1378 1819 1409 dorm-

947 1421 989 1452 nii
1013 1422 1078 1461 ejus
1102 1420 1185 1453 fore.
1231 1421 1273 1452 Et
1297 1421 1393 1453 reete.
1425 1429 1496 1451 nam
1522 1428 1595 1451 ante
1617 1420 1732 1451 nullius
1748 1419 1820 1451 fue-

946 1471 1039 1493 runt:
1060 1463 1182 1494 vivario
1198 1471 1303 1493 autem
1322 1461 1446 1493 inclusae
1465 1470 1482 1491 a
1499 1460 1694 1500 fructuario,
1717 1461 1757 1493 ab
1775 1472 1817 1494 eo

946 1502 976 1535 &
994 1504 1140 1543 poffideri
1161 1504 1190 1535 &
1207 1504 1329 1544 adquiri
1351 1503 1570 1542 intelliguntur
1587 1503 1615 1533 d.
1638 1503 1657 1533 l.
1673 1512 1701 1542 3.
1720 1504 1747 1544 §.
1770 1512 1819 1543 14.

946 1544 1073 1585 poffunt
1099 1546 1195 1586 igitur
1217 1546 1255 1576 ab
1278 1554 1319 1577 eo
1340 1554 1404 1576 non
1423 1551 1546 1574 tantum
1570 1544 1731 1581 exerceri,
1756 1544 1821 1576 five

945 1587 984 1617 ad
1010 1586 1162 1626 quaestum
1188 1586 1322 1624 haberi3
1348 1586 1399 1617 sed
1422 1588 1517 1616 etiam
1542 1585 1658 1615 occidi.
1690 1585 1819 1619 interim

946 1627 1082 1659 difficilis
1099 1627 1198 1659 fuerit
1215 1626 1433 1665 discretionis,
1458 1635 1529 1666 quae
1546 1626 1691 1656 animalia
1706 1635 1745 1656 ex
1761 1626 1820 1660 sm.

946 1670 1026 1710 gulis
1042 1670 1211 1710 generibus
1223 1692 1232 1707 ‚
1257 1676 1404 1709 tempore
1421 1667 1586 1699 constituti
1606 1666 1819 1710 ususfructus,

948 1712 979 1741 in
998 1711 1125 1742 vivariis
1145 1710 1283 1749 fuerint,
1309 1711 1338 1742 ὅ(
1362 1719 1431 1748 quae
1455 1709 1571 1740 deinde
1596 1717 1635 1740 ex
1659 1707 1707 1740 his
1728 1717 1820 1750 nata,

948 1759 1000 1783 aut
1013 1751 1174 1783 fruetuarii
1192 1754 1299 1793 operis
1314 1752 1345 1782 in
1364 1761 1399 1782 ea
1415 1751 1530 1790 dilapsa
1547 1749 1624 1781 fint:
1647 1758 1748 1791 eaque
1761 1752 1820 1783 ob·

947 1792 1096 1824 scuritate
1119 1792 1215 1824 facile
1241 1792 1335 1832 possit
1352 1793 1509 1823 incertum
1532 1800 1568 1822 ac
1587 1800 1688 1831 prope
1706 1793 1818 1826 inutile

946 1834 1072 1873 fierijus
1090 1833 1293 1866 ususfructus,
1319 1842 1388 1864 eam
1407 1834 1502 1874 igitur
1512 1833 1556 1864 ob
1573 1833 1694 1865 causam
1711 1833 1820 1867 suadet

946 1873 1179 1916 Tryphoninus
1197 1876 1304 1915 (quod
1319 1873 1382 1905 esse
1395 1874 1471 1906 boni
1482 1873 1697 1914 Jurisconsulti
1708 1898 1717 1913 ,
1733 1876 1818 1909 libro

946 1915 994 1947 De
1017 1915 1212 1947 Eurematicis
1238 1914 1414 1956 Modestinz',
1438 1917 1561 1956 pridem
1585 1916 1818 1950 demonstravit

946 1958 1066 1988 amicus
1083 1966 1189 1996 meuS,
1216 1956 1374 1990 Henricus
1391 1957 1588 1988 Brenckman
1606 1956 1817 1996 jurisconsul-

947 2006 1016 2037 tus,
1040 2000 1167 2040 egregia
1189 1999 1349 2036 doCffina,
1374 2007 1407 2030 ut
1424 1998 1535 2038 spero,
1559 1999 1707 2031 allaturus
1723 2000 1815 2033 brevi

945 2049 1092 2081 magnum
1118 2040 1175 2071 arti
1200 2039 1312 2072 nostrae
1336 2042 1590 2078 incrementum)
1612 2042 1747 2081 cogitari
1774 2042 1816 2074 de

944 2082 1141 2113 eui-ematico
1166 2080 1228 2112 sive
1258 2089 1514 2121 temperamento
1552 2091 1617 2122 quo
1648 2083 1817 2122 adjuvetur

943 2123 1131 2154 fructuarius
1148 2122 1295 2154 adversus
1311 2124 1388 2161 juris
1408 2122 1624 2155 subtilitatem.
1642 2124 1673 2154 id
1693 2133 1815 2165 tempe-

944 2173 1121 2196 ramentum
1137 2166 1322 2195 continetur
1345 2164 1391 2195 his
1410 2164 1475 2204 ejus
1494 2164 1618 2197 verbis:
1643 2164 1817 2198 Commodis-

937 2204 1010 2243 sz'me
1034 2212 1148 2243 tamen,
1170 2214 1205 2235 ne
1222 2212 1274 2245 per
1290 2204 1410 2247 fingula
1425 2205 1565 2236 animalia
1572 2206 1733 2245 facultatis
1744 2208 1816 2245 fru-

944 2247 1053 2278 &uarii
1075 2252 1189 2287 propter
1210 2248 1404 2286 discretionem
1433 2244 1576 2286 difficilem
1596 2248 1647 2288 jus
1672 2249 1817 2280 incertum

937 2287 996 2326 fit,
1018 2287 1126 2328 sufficit
1143 2311 1152 2326 ‚
1176 2289 1295 2318 curulem
1319 2297 1469 2319 numeram
1488 2294 1541 2329 per
1560 2286 1680 2329 fingula
1703 2300 1816 2331 quoque

942 2339 1048 2369 genera
1057 2330 1213 2368 ferarum,
1231 2328 1318 2368 finito
1335 2328 1491 2369 usufruffli
1503 2353 1511 2367 ‚
1530 2330 1640 2360 dommo
1653 2333 1814 2371 proprieta-

945 2372 982 2401 tis
998 2369 1149 2412 adsignare
1163 2371 1287 2411 quisuit
1297 2372 1380 2409 coepti
1391 2369 1575 2409 ususfruehs
1586 2376 1714 2410 tempore.
1731 2371 1816 2414 Try-

944 2412 1104 2451 phoninus
1130 2410 1299 2452 fignificat,
1324 2411 1550 2449 fructuarium,
1574 2421 1614 2442 ne
1639 2412 1682 2443 ob
1703 2413 1815 2446 diffici-

944 2454 1005 2484 lem
1024 2452 1246 2484 discretionem
1258 2476 1267 2491 ,
1284 2460 1388 2483 utrum
1408 2452 1550 2483 animalia
1565 2453 1627 2492 jam
1645 2454 1675 2484 in
1687 2455 1815 2488 vivariis

942 2494 1062 2525 fuerint
1086 2502 1233 2533 tempore
1256 2494 1420 2524 constituti
1446 2493 1656 2533 ususfrustus3
1679 2504 1716 2527 an
1743 2497 1816 2537 post

944 2537 1071 2567 demum
1091 2536 1119 2565 in
1139 2544 1173 2566 ea
1190 2533 1312 2574 illapsa,
1330 2535 1414 2565 ibive
1432 2542 1502 2565 nata
1518 2534 1655 2574 fuerint,
1670 2536 1739 2576 jure
1757 2537 1814 2570 suo

944 2578 986 2607 uti
1012 2577 1219 2615 impediatur,
1244 2575 1331 2616 posse
1357 2575 1385 2607 &
1411 2576 1497 2615 haec,
1522 2576 1550 2607 ἃ
1574 2577 1625 2608 illa
1642 2579 1812 2613 occidere:

943 2619 1042 2650 modo
1058 2627 1114 2658 per
1129 2617 1245 2657 singula
1258 2626 1391 2657 quaeque
1405 2616 1541 2649 ferarum
1551 2627 1667 2659 genera
1678 2620 1812 2653 domino

943 2659 1149 2699 proprietatis
1168 2659 1313 2690 eumdem
1331 2658 1472 2699 adsignet
1494 2668 1658 2692 numerum
1678 2662 1729 2701 qui
1751 2662 1815 2695 fuit

944 2709 1091 2739 tempore
1110 2700 1220 2739 >coepti
1246 2699 1447 2731 ususfructus.
1499 2699 1598 2744 Quod
1616 2725 1625 2739 ,
1651 2711 1749 2743 puto,
1774 2713 1816 2736 ae·

943 2750 1038 2781 quum
1055 2741 1117 2773 est:
1136 2741 1186 2772 sed
1202 2750 1307 2781 neque
1322 2741 1433 2772 nostris
1451 2740 1496 2773 est
1511 2742 1814 2785 insolens,p1·0pter

943 2782 1105 2813 difficilem
1124 2781 1345 2814 discretionem
1357 2805 1365 2821 ‚
1386 2783 1549 2822 indulgere
1565 2786 1654 2824 quod
1670 2786 1812 2826 alioquin

944 2833 1006 2855 non
1025 2823 1101 2854 esse-t
1120 2823 1251 2854 licitum.
1294 2823 1368 2864 Sic,
1388 2824 1408 2855 fi
1425 2825 1455 2856 in
1472 2825 1574 2856 fundo
1593 2824 1651 2857 fint
1667 2827 1795 2859 vivaria.

983 2864 1089 2906 Quid,
1107 2863 1125 2894 li
1144 2863 1199 2895 sint
1216 2865 1353 2905 apiaria?
1377 2874 1447 2905 quae
1463 2865 1564 2898 Varro
1581 2871 1737 2903 μελιωιῑωις
1750 2890 1757 2901 ,
1778 2868 1809 2899 &

942 2907 1071 2936 mellaria
1085 2906 1238 2945 appellat:
1256 2913 1289 2937 ut
1307 2907 1345 2936 A.
1357 2905 1480 2939 Gellius
1497 2906 1596 2939 refert
1613 2908 1658 2938 lib.
1673 2918 1698 2938 2.
1717 2907 1808 2939 Νοὲἶ.

943 2948 1036 2978 Attic.
1060 2956 1080 2977 c.
1110 2956 1157 2978 20,
1198 2946 1300 2986 Puto,
1324 2957 1436 2980 eorum
1460 2957 1591 2989 quoque
1615 2948 1751 2979 fructum
1770 2949 1810 2981 ad

943 2988 1148 3019 fructuarium
1165 2987 1319 3028 speQare:
1339 2989 1434 3030 idque
1450 2991 1616 3030 indigitare
1636 2988 1808 3028 Ulpianum

941 3029 960 3060 l.
981 3039 1000 3065 9
1026 3029 1053 3070 §.
1079 3038 1103 3060 1.
1125 3029 1167 3060 D.
1186 3031 1218 3060 de
1241 3030 1399 3069 usufru&u
1417 3031 1619 3071 sequentibus
1637 3031 1760 3069 verbis;
1785 3031 1809 3064 fi

942 3071 1097 3102 servamus
1112 3070 1284 3103 lectionem
1302 3071 1531 3104 Florentinam.
1557 3070 1597 3101 Et
1608 3068 1637 3107 st
1653 3072 1764 3108 apesin
1778 3082 1809 3105 eo

934 3111 1032 3150 funda
1047 3111 1102 3146 lint
1113 3122 1229 3149 ,earum
1240 3123 1350 3154 quoque
1365 3112 1548 3153 ususfructus
1557 3111 1810 3150 adfruttuarium

936 3154 1070 3192 pertinet.
1095 3152 1146 3184 Sic
1163 3153 1281 3186 liabent
1298 3154 1463 3186 Pandectae
1480 3152 1672 3193 Florentini3
1699 3153 1807 3188 Gra-:ci

942 3203 1089 3236 quoque:
1106 3193 1158 3266 {ed
1175 3197 1205 3226 in
1217 3195 1282 3228 aliis
1299 3196 1385 3228 libris
1400 3204 1458 3235 pro
1468 3201 1532 3235 apes
1543 3192 1810 3269 constantesshscri-

1128 3245 1130 3250 ’
1154 3245 1171 3267 v
1195 3246 1211 3267 α
1730 3246 1811 3281 rtur,
