2052 3487
510 172 821 212 Pnonmntwit
871 172 1000 222 Junrs
1052 168 1230 211 Civitrs
1280 173 1369 212 Liri.
1413 172 1486 214 IV.

1832 182 1878 223 65

183 268 306 316 Legum
325 265 533 313 Mosaicarum
550 264 591 306 ἐξ
608 266 828 302 Romanarum.
881 274 913 310 7.
942 262 1059 300 Eadem
1082 274 1155 310 pars
1174 265 1332 319 pistorien
1348 264 1528 312 exponitur:
1547 262 1648 310 simul
1660 292 1669 311 ‚
1705 266 1775 314 quid
1791 269 1878 314 juris

178 318 224 365 fic
234 344 247 362 ‚
265 317 298 363 st
314 316 658 361 houzoi111pct3ci717i.ra
672 314 834 361 fortuita,
860 322 913 349 aut
925 323 981 361 per
999 312 1156 360 lasciviam
1175 313 1285 360 occisas
1303 316 1356 360 su.

114 441 142 467 1.
229 442 288 474 ege
310 431 459 464 Cornelia
488 440 580 473 quam
610 432 649 464 de
672 429 786 464 sicariis
813 430 883 463 tulit
910 429 971 462 Lu-

167 437 224 508 L
251 476 316 506 cius
343 474 512 506 Cornelius
544 475 627 516 Sylla
645 497 654 512 ,
686 482 813 504 cautum
839 472 900 503 fuit
932 474 970 503 de

111 524 206 555 poena
223 516 287 556 ejus
306 516 359 557 qui
379 515 541 546 hominem
560 514 735 553 occiderit,
759 521 811 545 aut
833 513 970 545 hominis

111 557 305 595 occidendi,
337 555 456 587 furtive
487 556 653 595 faciendi,
686 554 774 586 caiisa
806 564 877 586 cum
904 555 970 585 telo

110 599 330 630 ambulaverit.
374 597 418 628 Ea
443 607 535 637 poena
554 597 614 629 fuit
632 596 813 629 interdiCtiO
833 606 921 636 aquae
939 597 968 642 ὃς

110 639 189 679 ignis
214 647 286 670 cum
315 639 457 670 omnium
487 639 645 670 bonorum
671 639 888 678 ademptione.
932 636 969 668 Ei

108 677 269 711 substituta
294 679 363 720 post
387 681 569 720 deportatio
598 689 670 711 cum
692 681 835 711 omnium
865 679 968 710 bono-

109 729 179 752 rum
207 721 432 761 ademptione,
458 722 627 759 presertim
653 721 799 752 adversus
833 729 889 751 eos
916 721 968 760 qui

111 762 229 794 altioris
250 763 410 804 dignitatis
435 762 553 802 tilent3
578 764 630 802 qui
655 768 760 793 autem
780 761 810 808 in
831 761 969 807 secundo

108 803 206 843 gradu
235 803 459 841 consisterent,
486 804 544 836 hos
573 805 689 844 placuit
722 810 826 843 capite
843 811 966 848 puniri,

109 844 296 876 humiliores
328 855 405 876 vero
432 847 481 875 vei
508 846 613 876 bestiis
636 845 762 884 subjici,
785 844 836 874 vel
854 853 883 874 in
903 853 970 874 cru-

109 893 180 916 cem
198 887 267 918 tolli
283 887 302 917 l.
320 897 349 927 3.
373 886 400 927 ἓ,
414 894 480 926 pen.
507 886 543 920 ὅ)
560 888 579 918 l.
609 891 653 918 16.
672 885 712 917 D.
737 885 788 917 Aci
801 885 887 926 legem
903 884 971 915 Cor-

109 928 214 958 nelium
231 926 397 965 desit-ariis.
424 928 536 958 Paulus
551 928 598 958 lib.
620 939 648 968 5.
674 928 755 958 Seni.
775 928 819 957 tir.
844 935 891 966 23.
909 925 971 971 Sed

109 977 286 1009 utcumque
316 969 346 1000 se
376 979 411 999 ea
444 978 537 1009 poena
562 968 775 1013 liabuit3⁴suit
799 967 867 998 haec
894 967 970 1008 legis

108 1009 268 1041 Corneiiae
290 1011 390 1048 ratio,
407 1010 613 1041 homicidium
634 1010 798 1051 persequi,
816 1018 879 1039 non
896 1016 970 1047 qua-

109 1050 298 1091 lecumque,
322 1051 373 1082 sed
396 1061 411 1081 a
428 1051 545 1083 sciente
565 1052 642 1083 dolo
662 1052 746 1082 malo
767 1050 902 1081 factum:
920 1058 971 1080 ne-

109 1100 173 1132 que
195 1092 292 1133 igitur
318 1094 413 1124 alium
440 1102 498 1132 pro
522 1092 684 1124 homicida
717 1092 852 1129 habere,
877 1099 970 1130 quam

108 1133 277 1165 latronem.
309 1133 417 1164 Fuerit
444 1142 682 1175 argumentum,
714 1133 867 1178 quod-ea
901 1132 970 1169 lex,

111 1174 184 1215 quia
203 1174 328 1207 sicarios
348 1174 498 1211 coercet,
523 1175 672 1206 Cornelia
690 1174 729 1205 de
740 1173 851 1204 sicariis
862 1173 969 1213 appel-

108 1215 203 1247 latur.
225 1216 267 1247 illi
291 1223 395 1247 autem
419 1216 470 1254 qui
490 1215 575 1253 sunt,
600 1214 653 1246 nisi
672 1216 829 1253 latroneS,
854 1214 970 1245 liaben-

110 1264 158 1288 tes
174 1256 228 1287 sub
247 1256 331 1288 veste
354 1254 448 1292 ficem,
472 1256 534 1287 sive
561 1266 676 1297 parvos
705 1263 801 1297 atque
817 1258 969 1287 incurvos

109 1299 230 1338 gladios
257 1298 369 1336 quibus
394 1298 539 1328 homines
557 1307 620 1329 nori
645 1297 746 1329 modo
767 1299 797 1328 in
823 1297 966 1329 tenebris

108 1347 160 1369 aut
181 1337 366 1376 solitudine,
390 1343 401 1377 (
419 1347 494 1378 quas
507 1339 652 1375 ‚latrones
667 1340 808 1380 alioquin
829 1348 970 1379 quaerere

107 1379 335 1411 abscondendo
361 1379 490 1418 sceleri,
514 1388 627 1412 notant
651 1380 772 1412 Seneca
796 1380 842 1411 lih.
868 1390 898 1422 3.
924 1380 971 1411 De

108 1422 155 1452 ira
176 1431 200 1451 c.
227 1430 273 1457 19.
293 1422 321 1451 ἃ
338 1420 453 1452 Plinius
470 1421 581 1464 Paneg.
599 1432 624 1453 c.
647 1425 728 1463 34.)
750 1421 801 1453 sed
819 1422 914 1453 etiam
939 1422 970 1452 in

111 1463 222 1501 turba,
247 1462 276 1493 Sc
297 1470 386 1493 mero
406 1463 477 1503 die,
500 1470 675 1504 utcumque
691 1472 748 1503 per
768 1462 889 1495 infidias
908 1486 917 1501 ,
941 1463 971 1493 ὅ(

110 1511 175 1534 non
196 1504 363 1543 opinantes
381 1504 554 1536 occidunt:
579 1513 612 1536 ut
632 1507 756 1545 optime
773 1504 912 1536 ostendit
931 1504 970 1536 V.

109 1543 170 1576 CL.
195 1544 349 1577 Barnabas
375 1544 559 1584 issriffonius,
583 1546 630 1578 lib.
650 1554 677 1578 2.
705 1545 803 1577 Selebi.
829 1548 920 1587 antiq.
945 1555 969 1577 e.

109 1595 156 1618 xi.
180 1586 281 1626 Porro
311 1585 365 1618 etsi
393 1596 457 1618 non
486 1595 621 1628 negem,
646 1588 729 1619 ide-m
756 1587 889 1619 verbum
915 1596 971 1627 per

107 1627 290 1659 abusionem
309 1629 403 1659 etiam
421 1629 552 1660 extendi
574 1630 613 1661 ad
637 1639 748 1661 omnes
767 1629 820 1670 qui
848 1629 970 1661 caedem

107 1678 313 1710 quocumque
338 1670 393 1700 teli
418 1679 535 1710 genere
568 1670 807 1709 commiserint,
839 1670 970 1701 auctore

107 1708 311 1752 Quintiliano
339 1711 385 1740 lib.
415 1720 460 1742 10.
487 1709 562 1752 Iasi.
587 1718 659 1744 orat.
684 1723 708 1744 c.
737 1722 763 1744 1.
782 1721 847 1744 non
864 1719 968 1743 tamen

108 1759 147 1782 au
179 1752 258 1783 alios
289 1752 529 1792 interpretando
561 1753 752 1795 porrigitur,
789 1763 881 1794 quam
915 1753 969 1794 qui

107 1794 230 1824 caedem
246 1802 286 1824 ex
302 1793 467 1834 proposito
484 1793 514 1825 &
537 1795 702 1826 voluntate
720 1794 906 1827 commisisse
925 1796 969 1826 di-

108 1842 233 1865 cuntur.
276 1833 380 1874 Eique
398 1835 441 1866 rei
470 1835 521 1866 vel
545 1836 622 1868 illud
644 1837 764 1867 indicio
791 1836 856 1875 est,
880 1835 967 1876 quod

108 1874 224 1906 Paulus
254 1875 273 1907 Ι.
299 1885 327 1916 7.
361 1874 402 1906 D.
427 1876 477 1906 Aa
506 1875 592 1918 legem
620 1878 780 1908 Corneliam
802 1879 835 1908 de
858 1875 969 1913 sicariis

109 1916 235 1956 scribit,
258 1916 296 1948 In
317 1916 375 1958 lege
400 1916 532 1948 Cornelia
562 1919 657 1950 dolum
677 1925 729 1958 pro
746 1917 830 1958 fabio
860 1919 950 1958 accipi
958 1928 968 1953 ς

108 1967 160 1988 uec
181 1959 212 1989 iiz
228 1959 281 1989 hac
296 1958 354 1999 lege
372 1958 484 1998 culpam
502 1959 592 1990 latam
605 1966 658 2000 pro
679 1960 739 1990 dolo
759 1960 866 1991 haberi.
890 1958 967 1989 Hoc

109 1999 194 2030 enim
218 2000 293 2039 quid
308 1999 478 2038 significat,
503 2008 712 2041 praeterquam
728 2001 799 2042 lege
817 2000 968 2032 Cornelia

108 2041 235 2080 quidem
267 2040 430 2071 consilium
456 2050 492 2071 ac
517 2042 733 2080 voluntatem,
764 2050 829 2073 non
860 2048 968 2072 autem

105 2081 373 2121 imprudentiam,
397 2081 448 2112 seu
467 2083 610 2123 culpam,
638 2093 677 2114 ne
699 2084 791 2115 iatam
816 2083 966 2123 quidem,

107 2123 277 2154 coerceri?
300 2124 405 2182 Atque
422 2125 454 2154 id
471 2134 535 2155 non
555 2125 653 2156 modo
672 2124 805 2163 Paulus,
827 2123 879 2156 sed
899 2124 967 2164 ple-

107 2164 199 2204 rique
214 2166 309 2196 etiam
334 2164 349 2194 X
365 2173 466 2196 eteres
492 2165 660 2198 testantur:
685 2175 757 2197 cum
781 2166 886 2206 ajunt,
911 2165 968 2196 ho-

108 2206 270 2237 1nicidiuin
280 2208 367 2246 quod
386 2206 496 2246 sponte
517 2207 546 2238 δε
564 2207 640 2238 dolo
658 2208 761 2245 malo,
786 2209 874 2247 quod
890 2216 967 2238 con·

107 2246 190 2278 sulco
214 2248 242 2278 ἃ
269 2248 454 2286 voluntate,
489 2247 607 2280 factum
640 2249 705 2287 est,
736 2249 864 2280 demum
896 2249 966 2289 lege

108 2287 259 2318 Cornelia
286 2289 325 2320 de
347 2289 458 2320 sicariis
487 2290 637 2321 vindicari
662 2290 681 2321 l.
704 2294 749 2321 16.
775 2289 816 2321 D.
843 2289 879 2324 ὃ
896 2289 914 2320 l.
940 2298 965 2320 1.

109 2328 144 2359 C.
164 2330 221 2359 eod.
248 2332 290 2359 tir.
312 2329 347 2363 δέ’
365 2336 413 2360 tot.
439 2330 495 2361 Tit.
518 2340 543 2361 1.
569 2332 737 2362 Collaiionis
763 2331 874 2373 Legum
900 2330 966 2362 Mo-

97 2370 251 2408 ,laicarum
278 2369 313 2404 ὃ)
339 2370 546 2402 Romanarum.
572 2374 681 2411 Adeo,
705 2373 791 2413 quod
815 2374 853 2403 ad
885 2372 967 2403 hanc

108 2411 211 2451 legem
229 2412 359 2449 attinet,
377 2412 583 2445 homicidium
602 2414 769 2445 latrocinio
786 2413 912 2452 finitur;
936 2413 966 2444 dc

109 2462 178 2493 quie
199 2462 289 2491 poena
315 2453 499 2491 homicidii,
523 2464 559 2485 ea
577 2455 733 2486 latrocinii
754 2456 899 2494 videtui-3
922 2463 968 2484 at-

110 2503 171 2534 que
188 2503 220 2524 ur
239 2495 407 2525 homicidae
421 2519 429 2533 ,
449 2496 657 2534 italatrones‚
674 2497 967 2536 autdeportantur,

107 2543 160 2565 aut
184 2536 288 2574 capite
313 2539 502 2575 puniuntur,
532 2545 586 2569 aut
617 2537 722 2569 bestiis
753 2538 965 2578 objiciuntur,

110 2584 163 2606 aut
186 2585 217 2607 in
242 2586 370 2607 crucem
396 2578 559 2610 tolluntur.
584 2578 635 2610 Ne
659 2589 706 2612 res
724 2580 916 2619 probatione
936 2587 967 2608 e-

108 2624 200 2656 geat,
224 2617 334 2657 testem
361 2627 462 2655 pcenae
487 2621 720 2660 deportationis
748 2621 853 2651 liabeo
882 2619 967 2650 Mai·-

111 2657 233 2689 cianum
257 2664 276 2689 ι.
300 2670 328 2700 5.
348 2659 390 2690 D.
416 2663 448 2690 (ie
477 2661 536 2703 lege
567 2662 701 2703 Pompeja
726 2663 758 2692 de
783 2662 968 2702 parricidiis:

112 2699 165 2737 qui
184 2698 299 2738 refert,
323 2700 365 2732 D.
389 2701 582 2734 Hadrianum
606 2704 636 2734 in
655 2702 784 2734 insulam
808 2703 968 2742 deportas-

111 2737 154 2782 sp.
169 2742 333 2778 quemdam
352 2765 361 2779 ,
399 2744 487 2782 quod
525 2747 555 2774 in
589 2745 761 2776 venatione
798 2751 968 2774 necaverat

112 2778 209 2822 tilium
231 2784 280 2820 qui
298 2792 468 2815 novercam
501 2785 716 2816 adulterabat:
741 2785 770 2816 &
789 2786 876 2816 addit
895 2793 966 2815 cau-

111 2820 175 2864 lam
193 2829 312 2860 poenae,
335 2826 419 2863 quod
443 2827 540 2866 magis
560 2827 709 2865 lati-onis,
733 2835 827 2866 quam
852 2827 968 2866 patris,

109 2868 179 2899 jure
207 2870 277 2892 eum
301 2865 521 2899 interfecerat:
545 2867 575 2898 id
598 2867 661 2906 est,
686 2869 774 2908 quod
798 2877 869 2898 eum
902 2875 967 2897 non

112 2909 272 2940 tamquam
290 2912 375 2943 pater
389 2908 630 2948 occideratjure
654 2917 761 2949 patriae
784 2907 967 2949 potestatis3

111 2940 164 2973 sed
191 2951 347 2981 tamquam
379 2946 458 2977 latro
476 2971 485 2986 ‚
519 2959 662 2990 quaerens
691 2951 967 2990 opportunitatem

107 2986 289 3015 venationis
308 2985 337 3016 &
356 2985 538 3021 solitudinis.
562 2990 670 3022 Habes
686 2992 943 3031 deportationem
957 3014 966 3029 ,

109 3034 239 3056 crucem
258 3027 287 3056 ὥς
305 3025 416 3057 bestias
434 3031 556 3068 quaeris.
576 3030 627 3062 De
646 3033 695 3063 illa
717 3033 854 3069 Seneca,
874 3030 964 3072 Epist.

106 3073 136 3106 7.
159 3068 197 3097 ad
224 3067 387 3105 Lucilium,
422 3071 525 3102 verbis
552 3070 764 3112 sequentibus.
796 3073 959 3104 Latrocini-

106 3117 157 3137 um
176 3108 250 3146 fecit
266 3108 379 3150 aliquis.
406 3109 488 3152 Qstl'll
504 3112 592 3152 ergo?
614 3117 734 3151 meruit,
759 3115 958 3154 zasiupenda.

107 3154 167 3179 zur.
193 3149 308 3180 Occidit
332 3151 491 3182 homiuem.-
511 3154 562 3193 qui
577 3155 694 3193 occidit,
718 3155 764 3186 ille
781 3157 903 3193 meruit,
926 3161 960 3187 ut

106 3188 156 3220 boc
166 3195 323 3228 pateretur.
348 3191 515 3224 Petronius
533 3203 662 3235 quoque
680 3197 708 3227 in
721 3197 859 3237 Siitjyrico.
885 3196 960 3228 Ver-

107 3229 144 3260 ba
165 3231 314 3263 Petronii.
339 3233 412 3263 Cum
434 3235 550 3266 inierim
574 3236 729 3276 Imperator
750 3239 904 3278 provinciae
920 3238 960 3270 la-

105 3277 198 3343 mffs
214 3272 296 3346 justit
320 3275 452 3310 crucibus
469 3274 560 3319 affigi.
584 3276 760 3321 Utriusque
777 3288 882 3322 poenae
895 3303 906 3322 ,
931 3281 963 3314 id

170 3323 221 3347 om.
265 3338 272 3347 .

1014 426 1078 468 est,
1103 428 1131 461 ὃ(
1149 431 1250 463 crucis
1269 431 1299 462 &
1316 429 1501 472 bestiarum,
1519 430 1663 464 meminit
1681 429 1876 466 Callisti-atus

1012 471 1031 502 l.
1059 476 1105 506 28.
1134 472 1163 513 ὃ.
1200 482 1245 512 15.
1276 473 1314 502 I).
1339 474 1371 504 de
1392 476 1499 511 pieriis:
1526 473 1669 514 Ii'auzosbs,
1707 476 1874 515 inquiens,

1012 513 1135 543 latrones
1154 516 1184 543 iii
1202 514 1245 543 his
1262 514 1346 550 locis,
1371 515 1420 544 uhi
1434 512 1556 555 groffiiti
1573 520 1661 552 lunt,
1678 517 1771 556 furca
1782 516 1878 557 figen-

1012 555 1061 584 dos
1086 555 1274 595 compluribus
1297 554 1427 595 placuit:
1451 556 1585 586 nonnulli
1610 558 1695 588 eiiam
1724 559 1761 588 ad
1777 558 1878 596 hessius*

1012 596 1059 626 hos
1071 597 1294 626 damnaverunt.
1313 595 1430 626 Bestias
1443 597 1471 627 <St
1488 595 1611 628 furcam
1625 599 1729 637 vides3
1745 607 1877 630 crucem

1012 645 1076 667 non
1098 638 1204 668 vides:
1228 636 1280 668 sed
1307 637 1377 676 quia
1403 636 1642 677 Tribonianus‚
1668 641 1754 679 quod
1774 639 1880 671 obser-

1012 678 1098 708 vavit
1123 677 1163 707 V.
1187 677 1252 709 CL.
1271 677 1408 718 jacobus
1430 678 1574 719 Cujacius
1592 704 1598 712 .
1623 689 1681 720 pro
1698 689 1792 712 cruce
1812 680 1877 712 furn

1013 728 1081 749 cam
1108 717 1280 750 substituit:
1306 718 1422 750 sublata
1441 719 1502 759 jzirn
1535 729 1550 751 a
1570 720 1781 752 Constantino
1806 731 1877 753 cru-

1014 760 1059 791 cis
1078 769 1182 799 poena.
1226 759 1293 791 Nisi
1310 760 1400 791 s'urcu
1422 760 1475 801 figi
1495 762 1579 801 apud
1601 762 1811 794 Callistratum
1832 764 1878 794 di-

1014 808 1096 831 citur
1113 810 1171 841 pro
1191 802 1275 832 cruci
1297 801 1367 841 figi:
1393 810 1427 832 ut
1445 803 1589 842 patibulo
1609 803 1693 846 affigi
1717 813 1774 845 pro
1788 804 1880 835 cruci

1014 842 1116 882 affigi,
1142 843 1225 882 apud
1251 841 1450 874 Trebellium
1478 844 1656 876 Pollionem
1685 847 1714 876 in
1741 845 1879 886 Triginta

1014 884 1167 923 tyrannis,
1202 885 1266 914 vita
1301 882 1371 921 coifi
1393 885 1423 915 in
1442 885 1472 924 f.
1494 894 1524 925 p.
1549 895 1619 926 327.
1643 887 1731 918 Novo
1761 887 1880 926 injuriae

1010 933 1115 965 genere
1144 925 1236 965 imago
1259 924 1395 964 (Celsi)
1419 927 1449 955 in
1475 936 1587 957 crucem
1610 928 1749 968 sublata,
1769 928 1880 968 persul-

1014 971 1094 996 tante
1110 965 1197 1006 vulgo
1208 989 1215 1003 ,
1227 964 1307 1007 quast
1320 966 1446 1005 patibulo
1463 968 1519 1007 ipse
1538 968 1631 1007 Celsus
1649 972 1796 1000 ‘videretur
1813 967 1878 1009 affi-

1014 1015 1081 1037 xus.
1126 1006 1275 1037 Similiter
1293 1006 1427 1046 Justinus
1446 1009 1485 1038 de
1501 1009 1737 1051 Bomilcarclib.
1759 1021 1807 1042 22.
1830 1011 1878 1042 Ob

1013 1056 1101 1088 quam
1118 1057 1225 1078 noxum
1248 1049 1280 1078 iit
1299 1050 1387 1079 medio
1407 1050 1476 1088 foro
1493 1060 1510 1080 a
1536 1050 1633 1081 Poenis
1646 1053 1775 1092 patibulo
1791 1051 1878 1092 suffi-

1014 1099 1069 1119 :tur
1088 1087 1135 1128 est.
1162 1089 1216 1119 Seii
1234 1089 1376 1119 Bomilcar
1394 1099 1496 1130 magno
1513 1093 1607 1122 animo
1626 1094 1822 1124 crudelitatem
1837 1095 1879 1124 ci·

1013 1131 1095 1160 vium
1122 1130 1207 1161 iulz't:
1229 1131 1296 1160 adeo
1324 1137 1355 1160 ut
1373 1132 1405 1161 cie
1418 1137 1535 1171 summa
1558 1143 1658 1172 cruce,
1680 1135 1762 1165 velut
1778 1136 1811 1165 de
1826 1136 1879 1166 tri-

1013 1171 1133 1209 bunali,
1154 1173 1185 1202 in
1205 1170 1360 1202 Pomorum
1378 1174 1480 1208 scelera
1489 1175 1713 1206 concionaretur.
1739 1175 1807 1207 Imo
1821 1175 1881 1207 1)Ιί-

1013 1214 1083 1243 nius
1114 1212 1161 1244 lili.
1180 1221 1229 1248 29.
1254 1212 1331 1244 Nat.
1354 1211 1417 1253 hist.
1438 1223 1461 1244 c.
1482 1224 1511 1253 4.
1538 1214 1637 1254 dixit,
1662 1218 1692 1247 in
1709 1218 1802 1256 furca
1819 1217 1879 1258 figi

1013 1262 1071 1294 pro
1087 1253 1243 1294 crucifigi.
1269 1253 1374 1285 Verba
1394 1254 1495 1285 Plinii.
1522 1255 1672 1296 Supplicia
1681 1267 1781 1290 oimaa
1791 1268 1878 1289 canes

1007 1296 1141 1335 pendunt
1158 1296 1337 1326 unanimem
1358 1294 1534 1335 Juveuiuiis
1557 1297 1594 1331 ὃ)
1617 1298 1786 1338 Summani,
1809 1299 1882 1330 vivi

1013 1337 1043 1367 in
1063 1336 1158 1376 furca
1178 1337 1333 1376 sarnhucea
1360 1338 1458 1368 arbore
1477 1336 1548 1376 fixi.
1576 1338 1612 1369 Id
1639 1338 1705 1379 est,
1729 1341 1875 1379 patibulo

1014 1387 1054 1408 ex
1079 1377 1244 1409 sambucea
1274 1378 1405 1410 arbore:
1431 1385 1465 1409 ut
1492 1378 1653 1412 Salmasius
1678 1382 1811 1422 exponit
1829 1380 1879 1412 De

1014 1428 1097 1450 cruce
1110 1427 1140 1460 p.
1158 1429 1229 1460 415.
1255 1420 1349 1460 Apud
1369 1418 1501 1452 Festum.
1522 1420 1599 1452 Sunt
1609 1423 1753 1463 sarcilia,
1771 1423 1879 1464 quihus

1015 1461 1139 1492 homiues
1148 1461 1368 1501 suspendebam.

1054 1512 1082 1533 2.
1113 1501 1261 1543 inquies,
1293 1511 1373 1543 quo>
1393 1502 1461 1534 haec
1489 1505 1629 1544 pertinet
1663 1506 1879 1547 praeparatio?

1014 1552 1152 1585 nempe,
1175 1552 1210 1574 ut
1227 1543 1412 1583 ostendam,
1437 1545 1645 1578 homicidium
1665 1548 1695 1579 in
1714 1549 1783 1589 lege
1800 1548 1880 1580 Cora

1014 1586 1097 1617 nelia
1114 1583 1286 1626 significare
1302 1586 1335 1617 id
1353 1586 1440 1626 quod
1459 1586 1605 1618 consulto
1629 1589 1656 1620 ὅ(
1679 1589 1879 1628 deliberato,

1013 1626 1067 1658 seu
1084 1627 1206 1668 integra
1230 1627 1416 1667 voluntate,
1434 1627 1552 1660 sactum
1570 1628 1631 1660 est:
1656 1639 1719 1661 non
1740 1632 1826 1670 quod
1846 1633 1879 1663 in

1014 1669 1080 1700 rixa
1098 1667 1232 1699 fortuita
1249 1676 1346 1708 atque
1364 1668 1534 1709 improvisa
1553 1672 1692 1711 contigit
1707 1670 1880 1705 subitoim-

1013 1709 1118 1750 petu?
1142 1710 1206 1740 hoc
1222 1709 1285 1749 est,
1311 1719 1371 1749 qua
1389 1711 1618 1750 imprudentia,
1642 1713 1705 1744 sine
1722 1713 1877 1753 consilio,

1012 1751 1077 1783 sine
1100 1751 1267 1783 voluntate
1281 1774 1290 1790 ,
1314 1751 1423 1783 saltem
1440 1752 1580 1792 integra:
1603 1754 1700 1794 idque
1718 1754 1879 1796 indigitari

1011 1791 1179 1832 Rescripto
1196 1792 1398 1833 Imperatoris
1415 1792 1566 1825 Hadriani
1586 1795 1671 1835 cujus
1687 1795 1783 1827 verba
1793 1797 1882 1837 apud·

1011 1833 1212 1865 Marcianum
1231 1833 1248 1864 l.
1272 1843 1296 1864 1.
1320 1834 1348 1875 ὃ.
1370 1843 1400 1874 3.
1423 1832 1465 1865 D.
1494 1834 1544 1866 Aa
1560 1836 1647 1878 legem
1665 1837 1825 1870 Corneliam
1841 1840 1876 1869 cie

1005 1874 1120 1913 ficariis
1143 1874 1179 1909 ἑὸ)
1193 1874 1328 1913 veneficis
1346 1875 1412 1906 haec
1437 1874 1516 1907 sunt.

1051 1914 1153 1947 Divus
1177 1916 1353 1947 Hadrianus
1370 1916 1527 1957 rescripftt,
1550 1927 1634 1958 eum,
1657 1920 1709 1961 qui
1731 1919 1874 1953 hominem

1071 1958 1192 1996 occidit,
1212 1955 1237 1995 fi
1269 1967 1325 1988 non
1354 1960 1497 1989 occidendi
1529 1960 1623 1990 animo
1659 1965 1709 1991 hoc
1738 1960 1874 1999 admisti,

1073 1999 1181 2037 absolvi
1202 1998 1293 2039 poffe:
1317 1998 1354 2033 ὅ)
1377 2001 1427 2041 qui
1450 2000 1587 2032 hominem
1605 2011 1662 2032 non
1685 2003 1806 2041 occidit,
1823 2002 1876 2042 sed

1071 2039 1262 2079 vulneravit,
1286 2047 1318 2071 ut
1341 2042 1469 2079 occidat,
1489 2048 1540 2081 pro
1569 2042 1709 2074 homicida
1732 2045 1876 2076 damnan-

1076 2081 1162 2113 dum:
1187 2081 1223 2115 &2⁹
1240 2091 1276 2113 ex
1292 2092 1322 2112 re
1349 2080 1578 2123 constituendum
1602 2084 1660 2115 hoc.
1685 2085 1793 2123 namsi
1806 2085 1874 2128 gla-

1071 2120 1337 2164 diumstriiixerii,
1362 2123 1398 2157 &³
1422 2125 1452 2155 in
1468 2134 1495 2155 eo
1506 2125 1691 2165 percusserit:
1710 2127 1875 2158 indubitate

1072 2165 1216 2194 occidendi
1240 2166 1334 2195 animo
1357 2165 1388 2195 id
1405 2175 1469 2196 eum
1492 2165 1637 2208 admififfe.
1680 2167 1736 2199 Sed
1745 2166 1774 2207 Ji
1795 2168 1875 2200 clavi

1021 2236 1024 2239 ,
1064 2203 1200 2245 percuffit
1214 2213 1298 2243 ,aar
1315 2216 1453 2238 cuccuma
1474 2207 1505 2237 in
1532 2209 1619 2238 rixa:
1641 2212 1774 2250 quamvis
1789 2211 1874 2249 ferro

1064 2246 1253 2287 perczcfferit,
1276 2255 1370 2278 tamen
1387 2258 1444 2278 uon
1469 2250 1614 2280 occidendi
1631 2251 1742 2286 aniano,
1766 2250 1875 2282 lenien-

1073 2288 1140 2318 dam
1151 2295 1266 2329 poenam
1280 2290 1359 2330 ejus,
1375 2291 1426 2330 qui
1442 2291 1472 2320 in
1485 2292 1552 2321 rixa
1562 2291 1649 2332 causa
1659 2292 1768 2333 magiS,
1785 2302 1873 2333 quam

1068 2329 1219 2360 voluntate
1237 2331 1419 2361 homicidium
1435 2331 1557 2368 adnnfit.

1050 2379 1079 2410 3.
1098 2370 1142 2401 lta
1160 2369 1332 2407 Florentiae
1351 2372 1473 2411 iegitur.
1492 2373 1575 2413 apud
1592 2373 1772 2406 Accursiurn
1790 2384 1870 2406 vero

1010 2411 1113 2442 editur
1129 2412 1223 2443 clava.
1256 2412 1318 2444 Sed
1342 2413 1446 2453 placet
1461 2413 1565 2445 clavi:
1589 2415 1659 2455 quia
1677 2415 1705 2446 δι
1728 2415 1872 2447 Scholia·

1010 2452 1070 2484 stes
1090 2451 1223 2484 Graecus
1240 2453 1305 2484 hoc
1327 2454 1459 2484 verbum
1480 2453 1581 2486 servat
1605 2455 1717 2494 Basilic.
1745 2457 1793 2488 lili.
1817 2462 1869 2490 oo.

1011 2495 1055 2524 iit.
1081 2504 1128 2535 39.
1155 2494 1287 2526 Schoiio
1304 2495 1341 2526 acl
1362 2494 1447 2526 hunc
1465 2496 1581 2527 locum.
1610 2497 1710 2529 Etiam
1736 2500 1870 2539 propior

1012 2544 1048 2565 ea
1069 2535 1163 2566 iettio
1181 2537 1220 2566 ab
1239 2536 1308 2571 illa,
1325 2534 1369 2573 sic
1387 2536 1479 2576 lapide
1492 2537 1626 2578 percuffli
1644 2548 1696 2569 ant
1712 2549 1869 2576 cuccuma,

1012 2585 1082 2614 quae
1103 2577 1134 2607 in
1155 2577 1270 2608 eodem
1292 2577 1459 2617 Rescripto
1477 2579 1521 2610 est
1540 2580 1620 2619 apud
1640 2579 1869 2620 Ulpianumsub

1014 2617 1071 2648 Tit.
1097 2627 1121 2648 1.
1143 2618 1308 2649 Collaiionis
1326 2619 1438 2659 Legum
1455 2619 1653 2660 Bffosaicarum
1672 2622 1708 2656 &⁹
1722 2623 1871 2654 Romana-

1011 2668 1085 2689 rum,
1110 2657 1190 2690 illud
1221 2669 1285 2691 non
1311 2660 1490 2700 improbem
1514 2663 1602 2702 quod
1620 2663 1786 2695 Accursius
1810 2673 1869 2704 pro

1011 2702 1061 2741 qui
1082 2701 1112 2730 in
1141 2701 1209 2731 rixa
1229 2702 1316 2741 causa
1339 2703 1450 2743 magis,
1473 2712 1559 2743 quam
1583 2705 1733 2736 voluntate
1756 2706 1870 2736 homici-

1010 2743 1091 2772 dium
1112 2740 1245 2781 admzfit,
1268 2752 1336 2783 quae
1356 2744 1401 2774 est
1418 2742 1570 2784 scriptura
1590 2744 1764 2777 Florentini
1781 2746 1870 2776 codi-

1010 2784 1074 2820 cis,
1099 2782 1224 2822 scribit,
1247 2785 1298 2825 qui
1313 2786 1343 2815 in
1359 2786 1427 2815 rixa
1442 2795 1509 2818 casu
1528 2788 1637 2828 inagis,
1662 2797 1749 2828 quam
1768 2787 1868 2817 volim-

1011 2829 1069 2854 tate
1094 2824 1275 2856 homicidium
1300 2825 1424 2864 admisti.
1450 2836 1522 2858 nam
1549 2828 1630 2859 lianc
1662 2829 1775 2868 probat
1801 2837 1867 2859 non

1011 2865 1110 2896 modo
1135 2864 1269 2897 Graecus
1295 2867 1505 2906 Sdroliastes,
1529 2868 1580 2900 s'ed
1600 2871 1696 2901 etiam
1716 2869 1866 2906 Ulpianus

1010 2908 1037 2937 d.
1064 2905 1121 2937 Tit.
1142 2916 1166 2938 1.
1191 2917 1262 2939 cum
1288 2907 1377 2948 infit,
1408 2907 1629 2948 Distiniuonem
1653 2915 1733 2951 casus
1757 2909 1793 2943 &³
1816 2919 1867 2940 vo-

1010 2948 1132 2979 luntatis
1161 2951 1194 2980 in
1217 2951 1365 2981 homicidio
1386 2951 1522 2991 servari,
1550 2954 1681 2991 rescripto
1713 2950 1866 2982 Hadriani

1010 2989 1207 3029 confirmatur.
1230 2991 1321 3033 Qui?
1344 2993 1431 3032 quod
1450 2992 1514 3032 ipse
1541 2993 1716 3024 Hadrianus
1738 2992 1810 3022 alibi
1835 2994 1865 3033 d,

1012 3030 1070 3061 'lit
1093 3040 1117 3062 ι.
1141 3030 1282 3064 similiter
1310 3034 1372 3071 ait,
1396 3033 1515 3073 Referre
1539 3033 1575 3067 ὅ*
1597 3035 1626 3063 iu
1647 3033 1801 3073 majoribus
1816 3035 1863 3064 de-

1008 3071 1082 3103 uuis
1098 3074 1221 3111 consulto
1238 3076 1350 3116 aliquid
1364 3077 1555 3112 admittatur,
1579 3084 1617 3104 aiz
1639 3077 1715 3113 casu.
1744 3074 1865 3107 Verum

1002 3115 1040 3145 ad
1061 3123 1139 3145 rem.

1041 3165 1071 3195 4.
1106 3157 1159 3187 Ait
1190 3155 1392 3195 Marcianus,
1428 3156 1624 3187 Hadrianum
1657 3154 1861 3197 rescripsisse,

1002 3197 1210 3228 homicidium
1237 3198 1306 3238 lege
1333 3198 1480 3230 Cornelia
1507 3205 1628 3228 tanturn
1653 3198 1761 3229 animo
1786 3208 1860 3229 cen-

1006 3238 1083 3278 seri,
1108 3248 1171 3270 non
1189 3239 1282 3270 etiam
1307 3240 1411 3269 exitu:
1436 3238 1574 3269 animum
1593 3248 1670 3270 vero
1694 3248 1734 3270 ex
1752 3248 1805 3277 re,
1828 3240 1862 3272 id

1006 3280 1070 3322 est,
1094 3290 1135 3314 ex
1152 3279 1242 3354 causI‘a
1258 3282 1339 3315 i.28.
1361 3279 1389 3321 §.
1419 3288 1442 3312 i.
1462 3279 1503 3313 D.
1528 3280 1670 3322 adlegem
1686 3281 1860 3322 Aquiliam,

1823 3330 1863 3356 CX
