2036 3495
475 117 543 153 AD
567 114 657 154 [ΑΒ.
684 115 732 154 V.
769 115 869 154 TIT.
899 118 958 155 111.
995 119 1046 156 De
1062 121 1240 157 hereditatis
1252 120 1407 169 petitione.

35 211 76 243 311»
93 210 126 243 se
138 219 202 244 non
222 210 382 253 pertinere
399 208 630 246 hereditatem,
653 205 909 254 invaseruntnbo-

35 261 93 287 na:
118 252 256 291 scilicet,
282 262 355 284 curn
383 251 501 283 nullam
522 248 644 282 causam
662 249 840 299 poffidendi
859 249 909 281 ha-

34 292 160 328 berent.
199 294 270 327 Nec
288 293 388 326 mitius
405 290 526 323 curiose
543 289 711 328 observat,
734 291 907 338 Senatum,

35 343 192 376 quatenus
209 337 247 367 ad
266 335 362 367 verba
378 334 511 371 attinet,
535 332 575 363 de
591 341 632 363 eo
650 332 739 377 loqui
757 341 808 372 qui
826 334 864 364 ab
882 342 905 364 i-

34 377 116 408 nitio
135 386 241 410 mente
259 376 419 418 praedonis
436 384 485 406 res
505 373 710 404 hereditarias
724 374 903 420 apprehen-

33 419 201 460 din-quod
226 417 247 450 fi
270 419 309 448 ab
326 417 417 448 initio
435 415 563 456 quidem
582 414 830 461 causam-Justam
849 416 904 461 ha-

32 460 121 500 buit,
144 460 252 501 postea
274 468 351 490 vero
375 457 520 488 conscius
545 456 582 487 ad
602 455 632 486 se
650 455 727 487 1111111
746 457 904 489 heredita-

34 507 99 533 tem
121 502 301 542 pertinere,
318 499 483 540 praedonio
499 506 589 528 more
604 497 718 529 versari
735 499 835 538 coepit
848 522 856 536 ,
868 500 909 529 de

32 535 74 575 eo
100 542 177 574 nihil
194 542 342 574 Senatum
369 539 469 580 loqui.
492 537 523 569 se
541 546 646 570 tamen
664 547 794 585 putare,
819 549 907 571 men·

32 583 98 615 tem
114 583 245 615 Senatus
263 582 292 613 &
309 583 347 613 ad
366 590 436 613 cuin
456 581 635 620 pertinere:
651 589 775 621 optime
795 580 906 621 praesa-

31 626 103 663 tus,
119 625 206 666 parvi
223 623 360 663 referre,
385 623 424 653 ab
442 622 535 653 initio
554 622 622 661 quis
640 621 751 653 dolose
768 623 797 653 in
817 622 907 667 here-

30 664 131 698 ditate
147 665 282 696 versatus
298 663 351 703 fit,
376 673 412 695 311
432 663 541 705 postea
558 663 623 694 1106
644 663 751 694 facere
770 671 906 704 coeperit

29 708 58 739 d.
77 707 102 740 l.
115 717 161 748 25.
179 706 206 748 §.
226 717 252 743 5.
275 705 433 737 Potuit&
451 706 491 736 de
506 714 546 735 eo
565 705 680 744 quaeri,
705 714 799 744 quein
821 707 907 735 dicat

27 747 177 786 Senatus,
193 748 272 778 Scire
285 748 368 787 adse
384 756 441 778 non
453 747 614 786 periinere.-
630 755 733 777 utrum
752 756 823 777 eum
842 754 907 777 tati-

29 790 197 821 tummodo
216 789 267 828 qui
294 788 412 820 fae'tum
432 787 506 826 scit,
531 797 568 818 an
588 788 617 819 ὅ(
633 797 706 819 60111
722 790 772 827 qui
793 789 822 819 in
837 788 906 827 jure

29 829 162 862 erravit:
187 830 355 861 arbitratus
372 853 381 869 ,
407 829 493 861 reete
519 828 638 861 factum
664 829 903 866 testamentum,

28 880 99 903 cum
118 872 229 903 inutile
247 881 333 910 erat,
359 872 410 902 vel
430 880 501 901 cum
521 879 592 902 eum
611 871 688 902 alius
707 872 904 911 praecederet

28 920 177 954 agnatus,
203 913 257 944 sibi
278 914 383 953 potius
398 912 527 944 deferri.
574 911 636 944 Sed
655 921 719 943 uon
738 920 826 951 putat
847 910 904 942 Ul—

30 963 157 994 pianus,
169 954 253 986 hunc
264 955 325 986 esse
336 955 518 994 praedoncm
532 953 587 994 qui
596 953 672 985 dolo
683 961 769 985 caret
778 975 787 992 ,
798 961 903 993 quam-

27 996 75 1027 vis
92 996 205 1037 injure
222 1005 307 1028 erret
322 996 384 1027 (1.1.
404 1005 452 1035 25.
470 995 497 1036 §.
518 999 548 1027 6.

67 1037 222 1069 Praeterea
246 1037 289 1069 ait
313 1037 465 1075 Senatus,
489 1036 522 1067 Sz'
536 1041 604 1068 ante
621 1035 701 1066 litem
718 1032 903 1082 caritestatam

24 1077 160 1120 fecerint.
184 1078 261 1110 Hoc
272 1089 348 1110 vero
365 1088 421 1110 cur
438 1078 654 1117 fitadjettum,
674 1076 826 1123 Ulpianus
836 1077 863 1117 §.
874 1086 901 1116 7.

27 1122 55 1151 d.
73 1121 91 1150 l.
114 1120 196 1152 hanc
218 1119 376 1162 subjungit
402 1120 580 1157 rationem,
604 1128 754 1161 quoniam
784 1121 853 1164 post
868 1119 902 1149 li·

29 1169 93 1192 tem
111 1161 320 1193 contestatam
339 1160 717 1206 omnesincipiuntmalae
737 1159 810 1190 fidei
829 1168 902 1199 pos-

25 1201 156 1234 sessores
172 1202 249 1235 ess‘e:
263 1204 338 1243 quin
351 1204 416 1234 imo
426 1201 497 1243 post
513 1202 760 1232 controversiam
773 1209 902 1247 motam.

26 1253 217 1285 quamquam
236 1246 319 1275 6111111
337 1241 720 1275 siatinSenatusconsulto
737 1243 902 1288 (1161111011-

27 1286 68 1316 tis
79 1285 274 1317 contestatae:
288 1294 391 1316 tamen
403 1285 431 1316 <St
443 1284 510 1325 post
520 1293 640 1314 motam
651 1286 901 1314 controversiam

24 1335 137 1358 omnes
155 1325 340 1366 poss'ess'ores
360 1336 448 1366 pares
466 1324 546 1356 fiunt
559 1348 567 1362 ,
592 1325 621 1355 ἃ
634 1323 716 1369 quafi
733 1325 900 1369 pree-dones

26 1374 185 1399 tenentur.
233 1367 303 1398 Fuit
322 1367 409 1399 forte
426 1369 466 1398 de
484 1366 548 1397 1106
566 1366 743 1397 dubitatum
763 1367 899 1405 aliquan-

24 1409 85 1440 do:
112 1407 163 1440 sed
185 1407 338 1450 Ulpianus
357 1410 384 1440 (l.
402 1408 430 1450 §.
451 1418 478 1448 7.
504 1406 599 1445 Hoc,
616 1407 704 1445 infit,
717 1407 786 1447 jure
803 1406 901 1439 hodie

24 1450 158 1482 utimur:
176 1451 271 1491 coepit
288 1451 371 1481 6111111
387 1450 464 1481 scire
483 1458 548 1480 rem
561 1449 599 1479 ad
612 1448 640 1479 se
658 1458 721 1480 non
740 1456 902 1495 pertinen-

23 1498 90 1522 tem
114 1492 271 1532 poffidere
299 1491 328 1523 se
353 1493 376 1524 is
401 1492 454 1532 qui
481 1490 718 1530 interpellatur:
742 1500 794 1530 qui
821 1499 901 1522 vero

26 1533 136 1572 praedo
148 1532 192 1564 est
203 1557 212 1571 ,
227 1535 254 1564 ὅ(
269 1541 342 1563 ante
355 1532 443 1564 litem
462 1531 672 1563 contestatam
688 1532 752 1563 doli
770 1533 901 1563 nomine

29 1574 209 1605 tenebitur:
233 1574 286 1605 hic
302 1574 346 1605 est
362 1575 446 1605 enim
465 1574 558 1604 dolus
577 1575 766 1617 ptaeteritus.
812 1573 901 1615 Quid

28 1624 107 1655 ergo
125 1615 192 1645 vult
211 1615 370 1647 Senatus?
393 1624 447 1646 eos
464 1616 651 1654 111-(61101163,
676 1614 792 1646 etiamsi
812 1615 898 1646 fece-

27 1656 92 1687 rint
111 1663 184 1686 ante
200 1656 287 1687 litem
310 1655 537 1694 contestatam,
561 1665 627 1696 quo
652 1657 754 1687 minus
772 1656 902 1696 posside-

28 1705 100 1728 rent
111 1720 120 1736 ,
131 1698 249 1737 perinde
266 1699 491 1728 condemnandos
502 1720 511 1735 ‚
527 1695 786 1743 acfipoffiderfnt.
801 1698 831 1728 id
849 1708 901 1728 ve-

29 1747 66 1769 10
85 1736 126 1769 fic
143 1739 261 1778 accipit
287 1737 460 1779 Ulpianus:
484 1738 557 1769 Sive
575 1739 652 1769 dolo
669 1739 815 1770 desierint
830 1748 901 1779 pos·

29 1778 146 1817 fidere,
167 1778 230 1810 sive
249 1780 325 1811 dolo
343 1779 561 1820 poss'effionem
583 1780 742 1811 noluerint
757 1782 902 1812 admitte-

27 1830 74 1852 re.
97 1821 202 1859 addit,
218 1820 279 1852 sive
296 1822 333 1851 ab
349 1822 411 1853 alio
431 1831 479 1852 res
498 1822 708 1861 possideatur,
725 1821 832 1853 sivein
851 1831 898 1853 to-

29 1869 96 1893 tum
113 1871 177 1893 non
195 1862 295 1893 exstet
312 1862 338 1904 §.
358 1867 385 1897 8.
402 1864 429 1893 d.
443 1863 460 1892 l.
481 1873 529 1902 25.
554 1863 708 1903 amplius,
734 1863 754 1909 si
776 1873 824 1895 res
843 1874 898 1895 6)(-

27 1902 90 1935 stet
112 1903 194 1943 apud
219 1912 417 1944 emptorem,
443 1904 560 1935 debere
578 1904 671 1944 ipsam
692 1906 846 1936 redimere
862 1914 900 1937 ac

28 1943 175 1984 praestare
187 1953 271 1983 „aut
288 1945 307 1976 si
324 1947 469 1986 recipere
494 1945 532 1976 ab
554 1955 593 1976 eo
611 1946 698 1977 nullo
717 1948 813 1977 modo
829 1955 900 1987 pos-

26 1985 82 2023 sit,
106 1993 227 2016 tantum
248 1985 412 2026 111-3111316,
438 1995 591 2026 quantum
609 1988 640 2018 in
660 1988 747 2018 litem
762 1987 900 2028 juratum

30 2025 109 2058 effet
126 2026 145 2056 l.
162 2036 209 2059 20.
227 2026 254 2069 §.
272 2028 324 2057 ult.
343 2028 369 2058 11.
390 2033 409 2058 t.
427 2027 479 2059 Sic
497 2027 559 2059 est:
578 2028 674 2060 vei-ba
690 2028 902 2061 Senatuscon·

27 2066 99 2100 sulti
117 2068 212 2099 etiarn
230 2069 376 2100 adversus
394 2078 466 2101 eum
485 2070 537 2110 qui
556 2079 620 2100 non
639 2069 794 2110 possidet,
808 2072 901 2112 jusju-

27 2109 160 2142 randum
177 2110 350 2142 indueunt:
367 2118 400 2141 ut
420 2119 481 2142 tarn
498 2111 643 2142 adversus
659 2121 731 2142 eum
750 2114 803 2152 qui
823 2114 900 2144 dolo

28 2148 131 2190 fecit,
155 2159 219 2190 quo
238 2152 338 2183 minus
356 2152 528 2192 possideat,
553 2162 647 2193 quam
665 2153 812 2185 adversus
829 2163 898 2195 pos-

29 2191 181 2224 fidentem
193 2215 202 2229 ‚
219 2194 249 2223 in
267 2193 356 2225 litem
370 2193 491 2233 juretur
508 2194 536 2236 ᾗ.
551 2196 631 2225 iod.
650 2195 669 2225 l.
680 2205 730 2235 25.
753 2195 816 2226 Sed
832 2206 900 2237 quae

29 2242 71 2265 ex
89 2231 230 2273 Ulpiano
254 2234 362 2275 attigi,
387 2236 548 2275 aliquanto
566 2236 689 2276 plenius
705 2237 902 2270 confideran-

28 2275 69 2306 da
93 2273 172 2305 sunt.
197 2273 330 2315 primum
357 2276 444 2316 vult,
467 2277 557 2308 malae
582 2277 656 2309 fidei
675 2277 901 2320 poffefforem,

26 2315 80 2346 ubi
93 2315 180 2347 defiit
199 2325 268 2356 quae
281 2315 434 2356 possedit,
453 2319 630 2359 poffidere,
646 2320 778 2357 perinde
795 2321 832 2352 ad
849 2331 902 2352 eo-

28 2365 97 2389 rum
112 2357 347 2390 restitutionem
364 2363 482 2398 teneri,
499 2369 535 2391 ac
549 2359 569 2390 fi
587 2360 773 2400 poffideret:
791 2363 902 2404 utique

27 2397 49 2430 fi
72 2399 251 2438 praeteritus
277 2400 344 2440 ejus
371 2401 463 2433 dolus
480 2402 664 2433 accusetur:
688 2402 858 2443 idemque,
881 2405 903 2436 fi

28 2439 93 2479 eius
108 2440 200 2478 culpa
216 2440 251 2472 sit
269 2442 297 2473 d.
316 2441 334 2471 l.
355 2451 401 2481 25.
417 2442 444 2483 ἓ.
456 2453 483 2474 2.
514 2452 586 2474 nam
604 2443 685 2474 113116
698 2453 762 2475 11011
780 2445 903 2486 exeipit

30 2479 180 2521 Senatus,
191 2481 220 2513 ὅ(
232 2482 280 2513 ν61
292 2481 361 2513 haee
370 2493 398 2514 ei
409 2484 524 2516 merito
534 2485 723 2524 imputatur,
735 2486 901 2527 postquam

29 2521 166 2561 placuit,
185 2523 415 2564 obligationem
432 2535 468 2556 ea
486 2526 675 2557 continuari.
699 2528 774 2566 quid
792 2527 811 2559 si
830 2528 901 2559 casu

31 2561 226 2602 contigerit?
239 2564 299 2603 jani
317 2566 409 2605 poflit
425 2567 559 2608 ambigi:
577 2568 659 2608 quasi
680 2569 777 2609 magis
788 2578 844 2609 per
853 2579 902 2601 ea-

29 2601 96 2634 sum
111 2603 229 2648 factum
246 2605 300 2644 sit,
324 2615 415 2647 quain
431 2617 488 2648 per
503 2608 705 2649 poffefforem
722 2614 761 2641 de
772 2619 836 2650 quo
853 2612 902 2643 lo·

29 2651 123 2674 cutus
134 2643 196 2675 fuit
206 2645 347 2678 Senatus.
364 2648 502 2680 obtinuit
514 2659 637 2690 tamen,
656 2651 705 2682 vel
719 2651 784 2682 hoc
800 2653 901 2684 nomi·

29 2692 71 2716 ne
87 2685 188 2717 teneri
200 2695 288 2720 euin:
304 2687 368 2719 hoc
378 2690 507 2730 colore,
525 2691 607 2732 quasi
619 2693 801 2725 videaturin
812 2703 901 2726 mora

29 2724 121 2756 fuiffe
136 2726 226 2758 malae
238 2727 311 2759 fidei
328 2729 494 2768 possessor:
518 2742 585 2764 rem
601 2743 665 2765 non
686 2734 853 2767 restituens
871 2737 900 2767 ei

29 2766 82 2798 cui
93 2766 191 2798 debet
206 2767 377 2800 restituere.
393 2773 548 2811 maxime,
565 2773 585 2805 si
601 2776 723 2815 petitor
740 2786 806 2808 rem
825 2786 900 2808 con-

27 2806 175 2845 secutus,
200 2817 269 2840 eam
286 2810 487 2851 distraxiffet,
512 2814 540 2845 ὅ(
555 2824 664 2847 verum
682 2818 817 2857 pretium
836 2827 900 2849 non

29 2848 213 2890 perdidisset
221 2850 240 2880 l.
250 2859 296 2882 20.
304 2850 332 2892 ᾗ.
342 2851 394 2882 ult.
404 2852 430 2883 b.
438 2859 457 2883 t.
469 2856 563 2896 Atqui
575 2856 706 2888 Senatus
715 2859 767 2890 ait:
778 2857 904 2897 Etiamsi

20 2890 170 2930 fecerint,
186 2891 529 2933 quominuspoffiderent.
546 2895 607 2928 Sed
618 2908 680 2929 non
692 2899 818 2932 obstant
834 2901 903 2931 haec

29 2931 146 2963 verba:
163 2940 197 2963 ut
214 2933 296 2965 enim
315 2942 380 2965 non
397 2933 511 2966 fecerit
529 2937 695 2977 poffeffor,
715 2950 779 2980 quo
798 2943 901 2973 minus

27 2981 97 3004 rem
108 2972 297 3014 possideret:
312 2982 343 3005 at
352 2984 440 3006 mora
450 2976 500 3008 sua
509 2977 606 3018 fecit,
617 2989 656 3011 ne
667 2980 901 3024 haberetpreti-

27 3022 93 3046 um.
116 3014 266 3055 potuisset
276 3017 358 3047 enim
372 3026 406 3047 re
424 3017 566 3050 distracta
583 3021 614 3051 id
633 3021 750 3054 habere
767 3025 797 3055 ὅ(
815 3024 900 3055 resti-

27 3061 131 3087 tuere.
160 3054 227 3087 hoc
251 3057 417 3098 negleetm
439 3057 558 3092 factum
581 3061 626 3093 cst
644 3063 708 3102 ejus
725 3065 836 3105 culpa,
862 3075 901 3097 ne

27 3094 173 3129 haberet.
198 3098 284 3130 recte
302 3099 397 3139 igitur
409 3101 457 3131 vel
477 3101 542 3132 hoc
559 3104 806 3137 modotenetur.
829 3107 899 3139 Sic:

27 3136 51 3168 fi
66 3147 115 3171 res
131 3145 201 3171 tota
215 3139 252 3172 fit
270 3149 287 3171 a
306 3142 394 3173 malae
413 3140 485 3173 fidei
503 3143 672 3183 poiless‘ore
688 3147 799 3177 amill'a.
822 3149 900 3189 quid

27 3177 52 3210 fi
66 3177 104 3210 fit
121 3179 302 3221 deminuta,
318 3183 350 3214 id
366 3182 428 3222 est,
445 3184 592 3225 usucapta
608 3194 661 3217 aut
679 3189 898 3222 deteriorata?

25 3216 47 3253 1.
62 3228 114 3254 21.
131 3220 179 3256 D.
196 3222 225 3257 h.
240 3229 264 3258 1.
289 3224 333 3259 1111
356 3231 459 3260 mutat
479 3224 621 3267 Julianus
638 3228 657 3260 l.
671 3238 724 3270 54.
740 3230 768 3271 §.
786 3240 813 3263 2.
830 3233 859 3265 d,
877 3238 898 3264 ι.

1773 132 1836 170 El}

953 208 1015 241 Sed
1035 208 1139 252 finge,
1157 210 1246 244 fuili'e
1263 213 1307 244 illi
1324 212 1466 252 necesse,
1483 209 1592 244 facere
1610 210 1787 252 sumptunu
1805 212 1834 244 ὅ(

952 250 1017 282 1106
1033 253 1161 284 causari.
1189 253 1318 294 Ulpiani
1336 254 1553 286 sententiaest
1568 255 1586 285 l.
1602 264 1651 295 31.
1668 254 1695 296 §.
1711 265 1739 295 3.
1759 257 1786 284 cl.
1805 261 1827 284 τ.

951 295 1039 331 quod
1056 293 1295 335 ficuthabetjus
1307 297 1485 329 deducendi
1505 297 1682 338 sumptum,
1699 296 1719 328 si
1732 303 1829 342 quem

950 333 1059 364 facere
1075 333 1186 366 habuit
1203 337 1346 368 neceffe:
1362 339 1403 369 ita
1421 346 1547 371 tenetur
1565 347 1630 369 rem
1649 338 1738 369 tueri.
1755 338 1832 369 alio-

949 375 1024 414 quin
1045 377 1226 408 redditurus
1244 378 1334 418 hujus
1351 380 1452 420 culpae
1477 381 1650 411 rationem:
1674 387 1770 420 atque
1788 389 1830 410 eo

945 415 1073 456 justius,
1097 419 1186 457 quod
1211 419 1325 450 Paulus
1348 421 1366 451 l.
1385 432 1434 462 53.
1460 423 1486 454 h.
1505 428 1525 451 t.
1547 421 1707 462 polieli‘ori
1730 422 1828 452 etiam

951 457 1105 488 concedit
1127 459 1350 492 alienationem
1376 462 1458 494 inter
1480 464 1556 499 alia,
1582 463 1601 494 s'i
1623 463 1772 503 impensae
1798 463 1830 493 iu

951 507 1016 530 rem
1033 499 1253 532 hereditariam
1270 501 1360 533 fatiae
1372 503 1441 535 sunt
1457 504 1651 543 neceli'ariae,
1668 504 1748 535 velsi
1762 514 1830 535 mo-

951 550 983 571 ra
1003 541 1142 581 peritura
1160 543 1343 575 deteriorve
1360 544 1466 576 futura
1484 554 1567 576 erat:
1584 546 1670 586 quod
1689 547 1718 577 ὅ(
1737 546 1831 577 tradi-

951 589 1017 613 tum
1036 583 1055 612 l.
1074 592 1104 622 5.
1124 582 1165 612 D.
1184 584 1213 614 h.
1230 589 1251 615 t.
1291 585 1390 626 Igitur
1414 586 1467 618 hic
1484 596 1615 628 quoque
1633 587 1769 618 66113016
1786 596 1828 617 eo

949 622 1058 654 facere
1083 625 1171 663 quod
1197 626 1296 656 debet
1312 651 1320 665 ‚
1345 628 1478 660 rationis
1504 628 1567 667 est,
1592 628 1746 669 intelligi,
1770 637 1827 669 per

949 674 1022 696 eum
1041 664 1126 702 fieri,
1151 674 1217 705 quo
1234 668 1335 699 minus
1355 679 1421 700 rem
1439 669 1581 701 restituat
1599 671 1765 710 integram.

990 706 1070 737 Satis
1088 707 1223 748 dictum,
1248 709 1323 749 quid
1345 711 1421 750 juris
1438 711 1494 750 sit,
1518 711 1538 742 si
1554 711 1643 743 nialae
1661 712 1735 742 111161
1755 720 1828 752 pos-

949 746 1044 778 sell'or
1066 746 1202 787 fecerit,
1227 759 1267 781 ne
1292 752 1463 790 possideret
1480 754 1567 794 quod
1586 762 1660 784 ante
1679 752 1826 793 poiledit.

949 787 1108 828 sequitur,
1124 790 1200 828 quid
1217 792 1360 831 placeat,
1377 794 1489 825 01111110
1508 795 1596 834 quod
1617 795 1645 825 ci
1665 794 1756 826 licuit
1772 795 1826 825 ad·

948 832 1083 868 quirere.
1109 829 1172 861 hoc
1187 833 1271 864 enim
1291 834 1385 866 restat
1401 845 1441 866 ex
1460 836 1615 867 divisione
1634 845 1727 875 quam
1746 834 1826 866 fecit

948 870 1103 911 Ulpianus
1122 881 1151 902 in
1169 872 1188 903 l.
1209 875 1295 915 25.§
1325 880 1353 909 8.
1374 877 1418 907 D.
1437 877 1464 908 h.
1486 884 1506 907 t.
1553 877 1719 908 Pertinent
1747 886 1825 908 vei-o

946 911 1010 943 huc
1026 913 1171 953 pecuniae
1190 924 1205 945 a
1230 917 1430 948 debitoribus
1450 918 1649 950 hereditariis
1670 929 1733 950 non
1753 928 1827 949 exa-

946 954 1020 984 ttae:
1044 955 1166 985 idcirco
1183 959 1271 996 quod
1290 968 1306 988 a
1325 959 1413 990 malae
1438 958 1511 991 fidei
1532 959 1700 1001 possess'ore
1719 960 1763 992 est
1781 959 1828 991 fa-

946 996 1050 1034 trum,
1075 1005 1115 1026 ne
1131 997 1215 1037 exigi
1236 999 1377 1039 possent:
1402 1010 1498 1040 puto,
1517 1005 1605 1042 quod
1623 1003 1711 1041 sivit,
1728 1003 1828 1033 attio—

947 1046 1020 1069 nem
1044 1038 1153 1077 inopia
1179 1040 1362 1072 debitorum
1381 1041 1448 1074 fieri
1465 1044 1609 1082 inanem,
1634 1045 1827 1084 3010111103-

947 1078 1042 1109 tionis
1062 1079 1145 1110 diem
1167 1081 1264 1112 exire.
1288 1082 1333 1114 est
1350 1083 1414 1115 hoc
1430 1094 1573 1122 certum,
1591 1086 1659 1126 ipso
1682 1085 1758 1126 quid
1773 1086 1826 1116 he-

945 1120 1071 1151 reditati
1089 1121 1239 1154 debente.
1265 1133 1280 1154 a
1299 1123 1328 1155 fe
1347 1125 1430 1157 enim
1451 1127 1557 1166 potest
1578 1126 1700 1167 semper
1718 1129 1826 1167 exige-

946 1171 989 1193 re.
1010 1162 1094 1193 idem
1114 1162 1178 1201 est,
1201 1163 1221 1194 si
1245 1174 1321 1205 quas
1339 1166 1481 1198 actiones
1507 1178 1547 1199 61(
1574 1168 1761 1201 venditione
1778 1179 1827 1200 re-

946 1212 1015 1234 rum
1040 1203 1297 1238 hereditariarum
1323 1208 1499 1244 adquisivit.
1532 1218 1685 1241 caererum
1718 1211 1827 1251 (quod

946 1244 1061 1275 Paulus
1085 1245 1234 1279 observat
1259 1248 1278 1279 l.
1297 1259 1346 1289 31.
1371 1249 1398 1290 §.
1416 1261 1443 1288 4.
1470 1251 1514 1281 D.
1534 1252 1609 1292 111.)
1633 1261 1697 1282 11011
1719 1252 1827 1292 potest

947 1287 1107 1325 praedoni,
1131 1288 1216 1328 cujus
1233 1291 1317 1322 nulla
1334 1290 1379 1322 est
1395 1292 1498 1330 attio,
1522 1293 1692 1332 imputari,
1716 1303 1771 1324 cur
1789 1294 1825 1324 sit

945 1327 1046 1367 passus
1059 1328 1222 1361 debitores
1233 1331 1356 1364 liberari
1368 1356 1376 1371 ‚
1394 1333 1422 1364 ὃ(
1435 1335 1638 1374 pauperiores
1649 1333 1727 1366 fieri.
1747 1335 1826 1366 Prae-

946 1376 1041 1399 terea
1058 1378 1128 1409 quae
1144 1371 1229 1409 dixi,
1247 1381 1375 1405 tenetur
1392 1376 1482 1406 rnalae
1500 1375 1575 1407 fidei
1595 1375 1747 1416 poss'effor
1767 1378 1826 1407 eti-

945 1419 994 1441 arn
1019 1409 1129 1442 heredi
1156 1413 1322 1446 restituere
1339 1415 1459 1448 fruetus
1477 1426 1590 1449 omnes
1603 1441 1612 1456 ‚
1636 1417 1700 1449 five
1716 1427 1827 1458 perce-

945 1460 1019 1491 ptos
1035 1452 1065 1483 &
1083 1461 1248 1495 extantes,
1266 1455 1329 1488 five
1347 1467 1410 1488 non
1428 1467 1622 1498 perceptos,
1646 1461 1746 1491 modo
1768 1469 1826 1499 po-

946 1494 1064 1524 tuerint
1081 1496 1224 1535 percipi:
1240 1498 1352 1529 debuit
1371 1499 1457 1531 enim
1473 1501 1661 1541 percipere:
1680 1501 1823 1542 alioquin

946 1534 1073 1566 videtur
1090 1545 1147 1576 pei·
1164 1547 1235 1569 eum
1254 1539 1316 1570 effe
1331 1540 1450 1571 faetum
1464 1564 1473 1579 ,
1490 1551 1529 1572 ne
1549 1542 1722 1582 possideret
1738 1543 1756 1574 l.
1776 1555 1823 1583 25.

944 1575 974 1617 §.
993 1585 1022 1614 4.
1043 1576 1079 1611 δ’)
1097 1587 1125 1614 9.
1142 1579 1188 1610 D.
1202 1580 1266 1613 &L
1281 1590 1306 1612 1.
1325 1581 1354 1622 ᾗ.
1377 1591 1402 1613 i.
1421 1582 1452 1612 C.
1468 1582 1533 1613 111.
1560 1583 1638 1614 illud
1654 1583 1698 1615 est
1713 1585 1772 1623 jam
1793 1587 1825 1616 in

947 1618 1144 1650 antecessum
1163 1629 1371 1662 annotatum,
1389 1625 1475 1663 quod
1493 1633 1533 1655 ex
1550 1623 1705 1657 fructibus
1724 1627 1826 1666 perci-

947 1658 1069 1699 piendis
1087 1660 1171 1692 solos
1188 1662 1322 1695 restituit
1340 1665 1394 1704 qui
1414 1665 1529 1704 poliint
1547 1663 1680 1698 honeste
1702 1667 1825 1707 percipi

945 1702 964 1732 l.
982 1711 1032 1742 33.
1054 1702 1098 1738 l).
1115 1704 1148 1733 de
1163 1705 1204 1734 rei
1221 1706 1332 1736 vindic.
1359 1705 1410 1738 sed
1429 1716 1602 1748 perceptos
1619 1709 1706 1740 omni
1724 1710 1824 1740 modo

946 1750 1075 1774 tenetur
1099 1743 1264 1777 testituere
1288 1747 1307 1778 l.
1324 1752 1374 1788 56.
1393 1747 1436 1779 D.
1453 1748 1482 1779 h.
1499 1755 1521 1780 t.
1544 1749 1574 1789 id
1593 1748 1656 1789 est,
1680 1749 1736 1781 etsi
1759 1760 1840 1783 non.

945 1783 1119 1824 potuissent
1145 1786 1278 1819 honeste
1302 1790 1423 1829 percipi
1442 1790 1459 1820 l.
1477 1800 1527 1830 27.
1544 1789 1574 1832 §.
1595 1798 1619 1822 1.
1635 1795 1664 1822 d.
1683 1797 1704 1822 t.
1724 1801 1759 1823 ea
1778 1802 1828 1823 ra·

943 1827 1031 1856 tione
1052 1836 1122 1866 quae
1141 1828 1185 1860 est
1201 1830 1230 1861 in
1249 1830 1267 1861 l.
1284 1831 1448 1870 28.jun6ia
1467 1831 1485 1862 l.
1503 1842 1552 1872 52.
1570 1833 1595 1863 d.
1617 1839 1638 1863 t.
1657 1832 1824 1867 Fructibus

941 1866 1057 1898 similes
1071 1868 1140 1900 sunt
1158 1869 1273 1901 usurae:
1290 1872 1408 1903 habere
1425 1874 1509 1904 enim
1528 1873 1630 1906 vicem
1647 1873 1823 1915 fructuum,

944 1907 1100 1948 Ulpianus
1119 1911 1227 1943 auctor
1244 1912 1289 1944 est
1304 1914 1383 1955 l.34.
1402 1915 1445 1945 Ι).
1460 1916 1493 1944 de
1509 1915 1588 1955 usim
1612 1925 1673 1947 nec
1689 1917 1801 1948 dubito
1813 1938 1824 1956 9

944 1952 1019 1989 quin
1040 1952 1071 1982 in
1095 1954 1197 1984 oculis
1215 1953 1332 1986 habeat
1349 1955 1535 1995 praesentem
1555 1957 1678 1988 locum:
1702 1957 1824 1990 indicio

945 1991 1179 2033 inscriptionis,
1200 1994 1325 2040 Ulpiani
1343 1997 1397 2028 lib.
1414 2006 1458 2037 15.
1477 1997 1525 2029 Ad
1542 1997 1689 2031 Edictum
1708 2000 1824 2040 praefe-

945 2035 1062 2066 rentis:
1086 2042 1121 2065 ut
1143 2044 1252 2067 notaVi
1276 2037 1326 2070 lib.
1343 2048 1374 2079 3.
1391 2038 1555 2079 Defoenor.
1573 2039 1609 2074 &⁹
1629 2041 1711 2081 usur.
1728 2051 1753 2072 c.
1772 2052 1823 2074 12.

944 2075 1074 2107 Summa
1088 2075 1217 2117 Ulpiani
1233 2077 1296 2110 est:
1313 2080 1399 2120 quod
1417 2081 1506 2112 malae
1522 2079 1595 2112 fidei
1614 2081 1770 2122 possessor
1780 2094 1823 2116 ex

946 2117 1230 2151 Senatuseonsulto
1247 2122 1336 2160 quod
1353 2130 1417 2161 prae
1435 2121 1577 2154 inanibus
1595 2123 1766 2164 habemus,
1790 2127 1824 2157 111

945 2159 1132 2190 hereditatis
1158 2162 1317 2200 petitione
1340 2169 1469 2195 tenetur
1493 2164 1604 2196 heredi
1629 2174 1693 2198 tam
1718 2166 1823 2198 usuras

946 2210 987 2231 ex
999 2200 1133 2239 pecunia
1143 2201 1332 2235 hereditaria
1348 2212 1515 2246 perceptas
1526 2205 1709 2246 restituere,
1726 2217 1823 2248 quain

944 2241 1064 2273 fruetus
1079 2251 1119 2274 ex
1137 2244 1230 2276 rebus
1250 2245 1446 2278 hereditariis
1468 2256 1661 2288 perceptos:
1683 2249 1762 2289 hac,
1787 2257 1824 2282 ut

945 2283 1089 2322 videtur,
1106 2284 1248 2324 ratione,
1267 2287 1355 2327 quod
1373 2287 1469 2319 usurae
1479 2289 1629 2320 obtinent
1640 2290 1743 2322 vicem
1757 2290 1823 2323 fru-

946 2324 1050 2355 Quum
1068 2347 1078 2364 ,
1102 2325 1132 2357 &
1148 2328 1264 2358 merito
1282 2336 1346 2360 non
1365 2329 1486 2361 debent
1501 2339 1517 2361 a
1534 2329 1688 2362 fructibus
1704 2331 1824 2374 separa-

946 2366 981 2397 ri.
999 2374 1087 2397 certe
1104 2367 1134 2398 in
1154 2369 1265 2410 legatis
1293 2370 1324 2401 &
1347 2370 1597 2403 fideicommissis
1616 2372 1646 2404 ὅ(
1662 2374 1693 2404 111
1713 2376 1822 2406 tutelae

946 2407 1124 2440 actionibus
1142 2409 1172 2440 ὅ(
1188 2411 1354 2442 mcaeoeris
1371 2411 1464 2443 bonae
1481 2411 1688 2454 fideijudiciis
1704 2416 1746 2447 ita
1764 2417 1823 2448 ob-

946 2447 1095 2480 servatur.
1119 2451 1197 2491 quid
1222 2453 1252 2483 ni
1272 2453 1368 2492 igitur
1384 2455 1413 2484 in
1432 2455 1591 2494 petitione
1608 2455 1820 2491 hereditatis?

945 2499 1018 2522 cuin
1034 2491 1084 2522 vel
1101 2491 1165 2531 ipsa
1181 2492 1274 2524 bonae
1291 2494 1365 2525 fidei
1383 2495 1545 2527 habeatur.
1567 2496 1618 2528 sed
1636 2500 1742 2538 potuit
1759 2510 1823 2531 rna-

945 2532 982 2563 ]ae
999 2530 1072 2563 fidei
1097 2533 1249 2573 poffess'or
1274 2536 1376 2566 usuras
1401 2537 1489 2568 velut
1505 2536 1626 2569 fructus
1643 2541 1787 2579 pecunia:
1804 2552 1820 2573 a

944 2572 976 2604 se
1000 2574 1141 2605 traflatae
1163 2583 1216 2608 aut
1241 2576 1358 2608 debitae
1383 2578 1520 2619 exigere.
1543 2579 1574 2611 id
1590 2581 1685 2621 igitur
1703 2582 1757 2614 nisi
1775 2583 1822 2614 fe·

945 2615 1000 2645 cit.
1025 2615 1130 2654 potest
1151 2617 1249 2648 videri
1278 2627 1332 2658 per
1349 2628 1420 2651 eum
1439 2620 1500 2651 effe
1516 2620 1633 2653 factum
1646 2646 1656 2661 ,
1678 2632 1744 2664 quo
1763 2626 1820 2655 mi-

943 2665 1002 2687 nus
1019 2656 1161 2689 haberet.
1186 2658 1346 2691 Caeterutn
1361 2660 1591 2694 observandum
1602 2686 1611 2703 ,
1628 2668 1717 2704 quod
1733 2674 1768 2697 ut
1781 2667 1820 2697 ab

945 2707 985 2728 eo
1006 2698 1165 2730 debentur
1181 2699 1279 2731 usurae
1301 2703 1443 2741 pecuniae
1466 2702 1684 2744 hereditariae,
1709 2706 1728 2738 si
1748 2717 1817 2738 eam

945 2739 1106 2778 tractavit,
1124 2740 1154 2771 id
1170 2740 1235 2780 est,
1250 2741 1396 2775 fieausus
1407 2744 1469 2783 est,
1491 2754 1598 2786 eoque
1608 2748 1707 2779 modo
1722 2757 1819 2787 quann

945 2780 1071 2812 ritatem
1088 2790 1197 2813 natura
1214 2783 1349 2816 sterilem
1361 2808 1371 2823 ‚
1395 2785 1544 2818 industria
1562 2787 1612 2819 fua
1630 2787 1709 2819 fecit
1727 2789 1817 2820 ferti-

945 2822 1026 2853 lem:
1050 2822 1092 2852 ita
1116 2823 1155 2854 ab
1179 2824 1233 2855 illo
1250 2834 1314 2857 non
1334 2827 1491 2859 debentur
1508 2838 1549 2860 ex
1572 2831 1706 2870 pecunia
1723 2839 1818 2870 quarn

946 2872 1010 2894 non
1030 2864 1135 2905 attigit
1150 2865 1168 2895 l.
1184 2875 1232 2898 20.
1251 2866 1277 2908 §.
1300 2873 1344 2906 14.
1361 2868 1387 2900 h.
1405 2875 1427 2900 t.
1453 2879 1625 2909 propterea
1640 2871 1726 2910 quod
1745 2880 1816 2903 eam

945 2913 1009 2935 non
1028 2904 1137 2937 habuit
1152 2906 1182 2937 in
1210 2910 1340 2941 modum
1357 2913 1559 2950 quantitatis,
1584 2910 1635 2941 sed
1651 2913 1817 2951 corporis.

946 2946 975 2976 ἃ
999 2946 1125 2985 quidem
1153 2948 1260 2981 sterilis
1284 2950 1315 2982 iti
1334 2951 1513 2984 hereditate
1531 2953 1664 2992 reperti:
1689 2961 1728 2982 ex
1749 2962 1815 2993 quo

945 2986 1048 3018 usuras
1062 2988 1132 3028 J'ure
1149 2988 1232 3022 civili
1247 3001 1312 3024 non
1336 2994 1464 3030 deberi,
1487 2993 1702 3024 demonstravi
1719 2994 1768 3025 lib.
1788 3003 1815 3026 1.

945 3028 997 3058 De
1007 3029 1106 3064 [ωπον.
1124 3030 1160 3065 &²
1176 3031 1260 3073 usw.
1279 3045 1302 3065 c.
1321 3044 1349 3066 2.
1367 3033 1488 3075 Aliquis
1509 3034 1611 3071 dicat,
1636 3035 1723 3065 malae
1739 3035 1816 3068 fidei·

944 3069 1145 3110 possessorem
1171 3082 1236 3105 non
1259 3076 1363 3107 minus
1386 3077 1428 3106 ob
1453 3075 1698 3115 percipiendos,
1722 3085 1816 3117 quam

943 3111 986 3142 ob
1002 3120 1191 3154 perceptos,
1215 3115 1334 3149 fructus
1352 3116 1463 3147 teneri.
1493 3115 1554 3145 Sed
1575 3115 1704 3157 neseio,
1728 3128 1765 3150 an
1784 3121 1816 3151 in

942 3152 1094 3193 praesente
1103 3155 1173 3187 casu
1183 3156 1302 3189 intersit
1312 3159 1394 3189 inter
1404 3155 1524 3187 fruetus
1535 3156 1677 3190 &usuras
1689 3168 1818 3200 :quam-

942 3203 1033 3235 quam
1051 3197 1126 3228 alias
1145 3206 1390 3239 comparentur:
1413 3206 1545 3238 nempe,
1570 3208 1611 3230 ne
1636 3201 1725 3232 malae
1742 3200 1820 3234 fidei

939 3236 1092 3278 poffeffor
1108 3247 1241 3281 cogatur
1259 3239 1427 3280 pecuniam
1452 3238 1506 3272 suo
1521 3240 1665 3280 periculo
1682 3241 1819 3290 foenera-

1777 3295 1817 3316 ri:
