2036 3495
273 73 290 105 V
327 76 361 120 A
375 93 398 120 n
426 86 520 123 Lm.
538 85 641 124 -xXt
671 87 770 127 Τιτ.
799 91 828 127 r.
862 92 915 129 De
930 93 1071 133 AEa'ilitio
1087 96 1215 140 mireo,
1243 97 1286 140 ξφ
1305 102 1510 142 redhibitione.
1530 104 1599 147 &a

64 170 217 215 *stlifinm
242 181 330 215 quam
355 174 486 219 [earum]
509 187 570 218 quae
586 178 698 210 mobiles
716 186 769 210 am
783 182 812 217 fe
828 192 940 214 moven-

69 222 121 245 tes.
148 215 300 255 Ulpianus
322 216 470 256 quaesito,
486 227 523 250 an
541 217 656 250 Edicto
670 219 844 261 ,AEdilium,
861 234 938 262 prae-

72 263 121 286 ter
146 256 300 295 mancipia
327 257 357 288 &
378 258 537 298 jumenta,
561 261 598 291 ad
623 269 693 299 quae
719 261 783 293 sola
800 264 938 304 speciant

71 296 185 336 verba,
210 298 306 329 etiam
333 299 401 329 aliae
419 309 467 331 res
485 299 733 334 contineantur?
754 305 817 342 ait,
842 306 936 338 etiam

69 337 144 368 alias
159 339 325 370 contineri.
352 347 455 372 utrum
473 342 607 372 mobiles
627 350 768 383 tantum,
780 346 808 375 ἅ
825 346 853 376 se
868 357 935 379 mo-

68 386 203 418 ventes,
227 389 265 411 an
293 381 386 412 e'tiam
415 380 488 420 soli,
510 381 541 412 id
567 382 631 421 est,
655 383 860 418 immobiles?
883 389 935 420 sed

67 425 180 459 putat,
203 421 243 452 sic
261 420 429 454 obtinuisse
447 421 529 461 quasi
540 425 694 462 generalis
712 426 859 460 fitEditti
871 428 934 462 sen·

70 463 171 491 tentia
190 462 229 493 de
248 463 395 493 omnibus
411 462 523 501 rebus,
549 472 612 495 tam
632 466 679 497 his
700 475 769 506 quae
787 468 839 501 soli
856 470 933 509 sint,

67 510 161 541 quam
180 512 247 542 quae
266 503 324 534 sint
346 503 499 542 mobiles,
523 513 576 535 aut
593 506 622 537 se
639 517 817 541 moventes.
842 511 872 542 <Sc
888 512 933 543 est

65 544 262 583 notandum,
279 544 365 583 quod
376 542 489 582 amita
501 543 684 580 Labeonem
697 549 842 582 scribere.
859 562 930 584 narn

66 593 108 614 eo
126 585 255 616 evidens
273 585 393 624 praebet
417 594 648 628 argumentum,
674 590 703 620 i'e
728 594 814 631 quod
831 594 870 624 de
886 603 931 625 re-

64 623 123 655 bus
148 626 269 656 caeteris
294 624 392 664 dixit,
416 635 480 657 non
498 628 653 669 imputare
680 631 780 664 Edisti
803 634 928 674 verbis,

65 664 119 696 sed
146 664 303 697 sententiae
327 667 379 698 usu
403 675 551 708 receptae.
578 673 681 703 verbis
705 673 776 705 sane
793 677 929 707 cittanti-

64 706 141 744 bus,
167 707 242 747 quid
266 717 346 748 opus
372 716 438 740 erat
454 709 827 748 auctoritateLabeonis:
856 727 928 750 cum

63 746 223 788 praestaret
241 771 250 787 ,
280 748 343 788 ipsa
356 750 481 791 allegari
500 751 602 784 Edisti
621 756 729 787 verba.
754 756 832 788 Rem
851 760 926 791 dixi.

61 797 123 820 nec
139 789 200 820 alio
219 791 377 829 pertinet,
401 792 487 830 quod
507 793 536 824 in
553 793 572 825 l.
593 805 641 832 49.
659 798 686 828 cl.
705 803 726 827 t.
754 799 837 830 idem
856 809 932 831 con-

60 828 169 861 fitetur
188 828 362 871 Ulpianus,
374 842 570 873 nequaquam
588 836 650 867 esse
666 838 823 870 incertum
835 864 844 877 ,
861 842 929 872 red-

60 869 253 903 hibitionem
264 872 356 904 etiam
368 876 541 914 procedere
553 877 582 909 in
593 876 696 909 fundo
707 881 925 913 venditonam

60 911 82 944 fi
100 913 252 953 generalis
276 913 381 945 fuiss'et
398 914 500 947 Edicti
516 917 637 957 sermo,
661 928 714 951 aut
738 920 767 952 in
786 932 826 953 eo
844 922 925 955 satia

61 955 250 985 nominatim
268 953 343 986 esset
360 954 450 988 fundi
469 959 603 990 mentio:
626 970 664 992 an
682 962 851 994 necessaria
875 964 924 995 fo-

60 1002 110 1025 ret
130 994 197 1025 baec
214 996 410 1036 admonitio,
427 998 675 1033 redhibitionem
692 1004 784 1035 etiam
805 1005 835 1035 in
855 1005 924 1037 fun-

62 1036 104 1067 do
123 1037 313 1075 procedere,
331 1038 360 1069 &
377 1039 408 1070 id
426 1048 622 1082 nequaquam
641 1043 701 1075 esse
720 1046 902 1078 incertum?

105 1075 224 1109 Verum
241 1083 339 1119 pergo
362 1080 401 1111 ad
426 1081 553 1120 reliqua.
585 1084 671 1125 aJunt
693 1085 836 1125 AEdile3‚
861 1088 925 1132 Qui

62 1119 206 1158 mancipia
231 1122 371 1152 vendunt.
418 1121 578 1162 Mancipia
611 1128 749 1158 vendere
779 1127 823 1159 est
841 1152 850 1166 ‚
888 1140 924 1161 ea

61 1166 184 1190 mutare
201 1161 324 1199 pretio,
347 1161 409 1193 sive
424 1172 585 1196 numerata
601 1168 744 1205 pecunia.
773 1172 826 1209 qui
845 1180 922 1202 vero

60 1209 97 1230 ea
114 1200 165 1231 dat
182 1202 282 1233 aliare
298 1210 410 1234 contra
428 1205 517 1244 data,
536 1209 664 1247 proprie
682 1218 745 1240 non
764 1212 920 1251 vendere,

61 1239 113 1271 sed
131 1250 327 1281 permutare,
344 1244 474 1276 dicitur:
498 1254 531 1277 ut
549 1248 794 1283 demonstratum
811 1252 857 1283 lib.
881 1258 925 1288 18.

61 1283 107 1312 tii.
134 1291 156 1313 ι.
174 1282 218 1313 De
232 1286 359 1316 contrab.
376 1292 458 1326 empt.
478 1287 612 1320 Veteres
637 1298 742 1322 tamen
767 1295 923 1325 venditio·

61 1331 135 1354 nem
154 1325 184 1354 in
202 1325 362 1363 proposito
380 1328 474 1358 etiam
489 1329 526 1360 ad
543 1332 810 1369 permutationem
830 1342 923 1368 trans-

59 1363 161 1400 ferre,
187 1365 331 1396 observat
356 1366 459 1398 Aristo
477 1391 486 1406 ‚
514 1372 595 1410 apud
621 1372 749 1404 Paulum
766 1375 784 1405 l.
802 1376 855 1407 ult.
879 1378 923 1409 D.

63 1405 98 1434 de
124 1413 176 1435 rer.
199 1411 324 1445 permut.
349 1407 378 1438 &
401 1408 519 1448 patitur
541 1412 571 1442 in
591 1412 610 1444 l.
631 1422 677 1449 19.
701 1413 728 1455 §.
746 1426 776 1456 5.
796 1416 837 1449 D.
856 1418 884 1449 h.
900 1425 921 1450 t.

60 1442 215 1482 Ulpianus
232 1454 338 1478 motus
356 1448 557 1482 similitudine
575 1453 716 1487 rationis.

98 1485 151 1517 De
175 1488 389 1521 locationibus
413 1490 491 1522 nihil
517 1493 732 1535 edicitu1·;-ac
755 1498 923 1532 videbatur

58 1527 122 1566 (ut
139 1528 290 1567 Ulpianus
310 1529 409 1561 refert
426 1532 445 1561 ὖ.
461 1536 511 1573 63.
530 1535 557 1565 b.
575 1535 617 1576 t.)
638 1539 758 1569 mirum.
783 1541 863 1571 ratio
882 1550 923 1572 ta-

57 1575 150 1606 men,
183 1569 200 1598 si
224 1579 295 1599 eum
314 1572 475 1612 audimus,
498 1573 559 1605 fuit
577 1575 711 1617 duplex:
734 1589 812 1619 una,
839 1584 923 1622 quod

60 1617 232 1649 numquam
251 1609 399 1651 istorum,
423 1614 454 1645 id
477 1614 540 1653 est,
563 1614 734 1658 AEdilium,
758 1622 798 1652 de
817 1622 875 1654 hac
890 1634 923 1656 re

59 1648 364 1689 fueratjui-isdittio:
387 1655 500 1694 altera,
525 1660 612 1696 quod
636 1669 697 1692 non
721 1660 860 1695 similiter
876 1665 920 1696 lo-

59 1691 220 1723 cationes:
245 1700 278 1723 ut
307 1696 505 1729 venditiones
531 1698 621 1732 fiunt.
657 1702 812 1742 posterior
837 1708 918 1738 ratio

50 1731 191 1768 (obscura
208 1732 268 1764 est:
287 1733 336 1766 sed
354 1735 416 1766 huc
434 1737 495 1769 fert
510 1740 575 1779 ejus
592 1741 722 1783 scopus:
740 1747 827 1786 quod
844 1756 921 1779 con-

58 1772 173 1803 ductor
190 1774 336 1815 mancipii
356 1778 455 1810 vitiosi
473 1787 526 1811 aut
543 1783 680 1816 morbosi
697 1795 758 1818 non
776 1796 849 1828 eget
866 1790 918 1821 AE-

58 1812 161 1844 dilitio
180 1813 312 1855 Edicto,
330 1817 381 1849 ubi
399 1820 499 1859 potest
514 1832 553 1853 eo
565 1825 609 1855 uti
624 1826 661 1857 ad
677 1836 756 1868 opus
775 1830 813 1860 ad
834 1832 921 1870 quod

57 1856 231 1887 conduxit:
255 1856 296 1889 fic
321 1860 404 1890 enim
431 1860 620 1897 satisfactum
647 1867 691 1899 est
715 1868 864 1902 locationi
889 1873 918 1905 dc

55 1896 283 1936 conductioni,
308 1905 427 1933 tantum
453 1904 493 1934 ad
516 1904 602 1937 usum
627 1907 655 1939 ὅ(
680 1908 816 1944 fructum
832 1922 919 1947 com-

54 1942 181 1976 paratae.
197 1940 281 1978 quod
300 1940 318 1971 si
335 1951 398 1973 non
417 1945 521 1983 potest
537 1956 575 1977 eo
592 1949 634 1979 uti
653 1949 683 1981 «St
702 1950 858 1993 fruizjui·e
876 1957 917 1987 ci·

53 1977 109 2008 vili
127 1978 222 2009 habet
246 1980 404 2014 actionem
430 1994 470 2016 ex
494 1989 649 2022 condutio
666 1994 703 2024 ad
719 1994 750 2024 id
770 1997 856 2034 quod
874 1997 917 2029 in·

53 2018 160 2049 tei-est.
186 2020 223 2050 ad
242 2020 323 2053 hanc
342 2023 494 2058 rationem
519 2031 645 2062 accedit
662 2033 734 2064 alia:
759 2038 846 2075 quod
862 2039 917 2069 do-

49 2059 153 2091 minus
170 2065 315 2101 mancipii·
338 2066 472 2098 morbosi
488 2077 540 2100 aut
556 2071 659 2104 vitiosi
675 2074 704 2105 id
726 2077 800 2108 nulli
817 2074 916 2111 facile

50 2099 170 2131 locabit
189 2101 239 2142 spe
258 2106 430 2146 mercedis;
455 2118 495 2140 eo
511 2111 705 2145 deteriorato
725 2118 777 2148 usu
796 2126 916 2160 tempo-

51 2142 93 2172 ris
110 2143 214 2182 exigui
240 2144 321 2183 (boc
340 2148 422 2179 enim
446 2151 542 2182 modo
559 2152 595 2183 fit
613 2155 751 2197 locatio)
769 2161 863 2199 majus
879 2162 923 2193 fa-

54 2182 159 2214 &urus
177 2184 324 2217 damnum
337 2195 450 2228 ‚quam
466 2192 595 2225 lucrum.
619 2195 655 2227 In
674 2200 856 2233 venditione
872 2204 912 2235 ali

52 2229 101 2253 ter
118 2223 147 2254 se
173 2234 221 2256 res
247 2226 356 2259 habet:
379 2234 450 2261 nam
476 2241 629 2274 perpetua
653 2237 698 2269 est
724 2241 789 2280 eJus
815 2244 922 2284 causa,

50 2262 192 2305 speetans
209 2267 245 2297 ad
263 2269 503 2304 alienationem:
518 2274 619 2316 inqua
630 2276 774 2313 nifialiud
787 2283 922 2325 placuit,

49 2307 211 2338 venditori
228 2308 340 2340 sufficit
354 2312 423 2351 jure
440 2314 545 2354 civili,
567 2319 692 2350 tradere
705 2331 832 2355 vacuam
852 2335 923 2365 pos-

32 2344 211 2385 tscffionem
231 2359 240 2387 ;
270 2359 331 2382 nec
349 2354 427 2384 ultra
444 2361 580 2389 tenetur.
610 2360 707 2400 quid,
738 2362 757 2394 fi
781 2366 892 2399 addam
909 2392 918 2407 ‚

51 2395 312 2431 unumquemque
337 2397 531 2435 mancipium
548 2400 730 2434 morbosum
752 2413 805 2436 aut
823 2408 915 2439 vitio-

50 2426 115 2460 sum
133 2439 149 2460 a
167 2430 194 2461 se
213 2432 532 2470 lubenterdiiriittere
548 2441 577 2471 in
596 2450 802 2482 perpetuum:
817 2448 912 2488 idque

51 2477 87 2499 nt
104 2470 260 2513 obtineat,
285 2475 379 2507 etiam
399 2479 527 2511 morbos
551 2481 580 2512 ἃ
600 2484 674 2514 vitia
701 2486 910 2523 diffimulare?

51 2509 220 2555 deficiente
242 2515 379 2554 igiturin
407 2521 592 2553 venditione
616 2527 820 2569 providentia
836 2532 911 2570 juris

51 2551 169 2581 civilis:
190 2561 269 2592 opus
286 2566 351 2588 erat
368 2558 482 2592 Edifto
499 2562 663 2596 AEdilitio:

52 2599 134 2636 opus
144 2593 180 2636 ’in
198 2593 376 2638 locatione3
398 2601 448 2632 ubi
465 2603 533 2642 jure
550 2606 637 2638 civili
658 2607 843 2649 suppetebat
861 2624 910 2645 or-

50 2630 168 2663 dinaria
186 2642 225 2665 ex
243 2638 400 2672 conducto
417 2643 522 2683 atiio;
545 2655 605 2678 nec
623 2652 828 2684 metuendum
847 2664 914 2688 erat

47 2675 224 2718 pei-iculum
245 2679 362 2724 quoda
379 2685 563 2718 venditione
580 2689 758 2723 timebatur.
791 2696 910 2733 Aperui

46 2721 107 2744 iter
125 2715 242 2748 rectum
267 2719 304 2748 ad
329 2722 521 2758 intellectum
547 2730 574 2760 d.
595 2730 614 2761 l.
639 2735 690 2773 63.
715 2738 910 2771 contrarium

47 2757 153 2786 tenuit
176 2756 218 2788 D.
240 2758 385 2798 Cujacius
401 2763 445 2793 lib.
469 2775 512 2798 12.
532 2768 650 2810 Observ.
669 2783 693 2804 c.
709 2778 760 2815 38.

85 2796 226 2835 Sequens
244 2800 429 2834 deliberatio
447 2808 555 2851 eritde
573 2813 733 2847 intelleftu
750 2816 769 2848 l.
786 2821 837 2849 622
860 2821 905 2852 D⁰

43 2836 71 2868 h.
90 2842 111 2868 t.
130 2846 199 2877 quae
217 2839 262 2871 est
280 2850 319 2872 ex
334 2842 691 2887 lib⁴8.Differentiarum
711 2857 905 2900 Modestini,

41 2885 138 2918 atque
154 2880 227 2911 inde
243 2891 410 2922 acceptura
430 2887 539 2922 lucem.
557 2895 711 2935 principio
728 2900 770 2930 ait
788 2900 904 2933 Mode-

41 2918 157 2952 stinus:
180 2921 231 2952 Ad
246 2931 288 2953 res
304 2926 423 2957 donatas
440 2927 725 2970 EdiffltmAEdilz‘um
749 2941 904 2975 Curulium

40 2968 98 3005 vion
118 2963 259 3001 pertinere
281 2966 430 2998 dicendum
445 2967 494 3008 est.
518 2973 547 3004 &
565 2977 717 3011 rationem
734 2979 816 3014 hanc
835 2983 900 3015 sub-

37 3000 123 3042 jicit,
148 3002 262 3035 Etenim
278 3008 350 3046 quid
363 3008 393 3046 ſs?
410 3010 608 3050 restituturum
622 3020 742 3051 donator
758 3028 900 3062 repromit-

36 3042 75 3073 tit
90 3065 99 3081 ,
128 3047 243 3085 quando
264 3048 377 3079 nullum
397 3054 522 3090 pretium
544 3057 719 3091 interveniat
737 3062 754 3092 .9
785 3064 899 3098 Mode-

35 3082 133 3115 stinus
149 3086 203 3124 (ut
220 3086 385 3129 Inscriptio
403 3093 540 3134 indicat)
557 3096 635 3130 facta
654 3101 832 3136 differentia
852 3109 896 3138 in-

33 3132 83 3156 ter
103 3127 316 3161 venditionem
333 3140 392 3171 qua
410 3133 449 3164 de
465 3135 601 3176 loquitur
619 3140 764 3176 Edifium
789 3145 898 3180 AEdili-

28 3174 102 3239 uiri1²
114 3166 150 3238 n&
165 3168 369 3242 dIoInationein
386 3174 426 3208 de
441 3184 501 3217 qua
517 3187 580 3213 uon
598 3181 757 3226 loquitur,

98 3216 111 3238 0
131 3217 151 3240 3.
211 3232 219 3242 -

1788 121 1856 163 3:3³

982 187 1201 220 venditionem
1213 190 1243 222 in
1261 189 1361 223 Edisti
1378 195 1642 236 interpretatione
1654 199 1694 232 ad
1707 200 1854 245 donatiuo

981 237 1054 259 nem
1073 232 1272 262 extenditeo
1288 235 1375 272 quod
1392 235 1537 269 Ediftum
1551 238 1704 279 jubet,re
1720 243 1851 274 vendita

980 269 1019 298 ab
1044 279 1190 310 emptore
1216 274 1374 306 redhibita
1399 279 1442 308 ob
1468 280 1615 312 morbum
1639 291 1693 313 aut
1719 285 1850 322 vitium,

981 312 1119 349 emptori
1137 321 1247 343 contra
1265 314 1381 346 restitui
1401 321 1554 359 pretium,
1580 322 1610 353 ὁ(
1625 330 1693 363 quae
1711 333 1850 364 pretium

980 350 1168 392 sequuntur3
1192 363 1297 394 eoque
1314 360 1441 389 nomine
1457 361 1582 394 interim
1601 367 1705 396 caveri
1722 368 1811 399 1:28.
1828 366 1850 397 Z.

978 401 1027 427 29.
1045 392 1071 432 ς.
1095 402 1118 424 1.
1137 394 1156 424 l.
1176 404 1226 434 30.
1245 396 1290 426 λ’).
1311 397 1339 427 l).
1359 403 1379 427 t.
1407 401 1447 430 At
1472 402 1540 432 liaec
1556 406 1635 435 ratio
1650 407 1752 447 inquit
1774 407 1849 438 Mo·-

979 432 1116 466 destinus
1135 432 1229 468 cefl'at
1247 436 1276 466 in
1296 437 1489 473 donatione:
1516 444 1544 474 ὁ(
1557 446 1725 488 pi-aefatur,
1750 457 1850 489 quan-

978 474 1020 504 do
1045 484 1110 505 rem
1139 478 1284 508 donatam
1310 482 1406 518 gratis
1432 483 1520 513 dedit
1537 485 1674 518 donator
1693 512 1702 528 ,
1725 499 1848 522 meram

977 523 1132 547 exercens
1159 517 1377 552 liberalitatem
1396 545 1405 560 ,
1437 524 1513 555 nibil
1542 526 1623 565 esse,
1655 531 1740 568 quod
1766 532 1790 562 is
1816 531 1851 563 se

977 557 1143 590 don-aratio
1155 559 1311 590 redhibita
1331 571 1362 592 re
1380 564 1498 595 donata
1515 566 1726 602 restituturum
1739 581 1847 612 repro=

975 601 1091 628 mittat.
1108 598 1184 631 Non
1204 600 1248 631 est
1267 601 1362 641 igitur
1378 605 1407 635 in
1419 607 1591 638 donatione
1601 611 1689 641 caula
1706 613 1846 646 AEdilitii

974 637 1077 670 Editti
1097 649 1165 679 quae
1182 641 1273 674 estin
1290 645 1452 683 emptione
1470 647 1500 678 δε
1519 650 1724 685 venditione:
1750 664 1847 694 quan=

973 681 1016 712 do
1034 681 1065 711 in
1090 681 1187 713 altera
1204 683 1248 714 est
1265 688 1351 724 quod
1369 686 1590 726 redhibeatur,
1615 692 1645 722 in
1664 694 1761 725 altera
1779 705 1846 728 non

973 721 1027 752 est.
1078 722 1120 753 At
1149 725 1232 756 enim
1255 727 1359 764 potest
1385 737 1474 768 atque
1497 729 1526 760 in
1552 734 1723 765 donatione
1748 743 1845 776 atque

974 763 1004 794 in
1033 764 1221 796 venditione
1243 766 1305 798 esse
1336 769 1424 800 causa
1451 770 1583 804 AEdilitii
1608 773 1730 807 Edisti:
1751 776 1844 817 siqui-

975 805 1048 835 dem
1073 807 1224 838 venditor
1240 811 1375 848 emptori
1403 821 1464 842 non
1490 816 1590 845 modo
1613 824 1728 852 cavet.
1804 821 1837 851 ei

973 844 1189 877 restituturum
1215 851 1351 887 pretium
1378 853 1525 885 retibibiti
1551 855 1648 896 sei-vi,
1674 858 1726 890 sed
1742 860 1841 893 etiarn

970 887 1000 917 id
1031 895 1095 926 quo
1125 896 1252 927 emptor
1278 889 1400 923 servum
1431 894 1556 927 interim
1588 897 1704 930 fecerit
1730 902 1842 933 melio-

971 937 1056 966 rem,
1082 927 1228 968 impensis
1252 940 1309 971 pro
1333 934 1396 972 ejus
1423 935 1586 976 disciplina
1608 948 1661 970 aut
1685 941 1775 973 aliter
1792 943 1838 974 fa-

969 968 1026 999 etis
1067 970 1094 999 d.
1132 971 1150 1000 b.
1186 980 1234 1006 29.
1269 972 1298 1013 ἓ.
1332 984 1359 1014 3.
1398 977 1575 1018 eademque
1611 980 1708 1012 fuerit
1740 986 1839 1022 eequi-

968 1018 1015 1041 tas
1032 1010 1113 1041 facta
1130 1012 1323 1052 donatione,
1348 1016 1364 1046 si
1385 1026 1442 1056 pro
1468 1020 1590 1052 donato
1608 1023 1698 1053 servo
1716 1025 1836 1066 aliquid

967 1052 1109 1082 similiter
1134 1053 1327 1093 impenderit
1350 1058 1542 1092 donatarius.
1593 1062 1658 1094 Hic
1674 1065 1837 1106 scrupulus

967 1094 1152 1124 continetur
1180 1096 1226 1126 bis
1258 1095 1433 1130 Modeilini
1462 1103 1583 1135 verbis:
1608 1102 1692 1147 Quid
1705 1116 1789 1149 ergo,
1806 1107 1837 1146 ft

966 1143 1009 1163 res
1029 1136 1063 1164 ab
1078 1144 1124 1172 eo,
1148 1138 1195 1166 cuz·
1212 1139 1318 1169 donam
1334 1138 1372 1179 eft
1383 1163 1392 1178 ,
1415 1143 1511 1173 metior
1519 1144 1675 1183 frit‘ltasit?
1690 1151 1834 1190 numquid

965 1177 1070 1215 quanti
1098 1178 1159 1216 ejus
1185 1180 1235 1218 qui
1260 1180 1398 1211 inemori-m
1415 1183 1510 1222 fecit,
1543 1186 1675 1227 interest,
1711 1191 1833 1222 donator

970 1218 1183 1249 conveniatur?
1207 1219 1268 1250 Sed
1286 1221 1313 1251 in
1332 1231 1483 1262 promptu
1501 1226 1544 1257 cst
1569 1227 1641 1259 haee
1658 1230 1835 1264 Modestini

970 1258 1149 1297 responsio,
1174 1258 1262 1305 Qgtod
1279 1265 1394 1294 minime
1415 1267 1566 1298 dicendum
1590 1268 1645 1309 est:
1669 1281 1704 1302 ne
1720 1282 1748 1303 eo
1765 1275 1834 1309 casia

967 1298 1149 1330 liberalitatis
1164 1306 1231 1341 sirie
1259 1304 1378 1334 durzator
1395 1312 1511 1344 poariam
1530 1312 1675 1348 patiatur.
1717 1313 1832 1346 Sensus

968 1340 1143 1372 Modestini
1155 1364 1163 1380 ‚
1181 1343 1480 1386 animadvertentis,
1496 1349 1566 1380 haec
1582 1351 1644 1382 esse
1661 1353 1834 1392 diffiinnia,

968 1380 1030 1411 buc
1052 1383 1154 1415 redit:
1178 1386 1264 1427 quod
1288 1396 1352 1418 non
1375 1398 1506 1428 oportet
1530 1392 1747 1434 donatianum,
1780 1395 1837 1429 nisi

966 1423 1043 1454 velit
1068 1424 1207 1464 ingratus
1232 1428 1351 1465 videi-i,
1376 1429 1499 1468 sequius
1524 1434 1725 1475 interpretari
1749 1439 1837 1470 beni-

965 1465 1121 1504 gnitatem
1137 1467 1302 1499 donatoris
1320 1469 1358 1500 de
1369 1471 1502 1503 eobene
1518 1477 1632 1506 mereri
1651 1481 1836 1519 cupientis,

968 1505 1023 1536 etsi
1041 1515 1089 1537 res
1106 1506 1199 1538 alium
1221 1508 1367 1540 babuerit
1386 1521 1548 1545 eventum.
1568 1515 1671 1557 ltaque
1685 1517 1747 1557 (fic
1763 1529 1836 1559 per·

966 1546 1013 1586 git
1032 1546 1250 1589 Modestinus)
1263 1549 1355 1591 Eque
1371 1556 1417 1582 νος·
1429 1554 1566 1593 donetur,
1582 1557 1684 1596 net-effe
1693 1568 1750 1592 non
1759 1562 1836 1602 erit5

965 1597 997 1617 eci
1014 1591 1206 1628 repromittere
1222 1601 1283 1632 qtae
1299 1594 1330 1622 z'n
1348 1595 1430 1624 rebus
1446 1596 1595 1628 venalibus
1614 1598 1724 1631 AEdiles
1740 1609 1836 1642 repro·

965 1629 1044 1659 mitti
1054 1630 1164 1670 jubent,
1184 1631 1278 1665 Hoc:
1294 1633 1314 1664 si
1333 1634 1416 1666 bona
1434 1635 1497 1668 fide
1514 1637 1549 1668 sit
1560 1639 1695 1673 donatus
1713 1641 1834 1683 servus,

964 1679 1062 1710 quenl
1085 1672 1222 1704 donator
1247 1674 1331 1706 suum
1355 1675 1416 1708 esse
1442 1680 1575 1717 putavit.
1609 1681 1660 1713 sed
1677 1684 1778 1724 quid,
1799 1685 1833 1719 ,si

957 1712 1083 1746 ,alicnus
1101 1712 1207 1744 servus
1225 1724 1241 1746 a
1262 1715 1382 1749 sciente
1409 1719 1544 1752 donetur
1568 1722 1643 1754 dolo
1665 1726 1770 1764 malo,
1794 1726 1837 1759 is-

964 1761 1027 1792 que
1044 1763 1059 1784 a
1075 1755 1208 1786 domino
1232 1758 1417 1797 evincatur,
1442 1760 1607 1802 postquam
1626 1765 1781 1804 impensas
1800 1768 1836 1801 in

963 1803 1035 1825 eum
1046 1795 1339 1831 t'ecitdonatarius?
1356 1810 1420 1832 non
1442 1802 1566 1835 videtur
1576 1806 1715 1838 donator
1728 1808 1840 1841 libera-

962 1835 1084 1867 litatem
1101 1839 1273 1871 exercuiffe
1292 1850 1365 1882 erga
1392 1843 1608 1879 donatarium:
1633 1849 1731 1889 magis
1749 1850 1839 1882 dice?-

963 1883 1032 1915 tui·,
1049 1888 1121 1909 eum
1138 1880 1295 1920 decepisse
1313 1882 1419 1922 specie
1434 1887 1590 1919 amicitiae.
1609 1891 1744 1928 proinde
1761 1901 1838 1924 eum

961 1918 1001 1949 de
1019 1919 1095 1951 dolo
1120 1923 1219 1953 teneri
1243 1924 1282 1953 ad
1305 1923 1336 1956 id
1358 1927 1443 1965 quod
1461 1927 1588 1960 interest
1603 1930 1779 1971 donatarii,
1804 1933 1835 1965 se

961 1960 1132 2000 deceptum
1153 1972 1214 1994 non
1240 1963 1322 2003 effe,
1346 1969 1519 2000 commode
1543 1970 1651 2003 censet
1675 1971 1833 2014 Ulpianus

961 2010 1001 2031 ex
1023 2002 1177 2034 sententia
1208 2003 1366 2038 Labeonis
1392 2010 1411 2039 ι.
1442 2014 1485 2043 18.
1507 2010 1534 2052 §.
1555 2012 1606 2043 ult.
1628 2012 1667 2044 D.
1685 2015 1718 2045 de
1733 2016 1834 2048 donat.

961 2041 1062 2074 Mitto
1081 2045 1149 2076 bos.
1166 2044 1230 2085 ipse
1247 2047 1286 2077 sic
1304 2047 1565 2083 Modestinusd.l.
1579 2058 1629 2084 62.
1648 2054 1674 2085 h.
1697 2061 1716 2085 t.
1736 2056 1832 2096 Sane,

960 2083 1084 2124 inquit,
1102 2087 1135 2116 cle
1152 2088 1212 2117 dolo
1229 2089 1349 2119 donator
1362 2091 1486 2131 obligare
1495 2096 1528 2133 se
1548 2093 1670 2128 &debet
1691 2095 1828 2137 &splen

968 2134 1002 2154 rie
1019 2128 1093 2166 qnod
1111 2129 1230 2169 benigne
1247 2131 1399 2162 comittem
1410 2156 1417 2169 ,
1435 2133 1558 2171 fraudis
1581 2135 1693 2174 consilio
1710 2144 1832 2171 revocet.

968 2165 1071 2197 Vere:
1087 2167 1136 2199 sed
1154 2170 1272 2201 sensum
1292 2172 1456 2205 abscondit
1472 2176 1623 2215 loquendi
1642 2177 1764 2211 foi-ma:
1782 2181 1835 2212 Ne

959 2208 1082 2246 fraudis
1091 2209 1201 2247 corifiiio
1218 2213 1351 2244 revocet?
1368 2213 1610 2257 Meinterprcte
1621 2241 1631 2257 ,
1647 2221 1833 2261 accipienda

967 2258 1003 2279 ea
1022 2250 1144 2281 locutio
1163 2253 1223 2283 erit
1243 2256 1400 2294 perinde,
1424 2266 1460 2287 ac
1481 2257 1502 2289 fi
1520 2259 1658 2298 dicatur,
1683 2260 1736 2293 Ne
1750 2262 1837 2295 frau-

967 2290 1013 2321 dis
1034 2291 1163 2324 consilio
1186 2293 1220 2324 sit
1237 2295 1266 2325 in
1286 2295 1393 2335 causa,
1421 2306 1453 2328 ut
1469 2309 1649 2332 revocetur.
1673 2305 1760 2343 quod
1776 2304 1834 2337 mii»

966 2340 1017 2361 ror
1035 2341 1098 2363 non
1120 2333 1181 2364 effe
1198 2335 1400 2368 observatum
1417 2348 1433 2368 a
1448 2338 1528 2371 Viris
1546 2340 1670 2374 Dostis.
1693 2343 1756 2384 ipse
1775 2355 1833 2377 no-

967 2373 1029 2401 tavi
1049 2375 1124 2412 quid
1139 2374 1236 2407 simile
1257 2377 1344 2416 supra
1356 2378 1530 2412 fubTitulo
1549 2381 1594 2413 De
1610 2391 1709 2425 recept.
1728 2386 1765 2421 θ’
1779 2389 1832 2429 qui

960 2414 1062 2444 arbitr.
1080 2422 1167 2455 recep.
1186 2417 1292 2459 aciflri.
1309 2419 1339 2448 in
1356 2420 1556 2460 expositione
1573 2424 1593 2456 l.
1609 2435 1658 2466 39.
1674 2427 1743 2459 ibici.

997 2453 1059 2485 Sed
1077 2464 1224 2496 apparet,
1257 2458 1404 2492 Edictum
1429 2463 1519 2502 (nam
1550 2474 1589 2496 eo
1620 2468 1738 2509 redeo)
1764 2478 1832 2503 tan-

955 2534 1102 2567 EdiCtum
1119 2538 1240 2570 infinite
1259 2542 1416 2580 loquitur:
1435 2543 1487 2577 sed
1504 2532 1655 2588 Ulpianus
1671 2551 1690 2582 l.
1705 2561 1730 2584 1.
1747 2553 1777 2594 §.
1796 2564 1828 2596 3.

681 2577 745 2607 quo
763 2579 825 2601 non
844 2582 911 2605 crat
946 2576 1099 2616 sciendum
1109 2579 1178 2619 effe,
1197 2579 1317 2621 inquit,
1335 2583 1474 2617 Editfium
1495 2587 1545 2619 hoc
1562 2599 1618 2620 non
1629 2594 1771 2630 periinere
1786 2597 1826 2626 (id

956 2620 1132 2650 venditiones
1166 2620 1283 2660 filiales.

1341 2624 1550 2666 Exceptionis
1588 2629 1825 2668 firmamentum

957 2668 1021 2690 non
1040 2660 1126 2692 addit
1140 2656 1313 2703 Ulpianus:

1334 2665 1406 2706 sed,
1430 2670 1547 2709 credo,
1570 2674 1674 2706 movit
1691 2678 1826 2707 auetori-

957 2707 1001 2731 [εις
1018 2700 1110 2732 hatlae
1143 2702 1273 2737 fiscalis:
1296 2715 1391 2746 quam
1415 2719 1479 2742 non
1505 2714 1663 2754 convelli,
1695 2716 1824 2755 publice

955 2742 1030 2772 utile
1057 2743 1111 2774 est.
1155 2746 1202 2776 Sit
1232 2747 1327 2787 igitur
1357 2749 1421 2781 hoc
1433 2752 1482 2790 J'us
1499 2753 1660 2794 singulare.
1684 2757 1823 2797 ideoque

952 2781 971 2812 si
989 2784 1165 2822 respublica
1181 2787 1344 2828 municipii
1374 2791 1467 2823 faciat
1484 2797 1703 2827 venditionem
1715 2819 1724 2835 ‚
1744 2807 1825 2831 con-

951 2829 996 2853 tra
1013 2824 1053 2854 ait
1070 2824 1097 2865 §.
1115 2836 1142 2864 4.
1164 2827 1271 2860 locum
1296 2827 1472 2865 habiturum
1495 2834 1657 2867 Edictum:
1681 2837 1743 2868 fine
1768 2841 1826 2872 du-

950 2863 1003 2893 bio
1019 2874 1090 2904 quia
1107 2866 1299 2908 Respublica
1316 2871 1391 2904 solet
1409 2876 1452 2905 uti
1468 2876 1535 2915 jure
1557 2877 1769 2918 privatorum,
1788 2882 1822 2914 δε

950 2904 980 2935 in
998 2904 1111 2938 Edicto
1129 2918 1189 2941 non
1207 2913 1375 2952 excipitur.
1398 2917 1482 2947 idem
1501 2916 1600 2956 inquit
1620 2916 1772 2957 Ulpianus
1787 2922 1820 2964 §.

946 2955 977 2984 5.
1005 2947 1161 2981 observari
1186 2952 1216 2983 in
1239 2955 1444 2994 pupillaribus
1464 2958 1719 2992 venditionibus:
1746 2971 1820 2999 nam

946 2986 976 3017 in
996 2987 1042 3019 bis
1057 2998 1183 3032 quoque
1198 2993 1260 3025 effe
1275 2995 1388 3028 Edicto
1415 2999 1530 3041 locum.
1557 2998 1643 3038 Quid
1661 3000 1681 3031 si
1698 3001 1820 3044 simpla-

944 3027 996 3058 riae
1013 3029 1073 3067 sint
1091 3034 1314 3068 venditiones?
1338 3039 1529 3078 Pomponius
1555 3039 1573 3068 l.
1591 3045 1641 3078 48.
1660 3041 1687 3082 §-
1705 3048 1733 3078 8.
1749 3047 1776 3078 b.
1794 3052 1818 3081 t.

942 3067 984 3099 fic
1010 3071 1132 3105 scribit:
1158 3075 1381 3116 Sirnplnriczrurii
1404 3080 1601 3110 venditionum
1620 3090 1707 3121 caula
1730 3087 1819 3126 nesio

939 3111 1102 3153 redhibitio,
1115 3117 1211 3154 inusti
1221 3116 1269 3158 ‘'st-
1294 3120 1470 3157 Simplarias
1488 3129 1594 3152 autem
1613 3126 1818 3163 venditiones

942 3150 1075 3187 Budaeus
1100 3157 1161 3189 dici
1188 3168 1277 3199 putat
1293 3181 1302 3197 ,
1336 3161 1420 3198 quod
1445 3169 1502 3199 pro
1526 3161 1573 3193 bis
1598 3172 1662 3196 non
1687 3171 1816 3210 cogitur

782 3196 907 3235 negat,¹
940 3197 1090 3244 venditor
1106 3199 1137 3232 in
1153 3199 1239 3234 causa
1254 3198 1416 3232 evictionis
1427 3201 1556 3243 duplam
1578 3210 1819 3246 repromittere,-

1040 3235 1059 3267 Ἰ
1078 3247 1096 3278 9)
1752 3246 1816 3289 &ed
