2052 3487
204 179 274 212 160

205 267 229 297 ti
257 264 303 296 vel
333 264 442 293 contra.
479 262 547 297 quae
578 259 653 285 cum
683 251 773 284 omni
798 251 868 293 jure
891 251 1070 292 probetur:

207 306 285 347 quid
302 302 366 340 est,
390 309 444 331 cur
459 296 567 329 foenus
584 301 638 326 aut
661 291 782 333 Civili,
814 300 869 325 aut
893 292 1070 332 Gentium,

205 348 274 387 jure
299 339 541 383 improbandum
564 336 600 368 sit
616 336 635 368 ‘3
669 342 723 366 aut
749 344 806 366 cur
831 341 988 366 extraneo
1019 337 1072 366 cui

208 387 293 419 nulla
312 391 425 415 teneor
444 378 598 420 sanguinis
618 377 670 408 vel
692 377 883 408 meritorum
906 375 1074 408 neceffitu-

208 429 281 459 dine
297 449 308 465 ,
340 423 474 456 debeam
498 421 606 462 potius
629 418 802 460 gratuitum
825 418 970 458 pecuniae
994 427 1074 450 meae

808 157 1393 198 GERARD1NoonT

1113 248 1202 282 usum
1223 249 1411 292 indulgere,
1435 255 1530 289 quarn
1554 255 1679 290 operae,
1706 253 1800 289 quam
1818 249 1902 290 agri,
1923 258 1976 285 aui:

1115 292 1229 323 domus
1248 315 1259 331 ,
1295 299 1349 323 aut
1380 291 1609 332 cujuscumque
1641 289 1769 321 alterius
1807 293 1978 334 corporis,

1115 334 1203 379 quod
1218 342 1285 407 τέοη
1301 333 1398 374 magis
1420 331 1626 365 necess‘arium
1641 331 1719 363 mihi
1735 330 1791 379 sit,
1815 340 1909 372 quam
1923 343 1977 375 pe·

1116 383 1208 407 cunia
1455 388 1473 394 ..

889 537 1103 574 CAPUT
1155 536 1192 573 V
1236 536 1305 572 II.

212 636 449 687 Chrfflistomicm
481 647 533 686 pro
566 636 781 685 distinguenda
815 634 954 671 foenoris
978 633 1020 676 ἐξ
1046 634 1226 670 locationis
1252 641 1369 669 natura
1401 636 1464 669 tria
1488 633 1613 680 adferre
1641 640 1826 680 argumenta
1841 646 1856 677 ‚·
1889 644 1980 680 eaque

277 700 297 722 a
317 686 476 735 Franctsco
494 687 649 723 Hotmano
665 684 852 733 gravzffima
878 691 968 730 atque
985 683 1189 732 eruditi'ffiina
1206 683 1371 730 appellari:
1389 682 1451 730 sed
1463 685 1562 719 videri
1578 693 1689 729 parum
1707 684 1825 720 idonea.

208 792 329 869 Nisi
353 793 373 825 fi
391 793 520 834 placent
536 791 677 822 rationes
702 798 778 828 quas
806 787 1072 830 Clirysostomus,

316 834 381 866 five
400 836 468 874 quis
489 834 566 864 alius
585 832 714 870 auctor,
737 833 769 862 in
793 830 984 869 Matinaeum,
1009 838 1071 871 cap.

211 885 260 907 21.
284 875 378 906 homil.
396 880 445 914 38.
469 881 534 905 tom.
554 883 580 905 1.
602 880 675 913 oper.
701 872 806 912 Chrysi]
835 873 1071 913 omi‚pcig.907.

210 919 277 947 eiiii.
310 917 464 956 Parifiens.
498 917 576 956 apud
601 915 634 946 C.
656 914 772 946 Morell.
796 923 865 944 aim.
893 917 980 954 1636.
1014 923 1073 953 pro

210 958 345 988 foenoris
363 958 391 987 dt
417 958 586 988 locationis
606 955 786 987 differentia
808 954 914 986 adfert
941 955 989 986 his
1007 963 1075 986 ver-

210 1000 269 1029 bis.
313 999 420 1030 Adbuc
442 1000 513 1030 (licit
543 999 671 1039 aliquis:
702 998 752 1037 qui
780 1005 886 1037 agrum
909 995 1009 1035 locat,
1041 1001 1075 1026 ut

210 1042 358 1080 agrariam
383 1041 527 1080 recipiat,
557 1045 609 1070 aui
627 1040 740 1070 domum
754 1060 765 1076 ,
796 1042 828 1068 ut
841 1035 987 1077 pensiones
1004 1038 1075 1067 reci-

205 1084 294 1122 piat:
324 1092 394 1112 num
417 1080 455 1122 est
473 1079 578 1118 similis
600 1081 625 1110 ei
641 1082 691 1121 qziz'
701 1080 855 1120 pecuniam
880 1080 931 1109 dat
947 1079 984 1109 acl
1007 1082 1074 1119 usu-

211 1133 272 1153 ram
283 1123 300 1153 ‘?
325 1122 418 1161 Abfic.
438 1125 566 1163 primum
580 1122 711 1162 quidem,
728 1121 863 1167 quoniam
875 1121 1000 1160 pecunia
1017 1130 1075 1151 non

211 1167 249 1195 [ια’
264 1165 388 1205 aliquem
405 1168 488 1205 usum
503 1162 634 1204 disposita
650 1161 704 1202 eft,
721 1162 795 1200 sicut
812 1171 880 1203 ager
894 1162 940 1191 vel
956 1162 1073 1200 domus,

203 1206 256 1246 stul
272 1208 309 1236 acl
323 1207 450 1246 prelium
466 1207 574 1235 emendi
591 1204 638 1235 vel
653 1203 815 1245 vendenda
838 1203 987 1240 Secundo,
1000 1212 1076 1243 *quo-

209 1249 290 1278 mam
307 1247 359 1288 qui
373 1256 477 1288 agrum
494 1246 575 1277 habet
585 1253 668 1284 ,araz
688 1254 771 1282 eum,
783 1243 957 1283 &frustum
971 1245 1077 1284 accipit

211 1298 248 1319 cst·
271 1298 319 1319 eo.-
361 1284 475 1319 zm'i'liter
500 1287 536 1322 &2⁵
553 1288 605 1328 qtiz'
621 1288 734 1317 domum
757 1287 839 1316 habet
859 1308 868 1324 ‚
897 1290 981 1325 usum
997 1295 1077 1316 man-

206 1328 298 1368 fiom's
315 1330 392 1369 capit
406 1339 442 1360 ex
456 1338 496 1359 eci.
520 1329 579 1359 ideo
597 1330 648 1369 qui
665 1327 738 1358 locat
753 1336 856 1368 agrum
878 1326 924 1357 vel
942 1328 1076 1364 domum,

211 1371 295 1410 usum
318 1372 385 1401 dare
401 1371 537 1408 videtur,
561 1368 597 1404 {9⁹
612 1370 766 1410 pecuniaiiz
782 1369 907 1407 accipere
919 1389 928 1405 ‚
954 1367 990 1401 ὃ
1008 1377 1076 1408 quo-

212 1413 358 1443 dammodo
379 1410 463 1452 quasi
485 1417 656 1441 commutare
680 1411 797 1440 videtur
818 1408 930 1439 lucrum
953 1418 1016 1438 cum
1033 1408 1076 1438 lii-

213 1463 278 1485 ενοι
296 1455 449 1494 pecuniam
471 1457 568 1483 autem
577 1450 605 1489 fi
628 1450 777 1491 repofitam
798 1451 829 1480 in
842 1449 958 1489 sacculo
981 1455 1076 1480 teneas

211 1496 291 1536 apud
307 1502 334 1525 ze
349 1517 360 1532 ,
390 1493 502 1524 nullum
518 1498 603 1532 usum
625 1493 703 1532 capis
720 1501 758 1522 ex
775 1500 814 1521 eo.
860 1490 954 1521 Tertio
967 1513 977 1529 ,
1008 1500 1076 1532 ager

212 1537 259 1567 vel
285 1536 383 1566 domus
405 1535 509 1565 mendo
532 1535 708 1570 veterascit:
734 1532 859 1573 pecunia
884 1538 981 1562 autem
1010 1542 1074 1563 cum

200 1577 302 1617 fuerit
319 1582 475 1613 mutuata,
490 1584 540 1605 nec
556 1574 718 1608 veterascis.
764 1573 845 1605 Haec
863 1573 934 1604 ille:
958 1580 1054 1614 atque
1065 1597 1075 1612 ‚

211 1626 248 1649 ut
272 1616 440 1649 Francisco
467 1615 634 1647 Hotmano
655 1613 695 1646 V.
717 1614 777 1646 Cn.
801 1614 848 1645 De
861 1614 976 1654 foenore
999 1624 1023 1646 c.
1043 1624 1073 1656 3.

208 1666 278 1692 tom.
293 1668 323 1693 1.
345 1664 418 1699 oper.
436 1665 507 1699 pag.
523 1661 593 1692 802.
617 1656 764 1695 videtur,
788 1655 948 1687 luculenter
962 1665 997 1686 ac
1007 1657 1090 1696 pro:

203 1707 242 1744 pe
266 1701 419 1732 divinitus.
443 1698 484 1731 fic
500 1700 585 1730 enim
603 1698 765 1739 loquitur:
788 1706 825 1728 ac
840 1697 981 1728 rationes
998 1706 1075 1738 quas

206 1742 325 1783 allegat
353 1739 600 1783 chrysostomus
616 1763 628 1780 ,
655 1736 842 1782 gravz‘ffimas
864 1746 961 1779 atque
978 1741 1075 1770 erudi-

208 1782 331 1826 tzffimas
346 1783 496 1824 appellat.

249 1825 314 1857 Sed
329 1825 407 1857 milii
431 1824 537 1864 sedet,
562 1823 713 1865 tantisper
731 1820 922 1868 sequestrare
942 1821 1008 1862 ejus
1023 1830 1074 1852 au-

210 1866 392 1899 stoi-itatem
415 1866 607 1908 praejudicii‚
640 1873 738 1906 atque
760 1865 888 1895 interim
914 1872 980 1908 rem
1000 1872 1077 1909 cori-

211 1907 370 1942 siderare:
393 1916 428 1940 ut
447 1909 562 1947 decet,
593 1916 666 1939 cum
691 1915 802 1937 verum
828 1912 989 1946 quaeritur.
1014 1913 1075 1945 pri-

210 1959 316 1989 mum,
340 1951 427 1989 quod
444 1957 538 1990 negat
558 1947 802 1990 Chrysostomus
814 1968 823 1983 ‚
848 1946 1018 1987 pecuniam
1035 1955 1050 1976 a
1067 1987 1072 1991 ι

209 1992 349 2031 aliquem
368 1991 455 2023 usum
473 1991 580 2023 haberi
595 2014 606 2031 ,
637 1989 689 2021 sed
719 1989 757 2020 ad
782 1990 921 2029 pretium
946 1988 1075 2018 emendi

212 2033 266 2064 vel
297 2033 485 2073 vendendi3
521 2041 585 2074 quo
620 2031 793 2073 pertinet?
829 2038 868 2060 an
899 2037 1074 2075 nummus,

212 2074 267 2115 qui
291 2074 439 2106 inventus
464 2072 506 2105 est
525 2097 534 2113 ,
564 2081 600 2105 ut
624 2073 752 2114 publica
770 2080 807 2102 ac
833 2078 987 2111 perpetua
1011 2079 1075 2116 ejus

213 2114 378 2147 aestimatio
395 2116 667 2156 permutationum
687 2113 928 2146 difficultatibus
951 2120 1076 2157 quanti·

213 2157 287 2188 tatis
307 2158 489 2197 aequalitate
506 2156 706 2194 subveniret,
738 2155 860 2185 idcirco
885 2163 949 2184 non
968 2160 1076 2193 potuit

213 2199 308 2229 alium
326 2199 470 2237 recipere
492 2197 605 2228 usum?
625 2199 713 2237 atqui
734 2196 775 2228 fic
792 2193 978 2226 Aristoteles
997 2203 1076 2234 quo·

213 2248 277 2280 que
301 2238 423 2270 censuit
446 2237 494 2269 De
518 2238 661 2278 republica
684 2239 732 2268 lib.
755 2246 780 2268 1.
807 2247 831 2267 c.
851 2245 897 2267 10.
923 2236 997 2276 quid
1015 2258 1025 2273 ,
1055 2234 1077 2266 si

213 2281 323 2321 inepte
338 2280 355 2312 ‘2
387 2281 514 2318 quoties
537 2280 622 2310 enim
647 2278 757 2310 evenit
774 2301 784 2316 ‚
815 2285 851 2308 ut
875 2286 925 2308 res
947 2279 1076 2308 inventa

213 2325 253 2353 ad
273 2330 370 2353 unum
388 2322 504 2359 finem,
527 2321 644 2352 deinde
662 2321 757 2351 alium
783 2319 931 2349 admittat
946 2341 955 2356 ,
979 2318 1075 2349 etiam

212 2363 380 2396 meliorem
397 2363 414 2394 ’ἒ
445 2372 510 2393 non
539 2364 623 2393 enim
647 2362 728 2392 ratio
759 2360 881 2391 invenit
905 2360 1074 2400 pleraque3

213 2404 266 2435 sed
293 2404 481 2435 necessitas:
514 2413 573 2434 nce
596 2403 665 2434 liaec
688 2403 809 2443 optima
827 2401 990 2446 quaeqlivit,
1023 2400 1075 2431 sed

213 2445 381 2477 necessaria
397 2456 404 2476 ε
426 2454 575 2476 caeterum
592 2446 679 2476 rudia
700 2445 729 2474 ἃ
750 2453 844 2483 pnrva
862 2443 929 2473 ulus
949 2442 978 2473 <St
996 2449 1074 2472 tem-

213 2496 271 2527 pus
287 2486 464 2526 perfecere.
489 2495 548 2517 nec
563 2494 648 2524 erat,
671 2495 726 2516 cui·
747 2485 912 2525 sequentes
932 2484 1074 2523 repudia-

213 2536 285 2559 rent
303 2528 489 2566 utilitatem,
513 2527 533 2558 fi
551 2537 645 2568 quam
664 2536 746 2557 nova
768 2525 998 2570 demonstraret
1014 2533 1075 2570 ’oc-

213 2568 312 2606 casio,
337 2569 391 2600 etii
418 2569 574 2609 prioribus
597 2578 662 2600 non
687 2565 944 2599 animadversam.
976 2566 1019 2597 illi
1042 2575 1074 2596 e-

213 2611 280 2642 nim
308 2610 395 2650 quod
422 2609 474 2640 fibi
500 2610 577 2641 utile
595 2610 809 2647 intellexere3
839 2609 877 2638 azl
897 2608 968 2638 vitae
988 2606 1074 2638 usum

214 2651 388 2683 adhibuere
404 2661 412 2681 :
444 2660 507 2681 nori
528 2651 599 2690 quia
616 2660 680 2682 non
699 2650 761 2681 effe
777 2658 945 2690 oporteret
970 2649 1073 2680 aliud:

215 2692 269 2724 sed
293 2693 365 2731 quia
390 2700 454 2722 non
479 2692 659 2730 habebant,
690 2691 757 2732 ipso
776 2700 905 2731 quoque
930 2689 1029 2728 usui-i,
1052 2689 1074 2721 fi

215 2733 373 2765 vidissent.
397 2741 438 2763 eo
455 2732 548 2773 igitur
565 2740 694 2771 reperto
709 2756 718 2771 ‚
749 2732 832 2763 stulti
854 2732 909 2770 sit,
935 2732 1024 2770 quod
1040 2731 1074 2762 fi-

215 2776 247 2807 bi
272 2775 349 2806 utile
377 2773 407 2804 &
433 2774 553 2805 bonum
580 2773 642 2805 effe
668 2774 915 2811 animadvertit,
946 2782 1011 2804 non
1030 2772 1073 2804 se-

215 2816 289 2857 qui,
312 2823 502 2856 quamquam
519 2815 604 2845 duce'
625 2822 752 2852 natura,
785 2822 906 2845 tantum
929 2815 1000 2854 quia
1018 2824 1073 2845 no-

215 2867 290 2890 vum
307 2858 335 2888 &
354 2855 526 2887 Veteribus
544 2854 685 2887 invisum.
708 2854 841 2895 Optime
858 2856 978 2886 Seneca
993 2853 1071 2896 epist.

216 2910 264 2939 95.
289 2898 355 2930 Fuit
367 2896 431 2935 sine
455 2897 536 2927 dubio
554 2919 564 2934 ‚
593 2902 627 2926 uc
648 2898 764 2935 dicitis,
791 2904 875 2926 velus
897 2897 946 2927 illa
961 2896 1071 2937 sapien-

217 2945 258 2972 tia
280 2950 344 2971 cum
367 2940 490 2969 maxime
515 2937 633 2975 nascens
658 2938 764 2967 rudis:
794 2947 850 2968 tion
866 2939 962 2968 mimis
985 2948 1073 2979 quam

217 2989 319 3013 coeterae
346 2986 421 3011 artes
453 2988 577 3019 quarum
597 2979 628 3009 in
646 2977 774 3018 proceffii
794 2979 943 3016 subtilitas
969 2981 1072 3011 crevit.

215 3025 277 3055 Sed
296 3024 327 3054 in
351 3025 419 3061 jure
442 3020 473 3051 id
500 3019 652 3059 frequens
672 3018 725 3050 est.
750 3018 909 3050 aaronem
926 3021 1072 3060 negotio·

217 3074 284 3095 rum
309 3063 468 3103 gestorum
496 3061 594 3092 vide:
626 3061 692 3100 eius
717 3060 957 3090 introducendae
984 3061 1073 3092 causa

214 3104 294 3142 fuit,
326 3111 359 3135 ut
384 3102 475 3135 amici
500 3101 674 3133 absentium
699 3101 752 3140 qui
779 3101 876 3131 subita
900 3100 1074 3134 festinatio-

216 3155 256 3176 ne
281 3145 381 3175 contii
398 3167 407 3183 ‚
438 3153 571 3184 peregre
595 3141 731 3183 profeffi
749 3141 866 3179 efferit,
899 3141 974 3172 nulli
1000 3151 1073 3175 ante

217 3185 403 3217 demandata
423 3186 626 3225 negotiorum
643 3183 768 3216 suorum
785 3182 1070 3222 administratione,

217 3227 256 3257 ad
280 3235 314 3256 co
332 3224 443 3264 sponte
461 3226 651 3265 lul'cipienda
666 3225 874 3256 invitarentur
896 3223 924 3265 §.
946 3232 974 3254 1.
998 3223 1071 3264 Iasi.

217 3278 249 3299 aas
267 3267 485 3307 obligationibus
502 3277 564 3307 quae
580 3265 662 3308 quasi
684 3276 719 3298 ex
735 3264 884 3297 contrneizi
900 3265 1071 3306 nafisuntur,

1115 788 1135 820 l·.
1155 797 1183 819 1.
1203 787 1244 819 D.
1269 788 1303 819 de
1318 787 1440 829 negotiis
1451 785 1548 828 gestis.
1573 787 1593 819 fi
1612 787 1665 828 qui
1680 795 1787 820 tamen
1806 786 1910 827 aliqua
1927 795 1982 818 ne-

1116 829 1278 868 ceffitace‚
1301 829 1352 860 vel
1372 829 1439 868 ejus
1463 829 1639 869 suspicione
1655 851 1664 867 ,
1697 830 1736 860 ad
1755 838 1791 860 ea
1813 828 1981 868 suscipien-

1117 872 1156 902 da
1177 872 1282 911 urgeri
1306 870 1442 910 posiliit,
1476 870 1506 902 δι’,
1526 879 1582 910 per
1600 871 1659 902 lios
1677 871 1797 902 utiliter
1815 869 1905 911 *gesta
1923 868 1982 907 sint

1117 919 1269 953 negotia3
1295 912 1395 952 magis
1411 911 1472 942 ess'e
1494 913 1614 952 coepit,
1639 919 1674 943 ut
1695 913 1725 943 in
1742 911 1881 952 vipsorum
1902 920 1983 951 quo·

1118 962 1180 993 que
1204 952 1346 993 personis
1369 953 1480 986 locum
1512 953 1673 994 acciperet
1699 955 1904 994 negotiorum
1929 961 1982 993 ge-

1117 994 1236 1026 storum
1268 994 1376 1025 actio:
1408 994 1541 1034 perinde
1570 1004 1607 1025 ac
1630 993 1650 1025 fi
1675 994 1726 1026 sua
1745 995 1860 1034 sponte
1881 995 1918 1026 ad
1944 1003 1983 1025 ea

1117 1035 1274 1067 venissent
1296 1037 1316 1067 ι.
1333 1043 1362 1075 3.
1386 1035 1415 1076 §.
1436 1044 1483 1067 io.
1506 1036 1525 1067 l.
1547 1044 1592 1071 19·
1628 1035 1656 1076 ὃ.
1681 1045 1709 1068 2.
1741 1035 1784 1068 D.
1806 1038 1839 1067 de
1860 1035 1982 1076 negotiis

1114 1075 1211 1119 gestis.
1235 1077 1316 1108 adeo
1340 1084 1474 1114 attinet,
1497 1079 1585 1118 quod
1606 1076 1728 1114 Varro,
1751 1078 1800 1108 lib.
1815 1087 1844 1117 7.
1864 1075 1911 1108 De
1927 1077 1983 1107 lin-

1113 1129 1177 1160 gua
1199 1118 1312 1150 Latina
1329 1141 1337 1156 ‚
1366 1125 1435 1159 pag.
1456 1121 1506 1158 64.
1532 1117 1639 1149 scribit
1656 1141 1666 1156 ,
1696 1118 1893 1161 Quaecumque
1913 1118 1981 1157 usus

1117 1160 1202 1200 causa
1227 1161 1265 1191 ad
1291 1161 1385 1190 vitam
1406 1166 1483 1199 sunt
1513 1159 1681 1200 affumpca,
1718 1170 1750 1191 in
1781 1161 1839 1190 heis
1866 1160 1980 1191 utilita-

1117 1207 1172 1232 tem
1207 1210 1331 1242 quaerere
1345 1224 1355 1239 ,
1401 1210 1458 1231 non
1489 1199 1719 1238 fimilitudiizem.
1771 1200 1875 1239 Item,
1911 1201 1983 1232 Pro·

1113 1248 1180 1283 pter
1196 1243 1351 1273 utilitatem
1364 1244 1394 1273 in
1409 1243 1467 1273 heis
1481 1240 1736 1282 dffliiziliiudiizeiii
1752 1244 1869 1283 potius,
1894 1251 1982 1283 quam

1112 1282 1319 1322 fimilitudines
1338 1284 1506 1324 sequamur.
1550 1283 1702 1323 Negotiis
1729 1284 1824 1324 gestis
1847 1285 1928 1315 adde
1953 1292 1984 1314 a-

1120 1324 1348 1365 quaeducluni:
1383 1325 1472 1365 cujus
1502 1324 1575 1356 finis
1609 1324 1671 1356 fuit
1700 1334 1848 1366 agrorum
1878 1325 1984 1366 irriga-

1121 1368 1178 1397 tio.
1214 1366 1278 1396 hoc
1312 1373 1417 1397 tamen
1442 1367 1511 1404 J'ure
1544 1367 1684 1405 utimur,
1717 1375 1752 1398 ut
1789 1367 1883 1398 etiam
1916 1375 1985 1398 non

1122 1409 1160 1437 ad
1185 1406 1375 1448 irrigandum
1394 1430 1404 1445 ‚
1433 1406 1486 1438 sed
1515 1409 1641 1446 pecoris
1664 1408 1753 1439 causa
1770 1430 1780 1447 ,
1816 1409 1867 1439 vel
1889 1416 1986 1439 amoe-

1119 1450 1245 1486 nitatis,
1268 1458 1347 1488 aqua
1370 1449 1441 1480 duci
1467 1449 1560 1489 polilt
1583 1449 1601 1480 l.
1618 1459 1648 1489 3.
1673 1448 1709 1483 ὅ)
1731 1449 1750 1481 l.
1769 1459 1796 1481 1.
1820 1449 1850 1491 §.
1868 1458 1915 1481 11.
1938 1448 1986 1483 D.

1119 1491 1152 1520 de
1183 1499 1260 1530 aqua
1282 1491 1452 1531 quotidiana
1475 1490 1511 1525 δ’
1534 1488 1642 1531 (estiva.
1688 1489 1777 1533 Quid
1811 1499 1914 1522 nicam
1942 1492 1984 1522 de

1118 1531 1278 1562 bonorum
1317 1531 1505 1572 poll'effione
1537 1540 1649 1564 contra
1685 1532 1807 1563 tabulas
1830 1532 1847 1564 ἱ)
1887 1541 1985 1573 quam

1117 1572 1241 1604 Praetor
1267 1573 1390 1604 invenit
1422 1573 1453 1604 in
1480 1574 1611 1614 gratiam
1643 1574 1917 1614 emancipatorum
1949 1573 1985 1605 li-

1118 1614 1269 1645 berorum
1288 1637 1297 1653 ,
1331 1613 1353 1645 fi
1385 1623 1465 1654 quos
1487 1614 1686 1655 praeteriiffet
1712 1623 1811 1656 pater.
1835 1614 1985 1655 perrefita

1119 1662 1222 1686 tamen
1248 1654 1293 1687 est
1317 1656 1356 1687 ad
1379 1655 1449 1686 suos
1466 1678 1477 1694 ,
1507 1657 1717 1695 permittente
1743 1657 1878 1688 utilitate
1908 1657 1927 1687 l.
1950 1666 1985 1695 4.

1119 1696 1152 1727 C.
1178 1699 1212 1727 de
1228 1696 1323 1728 liberis
1336 1698 1501 1737 praeteritis.
1544 1698 1612 1737 Jam
1636 1697 1730 1729 vestis
1749 1698 1879 1729 inventa
1900 1697 1987 1736 fuit,

1117 1746 1153 1768 ut
1178 1745 1322 1778 tegeret3
1353 1747 1419 1770 non
1436 1746 1472 1770 ut
1489 1746 1643 1770 ornaret:
1675 1739 1810 1777 domus,
1839 1746 1875 1770 ut
1899 1746 1985 1770 tute-

1117 1779 1179 1810 lam
1201 1779 1386 1820 praeberet3
1418 1789 1482 1811 non
1507 1786 1542 1811 ut
1566 1780 1726 1820 voluptati
1750 1779 1838 1812 effet.
1870 1781 1914 1811 ait
1937 1788 1984 1812 ta—

1118 1830 1191 1851 men
1218 1821 1319 1852 Varro
1342 1822 1370 1851 d.
1391 1820 1438 1851 lili
1458 1831 1487 1861 7.
1518 1828 1587 1862 pag.
1608 1824 1659 1862 65.
1690 1821 1764 1853 Non
1784 1821 1876 1857 lblum
1895 1819 1982 1862 ‹vesti-

1118 1863 1143 1892 ti
1159 1861 1209 1902 effe
1227 1861 1380 1901 volumus,
1402 1868 1437 1893 ut
1452 1864 1577 1894 vitemus
1592 1863 1695 1903 frigus
1709 1886 1719 1902 ,
1734 1863 1787 1903 sed
1808 1865 1914 1901 etiam,
1946 1867 1982 1895 ut

1117 1904 1270 1934 videamur
1288 1900 1385 1945 vestiti
1410 1903 1462 1944 effe
1484 1901 1594 1944 honeste
1610 1915 1620 1935 :
1648 1914 1707 1935 non
1725 1905 1838 1936 domum
1858 1905 1982 1944 hahere,

1118 1950 1150 1975 ut
1159 1943 1252 1982 fimus
1265 1946 1297 1975 in
1314 1943 1384 1975 ιεὲἶο
1398 1944 1435 1980 &²
1453 1951 1514 1976 tuto
1526 1945 1642 1986 solum,
1664 1947 1740 1986 quod
1754 1944 1900 1986 neceffitas
1914 1955 1982 1978 con-

1118 1987 1255 2024 trasistit,
1271 1989 1324 2026 sed
1342 1987 1428 2017 eiiam
1445 1988 1495 2018 ubi
1511 1987 1645 2026 voluptas
1663 1988 1782 2018 retineri
1793 1986 1884 2029 poffic.
1923 1988 1982 2019 At-

1118 2035 1181 2067 que
1203 2035 1237 2058 ut
1261 2028 1460 2067 voluptatem
1482 2029 1625 2060 mittam:
1648 2030 1718 2068 quis
1735 2030 1839 2067 dicat,
1858 2028 1982 2061 vestem

1118 2069 1298 2107 inventam,
1321 2076 1356 2100 ut
1375 2070 1512 2101 reditum
1533 2069 1588 2100 det
1601 2069 1619 2101 3>
1648 2069 1755 2110 potest
1773 2078 1879 2102 tamen
1894 2071 1984 2103 loca-

1118 2110 1142 2141 ri
1166 2109 1280 2149 vestis3
1303 2110 1333 2142 &
1357 2120 1397 2142 ex
1420 2120 1457 2141 ea
1475 2120 1616 2150 merceS,
1640 2110 1722 2151 quasi
1745 2110 1885 2150 fructus,
1908 2121 1982 2152 per-

1119 2151 1181 2190 cipi
1204 2151 1223 2182 l.
1246 2161 1290 2188 19.
1317 2151 1358 2183 D.
1387 2153 1419 2182 cie
1444 2153 1548 2191 usuris.
1581 2151 1610 2193 §.
1629 2163 1656 2192 5.
1688 2150 1762 2193 Infl.
1787 2154 1820 2183 de
1844 2153 1982 2184 locatione

1119 2191 1156 2227 ὅ)
1172 2192 1366 2224 εοηάιισῖἰοηε.
1407 2194 1470 2224 Sed
1487 2202 1547 2224 nec
1566 2193 1680 2225 domus
1702 2194 1830 2225 inventa
1854 2194 1918 2233 est,
1942 2202 1980 2226 ut

1119 2234 1263 2265 locetur:
1287 2235 1316 2265 <St
1335 2242 1458 2273 tamen,
1478 2234 1499 2266 fi
1517 2236 1615 2266 domo
1630 2244 1696 2267 non
1715 2244 1790 2276 eget
1808 2235 1976 2274 dominus,

1119 2276 1195 2316 quid
1219 2276 1250 2306 ni
1277 2275 1364 2306 locet
1388 2285 1456 2307 carn
1480 2285 1541 2316 qua
1569 2285 1677 2307 carere
1704 2276 1810 2317 potest
1827 2275 1845 2307 ?
1875 2276 1980 2309 Fundi

1119 2325 1251 2357 quoque
1268 2318 1443 2356 comparati
1463 2316 1552 2356 sunt,
1569 2326 1603 2348 ut
1620 2317 1839 2356 serantur,aut
1853 2317 1979 2359 pascan-

1119 2366 1187 2390 tur:
1213 2367 1276 2389 noii
1295 2381 1305 2397 ,
1339 2367 1373 2389 ut
1390 2358 1546 2390 locentur.
1571 2359 1647 2399 quid
1663 2382 1672 2397 ‚
1704 2358 1725 2390 fi
1748 2360 1895 2391 dominus
1919 2369 1977 2391 eos

1118 2398 1285 2430 conserere
1304 2408 1357 2429 aut
1375 2400 1502 2439 pascere
1520 2400 1624 2438 nolit,
1647 2407 1783 2432 autnon
1803 2400 1915 2441 poffit;
1938 2409 1978 2432 an

1118 2441 1284 2481 peccabit,
1308 2440 1329 2471 fi
1344 2441 1410 2472 aliis
1424 2442 1528 2480 locet,
1553 2442 1583 2472 ἃ
1606 2440 1774 2482 pensiones
1794 2452 1853 2483 pro
1870 2441 1978 2473 fruffilti-

1117 2482 1177 2513 bus
1194 2481 1355 2521 accipiat?
1380 2482 1445 2513 hoc
1463 2492 1541 2514 vero
1560 2483 1707 2522 quotidie
1725 2483 1780 2522 fit,
1810 2484 1898 2515 nullo
1922 2486 1980 2515 im·

1118 2523 1284 2563 probante.
1309 2523 1391 2554 adeo
1418 2522 1597 2562 frumenta,
1628 2533 1743 2564 poma,
1775 2523 1918 2563 foenum,
1943 2524 1975 2555 &

1117 2564 1242 2603 similia,
1274 2573 1313 2595 ex
1339 2563 1443 2596 fundo
1466 2573 1638 2605 percepta,
1671 2566 1827 2596 naturales
1851 2565 1974 2597 fructus

1117 2606 1333 2646 appellantur:
1356 2605 1407 2637 sed
1424 2606 1588 2645 pensiones
1604 2606 1785 2638 locatorum
1800 2606 1978 2638 fundorum

1116 2655 1226 2678 natura
1245 2648 1374 2687 quidem
1391 2657 1457 2678 non
1474 2647 1543 2678 sunt
1564 2647 1704 2686 frustu83
1729 2647 1780 2679 sed
1805 2649 1891 2679 civili
1905 2648 1976 2688 jure

1116 2698 1175 2729 pro
1193 2687 1348 2719 fructibus
1373 2688 1530 2719 habentui·
1551 2688 1570 2719 l.
1588 2692 1639 2720 62.
1662 2688 1705 2720 D.
1724 2690 1757 2719 cie
1779 2690 1820 2720 rei
1839 2690 1973 2720 vindica-

1116 2731 1201 2761 tione.
1225 2730 1246 2761 l.
1264 2739 1312 2766 29.
1337 2728 1379 2760 D.
1405 2730 1437 2760 cie
1459 2730 1624 2761 hereditatis
1635 2731 1782 2771 petitione,
1822 2729 1858 2762 In
1878 2739 1976 2772 pecu·

1114 2771 1166 2803 nia
1186 2780 1242 2802 cur
1259 2771 1342 2802 aliud
1359 2770 1525 2802 dicemus?
1550 2771 1636 2802 esto:
1658 2781 1722 2803 non
1738 2771 1773 2803 fit
1788 2771 1919 2803 inventa
1935 2772 1975 2804 ad

1115 2812 1221 2850 usum;
1244 2811 1294 2844 sed
1311 2820 1345 2843 ut
1363 2811 1399 2843 sit
1416 2813 1552 2852 pretium
1571 2813 1616 2844 rei
1632 2821 1748 2852 emptae
1768 2813 1798 2844 dt
1814 2813 1975 2846 venditae:

1116 2864 1153 2885 an
1180 2863 1245 2885 nou
1271 2853 1368 2885 debet
1385 2853 1459 2884 ideo
1483 2854 1522 2885 ad
1543 2853 1630 2885 usum
1652 2854 1823 2894 adhiberi,
1854 2855 1876 2886 fi
1901 2855 1972 2895 quis

1116 2896 1181 2936 ejus
1199 2895 1260 2926 effe
1277 2893 1393 2934 poffit‘?
1425 2895 1491 2926 imo
1513 2895 1619 2935 probo
1635 2919 1645 2935 ,
1676 2897 1763 2936 quod
1785 2895 1974 2936 Papinianus

1114 2939 1141 2968 d.
1167 2937 1186 2968 l.
1202 2940 1252 2968 62.
1278 2936 1442 2976 respondit
1458 2959 1468 2974 ‚
1500 2936 1621 2968 usuram
1647 2946 1712 2968 non
1733 2946 1842 2968 natura
1860 2945 1975 2976 perve-

1114 2979 1203 3017 nire,
1227 2977 1279 3008 sed
1294 2977 1362 3017 jure
1385 2978 1518 3018 percipi.
1541 2987 1731 3019 quamquam
1753 2986 1814 3010 nec
1835 2977 1975 3009 animad-

1117 3027 1229 3058 verto,
1253 3028 1310 3049 cui·
1330 3020 1465 3058 pecunia
1482 3028 1548 3051 non
1562 3019 1600 3051 fit
1615 3020 1655 3051 ad
1673 3019 1759 3051 usum
1781 3017 1973 3050 constituta:

1116 3070 1211 3101 quam
1235 3060 1446 3092 concedimus
1473 3059 1635 3093 inventam
1659 3060 1722 3092 esse
1739 3059 1777 3090 ad
1793 3058 1972 3092 aestimatio-

1115 3112 1189 3134 nem
1220 3103 1424 3133 emendarum
1456 3109 1493 3132 ac
1525 3102 1761 3134 vendendarum
1783 3109 1897 3133 rerum.
1932 3110 1972 3133 an

1116 3152 1180 3175 non
1205 3143 1249 3174 est
1265 3143 1302 3174 ad
1321 3141 1405 3174 usum
1424 3151 1605 3184 comparata
1622 3140 1773 3183 quarmihi
1789 3141 1866 3174 licet
1883 3143 1972 3182 quod

1115 3184 1191 3216 mihi
1209 3185 1288 3216 utile
1302 3183 1356 3222 fit,
1380 3193 1486 3215 emere
1504 3185 1661 3223 vendere,
1684 3183 1791 3214 locare
1808 3184 1969 3215 conduce-

1114 3235 1167 3262 re,
1192 3226 1314 3257 lucrum
1338 3226 1477 3263 denique
1498 3224 1625 3256 facere:
1649 3232 1762 3264 quam,
1792 3222 1814 3254 fi
1831 3224 1896 3266 ipse
1914 3233 1970 3257 no-

1115 3266 1169 3298 lim
1185 3267 1360 3308 negotiari,
1383 3265 1494 3307 possim
1512 3266 1587 3297 dare
1603 3264 1708 3304 socio,
1729 3264 1803 3306 quia
1819 3275 1855 3297 ea
1873 3274 1971 3306 nego-

1914 3316 1971 3338 tie·
