2036 3495
416 140 480 175 An
507 139 589 174 Lm.
617 134 681 173 IV.
717 133 815 170 T1T.
844 134 902 169 IX.
931 135 1064 176 Ncizitae,
1091 143 1254 180 caupones,
1271 132 1465 180 stabularii,
1495 129 1563 172 &a

87 232 332 273 interpretatur,
354 238 515 269 caupones
535 225 613 264 effe,
631 225 684 265 qui
702 225 883 265 patiuntur,
900 223 961 254 via-

87 284 174 307 tores
192 275 222 305 in
246 281 389 312 caupona
412 279 556 302 manere:
580 269 609 299 1d
639 265 702 303 est,
726 265 914 305 pernoctare
932 265 960 295 dt

86 317 220 348 cubare:
247 323 279 345 ut
305 314 386 353 apud
409 310 597 343 Suetonium
621 307 704 348 Julio
720 317 744 337 ε.
760 316 809 347 39.
828 303 959 351 Angusto

85 368 110 389 c.
128 367 176 397 72.
197 357 290 395 Culig.
311 364 334 385 c.
352 364 401 395 55.
422 353 450 385 δι
468 359 556 383 notat
575 348 739 381 Salmasius
759 351 796 378 ad
809 348 959 387 Capitoli-

85 408 162 430 num
180 398 227 428 M.
240 396 381 427 Antonin.
403 394 559 433 Philosoph.
573 401 595 421 c.
615 397 680 436 73p.
694 399 764 430 315-
778 389 887 436 ‘Porro
907 397 957 418 vo·

76 446 139 471 'cat
156 437 253 478 Gaius
269 436 470 473 stabularios,
483 442 535 472 qui
548 438 739 469 permittunt
751 455 758 469 ‚
774 438 914 471 jumenta
929 438 959 460 a-

84 482 150 521 pud
170 479 200 510 se
217 477 367 509 stabulari.
384 485 478 515 atque
494 476 535 506 ita
546 473 698 505 stabulum
712 473 866 518 accipitur
879 472 887 501 l
901 479 957 516 ⁴13.

86 523 118 553 in
129 520 191 561 fine
209 520 248 550 D.
273 520 305 549 de
326 516 491 558 usufrubiu.
517 523 707 556 quamquam
732 514 804 544 alibi
832 516 960 543 lumrtur

89 572 147 602 pro
173 560 329 593 mansione
357 559 537 594 hominum,
563 557 593 587 id
611 556 674 594 est,
700 565 757 595 pro
784 553 958 586 diversorio

87 603 139 635 seu
153 611 314 641 caupona:
333 607 368 630 ut
386 607 508 630 notum.
524 599 585 629 Sed
604 596 656 628 hic
674 598 914 637 distinguuntur.
930 603 946 624 a

86 644 208 684 lioquin
225 650 385 680 caupones
402 641 432 671 ἃ
449 639 649 676 stabularios,
666 638 795 670 auctore
809 636 957 676 Ulpiano,

88 695 178 725 aeque
194 683 385 723 accipiemus
396 691 452 713 eos
471 681 522 722 qui
539 689 716 720 cauponam
738 680 787 710 vel
807 678 958 709 stabulum

86 733 257 762 exercent,
275 724 476 754 institoresve
488 732 609 753 eorum.
626 730 774 752 caeterum
786 744 794 757 ,
812 719 830 750 fi
848 721 914 758 quis
926 727 959 748 0-

86 776 159 808 pera
176 765 350 797 mediastini
368 764 528 805 fungitur,
549 773 612 794 non
633 764 833 794 continetur:
854 769 887 791 ut
904 769 958 800 pu·

86 817 117 840 ta
136 807 248 838 atriarii
268 806 297 838 ἃ
314 805 424 837 focarii
437 829 445 843 ,
463 805 491 836 ὅ(
505 806 551 836 his
570 805 682 836 ssmiles
698 805 716 835 ι.
738 812 761 834 ι.
779 801 806 843 §.
828 812 856 842 5.
874 802 899 831 h.
922 807 940 830 t.

129 849 255 880 Deinde
282 847 324 878 ait
350 847 490 884 Praetor,
515 845 602 891 Quod
617 846 755 886 cujusque
766 844 881 882 salvum
897 843 957 878 fore

82 891 245 932 receperint.
273 889 433 925 Verbum,
452 888 556 934 Qgcott,
580 886 731 926 Ulpianus
747 887 775 916 d.
793 884 812 915 l.
839 893 861 914 1.
881 883 908 924 §.
927 886 956 913 6.

85 932 121 967 ὅ)
139 942 167 972 7.
200 931 333 971 exponit
358 938 593 970 quamcumque
611 938 697 966 rem,
720 928 955 972 ssve-mercem.

83 975 224 1013 indeque
242 971 303 1003 effe
320 971 481 1011 quaefitum
500 971 560 1009 ait,
579 969 597 1001 si
616 970 691 1010 quid
703 969 730 999 ei
751 977 792 998 rei
805 966 867 998 five
879 975 957 996 mer·

84 1016 113 1046 ci
140 1014 290 1050 accedat,
316 1021 390 1054 puta
413 1012 635 1044 vestimentum
658 1019 712 1041 aut
730 1008 906 1054 fimile,ssad
925 1017 956 1038 u-

84 1056 151 1087 sum
168 1055 387 1096 quotidianum
409 1054 474 1094 ejus
491 1055 542 1094 qui
561 1054 590 1084 in
610 1061 690 1083 nave
706 1051 759 1090 iit,
783 1056 959 1094 pertinens:

85 1107 123 1129 an
137 1097 199 1128 hoc
214 1105 342 1137 quoque
353 1106 392 1126 eo
404 1095 502 1126 verbo
512 1092 737 1125 contineatur?
754 1099 878 1138 poterat
890 1099 960 1137 quis

86 1147 219 1180 putare,
241 1137 306 1169 hoc
330 1147 392 1168 non
412 1137 581 1167 contineri.
606 1135 759 1175 primurn,
783 1142 855 1173 quia
875 1140 959 1162 navi·

89 1189 140 1212 um
160 1179 229 1211 usus
248 1179 344 1219 magis
363 1179 400 1209 ad
419 1178 590 1215 mercium,
608 1184 700 1216 quam
716 1176 754 1205 ad
773 1173 903 1205 vestium
925 1172 957 1204 fi.

86 1221 385 1258 miliumvererum,
397 1218 662 1250 transvectionem
675 1223 886 1255 comparatur.
905 1215 958 1244 de-

86 1262 162 1294 inde
189 1261 272 1293 nulla
298 1261 432 1292 debetur
451 1260 576 1291 vectura
597 1267 697 1289 rerum
716 1266 784 1296 quae
802 1256 959 1286 accedunt

86 1312 270 1335 caeterarum
294 1311 397 1333 rerum
423 1300 597 1332 locationi:
621 1299 766 1344 iniquum
779 1306 884 1328 autem
902 1296 956 1334 fit,

86 1345 123 1377 ad
141 1352 266 1376 nautam
283 1352 450 1384 pervenire
467 1341 706 1373 incommodum
723 1349 767 1370 rei
785 1348 870 1378 cujus
890 1338 955 1382 nul-

84 1386 149 1418 lum
174 1385 270 1416 habet
287 1384 505 1415 commodum.
546 1382 607 1413 Sed
625 1382 696 1421 quia
712 1380 868 1421 generalia
888 1380 957 1410 lunt

83 1426 188 1459 Euien
203 1425 297 1457 verba
307 1449 316 1464 ‚
327 1425 425 1467 magis
436 1424 594 1462 obtinuit,
612 1424 654 1455 eis
667 1432 729 1454 uon
743 1430 863 1453 tantum
876 1430 956 1452 mer·

86 1475 160 1506 ces,
175 1467 225 1499 sed
238 1476 351 1498 caetera
369 1467 463 1498 etiam
480 1475 549 1506 quze
561 1468 598 1496 ad
617 1474 666 1496 eas
679 1465 851 1501 accedunt,
868 1471 956 1493 com·

85 1509 253 1551 prehendi.
284 1518 324 1540 eo
344 1509 454 1549 magis:
478 1509 550 1547 quia
573 1507 760 1547 plerumque
778 1503 822 1536 est
844 1505 956 1535 eadem

89 1549 249 1582 accessorii
268 1550 345 1581 ratio
365 1559 432 1589 quae
452 1548 496 1580 est
521 1547 712 1588 principalis.
738 1546 807 1577 sane
824 1547 853 1577 in
871 1555 957 1576 corn-

88 1592 222 1623 modato
246 1590 445 1631 responsum,
462 1589 634 1621 custodiam
663 1598 678 1619 a
704 1587 957 1632 commodatario

89 1631 293 1673 praestandam
307 1641 371 1662 non
389 1633 417 1662 in
435 1641 467 1662 re
485 1632 688 1662 commodata
704 1630 844 1666 tantum]
863 1629 957 1660 sedin

91 1683 129 1705 ea
145 1682 274 1713 quoque
298 1682 367 1712 quae
391 1681 459 1703 eam
485 1672 623 1711 sequitur
639 1672 657 1702 l.
680 1682 702 1710 ς,
720 1670 747 1712 ᾗ,
768 1680 796 1707 9.
816 1670 856 1701 D.
876 1670 957 1701 Corn·

92 1716 209 1746 medati.
234 1714 309 1754 quid
328 1715 355 1744 ni
374 1714 467 1754 igitur
484 1714 565 1744 idem
588 1720 733 1754 putemus
751 1714 779 1743 in
799 1711 957 1752 recepto?

93 1755 167 1796 quin
195 1755 213 1786 si
241 1764 306 1786 rem
332 1755 522 1795 spectamus:
547 1764 649 1785 nautae
674 1754 736 1785 hoc
760 1753 872 1784 Edicto
891 1762 956 1784 non

93 1805 242 1828 tenentur
265 1797 308 1827 ob
327 1797 505 1827 mosceti-:m
535 1796 754 1832 vessuramve;
778 1794 829 1826 sed
845 1794 888 1826 ob
909 1804 954 1825 re-

93 1846 233 1878 ceptum.
257 1845 446 1877 receperunt
463 1846 565 1868 autem
578 1861 586 1876 ‚
604 1837 714 1868 salvam
732 1836 802 1867 fore
820 1845 883 1867 non
902 1836 958 1867 mi-

90 1889 149 1910 nus
176 1889 241 1910 rem
264 1878 484 1916 accessuri-am,
509 1886 599 1919 quam
625 1878 840 1918 principalem.
864 1878 959 1918 igitur

92 1921 179 1959 quod
198 1924 236 1951 de
252 1921 399 1950 mercede
415 1928 467 1950 aut
486 1920 611 1951 vectura
628 1928 738 1950 contra
750 1919 866 1950 ditium
880 1919 958 1957 fuit,

89 1962 206 1992 nullam
226 1961 320 1991 habet
334 1961 407 2000 jttris
425 1960 695 2001 consequentiam.
728 1962 770 1991 ita
793 1970 831 1991 ex
858 1960 958 1992 Vivia-

91 2012 134 2033 no
160 2001 312 2042 Ulpianus
338 2004 364 2032 cl.
384 2002 401 2032 l.
430 2011 452 2034 i.
469 2002 496 2043 §.
515 2007 543 2033 6.
568 2003 594 2033 ἀ
614 2004 737 2042 plenius
755 2001 866 2033 Paulus
889 2002 908 2033 t.
927 2012 956 2041 4.

89 2043 108 2085 §
137 2053 164 2075 2.
186 2044 212 2074 b.
230 2049 251 2075 t.
276 2043 424 2083 stetitque
442 2044 480 2074 ab
500 2053 535 2074 ea
553 2052 642 2084 parte
666 2044 759 2075 etiam
776 2042 873 2083 Gajus
891 2044 909 2074 l.
927 2053 958 2084 5.

91 2093 133 2116 ait
150 2086 244 2125 igitur
260 2084 398 2122 Praetor,
425 2084 526 2128 Quod:
551 2085 580 2116 ἃ
603 2087 674 2125 quia
699 2085 759 2116 late
783 2093 871 2125 patet
894 2086 959 2125 ejus

89 2126 177 2156 verbi
195 2125 350 2166 potestas;
366 2126 470 2166 placet
489 2127 669 2167 Pomponio
689 2126 772 2166 apud
790 2125 959 2166 Ulpianum

90 2167 118 2197 d.
139 2167 157 2198 l.
178 2176 203 2198 1.
220 2167 287 2208 §.7.
308 2168 393 2207 parvi
409 2166 547 2205 referre,
564 2178 613 2199 res
626 2168 762 2206 nostras,
787 2177 824 2198 an
844 2169 960 2199 alienas

89 2207 298 2240 intulerimus:
323 2208 341 2239 fi
361 2216 465 2240 tamen
488 2208 590 2240 nostra
607 2208 744 2247 intersit,
771 2208 866 2241 salvas
886 2208 959 2241 esse.

90 2248 134 2280 Et
149 2250 287 2280 causatur
299 2250 448 2289 Ulpianus
461 2273 469 2287 ,
483 2249 611 2282 Etenim
625 2251 717 2282 nobis
732 2251 849 2292 magis,
868 2259 961 2292 quam

89 2299 222 2331 quorum
240 2289 308 2321 sunt
321 2315 329 2327 ,
353 2292 472 2322 debent
491 2291 578 2322 solvi.

131 2331 290 2363 Caeterum
310 2332 446 2370 Piaeror,
463 2341 535 2364 cum
553 2333 595 2364 ait
607 2356 615 2370 ,
636 2332 819 2374 Receperint,
836 2343 876 2365 eo
894 2341 961 2363 ver-

93 2372 136 2404 bo
146 2373 297 2413 intelligit
312 2397 318 2409 ,
336 2374 544 2420 promiserint.
557 2376 700 2416 recipere
716 2376 799 2406 enim
811 2375 874 2414 est,
891 2383 963 2414 pro-

90 2414 228 2445 mittere.
254 2416 360 2455 itaque
378 2424 430 2455 qui
449 2416 628 2455 receperint
652 2426 718 2447 rem
737 2416 848 2448 salvam
869 2415 960 2452 sore,

86 2456 118 2486 in
134 2454 248 2487 Edicto
267 2456 394 2493 sonant,
412 2458 465 2495 qui
484 2457 684 2496 promiserint
703 2467 769 2488 rem
784 2457 897 2489 salvam
909 2456 957 2488 fo-

88 2505 130 2526 re.
169 2496 448 2537 Quemadmodum
466 2505 569 2530 autem
588 2500 788 2539 receperint,
812 2499 889 2530 ninii
909 2508 956 2529 re·

86 2535 161 2567 fert.
182 2547 254 2568 nam
272 2539 300 2569 ἂ
318 2539 413 2570 tacite
429 2539 526 2579 recipi
548 2540 662 2581 potest.
689 2539 734 2571 Ita
753 2541 845 2571 illatae
858 2541 888 2571 in
906 2548 957 2570 na-

88 2586 160 2608 vem
185 2587 250 2616 res,
274 2588 412 2619 receptae
436 2580 522 2619 sunt,
546 2581 601 2613 etsi
623 2591 687 2612 non
712 2581 769 2613 sint
791 2582 957 2622 adsignatae

88 2617 108 2648 1.
130 2626 156 2648 1.
172 2617 200 2659 §.
219 2621 271 2650 ult.
288 2620 314 2651 b.
336 2627 357 2651 t.
395 2621 463 2652 ltno
489 2622 544 2654 etsi
562 2623 703 2654 nondum
722 2622 826 2654 sintin
843 2631 957 2653 navem

88 2667 245 2704 receptat,
271 2660 369 2706 sedin
388 2662 494 2694 littore
514 2664 682 2704 perierint:
707 2673 783 2704 quas
802 2664 895 2695 [eniel
914 2673 958 2694 re-

88 2707 175 2739 cepit
186 2709 472 2740 exercunt-,catum
484 2706 658 2743 periculum
674 2707 712 2736 ad
729 2715 800 2736 cum
819 2706 958 2745 pertinet

87 2740 107 2770 l.
125 2750 154 2781 3.
173 2740 199 2771 h.
219 2748 240 2772 t.
265 2741 385 2773 Sufficit
400 2744 511 2783 igitur,
527 2755 691 2786 receptum
707 2746 783 2777 ess'e:
800 2751 828 2778 ot
847 2754 955 2786 quate-

86 2790 146 2812 nus
163 2782 200 2812 ad
221 2783 316 2813 verba
344 2782 465 2823 Edrem
488 2795 552 2817 non
571 2787 690 2825 refert,
714 2797 816 2819 utrum
835 2796 957 2824 nautae,

87 2831 248 2869 caupones
261 2846 270 2860 ,
292 2823 444 2855 stabularii
460 2829 657 2867 receperint,
682 2837 841 2870 tamquam
861 2838 958 2868 nego-

87 2871 166 2895 tium
183 2863 269 2909 suum
286 2873 433 2904 gerentes
445 2889 454 2904 ,
466 2875 505 2898 an
522 2875 679 2908 tamquam
696 2870 798 2902 aliud:
817 2869 860 2901 est
872 2878 956 2899 enim

85 2905 240 2945 generalis
254 2904 356 2936 Edisti
376 2905 485 2938 sermo.
512 2908 562 2938 sed
581 2917 692 2941 contra
707 2910 770 2947 est,
784 2912 848 2951 ejus
868 2920 955 2942 men-

85 2954 150 2977 tem
168 2945 396 2986 spectantibus:
416 2957 480 2979 non
501 2949 585 2980 enim
605 2949 728 2982 videtur
747 2953 866 2983 Praetor
887 2951 954 2982 sen·

83 2986 150 3018 fisse
171 2988 210 3019 de
235 2988 320 3026 aliis,
345 2997 437 3027 quam
456 2990 507 3028 qui
527 3000 591 3021 rem
610 2991 722 3023 salvam
739 2993 810 3024 fore
828 3002 956 3032 recepe·

83 3029 147 3059 rint
173 3028 260 3059 velut
284 3038 403 3067 nautae,
428 3039 480 3061 aut
504 3040 686 3071 caupones,
710 3042 762 3064 aut
787 3034 953 3065 stabularii.

81 3077 189 3110 itaque
204 3069 225 3101 st
242 3070 334 3107 alibi,
359 3079 451 3109 quam
471 3072 500 3103 in
524 3082 623 3110 nave,
647 3082 699 3104 aut
717 3083 882 3115 caupona,
903 3082 958 3105 aut

82 3110 224 3150 stabulo,
250 3111 322 3150 passi
348 3111 423 3148 sint,
449 3113 523 3152 quid
541 3114 685 3145 immitti:
711 3125 774 3146 non
800 3117 859 3147 erit
883 3115 957 3147 huic

81 3149 216 3190 Edicto,
234 3151 285 3183 sed
304 3153 370 3184 aliis
389 3154 581 3193 actionibus,
600 3155 698 3187 locus.
723 3157 797 3187 licet
815 3158 899 3188 enim
918 3157 952 3189 sit

79 3200 192 3230 nauta,
207 3203 329 3233 caupo,
346 3203 399 3225 aut
415 3194 614 3228 stabularius:
633 3197 743 3237 utique
761 3199 883 3239 recepit
898 3208 951 3230 ex—

80 3231 429 3307 transuumlnegotium,
447 3236 509 3270 sive
526 3238 630 3278 navis,
647 3238 710 3271 five
729 3248 902 3280 cauponae,
918 3239 951 3274 ss·

119 3283 195 3308 som.
261 3299 269 3308 .
671 3294 673 3296 v

1816 142 1882 178 113

1005 233 1044 255 ve
1062 222 1190 254 stabuli:
1216 222 1334 254 &ideo
1353 232 1416 254 non
1440 231 1598 263 tamquam
1618 227 1731 257 nauta.
1756 230 1881 263 caupo,

1004 272 1058 296 aut
1075 265 1275 296 stabularius:
1300 274 1380 305 quos
1400 266 1501 295 innuit
1515 272 1630 304 praetor
1645 265 1663 294 l.
1677 273 1694 304 3
1721 263 1748 304 §.
1762 273 1788 295 2.
1810 267 1837 295 ιι.
1856 272 1879 294 t.

1044 305 1145 336 Porro
1163 307 1206 336 ait
1225 305 1360 344 l'raetor,
1386 306 1595 345 Scilvumfore.
1628 304 1706 336 Haec
1725 306 1819 336 verba
1838 304 1879 336 sic

1003 347 1190 386 accipienda
1210 346 1295 379 lunt:
1313 355 1346 378 ut
1365 355 1457 378 nauta
1476 347 1600 386 praellet
1618 345 1734 378 factum
1752 356 1815 378 non
1832 347 1880 377 so-

1002 387 1069 418 lum
1087 396 1249 418 nautarum
1262 411 1270 426 ,
1297 388 1346 418 sed
1363 389 1391 420 <St
1410 390 1593 420 vectorum:
1620 389 1649 420 <Sc
1666 397 1769 425 caupo
1781 389 1878 420 etiam

1003 429 1172 459 viatorum.
1194 429 1324 460 verbum
1338 432 1419 460 enim
1432 455 1439 467 ,
1457 431 1598 468 Salvum,
1615 439 1688 461 cum
1701 429 1817 461 effectu
1832 430 1881 460 in-

1003 469 1173 510 telligitur:
1199 479 1258 500 nec
1285 470 1446 509 praestatur
1473 470 1610 503 salvum:
1636 471 1688 502 nisi
1709 472 1822 503 saltum
1841 470 1879 502 fit

1001 509 1148 542 adversus
1166 520 1277 542 omnes
1296 512 1314 542 l.
1334 511 1393 552 μδ.
1404 514 1455 543 ult.
1470 513 1488 543 l.
1500 523 1526 544 2.
1547 511 1583 546 {9⁵
1600 513 1665 553 3⁴1).
1678 519 1698 543 t.
1714 512 1790 544 Hoc
1808 513 1878 552 plus

1002 559 1113 584 monet
1130 551 1228 592 Gajus
1247 553 1265 583 l.
1281 563 1308 592 5.
1328 554 1355 594 §A
1379 562 1388 583 1
1429 555 1515 593 quod
1536 554 1587 593 qui
1608 555 1722 585 ialvum
1741 554 1812 585 fore
1831 564 1877 584 re-

1001 594 1145 634 ceperit,
1172 602 1233 624 non
1254 593 1352 625 solum
1373 595 1496 626 videtur
1513 605 1529 626 a
1549 595 1655 634 surtO,
1681 596 1730 626 led
1749 598 1844 627 etiarn
1860 604 1878 626 a

1001 638 1138 672 damno,
1165 635 1281 666 salvum
1301 637 1454 674 recipere.

1043 677 1193 716 Sequitur
1211 677 1239 706 in
1260 675 1392 714 Edicto,
1412 677 1480 717 Nifi
1499 676 1671 717 restituent,
1689 679 1719 708 in
1739 686 1783 707 eos
1794 677 1879 717 judi-

1002 719 1079 749 cium
1096 719 1175 748 dubo.
1213 716 1261 748 Ex
1282 718 1329 749 his
1349 720 1451 751 verbis
1471 728 1621 759 apparet,
1647 719 1711 749 hoc
1730 718 1878 750 Etnttum

1003 759 1130 791 differre
1148 768 1163 789 a
1184 757 1353 797 superiore.
1373 761 1466 799 ,quod
1492 760 1535 792 est
1567 760 1608 791 De
1623 762 1746 800 receptis.
1774 759 1809 794 ὃ*
1827 760 1879 800 qui

1002 801 1155 831 arbitrium
1171 807 1333 840 receperam
1350 800 1412 835 &⁹st
1432 812 1502 834 narn
1522 802 1587 833 illic
1605 804 1646 832 ait
1668 803 1805 839 i’raetor,
1825 801 1879 831 Co-

996 851 1090 882 gam3
1115 842 1142 872 ἀ
1170 843 1452 874 extraordinariam
1479 843 1616 883 designat
1644 843 1876 884 cognitionem.

1001 883 1053 914 hic
1065 884 1126 921 ait,
1140 883 1287 924 judicium
1304 885 1393 919 daho,·
1420 888 1505 924 quod
1526 885 1570 916 est
1590 885 1738 915 ordinarii
1754 884 1877 924 judicii.

1000 924 1033 956 ld
1060 923 1080 955 fi
1106 924 1375 955 animadvertiss'et
1402 925 1538 964 ‚lacobus
1563 925 1787 958 Gothofredus
1809 924 1879 956 Ma·

999 966 1084 996 natali
1100 965 1207 1005 Juris:
1228 974 1291 996 non
1310 967 1560 1005 repreliendill'et
1578 968 1730 1007 jacobum
1752 966 1877 1006 Cujaci-

1002 1017 1073 1038 urn:
1098 1016 1138 1037 eo
1164 1008 1252 1045 quod
1279 1007 1308 1037 in
1339 1008 1594 1041 Oliservacz'onzbus
1618 1009 1719 1041 hosce
1746 1008 1879 1040 Titulos

1005 1058 1112 1089 parurn
1130 1047 1312 1086 cohaerere,
1338 1050 1538 1081 existimavit.

1045 1090 1107 1121 Sed
1127 1092 1225 1121 redeo
1249 1090 1287 1120 ad
1312 1089 1470 1122 Edictum.
1519 1092 1589 1130 Ait,
1612 1092 1768 1132 Judict'um
1784 1093 1815 1122 in
1832 1100 1877 1122 eos

1003 1132 1084 1162 dabo.
1110 1130 1268 1170 Judicium
1286 1131 1349 1162 hoc
1367 1132 1411 1163 ei‘t
1428 1134 1457 1163 in
1477 1132 1612 1171 faetum,
1629 1134 1648 1165 l.
1663 1133 1730 1174 3.-§
1764 1142 1788 1164 1.
1807 1134 1834 1163 b.
1853 1139 1876 1163 t.

1003 1173 1032 1204 δί
1047 1181 1262 1212 comparatum
1280 1174 1318 1204 ad
1333 1172 1563 1206 restitutionem
1584 1175 1646 1212 rei,
1672 1184 1736 1205 non
1755 1175 1792 1205 ad
1811 1183 1880 1212 poe-

1002 1223 1082 1246 nam.
1109 1215 1139 1245 id
1157 1214 1319 1254 colligitur
1336 1225 1375 1245 ex
1393 1215 1520 1255 adjestis
1539 1216 1661 1253 verbis,
1682 1215 1750 1254 Nifi
1765 1214 1880 1257 restitu-

1000 1262 1072 1294 ant,
1096 1256 1212 1287 nullam
1232 1256 1424 1286 facientibus
1443 1266 1545 1296 poenae
1566 1256 1773 1288 mentionem.
1804 1259 1880 1288 inde

1001 1296 1115 1328 dicitur
1139 1306 1306 1328 continere
1324 1296 1368 1328 rei
1389 1297 1643 1337 persecutionem
1663 1301 1690 1329 d.
1714 1298 1732 1329 l.
1753 1308 1770 1338 3
1800 1298 1818 1340 ἓ
1846 1308 1876 1337 4.

1001 1338 1191 1379 Ejusjudicii
1209 1338 1297 1370 causa
1315 1338 1359 1370 est
1374 1337 1531 1380 obl'gatio
1549 1350 1587 1371 ex
1599 1348 1752 1380 recepto:
1770 1339 1800 1370 id
1814 1338 1878 1379 est,

1001 1390 1040 1411 ex
1058 1379 1277 1411 conventione
1293 1390 1309 1411 a
1329 1380 1470 1412 Praetore
1488 1381 1552 1412 hoc
1575 1380 1690 1413 Edicto
1708 1380 1879 1412 confirma·

1003 1430 1043 1453 ta.
1091 1421 1199 1453 Habet
1218 1428 1324 1453 autem
1348 1422 1475 1461 locum;
1498 1422 1518 1454 fi
1537 1431 1650 1462 nauta,
1676 1432 1798 1463 caupo,
1823 1429 1878 1454 aut

1002 1462 1205 1500 stabularius,
1228 1462 1346 1503 aliquid
1366 1463 1544 1503 receperint
1560 1463 1633 1496 fore
1649 1463 1779 1496 salvum.
1813 1463 1880 1496 Da-

1002 1512 1052 1536 tur
1068 1514 1165 1545 porro
1183 1504 1230 1536 his
1248 1514 1383 1545 quorum
1400 1505 1548 1544 interest,
1575 1515 1698 1538 merces
1715 1505 1810 1536 salvas
1829 1515 1878 1536 es-

1002 1545 1051 1584 se,
1073 1545 1137 1577 five
1159 1545 1218 1577 sint
1244 1555 1374 1584 eorum,
1401 1545 1465 1577 five
1489 1547 1600 1578 alienae
1625 1547 1644 1578 l.
1668 1556 1691 1578 1.
1716 1546 1744 1588 §.
1763 1556 1789 1586 7.
1810 1547 1838 1578 h.
1855 1553 1878 1578 t.

1002 1587 1104 1618 Datur
1115 1597 1192 1618 vero
1209 1588 1238 1618 in
1252 1595 1362 1619 nautas
1374 1611 1382 1626 ‚
1399 1597 1563 1628 caupones
1575 1612 1582 1625 ,
1600 1597 1653 1619 aut
1670 1586 1877 1626 stabularios3

1001 1638 1060 1661 nec
1084 1630 1186 1660 minus
1206 1628 1396 1665 heredibus,
1422 1630 1450 1660 ἃ
1475 1629 1620 1661 adversus
1639 1630 1781 1661 heredes.
1828 1630 1879 1661 Ad

1001 1669 1102 1712 quid?
1121 1671 1158 1701 ad
1176 1670 1257 1709 hoc,
1275 1678 1308 1701 ut
1325 1670 1489 1702 restituant
1506 1673 1593 1710 quod
1610 1671 1727 1702 salvum
1740 1670 1812 1702 fore
1829 1680 1879 1701 re·

1001 1710 1168 1751 ceperint3
1186 1712 1325 1752 alioquin
1342 1713 1380 1742 ad
1393 1712 1423 1743 id
1440 1713 1528 1752 quod
1544 1711 1692 1751 interest,
1710 1711 1741 1744 id
1756 1711 1878 1743 facturn

1000 1753 1073 1785 ess'e.
1093 1752 1136 1785 est
1158 1753 1255 1793 igitur
1276 1753 1319 1784 rei
1342 1753 1576 1794 persecutoria,
1601 1761 1634 1785 ut
1653 1753 1735 1792 dixi,
1761 1754 1791 1785 <St
1809 1763 1880 1793 per-

1002 1796 1141 1870 petua&
1158 1796 1222 1866 Lag.
1240 1794 1268 1836 §.
1287 1805 1316 1835 4.
1337 1793 1482 1836 cuijungi
1500 1795 1604 1836 potest
1618 1797 1637 1827 l.
1655 1804 1706 1838 35.
1726 1794 1768 1827 D.
1785 1795 1817 1826 (le
1827 1796 1874 1826 ob-

1000 1838 1022 1868 iz·
1044 1843 1082 1867 at.
1158 1846 1174 1867 α
1207 1860 1214 1867 .

1021 1846 1191 1918 gExposita
1209 1875 1253 1909 est
1265 1877 1295 1908 in
1308 1876 1427 1910 factum
1443 1878 1524 1909 affin
1537 1887 1607 1919 quae
1624 1888 1663 1910 ex
1681 1878 1744 1910 hoc
1763 1877 1877 1909 Edicto

1002 1920 1041 1952 de
1059 1928 1191 1959 recepto
1217 1928 1232 1949 a
1251 1920 1372 1958 nautis,
1397 1920 1613 1958 cauponibus,
1638 1921 1664 1951 <St
1682 1918 1876 1958 stabulariis,

1002 1960 1224 2002 proficiscitur.
1257 1960 1318 1992 Sed
1335 1970 1371 1991 an
1390 1961 1423 1992 sit
1442 1960 1627 1998 neceli'aria,
1653 1961 1713 1992 fuit
1731 1961 1880 1999 quaestio·-

1003 2002 1075 2034 nis?
1099 2011 1168 2034 eam
1196 2001 1401 2042 quaestionem
1428 2004 1581 2042 proponit
1607 2003 1636 2034 ὅ(
1663 2002 1801 2034 diffolvit
1823 2001 1878 2033 Ul-

1003 2043 1112 2085 pianus
1131 2045 1159 2075 in
1176 2045 1202 2074 d.
1220 2043 1238 2073 l.
1253 2053 1280 2084 3.
1302 2043 1329 2084 §.
1355 2053 1378 2074 1.
1398 2044 1426 2074 Gt
1446 2044 1489 2075 est
1504 2045 1593 2075 locus
1609 2045 1661 2075 ille
1676 2044 1816 2085 elegans.
1842 2043 1877 2075 ln

1003 2095 1068 2125 quo
1087 2085 1221 2125 primum
1240 2085 1378 2116 notanda
1403 2085 1472 2116 haec
1490 2086 1629 2122 locutio,
1658 2085 1701 2116 Ut
1725 2085 1880 2124 innotesce-

1002 2133 1044 2158 ret
1066 2128 1173 2158 Praecw
1191 2135 1290 2157 curam
1311 2135 1393 2167 agere
1415 2129 1596 2167 reprimendae
1621 2128 1810 2167 improbitatis
1826 2128 1880 2157 boc

1000 2177 1093 2211 genus
1108 2169 1270 2198 hominum:
1294 2177 1385 2207 quam
1411 2168 1610 2200 locutionem
1637 2168 1784 2199 observat
1810 2167 1877 2198 Sci·

1005 2210 1058 2249 pio
1081 2208 1221 2241 Gentilis
1243 2210 1288 2239 lib.
1312 2219 1336 2240 1.
1356 2209 1479 2250 Parerg.
1498 2220 1520 2241 c.
1538 2215 1566 2241 6.
1610 2210 1737 2242 Deinde
1764 2209 1878 2240 trae'tat

1007 2251 1159 2291 Ulpianus
1178 2273 1187 2288 ,
1220 2252 1294 2290 quid
1318 2250 1348 2281 in
1372 2259 1505 2291 recepto
1531 2251 1702 2292 praesertim
1730 2250 1877 2290 praestare

1005 2301 1130 2324 nantarn
1144 2315 1153 2330 ‚
1170 2301 1368 2332 cauponem,
1386 2293 1414 2323 ἃ
1432 2293 1629 2324 stabularium
1646 2300 1805 2331 oporteat.
1823 2292 1878 2323 Sic

1003 2342 1108 2366 autem
1134 2332 1223 2365 infit:
1251 2333 1289 2364 Ec
1313 2336 1381 2374 qnia
1398 2335 1429 2364 in
1452 2334 1540 2365 locato
1562 2334 1699 2365 condutta
1716 2334 1819 2373 culpa,
1842 2334 1876 2364 in

1004 2374 1120 2415 depofilo
1137 2375 1217 2405 dolus
1234 2376 1383 2406 duntaxat
1395 2373 1568 2415 praestumm
1584 2383 1615 2407 cic
1632 2377 1682 2406 hoc
1698 2374 1800 2406 Editio
1817 2385 1877 2406 om-

1004 2418 1116 2448 nimodo
1126 2418 1177 2457 qui
1193 2418 1303 2456 recipit,
1316 2422 1445 2447 tenet-tir:
1461 2416 1572 2454 etiamsi
1580 2416 1644 2454 fine
1654 2417 1738 2457 culpa
1752 2417 1815 2458 ejus
1830 2426 1875 2447 res

998 2460 1102 2499 periit,
1121 2457 1166 2488 vec
1183 2459 1321 2488 damnum
1337 2460 1438 2488 datum
1454 2456 1510 2498 eft‚·
1529 2458 1696 2500 nzfisiquid
1710 2460 1813 2489 damno
1823 2459 1877 2496 fa-

1000 2500 1053 2530 tali
1068 2500 1218 2540 contingit.
1243 2501 1309 2529 intre
1330 2499 1423 2530 Labeo
1439 2499 1592 2538 scribit,si
1609 2501 1678 2541 quid
1694 2500 1875 2540 nazifragz‘O,

1000 2547 1051 2572 aui
1064 2547 1114 2581 per
1130 2542 1191 2571 vim
1205 2543 1369 2582 piratarum
1382 2542 1499 2580 perierit
1510 2565 1518 2576 ,
1537 2551 1593 2572 non
1610 2541 1660 2582 effe
1676 2542 1809 2582 iniquum
1825 2550 1875 2571 ex-

999 2588 1150 2622 ceptzonem
1167 2584 1240 2612 clari.
1262 2582 1294 2613 In
1313 2582 1360 2612 liis
1379 2583 1481 2614 verbis
1497 2582 1564 2614 Sine
1580 2585 1663 2623 culpa
1680 2582 1744 2621 est,
1762 2581 1781 2613 ss
1800 2582 1876 2621 quid

1000 2624 1116 2655 damno
1136 2623 1220 2654 fatali
1238 2622 1388 2662 contigit.
1417 2624 1511 2663 igitur
1528 2624 1582 2656 etsi
1597 2625 1680 2656 nulla
1698 2624 1733 2655 [it
1752 2633 1874 2661 nautae,

1000 2665 1236 2703 autcauponis,
1253 2665 1471 2696 autstabularii
1484 2689 1492 2704 ,
1510 2667 1621 2704 culpa,
1640 2674 1746 2697 tamen
1765 2674 1875 2695 tenen-

1002 2714 1051 2737 tur
1069 2709 1108 2737 de
1126 2705 1262 2736 fortuito
1279 2706 1348 2736 casu
1366 2707 1519 2745 ipioiure.
1545 2707 1595 2739 sed
1614 2708 1673 2738 illis
1694 2706 1741 2737 fas
1759 2706 1819 2742 est,
1844 2704 1875 2735 se

1002 2749 1082 2777 tueri
1102 2756 1156 2787 per
1173 2748 1415 2787 exceptionem,
1436 2747 1500 2780 Nifi
1519 2748 1540 2781 fi
1559 2750 1633 2789 quid
1651 2751 1766 2780 damno
1787 2744 1874 2777 fatali

1001 2787 1185 2827 contigerit.
1210 2787 1251 2819 ita
1277 2788 1385 2825 restat,
1412 2798 1445 2820 ut
1471 2791 1510 2822 de
1535 2790 1657 2821 dolo&
1676 2788 1761 2820 omni
1778 2787 1874 2826 culpa

1002 2838 1186 2867 tencantur,
1205 2831 1299 2861 etiam
1318 2824 1483 2863 leviffimzf:
1502 2841 1573 2863 cum
1587 2829 1791 2871 depositarius
1804 2836 1873 2858 tan-

1000 2878 1066 2902 tum
1085 2872 1125 2902 de
1143 2871 1220 2902 dolo
1238 2871 1267 2903 &
1285 2872 1377 2912 culpa
1394 2874 1453 2904 lata
1477 2874 1706 2907 conveniatur3
1730 2870 1757 2901 ὅ(
1777 2869 1806 2899 in
1826 2869 1873 2899 lo-

1000 2920 1074 2942 cato
1100 2911 1141 2944 nil
1168 2913 1246 2943 ultra
1271 2913 1373 2945 levem
1399 2915 1570 2955 praestetur.
1597 2914 1621 2943 is
1641 2911 1741 2942 sensus
1756 2911 1783 2940 d.
1801 2910 1819 2940 l.
1839 2919 1872 2950 3.

999 2952 1026 2993 §.
1050 2962 1072 2984 1.
1092 2951 1143 2985 De
1161 2953 1313 2986 concursu
1332 2956 1422 2996 hujus
1439 2956 1570 2987 actionis
1587 2962 1658 2984 cum
1676 2952 1741 2982 aliis
1761 2951 1824 2982 vid·
1842 2952 1872 2982 d·

998 2995 1016 3024 ί.
1034 3003 1063 3035 3.
1082 2994 1108 3036 §.
1126 2995 1176 3026 ult.
1193 2995 1230 3030 ὅ)
1244 2996 1263 3027 l.
1282 3007 1310 3035 4.
1328 2998 1354 3028 b.
1373 3005 1392 3029 ι.
1825 3033 1831 3039 ,

1043 3035 1122 3067 Satis
1141 3037 1178 3068 de
1188 3037 1311 3070 ustione
1328 3042 1358 3070 in
1377 3038 1494 3070 sactum
1512 3037 1550 3068 de
1563 3042 1695 3075 recepto
1713 3043 1729 3064 a
1748 3040 1869 3073 nautis,

999 3077 1214 3117 cauponibus,
1235 3079 1264 3110 &
1289 3076 1478 3111 stabulariis:
1504 3079 1542 3109 de
1569 3086 1629 3115 qua
1649 3075 1773 3107 afflone
1791 3074 1870 3106 Pau-

998 3118 1043 3149 lus
1061 3119 1126 3159 egit
1140 3120 1192 3151 lib.
1214 3129 1258 3161 13.
1279 3122 1325 3152 Ad
1343 3121 1486 3152 Edictum
1500 3142 1508 3156 ,
1527 3120 1555 3149 ἁ
1575 3116 1728 3157 Ulpianus
1747 3117 1800 3148 lib.
1822 3126 1869 3156 14.

995 3159 1135 3199 Sequens
1153 3161 1242 3193 labor
1261 3162 1377 3202 spectat
1394 3163 1431 3191 ad
1457 3160 1612 3190 assionem
1632 3160 1660 3189 in
1678 3157 1796 3189 faftum
1814 3159 1870 3189 ad-

994 3201 1098 3232 versus
1115 3211 1244 3242 nautas,
1262 3212 1443 3242 caupones,
1461 3201 1488 3231 dt
1507 3200 1711 3236 stabularios,
1730 3201 1768 3230 de
1785 3201 1871 3230 dam-

993 3252 1036 3276 no
1055 3242 1165 3283 injuria
1182 3248 1278 3284 dato,
1295 3246 1334 3276 de
1353 3252 1413 3284 qua
1430 3251 1583 3283 praeterea
1599 3242 1654 3274 sub
1673 3242 1736 3274 hoc
1752 3240 1869 3272 Titulo

1807 3281 1871 3323 agi-
