2036 3495
476 105 541 142 An
567 104 654 141 Lm.
681 102 782 140 XIV.
817 103 916 140 ΤΠ.
943 102 1004 141 111.
1039 105 1091 142 De
1108 105 1263 155 iifiitori'a
1279 109 1408 145 afflone.

419 195 506 240 Quod
520 205 584 227 cum
599 203 627 225 eo
641 194 694 234 qui
709 195 740 224 in
755 193 838 224 alien.
858 200 907 234 po-

1761 118 1831 151 261

35 200 207 246 praeposuit
223 200 250 242 §.
268 209 296 232 2.
320 194 393 237 Inft.
952 203 1011 234 pro
1028 196 1178 243 portione
1194 198 1329 244 mercis,
1351 208 1390 230 an
1408 208 1486 244 iiero
1502 199 1532 232 in
1550 199 1709 249 solidum?
1724 201 1828 235 refert

37 243 98 286 gest,
126 244 175 276 sed
200 241 305 283 (quod
322 238 476 277 Ulpianus
499 244 610 284 monet
626 235 712 280 ²:¹3·
728 233 754 276 §.
781 244 802 266 i.
823 235 907 280 lit.)
952 244 1079 281 autern,
1113 247 1218 269 verius
1242 239 1303 271 efle
1327 250 1343 271 a
1366 241 1491 286 juliano
1506 251 1617 290 ‘putari
1633 267 1642 282 ‚
1672 245 1826 285 exemplo

35 287 80 320 ita
109 287 254 321 demum,
278 281 296 313 si
325 290 387 311 non
413 286 580 311 novaverit
606 285 674 316 quis
698 285 766 307 eam
790 276 906 317 obliga·
950 279 1228 316 exercitorum‚&
1246 282 1286 311 de
1304 282 1432 320 peculio
1451 283 1827 326 actionismnumquem.

36 328 178 363 tionem,
200 325 248 356 vel
268 323 306 355 ab
329 321 473 354 institore
495 320 546 351 vel
564 319 603 350 ab
620 316 702 356 alm,
725 317 904 358 stipulando

35 368 178 402 novandi
201 367 317 397 animo.
556 399 561 405 .
636 400 642 405 -
734 399 739 404 ⁸
857 399 864 406 ⁹

78 411 127 441 Ad
144 408 216 449 quid
237 403 490 438 daturinstitoria
505 401 612 433 atho?
634 410 666 432 in
686 399 817 431 solidum
837 409 902 440 ejus

34 451 75 485 de
102 460 166 491 quo
189 449 384 479 contractum
410 445 453 476 est
475 446 502 475 d.
534 442 560 483 §.
580 452 609 475 2.
638 440 708 481 Irist-
733 440 820 486 Quod
837 451 903 472 cum

33 502 64 524 eo
91 493 142 533 qui
163 491 193 520 in
217 491 300 520 alieri.
318 494 376 528 pot.
401 484 449 525 est.
500 483 619 516 Recte:
644 482 665 515 fi
684 483 901 529 tabernam-u-

33 543 92 570 nus
108 538 273 563 exerceat:
298 529 346 560 sed
372 526 524 567 Ulpianus
550 526 568 555 l.
590 524 671 566 13.§
701 533 728 555 2.
747 524 773 555 h.
793 530 813 555 t.
837 532 900 562 ait,

33 573 55 609 fi
75 577 138 604 duo
158 573 301 612 pluresve
316 579 382 600 cam
400 568 899 612 exerceant,&·lervum,quem

34 624 76 647 ex
93 613 260 653 oisparibus
278 611 415 650 partibus
434 609 615 653 habebant,
633 606 806 638 institorem
825 616 900 651 prze-

31 655 210 697 posuerint.
234 662 250 683 a
266 652 389 691 juliano
413 660 533 691 quaeri,
558 658 662 679 uti-urii
688 658 746 689 pro
766 649 885 678 domini

31 699 79 731 cis
103 695 243 738 partibus
268 700 452 732 teneantur,
482 700 522 723 an
543 699 602 732 pro
630 690 802 732 aequalibus
821 713 830 728 ,
860 698 899 720 an

949 326 1012 358 que
1033 322 1062 349 iii
1086 320 1220 351 solidum
1245 325 1412 354 conveniri
1431 324 1527 364 poffe.
1546 326 1597 357 sed
1616 327 1704 358 addit
1717 351 1725 365 ,
1749 336 1823 359 euin

948 367 999 398 qui
1027 368 1203 392 conventus
1225 360 1279 399 fit,
1304 365 1460 404 quidquid
1485 367 1681 407 iiraeltiteri't,
1705 378 1747 400 ex
1770 368 1823 407 Ju-

946 399 1019 431 liani
1039 400 1192 432 lentenria
1210 401 1370 434 societatis
1385 405 1509 445 judicio
1527 409 1577 439 vel
1595 409 1757 440 communi
1776 411 1823 441 di-

947 442 1088 472 vidundo
1105 442 1363 475 consecuturum.
1389 456 1525 487 eamque
1542 449 1728 482 sententiam
1746 451 1774 481 se
1791 451 1823 482 &

946 481 1034 522 supra
1059 483 1212 522 proball'e.
1258 484 1358 525 Quod
1381 487 1424 516 cst
1444 498 1563 521 verum.
1589 501 1649 522 nec
1665 492 1765 523 aliena
1779 493 1820 524 ab

945 523 993 555 his
1009 523 1077 554 sunt
1096 533 1165 563 quae
1189 534 1229 555 ex
1253 525 1349 557 Paulo
1365 526 1536 565 sequuntur
1557 531 1577 562 l.
1603 542 1647 571 14.
1669 536 1696 564 cl.
1718 540 1739 564 t.

986 563 1162 597 Noviffime
1180 565 1340 598 sciendum
1363 567 1443 606 effe,
1463 571 1506 601 ait
1523 573 1672 611 Ulpianus
1691 575 1708 605 l.
1730 583 1774 614 15.
1790 574 1811 606 h

942 611 963 678 {i
987 606 1042 679 ha}
1057 607 1205 678 ltjiftiones
1231 616 1392 649 perpetuo
1416 612 1482 642 dari·
1507 612 1535 644 ἃ
1561 615 1593 646 in
1617 614 1771 648 heredem
1788 617 1820 648 ὄί

967 657 1018 679 ere
1046 657 1051 679 i
1081 657 1125 680 us.

733 774 1074 809 TITULUS
1125 772 1197 812 IV.

755 849 808 886 De
827 849 991 884 tributor-ia
1005 848 1132 884 nerone.

96 946 163 977 lcut
192 944 222 977 in
250 942 458 984 superioribus
479 941 619 980 Titulis,
642 939 686 972 ita
711 938 741 971 in
768 938 831 970 hoc
854 937 899 970 est

35 945 87 1023 S
110 986 195 1017 casus
213 989 242 1018 in
261 996 324 1027 quo
343 995 358 1016 a
377 984 516 1016 Praetore
533 983 616 1015 acrio
634 983 726 1013 datur
743 979 897 1028 ‘adversus

29 1030 123 1060 alium
167 1037 258 1068 quam
276 1027 326 1068 qui
344 1027 516 1058 contraxit.
560 1023 671 1056 Sensus
688 1021 790 1070 EdiQi
819 1020 899 1068 fuit:

30 1069 65 1100 Si
83 1071 106 1099 z’s
121 1070 171 1111 qui
187 1070 217 1100 in
234 1071 327 1101 atiena
339 1067 475 1109 potestate
492 1067 542 1108 effe
557 1068 682 1102 dicetur,
700 1074 734 1111 ‘eo
743 1065 853 1110 suem?
867 1072 899 1093 m

26 1111 169 1153 peculiari
195 1121 283 1141 merce
308 1113 470 1152 negotiatus
488 1111 560 1146 erit,
583 1117 611 1137 eo
629 1115 740 1136 nomine
754 1106 899 1147 Jitdzczum

31 1154 119 1187 datm,
145 1158 177 1182 uc
201 1154 274 1193 quod
297 1152 329 1182 iiz
351 1162 383 1183 ea
407 1160 493 1182 merce
506 1152 578 1185 erit,
603 1149 732 1194 quodque
748 1156 784 1176 ex
798 1156 829 1176 ea
853 1154 895 1193 res

31 1200 144 1234 ceptum
168 1196 238 1231 eni,
264 1194 298 1224 ab
319 1203 347 1223 eo
370 1195 400 1223 in
425 1193 506 1234 cujus
525 1189 661 1232 potestate
677 1194 749 1236 frit,
773 1185 896 1228 singulis

24 1241 80 1275 pro
102 1241 167 1265 rata
187 1236 316 1274 portione
336 1236 502 1268 tributum,-
526 1235 590 1264 item
609 1229 636 1268 fi
659 1239 719 1276 qus
741 1229 802 1259 dolo
822 1227 894 1258 mulo

25 1275 143 1315 focium
160 1282 231 1313 eric,
256 1285 310 1316 qiio
327 1277 421 1305 minus
437 1277 577 1306 tributum
594 1272 644 1312 effe
653 1273 786 1317 circuncrx,
808 1279 894 1315 quom

30 1318 176 1352 debuerit,
194 1316 339 1357 judicium
360 1318 449 1353 dolio,
474 1323 504 1346 ιιι
527 1316 555 1346 id
570 1311 726 1353 praestetur.
752 1310 790 1341 ht
809 1311 897 1355 hujus

30 1357 134 1388 Euitri
159 1357 197 1396 (fi
216 1357 357 1387 audimus
377 1358 542 1396 blpianum
559 1355 579 1386 l.
602 1363 613 1385 1
648 1353 674 1384 h.
693 1353 736 1392 t.)
760 1361 822 1382 non
841 1360 894 1399 ml‘.

29 1400 112 1430 nima
130 1399 247 1429 utilitas
264 1397 317 1429 est.
342 1398 404 1428 hoc
420 1400 503 1429 enim
522 1396 604 1438 agit3
628 1403 661 1425 ut
679 1395 825 1439 dominus
844 1401 895 1432 qui

31 1440 170 1479 alioquin
189 1441 218 1470 in
239 1438 314 1470 servi
333 1439 546 1471 contractibus
562 1436 760 1478 priVilegium
780 1433 895 1472 habet,

32 1481 170 1520 (quippe
187 1490 259 1512 cum
276 1481 313 1511 de
332 1481 458 1519 peculio
476 1483 639 1512 dumtaxat
657 1485 831 1521 teneatur,⁵
845 1476 894 1520 de-

32 1522 129 1554 (lusto
154 1524 238 1561 quozl
266 1522 396 1552 domino
425 1520 584 1559 debetur)
617 1527 720 1549 tamen
748 1517 768 1549 fi
795 1517 897 1547 {cierit

34 1562 157 1594 servum
183 1563 330 1602 peculiari
359 1572 462 1593 merce
489 1560 638 1605 negotiari
659 1583 670 1604 t
693 1558 778 1589 velut
796 1566 895 1588 extra·

35 1613 113 1635 neus
131 1604 286 1640 creditor,
312 1614 348 1634 cx
369 1604 432 1634 huc
451 1603 563 1634 Edicto
584 1611 613 1632 in
635 1600 786 1632 tributum
804 1608 895 1645 voce-

35 1652 95 1676 tur.
142 1642 183 1674 Ut
212 1645 303 1684 igitur
329 1645 433 1675 locrm
461 1645 574 1675 babeat
598 1642 681 1673 acilo
713 1641 897 1679 tributoria,

34 1686 102 1717 vult
121 1686 259 1721 Praettir,
281 1695 350 1716 eum
367 1687 418 1724 qui
439 1688 466 1715 in
486 1686 583 1716 aliena
600 1682 753 1724 potestate
769 1681 831 1719 cst,
847 1691 886 1712 ne

33 1735 186 1767 gotiituni
214 1725 282 1757 iss‘e.
326 1726 490 1758 potestatis
509 1735 613 1757 autem
634 1725 765 1755 verbum
782 1725 824 1753 ait
843 1722 883 1754 Ul

33 1777 144 1808 piaiius
172 1769 190 1797 l.
220 1777 229 1798 i
270 1767 297 1808 §.
315 1779 342 1805 14.
372 1767 432 1799 effe
457 1767 679 1809 porrigendum
704 1765 743 1796 ad
768 1774 897 1811 omnem

34 1809 160 1846 sexum,
184 1810 259 1838 item
286 1811 321 1839 :id
346 1819 457 1841 omnes
482 1819 533 1849 qui
553 1809 619 1839 sunt
637 1807 740 1838 alieno
755 1807 813 1852 juri
831 1806 884 1837 sub

32 1851 116 1891 jetti.
150 1850 213 1880 imo
232 1852 316 1880 addit
350 1851 377 1881 in
404 1851 423 1892 5
456 1862 483 1889 5.
514 1849 710 1880 tributoriam
738 1848 894 1879 actionem

34 1901 99 1922 non
127 1891 224 1921 solum
251 1892 406 1931 pei-tinere
433 1893 469 1923 ad
498 1892 621 1928 scrvos3
647 1899 753 1921 verum
779 1891 817 1919 ad
835 1898 895 1933 eos

35 1941 165 1972 quoque
187 1941 237 1970 qui
260 1932 350 1963 nobs
370 1933 453 1963 bona
476 1932 538 1964 fide
564 1932 719 1970 serviunt,
742 1930 804 1962 five
824 1930 897 1961 libe-

33 1974 76 2010 ri,
101 1972 162 2004 five
181 1971 257 2003 servi
276 1975 366 2004 alieni
387 1973 474 2013 sunt,
500 1975 548 2004 vel
568 1973 596 2004 iii
617 1973 728 2012 quibus
748 1970 897 2003 usumfru-

34 2014 116 2045 ctum
136 2014 295 2046 habemus⁴
322 2023 442 2046 tantum
467 2014 660 2056 postulatur,
685 2023 717 2045 ut
735 2023 822 2044 merx
840 2022 901 2053 qua

32 2056 233 2097 peculiariter
251 2058 500 2096 negotium-,ad
518 2067 575 2087 nos
594 2056 749 2097 pertineat
768 2056 786 2085 l.
800 2065 826 2086 2.
843 2055 900 2101 tat:

75 2095 149 2127 Non
169 2095 213 2127 est
230 2105 400 2129 contentus
419 2098 540 2130 Praetor
559 2096 741 2137 possuiaffe,
758 2106 829 2127 euni
848 2105 900 2142 qui

35 2137 67 2169 in
85 2138 183 2169 aliena
203 2140 359 2177 potestate
374 2139 427 2177 lit,
453 2148 652 2180 negotiatum
667 2138 746 2169 ess'e:
768 2139 901 2183 amplius

35 2179 122 2217 vult,
145 2180 338 2219 negotiatum
367 2180 428 2211 esse
460 2182 499 2211 de
524 2190 631 2212 merce
663 2179 841 2220 peculiari,
873 2179 903 2210 &

36 2219 154 2250 sciente
173 2229 212 2249 eo
238 2222 267 2251 iii
289 2221 375 2262 cujus
392 2222 546 2260 potestate
565 2222 619 2252 est.
658 2223 711 2253 Ait
727 2230 832 2252 autem
851 2221 901 2252 Ul·

35 2260 144 2299 pianus
164 2261 181 2290 Ι.
203 2271 227 2292 i.
248 2261 275 2303 §.
293 2272 320 2302 3.
344 2261 502 2294 scientiam
522 2263 573 2294 liic
597 2271 665 2294 eam
688 2262 809 2307 accipi,
832 2271 902 2302 quae

34 2302 131 2333 habtt
160 2303 186 2332 ὅ(
212 2306 429 2335 voluntatem:
456 2313 518 2335 non
546 2304 658 2343 utique
687 2303 903 2342 manifestam,

32 2342 85 2374 sed
114 2342 321 2382 patientiam:
350 2354 413 2375 non
437 2346 520 2376 enim
546 2346 630 2376 velle
655 2345 772 2376 debere
802 2346 900 2376 domi-

32 2393 129 2423 num,
153 2384 203 2414 sed
223 2394 286 2416 non
304 2385 395 2418 nolle.
423 2386 516 2426 igitur
531 2387 550 2418 fi
570 2386 644 2422 scit,
669 2386 695 2417 ὅ(
716 2395 779 2417 non
798 2394 902 2423 prote-

32 2423 148 2464 statur,
160 2426 187 2456 ἃ
200 2427 390 2458 contradicit
401 2437 410 2465 ;
421 2427 578 2459 tenebitur
588 2427 712 2459 alitione
727 2427 902 2458 tributoria.

76 2467 186 2497 Mercz's
209 2477 338 2507 quoque
365 2471 475 2499 nomine
499 2470 615 2500 merito
641 2467 759 2509 adjici,
796 2467 899 2508 Ulpia-

35 2515 93 2538 nus
124 2515 214 2538 notat
244 2508 263 2539 l.
285 2519 314 2548 5.
340 2509 359 2551 §
386 2520 415 2546 4.
437 2511 466 2542 h.
489 2516 510 2540 t.
533 2520 572 2541 ne
594 2520 699 2541 omnis
725 2511 903 2549 negotiatio

36 2557 107 2578 cum
134 2548 222 2579 servo
245 2549 326 2581 faeta
350 2551 549 2583 tributoriam
575 2552 713 2582 inducat.
738 2550 836 2582 Certe
853 2552 900 2582 ad-

36 2589 83 2618 dit
99 2588 126 2629 5.
149 2597 190 2619 ii.
221 2599 283 2621 non
307 2599 410 2624 toturn
430 2592 588 2632 peculium
613 2594 643 2623 iii
673 2593 826 2623 tributum
852 2602 899 2622 ve-

35 2629 122 2667 nii-e3
146 2628 195 2660 sed
222 2631 253 2661 id
284 2631 445 2664 dumtaxat
468 2636 554 2674 quod
578 2644 616 2665 ex
643 2643 680 2664 ea
704 2642 809 2664 merce
837 2632 901 2672 est3

35 2669 100 2701 sive
117 2679 237 2701 merces
253 2681 397 2711 manent,
420 2674 482 2706 five
507 2684 643 2715 pretium
663 2684 768 2705 earum
794 2684 900 2714 recep-

35 2719 127 2748 tum,
157 2711 384 2755 conversumve
415 2716 459 2746 est
489 2717 518 2747 in
547 2717 715 2755 peculium.
749 2715 799 2747 sed
826 2716 854 2746 ἃ
881 2714 901 2746 fi

36 2754 91 2791 (ut
113 2752 156 2783 est
182 2762 210 2782 in
236 2753 265 2794 §.
287 2755 353 2792 12.)
376 2755 477 2786 adhuc
497 2758 649 2788 debeatur
666 2758 780 2789 mercis
800 2766 890 2788 nomi

36 2803 77 2824 ne
93 2803 108 2824 :i
126 2793 310 2832 quibusdam
330 2795 440 2832 quibus
460 2797 578 2829 solebat
596 2802 701 2830 lervus
718 2797 899 2835 distrahere,

36 2835 102 2866 hoc
124 2843 253 2874 quoque
277 2835 430 2867 tribuetur
447 2860 455 2874 ‚
481 2847 573 2877 prout
596 2839 693 2871 fuerit
721 2848 896 2877 receptum.

37 2874 142 2918 Quid,
165 2874 186 2905 fi
213 2875 314 2907 sei-iiis
340 2877 394 2907 ille
419 2887 530 2916 praeter
554 2890 690 2912 mercem
715 2880 743 2911 in
769 2882 899 2911 taberna

34 2917 150 2949 habeat
166 2915 424 2956 instrumentum,
442 2929 478 2950 aii
498 2920 561 2951 hoc
579 2930 706 2961 quoque
724 2922 899 2958 tribuatur,

34 2957 212 2999 quaeritur‘?
236 2956 388 2993 Ulpianus
411 2962 437 2990 d.
455 2961 473 2990 l.
489 2971 506 3001 5
536 2961 563 3006 5.
586 2971 631 3003 13.
656 2972 766 3003 putat,
790 2963 820 2994 &
837 2963 901 2993 hoc

34 3000 131 3030 tribui
153 3008 192 3029 ex
220 2999 371 3030 sententia
410 3000 574 3033 Labeonis.
616 3005 644 3035 ἀ
675 3004 736 3035 esse
770 3002 899 3043 aequifli-

33 3049 132 3073 mum.
158 3049 194 3071 ac
213 3040 252 3069 ric
271 3040 437 3080 traefatur3
463 3043 650 3084 plerumque
676 3046 759 3076 enirn
779 3045 832 3075 hic
850 3053 901 3084 ap—

33 3091 159 3122 paratus
186 3091 223 3111 cx
255 3091 359 3113 merce
384 3082 443 3114 est:
467 3094 532 3115 imo
561 3084 692 3126 semper.
720 3094 835 3116 caetera
860 3093 900 3116 ta·

33 3132 128 3160 meri,
152 3122 272 3161 inquit,
298 3133 366 3161 quae
393 3134 481 3155 exrra
507 3124 576 3156 haec
600 3136 628 3158 in
646 3128 775 3167 peculio
791 3126 903 3158 habuit

34 3163 141 3196 servus
157 3189 165 3199 ,
189 3173 253 3195 non
278 3165 478 3204 ti·ibuentur;
503 3175 537 3197 ut
561 3176 634 3206 puta
660 3177 826 3209 argentum
849 3167 900 3199 ha-

31 3205 103 3238 buit
124 3206 175 3238 vel
191 3213 319 3239 aurum:
342 3207 397 3239 nifi
420 3207 443 3240 fi
460 3207 530 3240 haec
550 3218 591 3244 ex
606 3218 715 3248 merce
739 3218 900 3259 compara·¹

941 935 996 968 vit.
1019 934 1065 968 Ut
1083 945 1118 967 ut
1135 937 1216 970 crit:
1237 937 1335 970 habet
1351 940 1434 974 attio
1454 941 1621 975 tributoria
1644 943 1771 983 locuin3
1795 944 1818 977 fi

941 977 1062 1017 servus,
1084 979 1202 1010 leiente
1219 990 1260 1011 eo
1278 981 1307 1011 in
1326 983 1413 1022 qu'us
1432 984 1589 1024 potestate
1605 986 1717 1024 effide
1736 995 1818 1017 mer-

942 1028 980 1050 ce
999 1020 1147 1059 peculiari
1168 1020 1204 1052 fit
1222 1026 1413 1063 negotiatus.
1436 1025 1581 1058 Mercem
1599 1036 1704 1059 autem
1721 1036 1818 1067 pecu-

943 1061 1049 1092 liarem
1072 1063 1240 1101 quomodo
1261 1064 1463 1103 accipimus:
1488 1077 1561 1098 namv
1583 1077 1816 1109 proprietatem

943 1101 1155 1147 sequentibus·
1176 1103 1221 1134 est
1252 1106 1413 1146 angustior
1446 1109 1511 1148 ejus
1543 1111 1747 1150 appellatio:
1779 1117 1815 1141 ut

941 1152 1046 1182 neque
1074 1146 1112 1175 ad
1140 1146 1245 1175 lervos
1265 1170 1274 1184 ‚
1308 1147 1476 1188 fullones,
1508 1151 1559 1181 vel
1588 1151 1815 1189 sarcinatorm,

941 1185 990 1215 vel
1020 1194 1183 1223 remores,
1210 1188 1260 1219 vel
1291 1189 1512 1222 venaliciarios
1540 1201 1705 1232 pertineat.
1750 1193 1814 1224 Sed

939 1226 1057 1266 placuit
1082 1227 1238 1267 Ulpiano,
1265 1228 1397 1262 Pedium
1423 1233 1576 1271 sequuto,
1597 1232 1747 1266 Edictum
1771 1235 1812 1266 ad

941 1276 1053 1298 omnes
1077 1270 1313 1308 negotiationes
1339 1273 1500 1313 porrigere
1525 1274 1543 1303 l.
1575 1284 1598 1305 i.
1622 1274 1641 1316 §
1677 1285 1703 1306 ρ.
1734 1277 1761 1306 h.
1788 1283 1812 1306 τ,

941 1307 1071 1340 Interim
1087 1309 1234 1341 observat
1253 1310 1409 1349 Ulpianus
1426 1314 1492 1355 §-.‘3-
1520 1314 1714 1347 l'eculiarem
1733 1326 1815 1349 incr-

941 1359 1011 1380 cem
1038 1360 1100 1382 non
1126 1351 1212 1382 sicuti
1237 1354 1395 1391 peculium
1415 1356 1534 1396 accipi:
1560 1357 1619 1387 hac
1645 1359 1817 1396 praeleitim

941 1390 1084 1430 ratione,
1106 1396 1193 1431 quod
1218 1395 1378 1432 peculium
1405 1397 1543 1428 dedutfto
1568 1401 1655 1438 quod
1682 1400 1815 1430 domino

941 1434 1078 1464 debetur
1106 1435 1278 1475 accipitur:
1301 1445 1391 1468 merx
1415 1440 1599 1478 peculiaris,
1624 1441 1741 1471 etiamsi
1769 1441 1814 1471 ni-

941 1472 983 1505 hil
1003 1474 1036 1505 lit
1061 1475 1090 1506 in
1116 1476 1262 1514 peculio,
1287 1478 1452 1510 dominum
1481 1480 1647 1512 tributoria
1672 1482 1828 1520 obligat,v

941 1515 984 1545 ita
1005 1517 1150 1554 demum,
1175 1516 1194 1547 fi
1214 1516 1332 1548 sciente
1354 1529 1394 1549 eo
1419 1522 1633 1560 negociabitur
1654 1523 1672 1554 l.
1695 1533 1719 1554 i.
1738 1523 1766 1564 §.
1784 1533 1815 1555 2.

939 1556 968 1586 h.
988 1563 1008 1587 c.
1034 1557 1257 1597 Superioribus
1275 1560 1449 1599 convenit,
1474 1571 1513 1592 ne
1536 1571 1660 1593 merces
1681 1565 1817 1595 domini-

941 1606 985 1628 cae
1012 1599 1041 1628 in
1068 1599 1220 1630 tributum
1248 1601 1394 1639 veniant,
1420 1602 1471 1634 sed
1499 1612 1620 1635 tantum
1639 1607 1816 1644 peculiares

940 1639 959 1669 i.
980 1647 1024 1670 ii.
1051 1638 1079 1681 §
1096 1649 1124 1680 7.
1145 1643 1190 1670 L).
1207 1643 1240 1671 de
1262 1640 1344 1681 instit
1374 1642 1430 1674 ιιὲἶ.

982 1680 1151 1720 Sequitur,
1184 1692 1234 1712 cui
1253 1705 1261 1719 ,
1293 1692 1368 1715 item
1394 1684 1540 1717 adversus
1564 1695 1658 1727 quem
1679 1711 1688 1725 ,
1727 1688 1755 1719 ἃ
1779 1688 1818 1720 ad

942 1723 1018 1762 quid
1036 1723 1129 1753 detur
1146 1724 1313 1754 tributoria
1330 1725 1423 1758 actio.
1468 1726 1572 1758 Datur
1590 1736 1694 1760 autern
1714 1730 1817 1760 credi-

943 1764 1003 1794 tori
1023 1764 1131 1802 quide
1148 1773 1254 1796 merce
1272 1768 1424 1805 peculiari
1440 1772 1600 1800 contraxit
1615 1780 1686 1801 eum
1703 1780 1743 1801 eo
1761 1771 1818 1811 qui

943 1805 974 1835 in
991 1804 1149 1845 potestate
1167 1804 1221 1837 est.
1271 1807 1373 1839 Datur
1401 1819 1478 1840 vei-0
1503 1810 1650 1842 adversus
1668 1821 1741 1843 eum
1763 1812 1818 1852 qui

941 1846 1025 1877 hunc
1055 1847 1084 1877 in
1112 1847 1269 1887 potestate
1295 1849 1391 1881 habet
1410 1873 1420 1889 ,
1452 1859 1486 1882 ut
1510 1862 1551 1882 eo
1576 1851 1695 1884 sciente
1719 1855 1759 1884 de
1780 1862 1819 1885 ea

940 1888 1136 1920 contratrum
1167 1889 1211 1920 est
1236 1899 1251 1920 a
1278 1889 1378 1922 servo.
1441 1892 1489 1924 Ad
1517 1893 1591 1932 quid
1619 1894 1743 1925 datur?
1774 1894 1818 1927 ait

942 1928 1078 1968 Praetor,
1104 1931 1168 1962 dari
1185 1933 1223 1962 ad
1241 1931 1323 1970 hoc,
1349 1940 1383 1963 ut
1406 1935 1493 1973 quod
1511 1936 1570 1966 erit
1588 1937 1618 1966 in
1637 1945 1743 1967 merce
1761 1945 1819 1977 pe-

941 1971 1069 2008 culiari,
1095 1973 1246 2012 quodque
1271 1983 1312 2004 ex
1338 1983 1372 2004 ea
1401 1984 1566 2016 receptum
1591 1976 1664 2016 erit,
1690 1976 1818 2018 singulis

946 2022 1004 2053 pro
1035 2022 1100 2044 rata
1135 2017 1288 2053 portione
1329 2016 1484 2047 tribuatur
1550 2017 1628 2049 Inde
1651 2018 1821 2050 observari-

945 2055 984 2085 da
1008 2054 1188 2086 differentia
1219 2054 1302 2087 inter
1325 2056 1406 2088 hanc
1428 2059 1586 2091 actionem
1612 2061 1640 2091 ἃ
1660 2070 1727 2091 eam
1748 2070 1820 2101 quae

946 2094 991 2126 est
1025 2098 1065 2127 de
1095 2097 1232 2136 peculio.
1265 2107 1329 2129 non
1353 2100 1437 2130 enirn
1464 2100 1532 2131 haec
1554 2101 1662 2139 actio,
1694 2101 1754 2142 (sic
1776 2102 1821 2133 ait

948 2136 1058 2169 Paulus
1083 2138 1102 2168 l.
1122 2142 1152 2169 6.
1177 2139 1204 2169 b.
1221 2139 1265 2179 t.)
1288 2138 1366 2170 sicut
1390 2143 1429 2171 de
1456 2143 1603 2181 peculio,
1630 2144 1820 2183 occupantis

947 2180 1112 2210 meliorem
1138 2182 1259 2211 caulam
1284 2180 1381 2220 facit,
1407 2181 1458 2214 sed
1482 2184 1636 2222 aequalem
1660 2185 1822 2216 conditio-

947 2229 1018 2251 nem
1037 2222 1230 2260 quandoque
1251 2223 1422 2263 agentium.
1460 2223 1502 2254 Et
1522 2226 1613 2256 valde
1632 2226 1736 2265 placet
1755 2226 1820 2257 lioc

948 2260 1076 2301 Ulpiani
1102 2262 1120 2293 l.
1137 2274 1165 2303 5.
1183 2262 1211 2305 §.
1233 2272 1279 2300 19-
1297 2264 1324 2294 b.
1346 2272 1366 2295 t.
1393 2263 1547 2296 Triburio
1568 2265 1603 2297 fit
1628 2275 1686 2306 pro
1704 2275 1769 2298 rata
1786 2276 1820 2297 e·

942 2303 994 2344 jus
1029 2306 1112 2343 quod
1154 2313 1270 2343 cuique
1297 2306 1476 2344 debeatur3
1508 2308 1535 2337 ἃ
1562 2308 1661 2346 ideo,
1691 2307 1712 2339 fi
1737 2317 1818 2340 unus

946 2344 1087 2376 creditor
1105 2346 1210 2376 veniat
1226 2346 1402 2378 desiderans
1420 2347 1512 2377 tribui
1529 2349 1683 2389 integram
1696 2351 1818 2389 portio·

947 2396 1039 2424 nem,
1064 2388 1283 2426 conlequitur:
1308 2388 1359 2419 sed
1377 2390 1526 2427 quoniam
1552 2388 1619 2421 fieri
1639 2390 1759 2430 porest,
1783 2399 1819 2423 ut

946 2428 1024 2459 alius
1041 2437 1170 2468 quoque
1195 2428 1245 2460 vel
1277 2428 1326 2459 alii
1353 2429 1489 2460 existere
1508 2431 1623 2470 poffint
1639 2433 1818 2464 creditores

947 2469 1061 2500 mei-cis
1093 2469 1281 2509 peculiaris,
1313 2478 1428 2501 catere
1453 2472 1550 2502 debet
1572 2473 1713 2504 creditor
1738 2473 1815 2512 iste,

947 2519 1005 2551 pro
1025 2518 1086 2540 rata
1112 2510 1140 2541 se
1167 2510 1341 2542 refusurum
1360 2535 1370 2550 ,
1400 2511 1420 2543 fi
1450 2511 1537 2544 forte
1562 2513 1613 2545 alii
1639 2516 1817 2548 creditores

946 2551 1138 2582 emerserint.
1184 2550 1338 2591 Ulpianus
1362 2552 1381 2583 l.
1402 2562 1429 2592 7.
1455 2554 1482 2585 h.
1506 2559 1529 2587 t.
1554 2553 1633 2587 Illud
1665 2565 1816 2596 quoque,

947 2592 1066 2632 inquit,
1097 2601 1212 2623 cavere
1239 2594 1362 2632 cltbet,
1394 2594 1413 2625 fi
1435 2595 1512 2634 quid
1545 2597 1627 2628 aliud
1654 2597 1817 2629 emerserit

946 2634 1067 2665 domini
1085 2634 1248 2672 debitum,
1274 2634 1302 2664 se
1321 2635 1351 2665 ei
1377 2645 1434 2672 pro
1455 2645 1520 2667 rata
1548 2637 1734 2670 refusurum.
1759 2638 1816 2670 fin-

946 2684 985 2715 ge
1001 2676 1084 2705 enim
1103 2674 1322 2707 conditionale
1339 2677 1480 2709 debitum
1505 2679 1689 2717 imminere,
1715 2680 1765 2710 vel
1783 2680 1815 2710 in

945 2716 1078 2747 occulto
1098 2715 1178 2754 esse;
1195 2717 1259 2747 hoc
1276 2726 1406 2757 quoque
1422 2720 1652 2753 admittendum
1670 2720 1814 2752 est1nain

946 2757 1086 2796 iniuriam
1105 2759 1252 2788 deminus
1271 2759 1332 2798 pati
1353 2769 1415 2790 non
1432 2761 1547 2799 debet,
1573 2763 1647 2794 licet
1664 2763 1694 2794 i'n
1717 2762 1814 2792 tribu-

945 2806 1011 2829 tum
1037 2807 1178 2829 vocatur.
1227 2798 1328 2831 Datur
1350 2801 1443 2842 igitur
1465 2803 1534 2833 litte
1558 2804 1641 2834 attio
1667 2800 1814 2833 adversus

945 2841 1128 2876 dominum,
1160 2847 1193 2870 ut
1220 2840 1344 2872 tribuat.
1392 2842 1480 2884 Quid
1504 2844 1524 2875 fi
1548 2846 1629 2875 nolit
1654 2844 1813 2881 tribuere,

944 2880 1069 2920 fugiens
1087 2880 1167 2911 hanc
1184 2882 1378 2922 molestiam3
1394 2893 1505 2916 contra
1524 2893 1645 2925 paratus
1657 2908 1664 2916 .
1683 2883 1811 2923 peculio

946 2922 995 2952 vel
1013 2922 1170 2953 mercibus
1189 2925 1328 2955 cedere?
1354 2925 1504 2964 Ulpianus
1522 2927 1572 2956 (Al
1606 2935 1632 2964 7.
1651 2924 1679 2965 §.
1699 2934 1723 2955 1.
1747 2926 1812 2963 ait,

945 2963 1074 2994 Pedium
1101 2963 1239 3002 referre,
1263 2967 1455 2998 audiendum
1481 2976 1571 3003 euim
1595 2974 1729 3005 eamque
1747 2964 1814 2996 sen·

944 3004 1073 3044 tentiam
1098 3005 1214 3036 habere
1237 3006 1430 3046 aequitatem.
1461 3010 1487 3038 <St
1522 3008 1708 3046 plerumque
1731 3007 1814 3038 arbi-

947 3053 1028 3077 trum
1053 3055 1068 3076 a
1094 3046 1232 3078 Praetore
1258 3048 1377 3080 debere
1403 3050 1486 3086 dari,
1516 3048 1604 3087 cujus
1628 3049 1814 3079 interventu

946 3087 1123 3119 tribuantur
1145 3098 1268 3120 merces
1293 3091 1496 3133 peculiares..
1524 3086 1629 3133 Quid,
1653 3087 1674 3119 fi
1693 3089 1813 3120 tribue·

945 3128 1002 3160 rit:
1025 3128 1076 3160 sed
1102 3131 1202 3161 minus
1218 3155 1227 3168 ‚
1252 3140 1345 3170 quani
1369 3130 1514 3161 debuerit
1530 3131 1546 3161 ‘r’
1579 3131 1631 3161 Ait
1656 3128 1814 3171 Ulpianus

943 3171 970 3200 d.
987 3170 1006 3201 l.
1026 3179 1052 3210 7.
1069 3169 1099 3212 §.
1120 3181 1147 3203 2.
1173 3173 1372 3203 tributoriam
1391 3171 1419 3200 in
1439 3180 1508 3201 eum
1528 3172 1618 3202 dari:
1641 3181 1674 3203 ut
1690 3180 1814 3211 quanto

941 3211 1118 3285 minpfkiit
1147 3214 1301 3245 tributum
1336 3220 1431 3254 quain
1461 3211 1630 3253 debuerit,
1665 3212 1814 3254 praestet,

1030 3251 1043 3260 ⁷
1086 3263 1105 3293 3
1732 3262 1815 3286 eam-
