<?xml version="1.0" encoding="UTF-8"?>
<!DOCTYPE html PUBLIC "-//W3C//DTD XHTML 1.0 Transitional//EN"
    "http://www.w3.org/TR/xhtml1/DTD/xhtml1-transitional.dtd">
<html xmlns="http://www.w3.org/1999/xhtml" xml:lang="en" lang="en">
 <head>
  <title>
</title>
<meta http-equiv="Content-Type" content="text/html;charset=utf-8" />
  <meta name='ocr-system' content='tesseract 3.04.00' />
  <meta name='ocr-capabilities' content='ocr_page ocr_carea ocr_par ocr_line ocrx_word'/>
</head>
<body>
  <div class='ocr_page' id='page_1' title='image "./gerardinoodtnovi00nood_0836.png"; bbox 0 0 2036 3495; ppageno 0'>
   <div class='ocr_carea' id='block_1_1' title="bbox 127 85 1056 2645">
    <p class='ocr_par' dir='ltr' id='par_1_1' title="bbox 161 85 1043 1208">
     <span class='ocr_line' id='line_1_1' title="bbox 164 85 1038 144; baseline -0.017 -9"><span class='ocrx_word' id='word_1_1' title='bbox 164 109 236 144; x_wconf 75' lang='lat'>254</span> <span class='ocrx_word' id='word_1_2' title='bbox 588 93 622 127; x_wconf 94' lang='lat' dir='ltr'>G</span> <span class='ocrx_word' id='word_1_3' title='bbox 654 103 674 127; x_wconf 71' lang='lat' dir='ltr'>a</span> <span class='ocrx_word' id='word_1_4' title='bbox 708 100 730 124; x_wconf 67' lang='lat' dir='ltr'>rt</span> <span class='ocrx_word' id='word_1_5' title='bbox 766 100 785 125; x_wconf 72' lang='lat' dir='ltr'>A</span> <span class='ocrx_word' id='word_1_6' title='bbox 815 98 838 123; x_wconf 70' lang='lat' dir='ltr'>a</span> <span class='ocrx_word' id='word_1_7' title='bbox 870 96 895 122; x_wconf 81' lang='lat'>1&gt;</span> <span class='ocrx_word' id='word_1_8' title='bbox 927 96 940 121; x_wconf 91' lang='lat'>1</span> <span class='ocrx_word' id='word_1_9' title='bbox 1000 85 1038 121; x_wconf 92' lang='lat' dir='ltr'>N</span> 
     </span>
     <span class='ocr_line' id='line_1_2' title="bbox 171 174 1039 226; baseline -0.013 -9"><span class='ocrx_word' id='word_1_10' title='bbox 171 195 240 217; x_wconf 89' lang='lat' dir='ltr'>rem</span> <span class='ocrx_word' id='word_1_11' title='bbox 256 183 462 226; x_wconf 79' lang='lat' dir='ltr'>quaestionem</span> <span class='ocrx_word' id='word_1_12' title='bbox 491 179 664 220; x_wconf 81' lang='lat' dir='ltr'><strong>respondet</strong></span> <span class='ocrx_word' id='word_1_13' title='bbox 686 176 872 216; x_wconf 82' lang='lat' dir='ltr'>Papinianus</span> <span class='ocrx_word' id='word_1_14' title='bbox 897 176 924 206; x_wconf 84' lang='lat' dir='ltr'>d.</span> <span class='ocrx_word' id='word_1_15' title='bbox 948 174 1039 221; x_wconf 28' lang='lat' dir='ltr'>l.·42.</span> 
     </span>
     <span class='ocr_line' id='line_1_3' title="bbox 170 217 1041 265; baseline -0.014 -7"><span class='ocrx_word' id='word_1_16' title='bbox 170 228 210 258; x_wconf 84' lang='lat' dir='ltr'>ad</span> <span class='ocrx_word' id='word_1_17' title='bbox 228 226 434 265; x_wconf 74' lang='lat' dir='ltr'>posteriorem</span> <span class='ocrx_word' id='word_1_18' title='bbox 455 223 604 261; x_wconf 64' lang='lat' dir='ltr'>Ulpianus</span> <span class='ocrx_word' id='word_1_19' title='bbox 624 221 650 249; x_wconf 71' lang='lat' dir='ltr'>cl.</span> <span class='ocrx_word' id='word_1_20' title='bbox 677 218 695 248; x_wconf 86' lang='lat' dir='ltr'>l.</span> <span class='ocrx_word' id='word_1_21' title='bbox 714 228 763 256; x_wconf 82' lang='lat'>24.</span> <span class='ocrx_word' id='word_1_22' title='bbox 788 217 817 258; x_wconf 81' lang='lat'>§.</span> <span class='ocrx_word' id='word_1_23' title='bbox 836 227 865 248; x_wconf 85' lang='lat'>2.</span> <span class='ocrx_word' id='word_1_24' title='bbox 887 218 929 260; x_wconf 83' lang='lat' dir='ltr'>ait</span> <span class='ocrx_word' id='word_1_25' title='bbox 946 224 1041 257; x_wconf 86' lang='lat' dir='ltr'>igitur</span> 
     </span>
     <span class='ocr_line' id='line_1_4' title="bbox 172 258 1026 306; baseline -0.015 -7"><span class='ocrx_word' id='word_1_26' title='bbox 172 268 380 306; x_wconf 73' lang='lat' dir='ltr'>Papinianus,</span> <span class='ocrx_word' id='word_1_27' title='bbox 407 265 598 294; x_wconf 88' lang='lat' dir='ltr'>creditorem</span> <span class='ocrx_word' id='word_1_28' title='bbox 625 261 745 295; x_wconf 83' lang='lat' dir='ltr'>teneri,</span> <span class='ocrx_word' id='word_1_29' title='bbox 771 258 910 294; x_wconf 83' lang='lat' dir='ltr'>debitori</span> <span class='ocrx_word' id='word_1_30' title='bbox 928 259 1026 288; x_wconf 80' lang='lat' dir='ltr'>redde</span> 
     </span>
     <span class='ocr_line' id='line_1_5' title="bbox 171 298 1038 346; baseline -0.012 -7"><span class='ocrx_word' id='word_1_31' title='bbox 171 317 207 339; x_wconf 85' lang='lat' dir='ltr'>re</span> <span class='ocrx_word' id='word_1_32' title='bbox 225 306 429 346; x_wconf 62' lang='lat' dir='ltr'>superfluum</span> <span class='ocrx_word' id='word_1_33' title='bbox 454 311 513 333; x_wconf 88' lang='lat' dir='ltr'>nec</span> <span class='ocrx_word' id='word_1_34' title='bbox 530 300 618 342; x_wconf 75' lang='lat' dir='ltr'>posse</span> <span class='ocrx_word' id='word_1_35' title='bbox 634 300 737 331; x_wconf 84' lang='lat' dir='ltr'>invito</span> <span class='ocrx_word' id='word_1_36' title='bbox 762 298 901 331; x_wconf 79' lang='lat' dir='ltr'>debitori</span> <span class='ocrx_word' id='word_1_37' title='bbox 916 298 1038 339; x_wconf 86' lang='lat' dir='ltr'>delega-</span> 
     </span>
     <span class='ocr_line' id='line_1_6' title="bbox 172 340 1039 383; baseline -0.012 -4"><span class='ocrx_word' id='word_1_38' title='bbox 172 358 208 379; x_wconf 78' lang='lat' dir='ltr'>re</span> <span class='ocrx_word' id='word_1_39' title='bbox 225 356 341 378; x_wconf 81' lang='lat' dir='ltr'>nomen</span> <span class='ocrx_word' id='word_1_40' title='bbox 367 345 534 383; x_wconf 72' lang='lat' dir='ltr'>emptoris.</span> <span class='ocrx_word' id='word_1_41' title='bbox 580 340 733 381; x_wconf 71' lang='lat' dir='ltr'>Ulpianus</span> <span class='ocrx_word' id='word_1_42' title='bbox 760 350 837 371; x_wconf 91' lang='lat' dir='ltr'>vero</span> <span class='ocrx_word' id='word_1_43' title='bbox 854 340 915 377; x_wconf 85' lang='lat' dir='ltr'>ait,</span> <span class='ocrx_word' id='word_1_44' title='bbox 939 340 1039 370; x_wconf 89' lang='lat' dir='ltr'>credi-</span> 
     </span>
     <span class='ocr_line' id='line_1_7' title="bbox 175 379 1041 424; baseline -0.009 -5"><span class='ocrx_word' id='word_1_45' title='bbox 175 397 277 419; x_wconf 86' lang='lat' dir='ltr'>torem</span> <span class='ocrx_word' id='word_1_46' title='bbox 296 395 360 418; x_wconf 90' lang='lat' dir='ltr'>non</span> <span class='ocrx_word' id='word_1_47' title='bbox 387 385 450 416; x_wconf 78' lang='lat' dir='ltr'>ess&#39;e</span> <span class='ocrx_word' id='word_1_48' title='bbox 467 384 662 424; x_wconf 83' lang='lat' dir='ltr'>obilgatum‚</span> <span class='ocrx_word' id='word_1_49' title='bbox 688 380 827 413; x_wconf 83' lang='lat' dir='ltr'>debitori</span> <span class='ocrx_word' id='word_1_50' title='bbox 852 379 1041 421; x_wconf 84' lang='lat' dir='ltr'>superfluum</span> 
     </span>
     <span class='ocr_line' id='line_1_8' title="bbox 171 423 1041 468; baseline -0.009 -9"><span class='ocrx_word' id='word_1_51' title='bbox 171 436 265 468; x_wconf 86' lang='lat' dir='ltr'>pretii</span> <span class='ocrx_word' id='word_1_52' title='bbox 286 427 450 458; x_wconf 76' lang='lat' dir='ltr'>restituere</span> <span class='ocrx_word' id='word_1_53' title='bbox 470 434 563 462; x_wconf 88' lang='lat' dir='ltr'>ante,</span> <span class='ocrx_word' id='word_1_54' title='bbox 588 433 680 464; x_wconf 86' lang='lat' dir='ltr'>quam</span> <span class='ocrx_word' id='word_1_55' title='bbox 703 424 733 454; x_wconf 90' lang='lat' dir='ltr'>id</span> <span class='ocrx_word' id='word_1_56' title='bbox 750 423 789 453; x_wconf 85' lang='lat' dir='ltr'>ab</span> <span class='ocrx_word' id='word_1_57' title='bbox 805 430 952 462; x_wconf 84' lang='lat' dir='ltr'>emptore</span> <span class='ocrx_word' id='word_1_58' title='bbox 969 431 1041 452; x_wconf 87' lang='lat' dir='ltr'>exe—</span> 
     </span>
     <span class='ocr_line' id='line_1_9' title="bbox 171 463 1039 509; baseline -0.007 -9"><span class='ocrx_word' id='word_1_59' title='bbox 171 470 269 509; x_wconf 80' lang='lat' dir='ltr'>gerit:</span> <span class='ocrx_word' id='word_1_60' title='bbox 293 476 461 509; x_wconf 85' lang='lat' dir='ltr'>propterea</span> <span class='ocrx_word' id='word_1_61' title='bbox 485 466 572 506; x_wconf 85' lang='lat' dir='ltr'>quod</span> <span class='ocrx_word' id='word_1_62' title='bbox 596 475 659 496; x_wconf 89' lang='lat' dir='ltr'>non</span> <span class='ocrx_word' id='word_1_63' title='bbox 678 464 774 495; x_wconf 87' lang='lat' dir='ltr'>debet</span> <span class='ocrx_word' id='word_1_64' title='bbox 799 464 829 494; x_wconf 92' lang='lat' dir='ltr'>id</span> <span class='ocrx_word' id='word_1_65' title='bbox 848 466 889 494; x_wconf 86' lang='lat' dir='ltr'>de</span> <span class='ocrx_word' id='word_1_66' title='bbox 905 463 959 494; x_wconf 80' lang='lat' dir='ltr'>suo</span> <span class='ocrx_word' id='word_1_67' title='bbox 982 463 1039 494; x_wconf 83' lang='lat' dir='ltr'>sol-</span> 
     </span>
     <span class='ocr_line' id='line_1_10' title="bbox 174 503 1041 549; baseline -0.008 -9"><span class='ocrx_word' id='word_1_68' title='bbox 174 520 258 540; x_wconf 87' lang='lat' dir='ltr'>vere.</span> <span class='ocrx_word' id='word_1_69' title='bbox 283 509 371 549; x_wconf 86' lang='lat' dir='ltr'>quod</span> <span class='ocrx_word' id='word_1_70' title='bbox 397 508 416 540; x_wconf 88' lang='lat' dir='ltr'>si</span> <span class='ocrx_word' id='word_1_71' title='bbox 433 508 559 540; x_wconf 88' lang='lat' dir='ltr'>debitor</span> <span class='ocrx_word' id='word_1_72' title='bbox 574 505 697 537; x_wconf 79' lang='lat' dir='ltr'>recuset</span> <span class='ocrx_word' id='word_1_73' title='bbox 715 503 898 544; x_wconf 79' lang='lat' dir='ltr'>exspectare</span> <span class='ocrx_word' id='word_1_74' title='bbox 916 512 1041 542; x_wconf 87' lang='lat' dir='ltr'>empto-</span> 
     </span>
     <span class='ocr_line' id='line_1_11' title="bbox 171 545 1041 588; baseline -0.008 -6"><span class='ocrx_word' id='word_1_75' title='bbox 171 552 214 582; x_wconf 86' lang='lat' dir='ltr'>ris</span> <span class='ocrx_word' id='word_1_76' title='bbox 232 550 442 588; x_wconf 84' lang='lat' dir='ltr'>solutionem,</span> <span class='ocrx_word' id='word_1_77' title='bbox 460 547 598 585; x_wconf 87' lang='lat' dir='ltr'>scilicet,</span> <span class='ocrx_word' id='word_1_78' title='bbox 622 548 708 587; x_wconf 86' lang='lat' dir='ltr'>quod</span> <span class='ocrx_word' id='word_1_79' title='bbox 726 545 863 585; x_wconf 63' lang='lat' dir='ltr'>suspecta</span> <span class='ocrx_word' id='word_1_80' title='bbox 879 546 906 576; x_wconf 88' lang='lat' dir='ltr'>ei</span> <span class='ocrx_word' id='word_1_81' title='bbox 925 545 960 576; x_wconf 90' lang='lat' dir='ltr'>sit</span> <span class='ocrx_word' id='word_1_82' title='bbox 977 554 1041 575; x_wconf 86' lang='lat' dir='ltr'>cre-</span> 
     </span>
     <span class='ocr_line' id='line_1_12' title="bbox 173 586 1042 632; baseline -0.009 -9"><span class='ocrx_word' id='word_1_83' title='bbox 173 592 285 623; x_wconf 83' lang='lat' dir='ltr'>ditoris</span> <span class='ocrx_word' id='word_1_84' title='bbox 310 590 524 632; x_wconf 76' lang='lat' dir='ltr'>negligentia:</span> <span class='ocrx_word' id='word_1_85' title='bbox 557 587 644 628; x_wconf 87' lang='lat' dir='ltr'>posse</span> <span class='ocrx_word' id='word_1_86' title='bbox 667 598 683 618; x_wconf 89' lang='lat' dir='ltr'>a</span> <span class='ocrx_word' id='word_1_87' title='bbox 705 586 865 618; x_wconf 75' lang='lat' dir='ltr'>creditore</span> <span class='ocrx_word' id='word_1_88' title='bbox 895 586 1042 626; x_wconf 88' lang='lat' dir='ltr'>accipere</span> 
     </span>
     <span class='ocr_line' id='line_1_13' title="bbox 171 626 1041 670; baseline -0.008 -6"><span class='ocrx_word' id='word_1_89' title='bbox 171 634 333 665; x_wconf 85' lang='lat' dir='ltr'>mandatas</span> <span class='ocrx_word' id='word_1_90' title='bbox 350 633 510 667; x_wconf 59' lang='lat' dir='ltr'>actiones,</span> <span class='ocrx_word' id='word_1_91' title='bbox 534 631 648 670; x_wconf 85' lang='lat' dir='ltr'>quibus</span> <span class='ocrx_word' id='word_1_92' title='bbox 672 629 734 668; x_wconf 91' lang='lat' dir='ltr'>ipse</span> <span class='ocrx_word' id='word_1_93' title='bbox 752 626 896 658; x_wconf 82' lang='lat' dir='ltr'>adversus</span> <span class='ocrx_word' id='word_1_94' title='bbox 919 633 1041 666; x_wconf 87' lang='lat' dir='ltr'>empto-</span> 
     </span>
     <span class='ocr_line' id='line_1_14' title="bbox 171 668 1041 715; baseline -0.008 -9"><span class='ocrx_word' id='word_1_95' title='bbox 171 684 239 706; x_wconf 83' lang='lat' dir='ltr'>rem</span> <span class='ocrx_word' id='word_1_96' title='bbox 256 675 447 715; x_wconf 81' lang='lat' dir='ltr'>experiatur.</span> <span class='ocrx_word' id='word_1_97' title='bbox 472 672 548 704; x_wconf 86' lang='lat' dir='ltr'>Hoc</span> <span class='ocrx_word' id='word_1_98' title='bbox 564 671 638 702; x_wconf 83' lang='lat' dir='ltr'>mihi</span> <span class='ocrx_word' id='word_1_99' title='bbox 660 669 800 700; x_wconf 86' lang='lat' dir='ltr'>videtur:</span> <span class='ocrx_word' id='word_1_100' title='bbox 818 677 877 699; x_wconf 85' lang='lat' dir='ltr'>nec</span> <span class='ocrx_word' id='word_1_101' title='bbox 892 677 974 708; x_wconf 91' lang='lat' dir='ltr'>opus</span> <span class='ocrx_word' id='word_1_102' title='bbox 991 668 1041 699; x_wconf 86' lang='lat' dir='ltr'>ad-</span> 
     </span>
     <span class='ocr_line' id='line_1_15' title="bbox 172 709 1041 754; baseline -0.008 -7"><span class='ocrx_word' id='word_1_103' title='bbox 172 716 203 747; x_wconf 91' lang='lat' dir='ltr'>di</span> <span class='ocrx_word' id='word_1_104' title='bbox 215 739 224 754; x_wconf 91' lang='lat'>,</span> <span class='ocrx_word' id='word_1_105' title='bbox 236 714 380 746; x_wconf 75' lang='lat' dir='ltr'>interesse</span> <span class='ocrx_word' id='word_1_106' title='bbox 396 715 476 745; x_wconf 85' lang='lat' dir='ltr'>inter</span> <span class='ocrx_word' id='word_1_107' title='bbox 488 710 641 752; x_wconf 88' lang='lat' dir='ltr'>emptoris</span> <span class='ocrx_word' id='word_1_108' title='bbox 656 720 774 741; x_wconf 88' lang='lat' dir='ltr'>nomen</span> <span class='ocrx_word' id='word_1_109' title='bbox 785 709 924 740; x_wconf 88' lang='lat' dir='ltr'>debitori</span> <span class='ocrx_word' id='word_1_110' title='bbox 941 718 959 739; x_wconf 90' lang='lat' dir='ltr'>a</span> <span class='ocrx_word' id='word_1_111' title='bbox 971 718 1041 740; x_wconf 85' lang='lat' dir='ltr'>ven·</span> 
     </span>
     <span class='ocr_line' id='line_1_16' title="bbox 173 750 1042 792; baseline -0.009 -4"><span class='ocrx_word' id='word_1_112' title='bbox 173 758 278 788; x_wconf 84' lang='lat' dir='ltr'>ditore</span> <span class='ocrx_word' id='word_1_113' title='bbox 305 756 356 787; x_wconf 65' lang='lat' dir='ltr'>stu</span> <span class='ocrx_word' id='word_1_114' title='bbox 372 756 532 786; x_wconf 85' lang='lat' dir='ltr'>creditore</span> <span class='ocrx_word' id='word_1_115' title='bbox 560 753 740 792; x_wconf 84' lang='lat' dir='ltr'>delegatum</span> <span class='ocrx_word' id='word_1_116' title='bbox 753 775 762 788; x_wconf 88' lang='lat'>,</span> <span class='ocrx_word' id='word_1_117' title='bbox 786 751 816 782; x_wconf 71' lang='grc' dir='ltr'>ἂ</span> <span class='ocrx_word' id='word_1_118' title='bbox 833 750 975 781; x_wconf 73' lang='grc' dir='ltr'>εξὶίοηεε</span> <span class='ocrx_word' id='word_1_119' title='bbox 991 751 1042 781; x_wconf 88' lang='lat' dir='ltr'>de-</span> 
     </span>
     <span class='ocr_line' id='line_1_17' title="bbox 171 794 1040 832; baseline -0.008 -3"><span class='ocrx_word' id='word_1_120' title='bbox 171 798 268 829; x_wconf 88' lang='lat' dir='ltr'>bitori</span> <span class='ocrx_word' id='word_1_121' title='bbox 286 807 302 828; x_wconf 88' lang='lat' dir='ltr'>a</span> <span class='ocrx_word' id='word_1_122' title='bbox 321 796 488 828; x_wconf 82' lang='lat' dir='ltr'>venditore</span> <span class='ocrx_word' id='word_1_123' title='bbox 505 795 665 826; x_wconf 81' lang='lat' dir='ltr'>mandatas</span> <span class='ocrx_word' id='word_1_124' title='bbox 684 794 829 824; x_wconf 83' lang='lat' dir='ltr'>adversus</span> <span class='ocrx_word' id='word_1_125' title='bbox 847 800 1040 832; x_wconf 86' lang='lat' dir='ltr'>emptorem.</span> 
     </span>
     <span class='ocr_line' id='line_1_18' title="bbox 172 832 1039 876; baseline -0.008 -6"><span class='ocrx_word' id='word_1_126' title='bbox 172 838 269 870; x_wconf 91' lang='lat' dir='ltr'>Ultro</span> <span class='ocrx_word' id='word_1_127' title='bbox 292 839 375 869; x_wconf 83' lang='lat' dir='ltr'>enim</span> <span class='ocrx_word' id='word_1_128' title='bbox 400 843 549 876; x_wconf 87' lang='lat' dir='ltr'>apparet,</span> <span class='ocrx_word' id='word_1_129' title='bbox 573 835 778 866; x_wconf 83' lang='lat' dir='ltr'>novationem</span> <span class='ocrx_word' id='word_1_130' title='bbox 805 833 902 864; x_wconf 88' lang='lat' dir='ltr'>altera</span> <span class='ocrx_word' id='word_1_131' title='bbox 927 834 957 864; x_wconf 92' lang='lat' dir='ltr'>in</span> <span class='ocrx_word' id='word_1_132' title='bbox 975 832 1039 872; x_wconf 81' lang='lat' dir='ltr'>spe·</span> 
     </span>
     <span class='ocr_line' id='line_1_19' title="bbox 170 874 1039 914; baseline -0.009 -3"><span class='ocrx_word' id='word_1_133' title='bbox 170 881 222 911; x_wconf 88' lang='lat' dir='ltr'>cie</span> <span class='ocrx_word' id='word_1_134' title='bbox 253 879 339 911; x_wconf 78' lang='lat' dir='ltr'>ficri:</span> <span class='ocrx_word' id='word_1_135' title='bbox 362 878 392 909; x_wconf 84' lang='lat' dir='ltr'>in</span> <span class='ocrx_word' id='word_1_136' title='bbox 417 879 514 909; x_wconf 88' lang='lat' dir='ltr'>altera</span> <span class='ocrx_word' id='word_1_137' title='bbox 543 885 606 908; x_wconf 88' lang='lat' dir='ltr'>non</span> <span class='ocrx_word' id='word_1_138' title='bbox 630 875 708 907; x_wconf 86' lang='lat' dir='ltr'>fieri.</span> <span class='ocrx_word' id='word_1_139' title='bbox 762 874 885 906; x_wconf 82' lang='lat' dir='ltr'>Addam</span> <span class='ocrx_word' id='word_1_140' title='bbox 913 874 1039 914; x_wconf 87' lang='lat' dir='ltr'>potius,</span> 
     </span>
     <span class='ocr_line' id='line_1_20' title="bbox 172 915 1042 962; baseline -0.009 -10"><span class='ocrx_word' id='word_1_141' title='bbox 172 924 262 962; x_wconf 87' lang='lat' dir='ltr'>quod</span> <span class='ocrx_word' id='word_1_142' title='bbox 286 920 483 959; x_wconf 85' lang='lat' dir='ltr'>Pomponius</span> <span class='ocrx_word' id='word_1_143' title='bbox 506 919 524 948; x_wconf 79' lang='lat' dir='ltr'>l.</span> <span class='ocrx_word' id='word_1_144' title='bbox 545 922 573 948; x_wconf 88' lang='lat'>6.</span> <span class='ocrx_word' id='word_1_145' title='bbox 593 916 611 958; x_wconf 88' lang='lat'>§</span> <span class='ocrx_word' id='word_1_146' title='bbox 645 926 656 948; x_wconf 97' lang='lat'>1</span> <span class='ocrx_word' id='word_1_147' title='bbox 695 916 734 946; x_wconf 89' lang='lat' dir='ltr'>D.</span> <span class='ocrx_word' id='word_1_148' title='bbox 751 916 778 947; x_wconf 80' lang='lat' dir='ltr'>h.</span> <span class='ocrx_word' id='word_1_149' title='bbox 799 922 819 946; x_wconf 80' lang='lat' dir='ltr'>t.</span> <span class='ocrx_word' id='word_1_150' title='bbox 844 915 895 953; x_wconf 82' lang='lat' dir='ltr'>Si,</span> <span class='ocrx_word' id='word_1_151' title='bbox 921 915 1042 954; x_wconf 87' lang='lat' dir='ltr'>inquit,</span> 
     </span>
     <span class='ocr_line' id='line_1_21' title="bbox 170 955 1043 1001; baseline -0.009 -8"><span class='ocrx_word' id='word_1_152' title='bbox 170 963 293 993; x_wconf 75' lang='lat' dir='ltr'>creditor</span> <span class='ocrx_word' id='word_1_153' title='bbox 308 961 400 1001; x_wconf 84' lang='lat' dir='ltr'>pluris</span> <span class='ocrx_word' id='word_1_154' title='bbox 419 960 548 998; x_wconf 76' lang='lat' dir='ltr'>fundum</span> <span class='ocrx_word' id='word_1_155' title='bbox 568 961 754 1000; x_wconf 77' lang='lat' dir='ltr'>pigneratum</span> <span class='ocrx_word' id='word_1_156' title='bbox 774 957 953 994; x_wconf 80' lang='lat' dir='ltr'>vendiderit,</span> <span class='ocrx_word' id='word_1_157' title='bbox 970 955 998 993; x_wconf 89' lang='lat' dir='ltr'><em>fi</em></span> <span class='ocrx_word' id='word_1_158' title='bbox 1013 956 1043 985; x_wconf 82' lang='lat' dir='ltr'>id</span> 
     </span>
     <span class='ocr_line' id='line_1_22' title="bbox 164 995 1043 1044; baseline -0.009 -10"><span class='ocrx_word' id='word_1_159' title='bbox 164 1004 305 1044; x_wconf 65' lang='lat' dir='ltr'>fremeret,</span> <span class='ocrx_word' id='word_1_160' title='bbox 330 1011 447 1032; x_wconf 69' lang='lat' dir='ltr'>usuram</span> <span class='ocrx_word' id='word_1_161' title='bbox 463 1001 522 1042; x_wconf 80' lang='lat' dir='ltr'>ejus</span> <span class='ocrx_word' id='word_1_162' title='bbox 542 1001 670 1039; x_wconf 62' lang='lat' dir='ltr'>pecuniae</span> <span class='ocrx_word' id='word_1_163' title='bbox 688 995 824 1039; x_wconf 72' lang='lat' dir='ltr'>praestare</span> <span class='ocrx_word' id='word_1_164' title='bbox 846 998 924 1028; x_wconf 79' lang='lat' dir='ltr'>deber</span> <span class='ocrx_word' id='word_1_165' title='bbox 947 999 971 1027; x_wconf 83' lang='lat' dir='ltr'>ei</span> <span class='ocrx_word' id='word_1_166' title='bbox 992 997 1043 1038; x_wconf 77' lang='lat' dir='ltr'>qui</span> 
     </span>
     <span class='ocr_line' id='line_1_23' title="bbox 172 1038 1041 1083; baseline -0.008 -9"><span class='ocrx_word' id='word_1_167' title='bbox 172 1045 281 1076; x_wconf 71' lang='lat' dir='ltr'>dederit</span> <span class='ocrx_word' id='word_1_168' title='bbox 295 1045 403 1083; x_wconf 82' lang='lat' dir='ltr'>pignus</span> <span class='ocrx_word' id='word_1_169' title='bbox 436 1046 479 1074; x_wconf 76' lang='lat' dir='ltr'>sea</span> <span class='ocrx_word' id='word_1_170' title='bbox 496 1040 532 1075; x_wconf 58' lang='grc' dir='ltr'>δέ)</span> <span class='ocrx_word' id='word_1_171' title='bbox 542 1039 571 1079; x_wconf 84' lang='lat' dir='ltr'>si</span> <span class='ocrx_word' id='word_1_172' title='bbox 588 1041 646 1081; x_wconf 82' lang='lat' dir='ltr'>ipse</span> <span class='ocrx_word' id='word_1_173' title='bbox 663 1047 733 1071; x_wconf 67' lang='lat' dir='ltr'>ulus</span> <span class='ocrx_word' id='word_1_174' title='bbox 743 1038 783 1076; x_wconf 69' lang='lat' dir='ltr'>fic</span> <span class='ocrx_word' id='word_1_175' title='bbox 798 1048 830 1068; x_wconf 83' lang='lat' dir='ltr'>ea</span> <span class='ocrx_word' id='word_1_176' title='bbox 843 1039 986 1077; x_wconf 81' lang='lat' dir='ltr'>pecunia,</span> <span class='ocrx_word' id='word_1_177' title='bbox 1011 1047 1041 1067; x_wconf 83' lang='lat' dir='ltr'>u-</span> 
     </span>
     <span class='ocr_line' id='line_1_24' title="bbox 161 1078 1042 1126; baseline -0.009 -10"><span class='ocrx_word' id='word_1_178' title='bbox 161 1087 268 1126; x_wconf 79' lang='lat' dir='ltr'>suram</span> <span class='ocrx_word' id='word_1_179' title='bbox 279 1082 415 1125; x_wconf 60' lang='lat' dir='ltr'>prdflarz&#39;</span> <span class='ocrx_word' id='word_1_180' title='bbox 431 1089 548 1124; x_wconf 68' lang='lat' dir='ltr'>oportet.</span> <span class='ocrx_word' id='word_1_181' title='bbox 567 1085 640 1123; x_wconf 80' lang='lat' dir='ltr'>quod</span> <span class='ocrx_word' id='word_1_182' title='bbox 651 1079 680 1117; x_wconf 88' lang='lat' dir='ltr'><em>fi</em></span> <span class='ocrx_word' id='word_1_183' title='bbox 693 1089 755 1111; x_wconf 77' lang='lat' dir='ltr'>etim</span> <span class='ocrx_word' id='word_1_184' title='bbox 775 1078 925 1119; x_wconf 81' lang='lat' dir='ltr'>depoficam</span> <span class='ocrx_word' id='word_1_185' title='bbox 940 1079 1042 1109; x_wconf 82' lang='lat' dir='ltr'>habue-</span> 
     </span>
     <span class='ocr_line' id='line_1_25' title="bbox 167 1119 1043 1165; baseline -0.008 -8"><span class='ocrx_word' id='word_1_186' title='bbox 167 1128 227 1165; x_wconf 73' lang='lat' dir='ltr'>rit,</span> <span class='ocrx_word' id='word_1_187' title='bbox 251 1126 354 1165; x_wconf 80' lang='lat' dir='ltr'>uswas</span> <span class='ocrx_word' id='word_1_188' title='bbox 379 1134 435 1155; x_wconf 83' lang='lat' dir='ltr'>non</span> <span class='ocrx_word' id='word_1_189' title='bbox 460 1126 547 1155; x_wconf 72' lang='lat' dir='ltr'>(lebet.</span> <span class='ocrx_word' id='word_1_190' title='bbox 604 1121 680 1154; x_wconf 88' lang='lat' dir='ltr'>Huc</span> <span class='ocrx_word' id='word_1_191' title='bbox 720 1129 816 1161; x_wconf 85' lang='lat' dir='ltr'>usque</span> <span class='ocrx_word' id='word_1_192' title='bbox 849 1121 889 1152; x_wconf 87' lang='lat' dir='ltr'>de</span> <span class='ocrx_word' id='word_1_193' title='bbox 917 1119 1043 1151; x_wconf 68' lang='lat' dir='ltr'>actione</span> 
     </span>
     <span class='ocr_line' id='line_1_26' title="bbox 170 1165 520 1208; baseline -0.009 -9"><span class='ocrx_word' id='word_1_194' title='bbox 170 1167 374 1208; x_wconf 81' lang='lat' dir='ltr'>pigneratiti&#39;a</span> <span class='ocrx_word' id='word_1_195' title='bbox 392 1165 520 1197; x_wconf 68' lang='lat' dir='ltr'>diresta.</span> 
     </span>
    </p>

    <p class='ocr_par' dir='ltr' id='par_1_2' title="bbox 127 1201 1056 2645">
     <span class='ocr_line' id='line_1_27' title="bbox 210 1201 1044 1247; baseline -0.01 -7"><span class='ocrx_word' id='word_1_196' title='bbox 210 1209 365 1240; x_wconf 82' lang='lat' dir='ltr'>Succedit</span> <span class='ocrx_word' id='word_1_197' title='bbox 382 1207 561 1245; x_wconf 86' lang='lat' dir='ltr'>contraria;</span> <span class='ocrx_word' id='word_1_198' title='bbox 585 1205 626 1236; x_wconf 91' lang='lat' dir='ltr'>sic</span> <span class='ocrx_word' id='word_1_199' title='bbox 644 1204 746 1242; x_wconf 68' lang='lat' dir='ltr'>dieta,</span> <span class='ocrx_word' id='word_1_200' title='bbox 770 1204 843 1244; x_wconf 87' lang='lat' dir='ltr'>quia</span> <span class='ocrx_word' id='word_1_201' title='bbox 859 1210 990 1247; x_wconf 81' lang='lat' dir='ltr'>contra,</span> <span class='ocrx_word' id='word_1_202' title='bbox 1012 1201 1044 1233; x_wconf 90' lang='lat' dir='ltr'>id</span> 
     </span>
     <span class='ocr_line' id='line_1_28' title="bbox 170 1243 1045 1288; baseline -0.011 -6"><span class='ocrx_word' id='word_1_203' title='bbox 170 1249 236 1288; x_wconf 83' lang='lat' dir='ltr'>cst,</span> <span class='ocrx_word' id='word_1_204' title='bbox 261 1248 391 1280; x_wconf 84' lang='lat' dir='ltr'>viciffim</span> <span class='ocrx_word' id='word_1_205' title='bbox 416 1250 515 1279; x_wconf 87' lang='lat' dir='ltr'>datur.</span> <span class='ocrx_word' id='word_1_206' title='bbox 540 1246 657 1278; x_wconf 87' lang='lat' dir='ltr'>indicat</span> <span class='ocrx_word' id='word_1_207' title='bbox 692 1247 774 1277; x_wconf 84' lang='lat' dir='ltr'>hanc</span> <span class='ocrx_word' id='word_1_208' title='bbox 805 1245 940 1276; x_wconf 83' lang='lat' dir='ltr'>Robrica</span> <span class='ocrx_word' id='word_1_209' title='bbox 959 1266 968 1281; x_wconf 90' lang='lat'><strong>‚</strong></span> <span class='ocrx_word' id='word_1_210' title='bbox 1003 1243 1045 1273; x_wconf 84' lang='lat' dir='ltr'>De</span> 
     </span>
     <span class='ocr_line' id='line_1_29' title="bbox 164 1284 1044 1333; baseline -0.009 -11"><span class='ocrx_word' id='word_1_211' title='bbox 164 1292 359 1333; x_wconf 71' lang='lat' dir='ltr'>pigner-aritia</span> <span class='ocrx_word' id='word_1_212' title='bbox 387 1288 497 1320; x_wconf 66' lang='lat' dir='ltr'>ustione</span> <span class='ocrx_word' id='word_1_213' title='bbox 523 1289 570 1319; x_wconf 82' lang='lat' dir='ltr'>vel</span> <span class='ocrx_word' id='word_1_214' title='bbox 596 1293 721 1318; x_wconf 85' lang='lat' dir='ltr'>contra:</span> <span class='ocrx_word' id='word_1_215' title='bbox 753 1285 855 1318; x_wconf 86' lang='lat' dir='ltr'>similis</span> <span class='ocrx_word' id='word_1_216' title='bbox 882 1284 1044 1322; x_wconf 83' lang='lat' dir='ltr'>Rubricae‚</span> 
     </span>
     <span class='ocr_line' id='line_1_30' title="bbox 175 1326 1045 1368; baseline -0.009 -5"><span class='ocrx_word' id='word_1_217' title='bbox 175 1332 355 1363; x_wconf 76' lang='lat' dir='ltr'>commodati</span> <span class='ocrx_word' id='word_1_218' title='bbox 378 1331 425 1361; x_wconf 75' lang='lat' dir='ltr'>vel</span> <span class='ocrx_word' id='word_1_219' title='bbox 452 1336 561 1361; x_wconf 83' lang='lat' dir='ltr'>contra.</span> <span class='ocrx_word' id='word_1_220' title='bbox 591 1329 669 1360; x_wconf 90' lang='lat' dir='ltr'>sicut</span> <span class='ocrx_word' id='word_1_221' title='bbox 700 1329 795 1368; x_wconf 85' lang='lat' dir='ltr'>igitur</span> <span class='ocrx_word' id='word_1_222' title='bbox 828 1326 1045 1368; x_wconf 76' lang='lat' dir='ltr'>pignoratitia,</span> 
     </span>
     <span class='ocr_line' id='line_1_31' title="bbox 172 1368 1045 1412; baseline -0.01 -7"><span class='ocrx_word' id='word_1_223' title='bbox 172 1372 206 1405; x_wconf 88' lang='lat' dir='ltr'>id</span> <span class='ocrx_word' id='word_1_224' title='bbox 230 1373 293 1411; x_wconf 83' lang='lat' dir='ltr'>est,</span> <span class='ocrx_word' id='word_1_225' title='bbox 317 1371 433 1403; x_wconf 75' lang='lat' dir='ltr'>diretta</span> <span class='ocrx_word' id='word_1_226' title='bbox 462 1371 663 1412; x_wconf 86' lang='lat' dir='ltr'>pigneratitia</span> <span class='ocrx_word' id='word_1_227' title='bbox 678 1392 687 1406; x_wconf 95' lang='lat'>,</span> <span class='ocrx_word' id='word_1_228' title='bbox 711 1370 847 1400; x_wconf 82' lang='lat' dir='ltr'>debitori</span> <span class='ocrx_word' id='word_1_229' title='bbox 879 1369 969 1398; x_wconf 89' lang='lat' dir='ltr'>datur</span> <span class='ocrx_word' id='word_1_230' title='bbox 996 1368 1045 1397; x_wconf 89' lang='lat' dir='ltr'>ad-</span> 
     </span>
     <span class='ocr_line' id='line_1_32' title="bbox 174 1407 1047 1445; baseline -0.008 0"><span class='ocrx_word' id='word_1_231' title='bbox 174 1413 284 1445; x_wconf 81' lang='lat' dir='ltr'>versus</span> <span class='ocrx_word' id='word_1_232' title='bbox 303 1413 514 1444; x_wconf 84' lang='lat' dir='ltr'>creditorem:</span> <span class='ocrx_word' id='word_1_233' title='bbox 537 1410 579 1442; x_wconf 91' lang='lat' dir='ltr'>fic</span> <span class='ocrx_word' id='word_1_234' title='bbox 595 1411 744 1441; x_wconf 83' lang='lat' dir='ltr'>creditori</span> <span class='ocrx_word' id='word_1_235' title='bbox 762 1409 907 1440; x_wconf 86' lang='lat' dir='ltr'>adversus</span> <span class='ocrx_word' id='word_1_236' title='bbox 924 1407 1047 1439; x_wconf 81' lang='lat' dir='ltr'>debito-</span> 
     </span>
     <span class='ocr_line' id='line_1_33' title="bbox 172 1449 1047 1492; baseline -0.011 -4"><span class='ocrx_word' id='word_1_237' title='bbox 172 1465 241 1488; x_wconf 73' lang='lat' dir='ltr'>rem</span> <span class='ocrx_word' id='word_1_238' title='bbox 269 1454 398 1485; x_wconf 81' lang='lat' dir='ltr'>viciffim</span> <span class='ocrx_word' id='word_1_239' title='bbox 417 1451 574 1492; x_wconf 89' lang='lat' dir='ltr'>competit</span> <span class='ocrx_word' id='word_1_240' title='bbox 591 1450 767 1482; x_wconf 88' lang='lat' dir='ltr'>contraria:</span> <span class='ocrx_word' id='word_1_241' title='bbox 791 1449 939 1481; x_wconf 83' lang='lat' dir='ltr'>suadente</span> <span class='ocrx_word' id='word_1_242' title='bbox 963 1457 1047 1479; x_wconf 85' lang='lat' dir='ltr'>natu-</span> 
     </span>
     <span class='ocr_line' id='line_1_34' title="bbox 172 1488 1049 1534; baseline -0.009 -7"><span class='ocrx_word' id='word_1_243' title='bbox 172 1506 209 1528; x_wconf 76' lang='lat' dir='ltr'>ra</span> <span class='ocrx_word' id='word_1_244' title='bbox 227 1495 359 1527; x_wconf 67' lang='lat' dir='ltr'>aetionis</span> <span class='ocrx_word' id='word_1_245' title='bbox 379 1493 548 1534; x_wconf 87' lang='lat' dir='ltr'>personalis</span> <span class='ocrx_word' id='word_1_246' title='bbox 577 1501 617 1524; x_wconf 89' lang='lat' dir='ltr'>ex</span> <span class='ocrx_word' id='word_1_247' title='bbox 640 1491 806 1523; x_wconf 66' lang='lat' dir='ltr'>contractu</span> <span class='ocrx_word' id='word_1_248' title='bbox 825 1490 853 1532; x_wconf 84' lang='lat'>§.</span> <span class='ocrx_word' id='word_1_249' title='bbox 873 1500 898 1522; x_wconf 90' lang='lat'>1.</span> <span class='ocrx_word' id='word_1_250' title='bbox 921 1488 992 1530; x_wconf 78' lang='lat' dir='ltr'>Inft.</span> <span class='ocrx_word' id='word_1_251' title='bbox 1016 1492 1049 1520; x_wconf 78' lang='lat' dir='ltr'>de</span> 
     </span>
     <span class='ocr_line' id='line_1_35' title="bbox 173 1530 1048 1574; baseline -0.007 -7"><span class='ocrx_word' id='word_1_252' title='bbox 173 1537 354 1570; x_wconf 57' lang='lat' dir='ltr'>ustionibus:</span> <span class='ocrx_word' id='word_1_253' title='bbox 376 1535 473 1574; x_wconf 88' lang='lat' dir='ltr'>idque</span> <span class='ocrx_word' id='word_1_254' title='bbox 492 1542 614 1565; x_wconf 87' lang='lat' dir='ltr'>certum</span> <span class='ocrx_word' id='word_1_255' title='bbox 634 1532 714 1570; x_wconf 81' lang='lat' dir='ltr'>effe,</span> <span class='ocrx_word' id='word_1_256' title='bbox 741 1532 854 1564; x_wconf 84' lang='lat' dir='ltr'>Paulus</span> <span class='ocrx_word' id='word_1_257' title='bbox 878 1531 988 1562; x_wconf 71' lang='lat' dir='ltr'>auctor</span> <span class='ocrx_word' id='word_1_258' title='bbox 1004 1530 1048 1562; x_wconf 85' lang='lat' dir='ltr'>est</span> 
     </span>
     <span class='ocr_line' id='line_1_36' title="bbox 173 1573 1045 1618; baseline -0.008 -9"><span class='ocrx_word' id='word_1_259' title='bbox 173 1578 193 1609; x_wconf 87' lang='lat' dir='ltr'>l.</span> <span class='ocrx_word' id='word_1_260' title='bbox 219 1581 263 1609; x_wconf 87' lang='lat'>16.</span> <span class='ocrx_word' id='word_1_261' title='bbox 283 1576 312 1618; x_wconf 86' lang='lat'>§.</span> <span class='ocrx_word' id='word_1_262' title='bbox 340 1584 364 1607; x_wconf 88' lang='lat'>1.</span> <span class='ocrx_word' id='word_1_263' title='bbox 390 1575 432 1606; x_wconf 90' lang='lat' dir='ltr'>D.</span> <span class='ocrx_word' id='word_1_264' title='bbox 449 1576 476 1606; x_wconf 85' lang='lat' dir='ltr'>h.</span> <span class='ocrx_word' id='word_1_265' title='bbox 496 1581 515 1605; x_wconf 77' lang='lat' dir='ltr'>t.</span> <span class='ocrx_word' id='word_1_266' title='bbox 544 1573 665 1605; x_wconf 85' lang='lat' dir='ltr'>Extant</span> <span class='ocrx_word' id='word_1_267' title='bbox 688 1573 779 1615; x_wconf 86' lang='lat' dir='ltr'>hujus</span> <span class='ocrx_word' id='word_1_268' title='bbox 804 1573 937 1604; x_wconf 62' lang='lat' dir='ltr'>actionis</span> <span class='ocrx_word' id='word_1_269' title='bbox 961 1580 1045 1603; x_wconf 91' lang='lat' dir='ltr'>com-</span> 
     </span>
     <span class='ocr_line' id='line_1_37' title="bbox 172 1614 1047 1660; baseline -0.008 -10"><span class='ocrx_word' id='word_1_270' title='bbox 172 1619 263 1660; x_wconf 86' lang='lat' dir='ltr'>plui-a</span> <span class='ocrx_word' id='word_1_271' title='bbox 286 1618 450 1649; x_wconf 84' lang='lat' dir='ltr'>themata:</span> <span class='ocrx_word' id='word_1_272' title='bbox 484 1615 535 1647; x_wconf 88' lang='lat' dir='ltr'>sed</span> <span class='ocrx_word' id='word_1_273' title='bbox 567 1614 722 1654; x_wconf 85' lang='lat' dir='ltr'>defungar</span> <span class='ocrx_word' id='word_1_274' title='bbox 749 1615 868 1654; x_wconf 86' lang='lat' dir='ltr'>paucis.</span> <span class='ocrx_word' id='word_1_275' title='bbox 920 1614 967 1645; x_wconf 89' lang='lat' dir='ltr'>Sit</span> <span class='ocrx_word' id='word_1_276' title='bbox 990 1614 1047 1652; x_wconf 87' lang='lat' dir='ltr'>pri-</span> 
     </span>
     <span class='ocr_line' id='line_1_38' title="bbox 171 1655 1049 1695; baseline -0.009 -3"><span class='ocrx_word' id='word_1_277' title='bbox 171 1669 277 1693; x_wconf 90' lang='lat' dir='ltr'>mum:</span> <span class='ocrx_word' id='word_1_278' title='bbox 305 1657 444 1690; x_wconf 87' lang='lat' dir='ltr'>Debitor</span> <span class='ocrx_word' id='word_1_279' title='bbox 467 1666 532 1688; x_wconf 82' lang='lat' dir='ltr'>reni</span> <span class='ocrx_word' id='word_1_280' title='bbox 555 1656 687 1688; x_wconf 86' lang='lat' dir='ltr'>alienam</span> <span class='ocrx_word' id='word_1_281' title='bbox 707 1678 717 1693; x_wconf 90' lang='lat'>,</span> <span class='ocrx_word' id='word_1_282' title='bbox 756 1656 805 1686; x_wconf 93' lang='lat' dir='ltr'>vel</span> <span class='ocrx_word' id='word_1_283' title='bbox 830 1655 880 1685; x_wconf 92' lang='lat' dir='ltr'>alii</span> <span class='ocrx_word' id='word_1_284' title='bbox 908 1655 1049 1695; x_wconf 87' lang='lat' dir='ltr'>pignora-</span> 
     </span>
     <span class='ocr_line' id='line_1_39' title="bbox 173 1696 1045 1739; baseline -0.008 -7"><span class='ocrx_word' id='word_1_285' title='bbox 173 1709 259 1739; x_wconf 87' lang='lat' dir='ltr'>tam,</span> <span class='ocrx_word' id='word_1_286' title='bbox 284 1700 336 1730; x_wconf 89' lang='lat' dir='ltr'>vel</span> <span class='ocrx_word' id='word_1_287' title='bbox 357 1702 388 1731; x_wconf 87' lang='lat' dir='ltr'>in</span> <span class='ocrx_word' id='word_1_288' title='bbox 415 1698 578 1738; x_wconf 87' lang='lat' dir='ltr'>publicum</span> <span class='ocrx_word' id='word_1_289' title='bbox 603 1697 794 1737; x_wconf 77' lang='lat' dir='ltr'>obligatam.</span> <span class='ocrx_word' id='word_1_290' title='bbox 819 1696 969 1727; x_wconf 84' lang='lat' dir='ltr'>creditori</span> <span class='ocrx_word' id='word_1_291' title='bbox 995 1696 1045 1726; x_wconf 91' lang='lat' dir='ltr'>de-</span> 
     </span>
     <span class='ocr_line' id='line_1_40' title="bbox 173 1736 1047 1783; baseline -0.009 -9"><span class='ocrx_word' id='word_1_292' title='bbox 173 1743 221 1775; x_wconf 90' lang='lat' dir='ltr'>dit</span> <span class='ocrx_word' id='word_1_293' title='bbox 240 1741 376 1783; x_wconf 80' lang='lat' dir='ltr'>pignori.</span> <span class='ocrx_word' id='word_1_294' title='bbox 402 1740 443 1771; x_wconf 89' lang='lat' dir='ltr'>ait</span> <span class='ocrx_word' id='word_1_295' title='bbox 461 1739 594 1776; x_wconf 79' lang='lat' dir='ltr'>Paulus,</span> <span class='ocrx_word' id='word_1_296' title='bbox 616 1738 797 1769; x_wconf 86' lang='lat' dir='ltr'>debitorem</span> <span class='ocrx_word' id='word_1_297' title='bbox 815 1738 966 1768; x_wconf 81' lang='lat' dir='ltr'>creditori</span> <span class='ocrx_word' id='word_1_298' title='bbox 989 1736 1047 1766; x_wconf 88' lang='lat' dir='ltr'>hac</span> 
     </span>
     <span class='ocr_line' id='line_1_41' title="bbox 173 1777 1047 1821; baseline -0.009 -6"><span class='ocrx_word' id='word_1_299' title='bbox 173 1783 300 1816; x_wconf 70' lang='lat' dir='ltr'>actione</span> <span class='ocrx_word' id='word_1_300' title='bbox 324 1781 435 1813; x_wconf 84' lang='lat' dir='ltr'>teneri.</span> <span class='ocrx_word' id='word_1_301' title='bbox 460 1780 498 1812; x_wconf 90' lang='lat' dir='ltr'>ad</span> <span class='ocrx_word' id='word_1_302' title='bbox 516 1778 620 1821; x_wconf 75' lang='lat' dir='ltr'>quid?</span> <span class='ocrx_word' id='word_1_303' title='bbox 645 1787 742 1819; x_wconf 87' lang='lat' dir='ltr'>puto,</span> <span class='ocrx_word' id='word_1_304' title='bbox 766 1778 803 1809; x_wconf 85' lang='lat' dir='ltr'>ad</span> <span class='ocrx_word' id='word_1_305' title='bbox 831 1779 861 1809; x_wconf 91' lang='lat' dir='ltr'>id</span> <span class='ocrx_word' id='word_1_306' title='bbox 878 1777 965 1818; x_wconf 91' lang='lat' dir='ltr'>quod</span> <span class='ocrx_word' id='word_1_307' title='bbox 981 1778 1047 1817; x_wconf 86' lang='lat' dir='ltr'>ejus</span> 
     </span>
     <span class='ocr_line' id='line_1_42' title="bbox 173 1818 1048 1858; baseline -0.01 0"><span class='ocrx_word' id='word_1_308' title='bbox 173 1822 294 1858; x_wconf 83' lang='lat' dir='ltr'>intersit</span> <span class='ocrx_word' id='word_1_309' title='bbox 332 1822 469 1854; x_wconf 85' lang='lat' dir='ltr'>maxime</span> <span class='ocrx_word' id='word_1_310' title='bbox 491 1830 596 1853; x_wconf 83' lang='lat' dir='ltr'>autern</span> <span class='ocrx_word' id='word_1_311' title='bbox 615 1819 679 1851; x_wconf 89' lang='lat' dir='ltr'>hoc</span> <span class='ocrx_word' id='word_1_312' title='bbox 694 1829 802 1851; x_wconf 89' lang='lat' dir='ltr'>verum</span> <span class='ocrx_word' id='word_1_313' title='bbox 827 1819 872 1850; x_wconf 84' lang='lat' dir='ltr'>est</span> <span class='ocrx_word' id='word_1_314' title='bbox 886 1842 896 1857; x_wconf 96' lang='lat'>‚</span> <span class='ocrx_word' id='word_1_315' title='bbox 919 1818 1048 1849; x_wconf 63' lang='lat' dir='ltr'>auctore</span> 
     </span>
     <span class='ocr_line' id='line_1_43' title="bbox 166 1859 1048 1900; baseline -0.009 -2"><span class='ocrx_word' id='word_1_316' title='bbox 166 1867 291 1898; x_wconf 76' lang='lat' dir='ltr'>&#39;eodem</span> <span class='ocrx_word' id='word_1_317' title='bbox 312 1863 408 1896; x_wconf 83' lang='lat' dir='ltr'>Paulo</span> <span class='ocrx_word' id='word_1_318' title='bbox 426 1863 451 1894; x_wconf 87' lang='lat' dir='ltr'>d.</span> <span class='ocrx_word' id='word_1_319' title='bbox 471 1862 549 1896; x_wconf 60' lang='lat' dir='ltr'>locam</span> <span class='ocrx_word' id='word_1_320' title='bbox 573 1861 592 1893; x_wconf 83' lang='lat' dir='ltr'>si</span> <span class='ocrx_word' id='word_1_321' title='bbox 609 1861 739 1892; x_wconf 84' lang='lat' dir='ltr'>debitor</span> <span class='ocrx_word' id='word_1_322' title='bbox 754 1869 821 1892; x_wconf 84' lang='lat' dir='ltr'>eam</span> <span class='ocrx_word' id='word_1_323' title='bbox 846 1869 904 1900; x_wconf 90' lang='lat' dir='ltr'>pro</span> <span class='ocrx_word' id='word_1_324' title='bbox 923 1859 1048 1899; x_wconf 87' lang='lat' dir='ltr'>propria</span> 
     </span>
     <span class='ocr_line' id='line_1_44' title="bbox 174 1900 1048 1945; baseline -0.008 -7"><span class='ocrx_word' id='word_1_325' title='bbox 174 1907 207 1945; x_wconf 65' lang='lat' dir='ltr'>§c</span> <span class='ocrx_word' id='word_1_326' title='bbox 226 1906 325 1938; x_wconf 89' lang='lat' dir='ltr'>libera</span> <span class='ocrx_word' id='word_1_327' title='bbox 341 1903 493 1937; x_wconf 86' lang='lat' dir='ltr'>creditori</span> <span class='ocrx_word' id='word_1_328' title='bbox 513 1904 603 1934; x_wconf 90' lang='lat' dir='ltr'>dedit</span> <span class='ocrx_word' id='word_1_329' title='bbox 620 1901 787 1942; x_wconf 83' lang='lat' dir='ltr'>ignoranti.</span> <span class='ocrx_word' id='word_1_330' title='bbox 813 1911 883 1932; x_wconf 88' lang='lat' dir='ltr'>nam</span> <span class='ocrx_word' id='word_1_331' title='bbox 909 1900 949 1932; x_wconf 85' lang='lat' dir='ltr'>fic</span> <span class='ocrx_word' id='word_1_332' title='bbox 965 1901 1048 1932; x_wconf 86' lang='lat' dir='ltr'>mali-</span> 
     </span>
     <span class='ocr_line' id='line_1_45' title="bbox 174 1942 1047 1985; baseline -0.008 -6"><span class='ocrx_word' id='word_1_333' title='bbox 174 1947 256 1979; x_wconf 86' lang='lat' dir='ltr'>tiose</span> <span class='ocrx_word' id='word_1_334' title='bbox 274 1946 376 1985; x_wconf 78' lang='lat' dir='ltr'>fecit3</span> <span class='ocrx_word' id='word_1_335' title='bbox 399 1953 432 1976; x_wconf 93' lang='lat' dir='ltr'>ut</span> <span class='ocrx_word' id='word_1_336' title='bbox 451 1946 566 1977; x_wconf 91' lang='lat' dir='ltr'>dicitur</span> <span class='ocrx_word' id='word_1_337' title='bbox 582 1945 613 1974; x_wconf 89' lang='lat' dir='ltr'>in</span> <span class='ocrx_word' id='word_1_338' title='bbox 633 1943 650 1973; x_wconf 82' lang='lat' dir='ltr'>l.</span> <span class='ocrx_word' id='word_1_339' title='bbox 666 1951 694 1979; x_wconf 89' lang='lat'>9.</span> <span class='ocrx_word' id='word_1_340' title='bbox 724 1942 754 1973; x_wconf 94' lang='lat' dir='ltr'><em>D</em></span> <span class='ocrx_word' id='word_1_341' title='bbox 781 1943 807 1972; x_wconf 85' lang='lat' dir='ltr'>b.</span> <span class='ocrx_word' id='word_1_342' title='bbox 824 1948 845 1974; x_wconf 79' lang='lat' dir='ltr'>t.</span> <span class='ocrx_word' id='word_1_343' title='bbox 869 1951 957 1973; x_wconf 90' lang='lat' dir='ltr'>certe</span> <span class='ocrx_word' id='word_1_344' title='bbox 973 1951 1047 1973; x_wconf 87' lang='lat' dir='ltr'>con-</span> 
     </span>
     <span class='ocr_line' id='line_1_46' title="bbox 176 1983 1036 2025; baseline -0.009 -4"><span class='ocrx_word' id='word_1_345' title='bbox 176 1997 224 2022; x_wconf 88' lang='lat' dir='ltr'>tra</span> <span class='ocrx_word' id='word_1_346' title='bbox 237 1987 355 2019; x_wconf 85' lang='lat' dir='ltr'>bonam</span> <span class='ocrx_word' id='word_1_347' title='bbox 374 1986 479 2018; x_wconf 86' lang='lat' dir='ltr'>fidem.</span> <span class='ocrx_word' id='word_1_348' title='bbox 506 1985 584 2017; x_wconf 88' lang='lat' dir='ltr'>solet</span> <span class='ocrx_word' id='word_1_349' title='bbox 605 1983 688 2016; x_wconf 89' lang='lat' dir='ltr'>enim</span> <span class='ocrx_word' id='word_1_350' title='bbox 708 1984 805 2023; x_wconf 70' lang='lat' dir='ltr'>pastis</span> <span class='ocrx_word' id='word_1_351' title='bbox 822 1985 987 2025; x_wconf 86' lang='lat' dir='ltr'>pignorum</span> <span class='ocrx_word' id='word_1_352' title='bbox 1005 1984 1036 2014; x_wconf 92' lang='lat' dir='ltr'>in</span> 
     </span>
     <span class='ocr_line' id='line_1_47' title="bbox 174 2024 1048 2069; baseline -0.009 -7"><span class='ocrx_word' id='word_1_353' title='bbox 174 2030 255 2068; x_wconf 85' lang='lat' dir='ltr'>seri,</span> <span class='ocrx_word' id='word_1_354' title='bbox 280 2030 366 2069; x_wconf 81' lang='lat' dir='ltr'>quod</span> <span class='ocrx_word' id='word_1_355' title='bbox 392 2027 519 2069; x_wconf 88' lang='lat' dir='ltr'>pignori</span> <span class='ocrx_word' id='word_1_356' title='bbox 543 2028 657 2064; x_wconf 85' lang='lat' dir='ltr'>datur,</span> <span class='ocrx_word' id='word_1_357' title='bbox 688 2024 748 2056; x_wconf 84' lang='lat' dir='ltr'>effe</span> <span class='ocrx_word' id='word_1_358' title='bbox 775 2025 929 2056; x_wconf 88' lang='lat' dir='ltr'>liberum:</span> <span class='ocrx_word' id='word_1_359' title='bbox 954 2026 1048 2061; x_wconf 88' lang='lat' dir='ltr'>item,</span> 
     </span>
     <span class='ocr_line' id='line_1_48' title="bbox 176 2065 1049 2105; baseline -0.009 -1"><span class='ocrx_word' id='word_1_360' title='bbox 176 2071 359 2104; x_wconf 87' lang='lat' dir='ltr'>debitorem</span> <span class='ocrx_word' id='word_1_361' title='bbox 375 2070 440 2100; x_wconf 91' lang='lat' dir='ltr'>aliis</span> <span class='ocrx_word' id='word_1_362' title='bbox 459 2068 534 2100; x_wconf 90' lang='lat' dir='ltr'>nihil</span> <span class='ocrx_word' id='word_1_363' title='bbox 553 2068 692 2105; x_wconf 83' lang='lat' dir='ltr'>debere,</span> <span class='ocrx_word' id='word_1_364' title='bbox 716 2075 776 2097; x_wconf 90' lang='lat' dir='ltr'>nec</span> <span class='ocrx_word' id='word_1_365' title='bbox 792 2065 853 2097; x_wconf 86' lang='lat' dir='ltr'>effe</span> <span class='ocrx_word' id='word_1_366' title='bbox 871 2065 1049 2098; x_wconf 85' lang='lat' dir='ltr'>debiturum</span> 
     </span>
     <span class='ocr_line' id='line_1_49' title="bbox 177 2107 1050 2151; baseline -0.009 -7"><span class='ocrx_word' id='word_1_367' title='bbox 177 2112 234 2145; x_wconf 88' lang='lat' dir='ltr'>sub</span> <span class='ocrx_word' id='word_1_368' title='bbox 259 2112 376 2143; x_wconf 85' lang='lat' dir='ltr'>eodem</span> <span class='ocrx_word' id='word_1_369' title='bbox 396 2109 544 2151; x_wconf 84' lang='lat' dir='ltr'>pignore:</span> <span class='ocrx_word' id='word_1_370' title='bbox 567 2117 677 2148; x_wconf 84' lang='lat' dir='ltr'>aeque,</span> <span class='ocrx_word' id='word_1_371' title='bbox 700 2107 787 2146; x_wconf 81' lang='lat' dir='ltr'>quod</span> <span class='ocrx_word' id='word_1_372' title='bbox 806 2107 931 2148; x_wconf 88' lang='lat' dir='ltr'>pignori</span> <span class='ocrx_word' id='word_1_373' title='bbox 947 2108 1050 2145; x_wconf 88' lang='lat' dir='ltr'>datur,</span> 
     </span>
     <span class='ocr_line' id='line_1_50' title="bbox 178 2147 1049 2194; baseline -0.009 -8"><span class='ocrx_word' id='word_1_374' title='bbox 178 2153 242 2186; x_wconf 78' lang='lat' dir='ltr'>ess‘e</span> <span class='ocrx_word' id='word_1_375' title='bbox 268 2152 443 2194; x_wconf 88' lang='lat' dir='ltr'>proprium.</span> <span class='ocrx_word' id='word_1_376' title='bbox 467 2151 555 2190; x_wconf 85' lang='lat' dir='ltr'>quod</span> <span class='ocrx_word' id='word_1_377' title='bbox 574 2150 594 2182; x_wconf 87' lang='lat' dir='ltr'>si</span> <span class='ocrx_word' id='word_1_378' title='bbox 618 2149 694 2180; x_wconf 88' lang='lat' dir='ltr'>nihil</span> <span class='ocrx_word' id='word_1_379' title='bbox 722 2149 835 2179; x_wconf 89' lang='lat' dir='ltr'>horum</span> <span class='ocrx_word' id='word_1_380' title='bbox 856 2147 889 2179; x_wconf 86' lang='lat' dir='ltr'>fit</span> <span class='ocrx_word' id='word_1_381' title='bbox 909 2157 1049 2179; x_wconf 89' lang='lat' dir='ltr'>conven-</span> 
     </span>
     <span class='ocr_line' id='line_1_51' title="bbox 179 2189 1053 2233; baseline -0.009 -6"><span class='ocrx_word' id='word_1_382' title='bbox 179 2202 266 2233; x_wconf 91' lang='lat' dir='ltr'>tum,</span> <span class='ocrx_word' id='word_1_383' title='bbox 298 2201 402 2226; x_wconf 89' lang='lat' dir='ltr'>tamen</span> <span class='ocrx_word' id='word_1_384' title='bbox 430 2192 500 2232; x_wconf 85' lang='lat' dir='ltr'>quia</span> <span class='ocrx_word' id='word_1_385' title='bbox 524 2191 565 2222; x_wconf 87' lang='lat' dir='ltr'>sic</span> <span class='ocrx_word' id='word_1_386' title='bbox 595 2189 759 2222; x_wconf 86' lang='lat' dir='ltr'>conveniri</span> <span class='ocrx_word' id='word_1_387' title='bbox 787 2189 883 2221; x_wconf 90' lang='lat' dir='ltr'>moris</span> <span class='ocrx_word' id='word_1_388' title='bbox 907 2189 970 2227; x_wconf 86' lang='lat' dir='ltr'>est,</span> <span class='ocrx_word' id='word_1_389' title='bbox 995 2197 1053 2229; x_wconf 93' lang='lat' dir='ltr'>pro</span> 
     </span>
     <span class='ocr_line' id='line_1_52' title="bbox 180 2229 1054 2271; baseline -0.008 -4"><span class='ocrx_word' id='word_1_390' title='bbox 180 2242 346 2268; x_wconf 79' lang='lat' dir='ltr'>convento</span> <span class='ocrx_word' id='word_1_391' title='bbox 366 2234 500 2266; x_wconf 88' lang='lat' dir='ltr'>habetur</span> <span class='ocrx_word' id='word_1_392' title='bbox 523 2232 553 2263; x_wconf 88' lang='lat' dir='ltr'>in</span> <span class='ocrx_word' id='word_1_393' title='bbox 579 2233 672 2263; x_wconf 89' lang='lat' dir='ltr'>bonae</span> <span class='ocrx_word' id='word_1_394' title='bbox 699 2231 774 2262; x_wconf 85' lang='lat' dir='ltr'>fidei</span> <span class='ocrx_word' id='word_1_395' title='bbox 797 2229 938 2271; x_wconf 79' lang='lat' dir='ltr'>judicio,</span> <span class='ocrx_word' id='word_1_396' title='bbox 963 2230 1054 2269; x_wconf 86' lang='lat' dir='ltr'>quale</span> 
     </span>
     <span class='ocr_line' id='line_1_53' title="bbox 181 2272 1055 2318; baseline -0.009 -9"><span class='ocrx_word' id='word_1_397' title='bbox 181 2276 226 2309; x_wconf 90' lang='lat' dir='ltr'>est</span> <span class='ocrx_word' id='word_1_398' title='bbox 249 2276 485 2318; x_wconf 85' lang='lat' dir='ltr'>pigneratitiurn</span> <span class='ocrx_word' id='word_1_399' title='bbox 521 2273 672 2313; x_wconf 60' lang='lat' dir='ltr'>recteque</span> <span class='ocrx_word' id='word_1_400' title='bbox 692 2273 817 2305; x_wconf 90' lang='lat' dir='ltr'>debitor</span> <span class='ocrx_word' id='word_1_401' title='bbox 836 2272 900 2303; x_wconf 88' lang='lat' dir='ltr'>hoc</span> <span class='ocrx_word' id='word_1_402' title='bbox 924 2272 1055 2304; x_wconf 90' lang='lat' dir='ltr'>nomine</span> 
     </span>
     <span class='ocr_line' id='line_1_54' title="bbox 182 2312 1054 2357; baseline -0.007 -7"><span class='ocrx_word' id='word_1_403' title='bbox 182 2326 310 2350; x_wconf 87' lang='lat' dir='ltr'>tenetur</span> <span class='ocrx_word' id='word_1_404' title='bbox 327 2317 488 2349; x_wconf 87' lang='lat' dir='ltr'>contraria</span> <span class='ocrx_word' id='word_1_405' title='bbox 505 2314 701 2357; x_wconf 84' lang='lat' dir='ltr'>pigneratitia</span> <span class='ocrx_word' id='word_1_406' title='bbox 721 2313 932 2345; x_wconf 75' lang='lat' dir='ltr'>atrion02five</span> <span class='ocrx_word' id='word_1_407' title='bbox 944 2312 1054 2350; x_wconf 80' lang='lat' dir='ltr'>sciens,</span> 
     </span>
     <span class='ocr_line' id='line_1_55' title="bbox 182 2354 1055 2401; baseline -0.008 -10"><span class='ocrx_word' id='word_1_408' title='bbox 182 2359 246 2391; x_wconf 87' lang='lat' dir='ltr'>five</span> <span class='ocrx_word' id='word_1_409' title='bbox 269 2359 437 2401; x_wconf 87' lang='lat' dir='ltr'>ignorans,</span> <span class='ocrx_word' id='word_1_410' title='bbox 468 2365 533 2389; x_wconf 89' lang='lat' dir='ltr'>rem</span> <span class='ocrx_word' id='word_1_411' title='bbox 553 2357 648 2388; x_wconf 88' lang='lat' dir='ltr'>talem</span> <span class='ocrx_word' id='word_1_412' title='bbox 669 2354 751 2391; x_wconf 82' lang='lat' dir='ltr'>effe,</span> <span class='ocrx_word' id='word_1_413' title='bbox 773 2365 841 2386; x_wconf 85' lang='lat' dir='ltr'>eam</span> <span class='ocrx_word' id='word_1_414' title='bbox 860 2355 985 2395; x_wconf 88' lang='lat' dir='ltr'>pignori</span> <span class='ocrx_word' id='word_1_415' title='bbox 1004 2355 1055 2385; x_wconf 90' lang='lat' dir='ltr'>de-</span> 
     </span>
     <span class='ocr_line' id='line_1_56' title="bbox 184 2396 1051 2438; baseline -0.008 -6"><span class='ocrx_word' id='word_1_416' title='bbox 184 2400 266 2432; x_wconf 90' lang='lat' dir='ltr'>derit</span> <span class='ocrx_word' id='word_1_417' title='bbox 283 2401 456 2438; x_wconf 88' lang='lat' dir='ltr'>creditori,</span> <span class='ocrx_word' id='word_1_418' title='bbox 481 2398 580 2432; x_wconf 84' lang='lat' dir='ltr'>modo</span> <span class='ocrx_word' id='word_1_419' title='bbox 598 2396 771 2438; x_wconf 86' lang='lat' dir='ltr'>ignoranti:</span> <span class='ocrx_word' id='word_1_420' title='bbox 795 2397 867 2436; x_wconf 85' lang='lat' dir='ltr'>quia</span> <span class='ocrx_word' id='word_1_421' title='bbox 889 2405 952 2426; x_wconf 90' lang='lat' dir='ltr'>non</span> <span class='ocrx_word' id='word_1_422' title='bbox 977 2404 1051 2426; x_wconf 91' lang='lat' dir='ltr'>con-</span> 
     </span>
     <span class='ocr_line' id='line_1_57' title="bbox 127 2437 1054 2481; baseline -0.006 -9"><span class='ocrx_word' id='word_1_423' title='bbox 127 2457 131 2458; x_wconf 29' lang='grc' dir='ltr'><em>ν</em></span> <span class='ocrx_word' id='word_1_424' title='bbox 183 2443 274 2472; x_wconf 89' lang='lat' dir='ltr'>venit</span> <span class='ocrx_word' id='word_1_425' title='bbox 290 2443 381 2473; x_wconf 88' lang='lat' dir='ltr'>bonae</span> <span class='ocrx_word' id='word_1_426' title='bbox 398 2439 470 2473; x_wconf 87' lang='lat' dir='ltr'>fidei</span> <span class='ocrx_word' id='word_1_427' title='bbox 492 2442 690 2481; x_wconf 87' lang='lat' dir='ltr'>ignorantem</span> <span class='ocrx_word' id='word_1_428' title='bbox 707 2447 722 2469; x_wconf 86' lang='lat' dir='ltr'>a</span> <span class='ocrx_word' id='word_1_429' title='bbox 738 2437 901 2471; x_wconf 79' lang='lat' dir='ltr'>debitore,</span> <span class='ocrx_word' id='word_1_430' title='bbox 914 2437 965 2476; x_wconf 87' lang='lat' dir='ltr'>qui</span> <span class='ocrx_word' id='word_1_431' title='bbox 983 2445 1054 2477; x_wconf 89' lang='lat' dir='ltr'>pro-</span> 
     </span>
     <span class='ocr_line' id='line_1_58' title="bbox 184 2478 1053 2522; baseline -0.007 -9"><span class='ocrx_word' id='word_1_432' title='bbox 184 2481 280 2513; x_wconf 77' lang='lat' dir='ltr'>feffus</span> <span class='ocrx_word' id='word_1_433' title='bbox 296 2483 358 2521; x_wconf 85' lang='lat' dir='ltr'>est,</span> <span class='ocrx_word' id='word_1_434' title='bbox 384 2483 412 2513; x_wconf 89' lang='lat' dir='ltr'>se</span> <span class='ocrx_word' id='word_1_435' title='bbox 432 2491 497 2513; x_wconf 89' lang='lat' dir='ltr'>rem</span> <span class='ocrx_word' id='word_1_436' title='bbox 520 2479 677 2521; x_wconf 83' lang='lat' dir='ltr'>propriam</span> <span class='ocrx_word' id='word_1_437' title='bbox 694 2488 746 2510; x_wconf 89' lang='lat' dir='ltr'>aut</span> <span class='ocrx_word' id='word_1_438' title='bbox 766 2478 893 2510; x_wconf 84' lang='lat' dir='ltr'>liberam</span> <span class='ocrx_word' id='word_1_439' title='bbox 912 2478 986 2508; x_wconf 90' lang='lat' dir='ltr'>dare</span> <span class='ocrx_word' id='word_1_440' title='bbox 997 2502 1011 2522; x_wconf 28' lang='lat'>,1</span> <span class='ocrx_word' id='word_1_441' title='bbox 1025 2478 1053 2508; x_wconf 71' lang='grc' dir='ltr'>δι</span> 
     </span>
     <span class='ocr_line' id='line_1_59' title="bbox 185 2519 1052 2563; baseline -0.007 -8"><span class='ocrx_word' id='word_1_442' title='bbox 185 2532 270 2555; x_wconf 87' lang='lat' dir='ltr'>nunc</span> <span class='ocrx_word' id='word_1_443' title='bbox 286 2523 441 2555; x_wconf 84' lang='lat' dir='ltr'>mendacii</span> <span class='ocrx_word' id='word_1_444' title='bbox 459 2521 618 2563; x_wconf 82' lang='lat' dir='ltr'>arguitur,</span> <span class='ocrx_word' id='word_1_445' title='bbox 642 2530 683 2552; x_wconf 89' lang='lat' dir='ltr'>eo</span> <span class='ocrx_word' id='word_1_446' title='bbox 703 2521 802 2552; x_wconf 88' lang='lat' dir='ltr'>modo</span> <span class='ocrx_word' id='word_1_447' title='bbox 820 2519 1052 2551; x_wconf 82' lang='lat' dir='ltr'>circumveniri.</span> 
     </span>
     <span class='ocr_line' id='line_1_60' title="bbox 185 2559 1053 2603; baseline -0.007 -7"><span class='ocrx_word' id='word_1_448' title='bbox 185 2562 264 2596; x_wconf 83' lang='lat' dir='ltr'>Non</span> <span class='ocrx_word' id='word_1_449' title='bbox 288 2565 371 2596; x_wconf 87' lang='lat' dir='ltr'>idern</span> <span class='ocrx_word' id='word_1_450' title='bbox 388 2564 453 2603; x_wconf 88' lang='lat' dir='ltr'>est;</span> <span class='ocrx_word' id='word_1_451' title='bbox 475 2564 496 2595; x_wconf 88' lang='lat' dir='ltr'>si</span> <span class='ocrx_word' id='word_1_452' title='bbox 514 2564 656 2594; x_wconf 86' lang='lat' dir='ltr'>creditor</span> <span class='ocrx_word' id='word_1_453' title='bbox 681 2562 816 2593; x_wconf 91' lang='lat' dir='ltr'>alienum</span> <span class='ocrx_word' id='word_1_454' title='bbox 830 2584 839 2600; x_wconf 88' lang='lat'>,</span> <span class='ocrx_word' id='word_1_455' title='bbox 860 2561 911 2592; x_wconf 87' lang='lat' dir='ltr'>vel</span> <span class='ocrx_word' id='word_1_456' title='bbox 934 2559 1053 2600; x_wconf 80' lang='lat' dir='ltr'>obliga-</span> 
     </span>
     <span class='ocr_line' id='line_1_61' title="bbox 188 2603 1056 2645; baseline -0.007 -7"><span class='ocrx_word' id='word_1_457' title='bbox 188 2612 278 2645; x_wconf 86' lang='lat' dir='ltr'>tum,</span> <span class='ocrx_word' id='word_1_458' title='bbox 305 2606 357 2638; x_wconf 89' lang='lat' dir='ltr'>vel</span> <span class='ocrx_word' id='word_1_459' title='bbox 378 2603 580 2645; x_wconf 88' lang='lat' dir='ltr'>morbosum,</span> <span class='ocrx_word' id='word_1_460' title='bbox 610 2603 713 2636; x_wconf 32' lang='lat' dir='ltr'>sciens*</span> <span class='ocrx_word' id='word_1_461' title='bbox 733 2603 868 2644; x_wconf 87' lang='lat' dir='ltr'>accepit.</span> <span class='ocrx_word' id='word_1_462' title='bbox 893 2610 965 2633; x_wconf 90' lang='lat' dir='ltr'>nam</span> <span class='ocrx_word' id='word_1_463' title='bbox 988 2608 1056 2633; x_wconf 89' lang='lat' dir='ltr'>tum</span> 
     </span>
    </p>
   </div>
   <div class='ocr_carea' id='block_1_2' title="bbox 1071 84 1559 122">
    <p class='ocr_par' dir='ltr' id='par_1_3' title="bbox 1071 84 1559 122">
     <span class='ocr_line' id='line_1_62' title="bbox 1071 84 1559 122; baseline -0.002 -1"><span class='ocrx_word' id='word_1_464' title='bbox 1071 95 1265 122; x_wconf 62' lang='lat' dir='ltr'>oona·</span> <span class='ocrx_word' id='word_1_465' title='bbox 1323 84 1559 121; x_wconf 49' lang='lat' dir='ltr'>Co&#39;uMs</span> 
     </span>
    </p>
   </div>
   <div class='ocr_carea' id='block_1_3' title="bbox 1082 172 1967 2597">
    <p class='ocr_par' dir='ltr' id='par_1_4' title="bbox 1082 172 1957 1396">
     <span class='ocr_line' id='line_1_63' title="bbox 1083 172 1950 215; baseline -0.005 -10"><span class='ocrx_word' id='word_1_466' title='bbox 1083 174 1314 215; x_wconf 73' lang='lat' dir='ltr'>negat&#39;Paulus</span> <span class='ocrx_word' id='word_1_467' title='bbox 1333 198 1343 214; x_wconf 92' lang='lat'>,</span> <span class='ocrx_word' id='word_1_468' title='bbox 1374 173 1403 206; x_wconf 89' lang='lat' dir='ltr'>ei</span> <span class='ocrx_word' id='word_1_469' title='bbox 1427 181 1615 214; x_wconf 87' lang='lat' dir='ltr'>competere</span> <span class='ocrx_word' id='word_1_470' title='bbox 1647 172 1839 205; x_wconf 86' lang='lat' dir='ltr'>contrarium</span> <span class='ocrx_word' id='word_1_471' title='bbox 1870 173 1950 214; x_wconf 65' lang='lat' dir='ltr'>judi.</span> 
     </span>
     <span class='ocr_line' id='line_1_64' title="bbox 1082 214 1950 258; baseline -0.009 -10"><span class='ocrx_word' id='word_1_472' title='bbox 1082 217 1184 247; x_wconf 83' lang='lat' dir='ltr'>cium:</span> <span class='ocrx_word' id='word_1_473' title='bbox 1207 218 1278 258; x_wconf 88' lang='lat' dir='ltr'>quia</span> <span class='ocrx_word' id='word_1_474' title='bbox 1304 226 1344 247; x_wconf 93' lang='lat' dir='ltr'>eo</span> <span class='ocrx_word' id='word_1_475' title='bbox 1368 223 1539 247; x_wconf 81' lang='lat' dir='ltr'>contentus</span> <span class='ocrx_word' id='word_1_476' title='bbox 1564 214 1625 245; x_wconf 79' lang='lat' dir='ltr'>fuit</span> <span class='ocrx_word' id='word_1_477' title='bbox 1645 237 1654 252; x_wconf 95' lang='lat'>‚</span> <span class='ocrx_word' id='word_1_478' title='bbox 1686 223 1769 244; x_wconf 68' lang='lat' dir='ltr'>cerii.</span> <span class='ocrx_word' id='word_1_479' title='bbox 1799 218 1950 253; x_wconf 67' lang='lat' dir='ltr'>deceptus</span> 
     </span>
     <span class='ocr_line' id='line_1_65' title="bbox 1082 256 1948 296; baseline 0.001 -9"><span class='ocrx_word' id='word_1_480' title='bbox 1082 265 1145 287; x_wconf 88' lang='lat' dir='ltr'>non</span> <span class='ocrx_word' id='word_1_481' title='bbox 1164 257 1218 288; x_wconf 81' lang='lat' dir='ltr'>est.</span> <span class='ocrx_word' id='word_1_482' title='bbox 1242 265 1390 288; x_wconf 85' lang='lat' dir='ltr'>caeterum</span> <span class='ocrx_word' id='word_1_483' title='bbox 1407 280 1415 294; x_wconf 88' lang='lat'><strong>‚</strong></span> <span class='ocrx_word' id='word_1_484' title='bbox 1440 256 1459 287; x_wconf 87' lang='lat' dir='ltr'>si</span> <span class='ocrx_word' id='word_1_485' title='bbox 1483 256 1638 296; x_wconf 82' lang='lat' dir='ltr'>ignoranti</span> <span class='ocrx_word' id='word_1_486' title='bbox 1656 259 1804 285; x_wconf 84' lang='lat' dir='ltr'>creditor·</span> <span class='ocrx_word' id='word_1_487' title='bbox 1823 256 1948 289; x_wconf 82' lang='lat' dir='ltr'>debitor</span> 
     </span>
     <span class='ocr_line' id='line_1_66' title="bbox 1084 297 1949 336; baseline 0.001 -9"><span class='ocrx_word' id='word_1_488' title='bbox 1084 298 1182 328; x_wconf 85' lang='lat' dir='ltr'>sciens</span> <span class='ocrx_word' id='word_1_489' title='bbox 1207 299 1341 329; x_wconf 90' lang='lat' dir='ltr'>alienum</span> <span class='ocrx_word' id='word_1_490' title='bbox 1367 297 1475 336; x_wconf 80' lang='lat' dir='ltr'>dedit3</span> <span class='ocrx_word' id='word_1_491' title='bbox 1497 305 1539 327; x_wconf 80' lang='lat' dir='ltr'>uit</span> <span class='ocrx_word' id='word_1_492' title='bbox 1566 297 1697 328; x_wconf 80' lang='lat' dir='ltr'>Paulus.</span> <span class='ocrx_word' id='word_1_493' title='bbox 1720 306 1811 333; x_wconf 85' lang='lat' dir='ltr'>euin,</span> <span class='ocrx_word' id='word_1_494' title='bbox 1838 306 1949 335; x_wconf 77' lang='lat' dir='ltr'>praeter</span> 
     </span>
     <span class='ocr_line' id='line_1_67' title="bbox 1085 337 1951 379; baseline 0.001 -11"><span class='ocrx_word' id='word_1_495' title='bbox 1085 340 1278 370; x_wconf 81' lang='lat' dir='ltr'>contrarium</span> <span class='ocrx_word' id='word_1_496' title='bbox 1294 339 1446 379; x_wconf 84' lang='lat' dir='ltr'>judicium</span> <span class='ocrx_word' id='word_1_497' title='bbox 1462 337 1556 369; x_wconf 83' lang='lat' dir='ltr'>etiam</span> <span class='ocrx_word' id='word_1_498' title='bbox 1581 339 1619 369; x_wconf 88' lang='lat' dir='ltr'>de</span> <span class='ocrx_word' id='word_1_499' title='bbox 1639 338 1812 368; x_wconf 61' lang='lat' dir='ltr'>stellionum</span> <span class='ocrx_word' id='word_1_500' title='bbox 1833 339 1951 377; x_wconf 85' lang='lat' dir='ltr'>teneri,</span> 
     </span>
     <span class='ocr_line' id='line_1_68' title="bbox 1085 379 1952 421; baseline 0 -11"><span class='ocrx_word' id='word_1_501' title='bbox 1085 380 1227 419; x_wconf 82' lang='lat' dir='ltr'>quamvis</span> <span class='ocrx_word' id='word_1_502' title='bbox 1252 380 1270 411; x_wconf 87' lang='lat' dir='ltr'>si</span> <span class='ocrx_word' id='word_1_503' title='bbox 1295 383 1442 421; x_wconf 82' lang='lat' dir='ltr'>ignorans</span> <span class='ocrx_word' id='word_1_504' title='bbox 1468 379 1604 411; x_wconf 75' lang='lat' dir='ltr'>alienum</span> <span class='ocrx_word' id='word_1_505' title='bbox 1638 380 1788 416; x_wconf 83' lang='lat' dir='ltr'>dederit,</span> <span class='ocrx_word' id='word_1_506' title='bbox 1821 387 1952 418; x_wconf 75' lang='lat' dir='ltr'>propter</span> 
     </span>
     <span class='ocr_line' id='line_1_69' title="bbox 1084 419 1953 461; baseline 0.001 -11"><span class='ocrx_word' id='word_1_507' title='bbox 1084 421 1292 461; x_wconf 77' lang='lat' dir='ltr'>ignorantiam</span> <span class='ocrx_word' id='word_1_508' title='bbox 1312 443 1321 459; x_wconf 89' lang='lat'>‚</span> <span class='ocrx_word' id='word_1_509' title='bbox 1352 431 1368 452; x_wconf 92' lang='lat' dir='ltr'>a</span> <span class='ocrx_word' id='word_1_510' title='bbox 1399 420 1576 452; x_wconf 85' lang='lat' dir='ltr'>stellionatu</span> <span class='ocrx_word' id='word_1_511' title='bbox 1601 419 1778 451; x_wconf 78' lang='lat' dir='ltr'>excusetur.</span> <span class='ocrx_word' id='word_1_512' title='bbox 1810 421 1887 457; x_wconf 75' lang='lat' dir='ltr'>scd,</span> <span class='ocrx_word' id='word_1_513' title='bbox 1919 427 1953 451; x_wconf 85' lang='lat' dir='ltr'>ut</span> 
     </span>
     <span class='ocr_line' id='line_1_70' title="bbox 1085 459 1954 500; baseline 0 -9"><span class='ocrx_word' id='word_1_514' title='bbox 1085 462 1163 498; x_wconf 82' lang='lat' dir='ltr'>dixi,</span> <span class='ocrx_word' id='word_1_515' title='bbox 1192 470 1343 500; x_wconf 87' lang='lat' dir='ltr'>quantum</span> <span class='ocrx_word' id='word_1_516' title='bbox 1360 465 1397 493; x_wconf 88' lang='lat' dir='ltr'>ad</span> <span class='ocrx_word' id='word_1_517' title='bbox 1415 464 1607 493; x_wconf 82' lang='lat' dir='ltr'>contrarium</span> <span class='ocrx_word' id='word_1_518' title='bbox 1621 459 1791 500; x_wconf 86' lang='lat' dir='ltr'>judicium,</span> <span class='ocrx_word' id='word_1_519' title='bbox 1816 470 1879 491; x_wconf 91' lang='lat' dir='ltr'>non</span> <span class='ocrx_word' id='word_1_520' title='bbox 1906 469 1954 491; x_wconf 86' lang='lat' dir='ltr'>re-</span> 
     </span>
     <span class='ocr_line' id='line_1_71' title="bbox 1085 501 1953 544; baseline 0.001 -11"><span class='ocrx_word' id='word_1_521' title='bbox 1085 501 1165 539; x_wconf 82' lang='lat' dir='ltr'>fert,</span> <span class='ocrx_word' id='word_1_522' title='bbox 1183 511 1286 532; x_wconf 89' lang='lat' dir='ltr'>utrum</span> <span class='ocrx_word' id='word_1_523' title='bbox 1307 502 1421 540; x_wconf 83' lang='lat' dir='ltr'>sciens,</span> <span class='ocrx_word' id='word_1_524' title='bbox 1447 513 1484 534; x_wconf 88' lang='lat' dir='ltr'>an</span> <span class='ocrx_word' id='word_1_525' title='bbox 1503 504 1648 544; x_wconf 83' lang='lat' dir='ltr'>ignorans</span> <span class='ocrx_word' id='word_1_526' title='bbox 1675 502 1817 538; x_wconf 75' lang='lat' dir='ltr'>dederit,</span> <span class='ocrx_word' id='word_1_527' title='bbox 1843 510 1953 534; x_wconf 89' lang='lat' dir='ltr'>verum</span> 
     </span>
     <span class='ocr_line' id='line_1_72' title="bbox 1087 542 1953 585; baseline 0.001 -12"><span class='ocrx_word' id='word_1_528' title='bbox 1087 550 1190 574; x_wconf 88' lang='lat' dir='ltr'>utrum</span> <span class='ocrx_word' id='word_1_529' title='bbox 1209 542 1336 580; x_wconf 81' lang='lat' dir='ltr'>scienti,</span> <span class='ocrx_word' id='word_1_530' title='bbox 1360 552 1396 575; x_wconf 88' lang='lat' dir='ltr'>an</span> <span class='ocrx_word' id='word_1_531' title='bbox 1421 545 1577 585; x_wconf 86' lang='lat' dir='ltr'>ignoranti</span> <span class='ocrx_word' id='word_1_532' title='bbox 1600 543 1734 575; x_wconf 80' lang='lat' dir='ltr'>dederit.</span> <span class='ocrx_word' id='word_1_533' title='bbox 1777 542 1844 573; x_wconf 85' lang='lat' dir='ltr'>Fuit</span> <span class='ocrx_word' id='word_1_534' title='bbox 1864 544 1893 573; x_wconf 70' lang='lat' dir='ltr'>dt</span> <span class='ocrx_word' id='word_1_535' title='bbox 1911 545 1953 574; x_wconf 80' lang='lat' dir='ltr'>de</span> 
     </span>
     <span class='ocr_line' id='line_1_73' title="bbox 1086 583 1954 625; baseline 0.002 -11"><span class='ocrx_word' id='word_1_536' title='bbox 1086 594 1126 614; x_wconf 90' lang='lat' dir='ltr'>eo</span> <span class='ocrx_word' id='word_1_537' title='bbox 1151 583 1312 624; x_wconf 82' lang='lat' dir='ltr'>quaesitum</span> <span class='ocrx_word' id='word_1_538' title='bbox 1341 584 1360 615; x_wconf 92' lang='lat' dir='ltr'>l.</span> <span class='ocrx_word' id='word_1_539' title='bbox 1382 594 1430 624; x_wconf 81' lang='lat'>32.</span> <span class='ocrx_word' id='word_1_540' title='bbox 1461 584 1497 615; x_wconf 92' lang='lat' dir='ltr'>D.</span> <span class='ocrx_word' id='word_1_541' title='bbox 1526 587 1551 616; x_wconf 27' lang='lat' dir='ltr'>b:</span> <span class='ocrx_word' id='word_1_542' title='bbox 1582 592 1601 616; x_wconf 80' lang='grc' dir='ltr'>ι.</span> <span class='ocrx_word' id='word_1_543' title='bbox 1634 594 1671 615; x_wconf 90' lang='lat' dir='ltr'>an</span> <span class='ocrx_word' id='word_1_544' title='bbox 1696 584 1788 625; x_wconf 85' lang='lat' dir='ltr'>poffit</span> <span class='ocrx_word' id='word_1_545' title='bbox 1812 592 1954 616; x_wconf 73' lang='lat' dir='ltr'>creditor</span> 
     </span>
     <span class='ocr_line' id='line_1_74' title="bbox 1086 625 1950 667; baseline -0.001 -11"><span class='ocrx_word' id='word_1_546' title='bbox 1086 634 1159 656; x_wconf 90' lang='lat' dir='ltr'>cum</span> <span class='ocrx_word' id='word_1_547' title='bbox 1186 625 1334 655; x_wconf 88' lang='lat' dir='ltr'>debitore</span> <span class='ocrx_word' id='word_1_548' title='bbox 1358 626 1409 665; x_wconf 86' lang='lat' dir='ltr'>qui</span> <span class='ocrx_word' id='word_1_549' title='bbox 1433 626 1564 657; x_wconf 88' lang='lat' dir='ltr'>alienam</span> <span class='ocrx_word' id='word_1_550' title='bbox 1596 636 1661 657; x_wconf 86' lang='lat' dir='ltr'>rein</span> <span class='ocrx_word' id='word_1_551' title='bbox 1693 625 1815 667; x_wconf 71' lang='lat' dir='ltr'>pignori</span> <span class='ocrx_word' id='word_1_552' title='bbox 1843 625 1950 663; x_wconf 85' lang='lat' dir='ltr'>dedit,</span> 
     </span>
     <span class='ocr_line' id='line_1_75' title="bbox 1086 665 1953 707; baseline 0.001 -11"><span class='ocrx_word' id='word_1_553' title='bbox 1086 667 1246 697; x_wconf 82' lang='lat' dir='ltr'>contraria</span> <span class='ocrx_word' id='word_1_554' title='bbox 1271 665 1471 707; x_wconf 87' lang='lat' dir='ltr'>pigneratitia</span> <span class='ocrx_word' id='word_1_555' title='bbox 1494 676 1605 707; x_wconf 83' lang='lat' dir='ltr'>agere,</span> <span class='ocrx_word' id='word_1_556' title='bbox 1630 667 1649 699; x_wconf 90' lang='lat' dir='ltr'>si</span> <span class='ocrx_word' id='word_1_557' title='bbox 1668 668 1821 698; x_wconf 54' lang='lat' dir='ltr'>solvendo</span> <span class='ocrx_word' id='word_1_558' title='bbox 1847 667 1881 697; x_wconf 83' lang='lat' dir='ltr'>lit</span> <span class='ocrx_word' id='word_1_559' title='bbox 1900 669 1953 697; x_wconf 86' lang='lat' dir='ltr'>de-</span> 
     </span>
     <span class='ocr_line' id='line_1_76' title="bbox 1086 706 1954 748; baseline 0 -10"><span class='ocrx_word' id='word_1_560' title='bbox 1086 707 1181 738; x_wconf 90' lang='lat' dir='ltr'>bitor.</span> <span class='ocrx_word' id='word_1_561' title='bbox 1207 714 1334 746; x_wconf 88' lang='lat' dir='ltr'>poterat</span> <span class='ocrx_word' id='word_1_562' title='bbox 1351 708 1435 738; x_wconf 88' lang='lat' dir='ltr'>enim</span> <span class='ocrx_word' id='word_1_563' title='bbox 1453 706 1534 739; x_wconf 85' lang='lat' dir='ltr'>dici:</span> <span class='ocrx_word' id='word_1_564' title='bbox 1560 710 1646 748; x_wconf 82' lang='lat' dir='ltr'>quod</span> <span class='ocrx_word' id='word_1_565' title='bbox 1667 707 1718 738; x_wconf 82' lang='lat' dir='ltr'>hic</span> <span class='ocrx_word' id='word_1_566' title='bbox 1735 708 1864 739; x_wconf 70' lang='lat' dir='ltr'>cessaret</span> <span class='ocrx_word' id='word_1_567' title='bbox 1882 716 1954 738; x_wconf 85' lang='lat' dir='ltr'>cau-</span> 
     </span>
     <span class='ocr_line' id='line_1_77' title="bbox 1086 747 1954 788; baseline 0 -9"><span class='ocrx_word' id='word_1_568' title='bbox 1086 748 1115 779; x_wconf 87' lang='lat' dir='ltr'>sa</span> <span class='ocrx_word' id='word_1_569' title='bbox 1135 747 1301 779; x_wconf 81' lang='lat' dir='ltr'>contrariae</span> <span class='ocrx_word' id='word_1_570' title='bbox 1320 747 1468 784; x_wconf 74' lang='lat' dir='ltr'>actionis,</span> <span class='ocrx_word' id='word_1_571' title='bbox 1494 750 1530 779; x_wconf 87' lang='lat' dir='ltr'>ad</span> <span class='ocrx_word' id='word_1_572' title='bbox 1558 749 1619 780; x_wconf 84' lang='lat' dir='ltr'>hoc</span> <span class='ocrx_word' id='word_1_573' title='bbox 1644 748 1768 788; x_wconf 72' lang='lat' dir='ltr'>posnae3</span> <span class='ocrx_word' id='word_1_574' title='bbox 1795 758 1828 780; x_wconf 89' lang='lat' dir='ltr'>ut</span> <span class='ocrx_word' id='word_1_575' title='bbox 1852 750 1954 780; x_wconf 83' lang='lat' dir='ltr'>credi-</span> 
     </span>
     <span class='ocr_line' id='line_1_78' title="bbox 1085 788 1955 830; baseline 0.001 -9"><span class='ocrx_word' id='word_1_576' title='bbox 1085 797 1136 821; x_wconf 91' lang='lat' dir='ltr'>tor</span> <span class='ocrx_word' id='word_1_577' title='bbox 1152 789 1266 820; x_wconf 86' lang='lat' dir='ltr'>babeat</span> <span class='ocrx_word' id='word_1_578' title='bbox 1285 792 1372 830; x_wconf 85' lang='lat' dir='ltr'>quod</span> <span class='ocrx_word' id='word_1_579' title='bbox 1391 788 1439 820; x_wconf 87' lang='lat' dir='ltr'>sua</span> <span class='ocrx_word' id='word_1_580' title='bbox 1458 788 1595 828; x_wconf 84' lang='lat' dir='ltr'>intersit,</span> <span class='ocrx_word' id='word_1_581' title='bbox 1620 799 1682 821; x_wconf 91' lang='lat' dir='ltr'>non</span> <span class='ocrx_word' id='word_1_582' title='bbox 1703 788 1763 821; x_wconf 86' lang='lat' dir='ltr'>esse</span> <span class='ocrx_word' id='word_1_583' title='bbox 1779 789 1831 821; x_wconf 85' lang='lat' dir='ltr'>sibi</span> <span class='ocrx_word' id='word_1_584' title='bbox 1849 793 1955 822; x_wconf 80' lang='lat' dir='ltr'>datam</span> 
     </span>
     <span class='ocr_line' id='line_1_79' title="bbox 1085 830 1953 871; baseline 0 -9"><span class='ocrx_word' id='word_1_585' title='bbox 1085 840 1150 862; x_wconf 92' lang='lat' dir='ltr'>rem</span> <span class='ocrx_word' id='word_1_586' title='bbox 1177 831 1332 862; x_wconf 89' lang='lat' dir='ltr'>alienam:</span> <span class='ocrx_word' id='word_1_587' title='bbox 1362 831 1393 861; x_wconf 88' lang='lat' dir='ltr'>in</span> <span class='ocrx_word' id='word_1_588' title='bbox 1422 830 1587 871; x_wconf 81' lang='lat' dir='ltr'>proposito</span> <span class='ocrx_word' id='word_1_589' title='bbox 1611 839 1715 861; x_wconf 88' lang='lat' dir='ltr'>autem</span> <span class='ocrx_word' id='word_1_590' title='bbox 1741 840 1804 862; x_wconf 88' lang='lat' dir='ltr'>non</span> <span class='ocrx_word' id='word_1_591' title='bbox 1825 830 1953 863; x_wconf 79' lang='lat' dir='ltr'>interest</span> 
     </span>
     <span class='ocr_line' id='line_1_80' title="bbox 1086 870 1956 912; baseline -0.001 -9"><span class='ocrx_word' id='word_1_592' title='bbox 1086 870 1270 910; x_wconf 74' lang='lat' dir='ltr'>creditoris,</span> <span class='ocrx_word' id='word_1_593' title='bbox 1294 871 1314 903; x_wconf 86' lang='lat' dir='ltr'>si</span> <span class='ocrx_word' id='word_1_594' title='bbox 1330 870 1483 902; x_wconf 86' lang='lat' dir='ltr'>solvendo</span> <span class='ocrx_word' id='word_1_595' title='bbox 1504 871 1539 902; x_wconf 82' lang='lat' dir='ltr'>fit</span> <span class='ocrx_word' id='word_1_596' title='bbox 1555 872 1698 902; x_wconf 87' lang='lat' dir='ltr'>debitor:</span> <span class='ocrx_word' id='word_1_597' title='bbox 1723 870 1776 902; x_wconf 83' lang='lat' dir='ltr'>etsi</span> <span class='ocrx_word' id='word_1_598' title='bbox 1795 873 1821 902; x_wconf 83' lang='lat' dir='ltr'>ei</span> <span class='ocrx_word' id='word_1_599' title='bbox 1846 872 1956 912; x_wconf 86' lang='lat' dir='ltr'>pigno-</span> 
     </span>
     <span class='ocr_line' id='line_1_81' title="bbox 1086 913 1956 952; baseline 0 -9"><span class='ocrx_word' id='word_1_600' title='bbox 1086 915 1110 944; x_wconf 88' lang='lat' dir='ltr'>ri</span> <span class='ocrx_word' id='word_1_601' title='bbox 1127 913 1252 944; x_wconf 89' lang='lat' dir='ltr'>dederit</span> <span class='ocrx_word' id='word_1_602' title='bbox 1269 922 1335 944; x_wconf 87' lang='lat' dir='ltr'>rem</span> <span class='ocrx_word' id='word_1_603' title='bbox 1353 913 1497 944; x_wconf 83' lang='lat' dir='ltr'>alienam.</span> <span class='ocrx_word' id='word_1_604' title='bbox 1524 914 1583 944; x_wconf 84' lang='lat' dir='ltr'>Sed</span> <span class='ocrx_word' id='word_1_605' title='bbox 1602 920 1712 944; x_wconf 86' lang='lat' dir='ltr'>contra</span> <span class='ocrx_word' id='word_1_606' title='bbox 1733 913 1848 952; x_wconf 80' lang='lat' dir='ltr'>placuit</span> <span class='ocrx_word' id='word_1_607' title='bbox 1871 914 1956 943; x_wconf 77' lang='lat' dir='ltr'>Mar-</span> 
     </span>
     <span class='ocr_line' id='line_1_82' title="bbox 1088 953 1956 995; baseline 0 -10"><span class='ocrx_word' id='word_1_608' title='bbox 1088 963 1182 985; x_wconf 86' lang='lat' dir='ltr'>ciano</span> <span class='ocrx_word' id='word_1_609' title='bbox 1208 954 1236 984; x_wconf 87' lang='lat' dir='ltr'>d.</span> <span class='ocrx_word' id='word_1_610' title='bbox 1262 953 1280 984; x_wconf 90' lang='lat' dir='ltr'>l.</span> <span class='ocrx_word' id='word_1_611' title='bbox 1301 963 1350 995; x_wconf 82' lang='lat'>3²·</span> <span class='ocrx_word' id='word_1_612' title='bbox 1373 954 1468 985; x_wconf 83' lang='lat' dir='ltr'>etiam</span> <span class='ocrx_word' id='word_1_613' title='bbox 1497 953 1548 984; x_wconf 91' lang='lat' dir='ltr'>hic</span> <span class='ocrx_word' id='word_1_614' title='bbox 1581 954 1730 984; x_wconf 77' lang='lat' dir='ltr'>creditori</span> <span class='ocrx_word' id='word_1_615' title='bbox 1769 960 1956 992; x_wconf 84' lang='lat' dir='ltr'>competere</span> 
     </span>
     <span class='ocr_line' id='line_1_83' title="bbox 1085 995 1955 1035; baseline 0 -10"><span class='ocrx_word' id='word_1_616' title='bbox 1085 995 1458 1035; x_wconf 86' lang='lat' dir='ltr'>contrariumjudicium:</span> <span class='ocrx_word' id='word_1_617' title='bbox 1482 1003 1652 1035; x_wconf 78' lang='lat' dir='ltr'>propterea</span> <span class='ocrx_word' id='word_1_618' title='bbox 1673 995 1759 1034; x_wconf 82' lang='lat' dir='ltr'>quod</span> <span class='ocrx_word' id='word_1_619' title='bbox 1779 998 1808 1025; x_wconf 94' lang='lat' dir='ltr'>in</span> <span class='ocrx_word' id='word_1_620' title='bbox 1832 1001 1882 1026; x_wconf 85' lang='lat' dir='ltr'>tot</span> <span class='ocrx_word' id='word_1_621' title='bbox 1901 995 1955 1025; x_wconf 85' lang='lat' dir='ltr'>hu-</span> 
     </span>
     <span class='ocr_line' id='line_1_84' title="bbox 1085 1035 1957 1076; baseline -0.003 -8"><span class='ocrx_word' id='word_1_622' title='bbox 1085 1036 1185 1068; x_wconf 87' lang='lat' dir='ltr'>manis</span> <span class='ocrx_word' id='word_1_623' title='bbox 1202 1035 1320 1068; x_wconf 86' lang='lat' dir='ltr'>casibus</span> <span class='ocrx_word' id='word_1_624' title='bbox 1335 1036 1400 1076; x_wconf 85' lang='lat' dir='ltr'>ejus</span> <span class='ocrx_word' id='word_1_625' title='bbox 1417 1036 1538 1075; x_wconf 85' lang='lat' dir='ltr'>semper</span> <span class='ocrx_word' id='word_1_626' title='bbox 1556 1036 1681 1068; x_wconf 78' lang='lat' dir='ltr'>interest</span> <span class='ocrx_word' id='word_1_627' title='bbox 1694 1060 1702 1072; x_wconf 91' lang='lat'>,</span> <span class='ocrx_word' id='word_1_628' title='bbox 1721 1036 1826 1075; x_wconf 84' lang='lat' dir='ltr'>potius</span> <span class='ocrx_word' id='word_1_629' title='bbox 1843 1037 1957 1076; x_wconf 80' lang='lat' dir='ltr'>pigno-</span> 
     </span>
     <span class='ocr_line' id='line_1_85' title="bbox 1086 1076 1956 1118; baseline 0 -10"><span class='ocrx_word' id='word_1_630' title='bbox 1086 1078 1109 1108; x_wconf 90' lang='lat' dir='ltr'>ri</span> <span class='ocrx_word' id='word_1_631' title='bbox 1128 1077 1312 1108; x_wconf 80' lang='lat' dir='ltr'>incumbere</span> <span class='ocrx_word' id='word_1_632' title='bbox 1335 1086 1428 1117; x_wconf 88' lang='lat' dir='ltr'>quam</span> <span class='ocrx_word' id='word_1_633' title='bbox 1452 1084 1574 1108; x_wconf 84' lang='lat' dir='ltr'>tantum</span> <span class='ocrx_word' id='word_1_634' title='bbox 1600 1086 1693 1118; x_wconf 85' lang='lat' dir='ltr'>agere</span> <span class='ocrx_word' id='word_1_635' title='bbox 1717 1076 1862 1107; x_wconf 79' lang='lat' dir='ltr'>adversus</span> <span class='ocrx_word' id='word_1_636' title='bbox 1888 1085 1956 1116; x_wconf 88' lang='lat' dir='ltr'>per·</span> 
     </span>
     <span class='ocr_line' id='line_1_86' title="bbox 1087 1117 1957 1160; baseline -0.001 -11"><span class='ocrx_word' id='word_1_637' title='bbox 1087 1118 1194 1149; x_wconf 83' lang='lat' dir='ltr'>sonam</span> <span class='ocrx_word' id='word_1_638' title='bbox 1211 1117 1364 1150; x_wconf 73' lang='lat' dir='ltr'>debitoris</span> <span class='ocrx_word' id='word_1_639' title='bbox 1384 1119 1403 1148; x_wconf 82' lang='lat' dir='ltr'>l.</span> <span class='ocrx_word' id='word_1_640' title='bbox 1421 1117 1522 1159; x_wconf 86' lang='lat' dir='ltr'><em>25.D.</em></span> <span class='ocrx_word' id='word_1_641' title='bbox 1542 1120 1575 1149; x_wconf 79' lang='lat' dir='ltr'>de</span> <span class='ocrx_word' id='word_1_642' title='bbox 1590 1118 1694 1160; x_wconf 80' lang='lat' dir='ltr'>regulis</span> <span class='ocrx_word' id='word_1_643' title='bbox 1708 1118 1786 1160; x_wconf 82' lang='lat' dir='ltr'>juris</span> <span class='ocrx_word' id='word_1_644' title='bbox 1796 1128 1806 1147; x_wconf 91' lang='lat'>.·</span> <span class='ocrx_word' id='word_1_645' title='bbox 1829 1119 1879 1157; x_wconf 86' lang='lat' dir='ltr'>qui</span> <span class='ocrx_word' id='word_1_646' title='bbox 1899 1127 1957 1158; x_wconf 92' lang='lat' dir='ltr'>po-</span> 
     </span>
     <span class='ocr_line' id='line_1_87' title="bbox 1087 1158 1955 1200; baseline 0.001 -10"><span class='ocrx_word' id='word_1_647' title='bbox 1087 1158 1145 1191; x_wconf 89' lang='lat' dir='ltr'>test</span> <span class='ocrx_word' id='word_1_648' title='bbox 1162 1168 1230 1190; x_wconf 89' lang='lat' dir='ltr'>cras</span> <span class='ocrx_word' id='word_1_649' title='bbox 1253 1159 1314 1191; x_wconf 87' lang='lat' dir='ltr'>esse</span> <span class='ocrx_word' id='word_1_650' title='bbox 1341 1168 1479 1200; x_wconf 81' lang='lat' dir='ltr'>pauper,</span> <span class='ocrx_word' id='word_1_651' title='bbox 1503 1168 1535 1190; x_wconf 91' lang='lat' dir='ltr'>ut</span> <span class='ocrx_word' id='word_1_652' title='bbox 1555 1159 1651 1190; x_wconf 85' lang='lat' dir='ltr'>hodie</span> <span class='ocrx_word' id='word_1_653' title='bbox 1675 1159 1708 1189; x_wconf 81' lang='lat' dir='ltr'>fit</span> <span class='ocrx_word' id='word_1_654' title='bbox 1730 1160 1828 1190; x_wconf 81' lang='lat' dir='ltr'>dives.</span> <span class='ocrx_word' id='word_1_655' title='bbox 1850 1161 1910 1199; x_wconf 83' lang='lat' dir='ltr'>jam</span> <span class='ocrx_word' id='word_1_656' title='bbox 1932 1158 1955 1191; x_wconf 83' lang='lat' dir='ltr'><strong>fi</strong></span> 
     </span>
     <span class='ocr_line' id='line_1_88' title="bbox 1086 1199 1954 1245; baseline -0.001 -14"><span class='ocrx_word' id='word_1_657' title='bbox 1086 1201 1227 1245; x_wconf 83' lang='lat' dir='ltr'>naturale</span> <span class='ocrx_word' id='word_1_658' title='bbox 1245 1201 1389 1232; x_wconf 85' lang='lat' dir='ltr'>debitum</span> <span class='ocrx_word' id='word_1_659' title='bbox 1406 1199 1469 1239; x_wconf 83' lang='lat' dir='ltr'>est3</span> <span class='ocrx_word' id='word_1_660' title='bbox 1484 1202 1570 1241; x_wconf 86' lang='lat' dir='ltr'>quod</span> <span class='ocrx_word' id='word_1_661' title='bbox 1587 1210 1651 1231; x_wconf 86' lang='lat' dir='ltr'>non</span> <span class='ocrx_word' id='word_1_662' title='bbox 1670 1199 1774 1240; x_wconf 83' lang='lat' dir='ltr'>potest</span> <span class='ocrx_word' id='word_1_663' title='bbox 1792 1202 1875 1240; x_wconf 86' lang='lat' dir='ltr'>peti,</span> <span class='ocrx_word' id='word_1_664' title='bbox 1899 1201 1954 1231; x_wconf 87' lang='lat' dir='ltr'>de-</span> 
     </span>
     <span class='ocr_line' id='line_1_89' title="bbox 1086 1241 1955 1282; baseline 0 -10"><span class='ocrx_word' id='word_1_665' title='bbox 1086 1241 1215 1273; x_wconf 86' lang='lat' dir='ltr'>ficiente</span> <span class='ocrx_word' id='word_1_666' title='bbox 1238 1242 1376 1274; x_wconf 72' lang='lat' dir='ltr'>actione:</span> <span class='ocrx_word' id='word_1_667' title='bbox 1400 1242 1529 1272; x_wconf 83' lang='lat' dir='ltr'>interest</span> <span class='ocrx_word' id='word_1_668' title='bbox 1552 1242 1663 1282; x_wconf 86' lang='lat' dir='ltr'>procul</span> <span class='ocrx_word' id='word_1_669' title='bbox 1694 1241 1790 1272; x_wconf 74' lang='lat' dir='ltr'>dubio</span> <span class='ocrx_word' id='word_1_670' title='bbox 1815 1242 1955 1272; x_wconf 81' lang='lat' dir='ltr'>credito-</span> 
     </span>
     <span class='ocr_line' id='line_1_90' title="bbox 1087 1282 1954 1326; baseline 0 -13"><span class='ocrx_word' id='word_1_671' title='bbox 1087 1286 1146 1320; x_wconf 81' lang='lat' dir='ltr'>ris,</span> <span class='ocrx_word' id='word_1_672' title='bbox 1174 1282 1232 1326; x_wconf 85' lang='lat' dir='ltr'>hac</span> <span class='ocrx_word' id='word_1_673' title='bbox 1254 1282 1284 1314; x_wconf 90' lang='lat' dir='ltr'>in</span> <span class='ocrx_word' id='word_1_674' title='bbox 1315 1282 1418 1320; x_wconf 76' lang='lat' dir='ltr'>specie</span> <span class='ocrx_word' id='word_1_675' title='bbox 1434 1282 1551 1313; x_wconf 87' lang='lat' dir='ltr'>habere</span> <span class='ocrx_word' id='word_1_676' title='bbox 1569 1284 1699 1323; x_wconf 82' lang='lat' dir='ltr'>pignus3</span> <span class='ocrx_word' id='word_1_677' title='bbox 1723 1282 1775 1313; x_wconf 82' lang='lat' dir='ltr'>etsi</span> <span class='ocrx_word' id='word_1_678' title='bbox 1801 1283 1954 1313; x_wconf 61' lang='lat' dir='ltr'>lolxendo</span> 
     </span>
     <span class='ocr_line' id='line_1_91' title="bbox 1087 1323 1279 1355; baseline -0.005 0"><span class='ocrx_word' id='word_1_679' title='bbox 1087 1323 1122 1355; x_wconf 86' lang='lat' dir='ltr'>fit</span> <span class='ocrx_word' id='word_1_680' title='bbox 1141 1324 1279 1355; x_wconf 86' lang='lat' dir='ltr'>debitor.</span> 
     </span>
     <span class='ocr_line' id='line_1_92' title="bbox 1089 1363 1888 1396; baseline -0.001 0"><span class='ocrx_word' id='word_1_681' title='bbox 1089 1363 1231 1396; x_wconf 72' lang='lat' dir='ltr'>actionis.</span> <span class='ocrx_word' id='word_1_682' title='bbox 1885 1383 1888 1386; x_wconf 89' lang='lat'><em>-</em></span> 
     </span>
    </p>

    <p class='ocr_par' dir='ltr' id='par_1_5' title="bbox 1090 1404 1967 2226">
     <span class='ocr_line' id='line_1_93' title="bbox 1134 1404 1954 1447; baseline -0.002 -10"><span class='ocrx_word' id='word_1_683' title='bbox 1134 1405 1229 1437; x_wconf 91' lang='lat' dir='ltr'>Nunc</span> <span class='ocrx_word' id='word_1_684' title='bbox 1257 1406 1389 1438; x_wconf 90' lang='lat' dir='ltr'>alterum</span> <span class='ocrx_word' id='word_1_685' title='bbox 1408 1407 1520 1445; x_wconf 85' lang='lat' dir='ltr'>accipe</span> <span class='ocrx_word' id='word_1_686' title='bbox 1543 1416 1581 1438; x_wconf 86' lang='lat' dir='ltr'>ex</span> <span class='ocrx_word' id='word_1_687' title='bbox 1607 1407 1616 1437; x_wconf 85' lang='lat' dir='ltr'>l</span> <span class='ocrx_word' id='word_1_688' title='bbox 1641 1416 1670 1447; x_wconf 82' lang='lat'>3.</span> <span class='ocrx_word' id='word_1_689' title='bbox 1694 1406 1736 1437; x_wconf 94' lang='lat' dir='ltr'>D.</span> <span class='ocrx_word' id='word_1_690' title='bbox 1753 1406 1781 1437; x_wconf 80' lang='lat' dir='ltr'>h.</span> <span class='ocrx_word' id='word_1_691' title='bbox 1800 1411 1820 1436; x_wconf 86' lang='lat' dir='ltr'>t.</span> <span class='ocrx_word' id='word_1_692' title='bbox 1844 1405 1874 1436; x_wconf 88' lang='lat' dir='ltr'>id</span> <span class='ocrx_word' id='word_1_693' title='bbox 1891 1404 1954 1436; x_wconf 87' lang='lat' dir='ltr'>tale</span> 
     </span>
     <span class='ocr_line' id='line_1_94' title="bbox 1090 1446 1958 1488; baseline -0.002 -9"><span class='ocrx_word' id='word_1_694' title='bbox 1090 1447 1144 1479; x_wconf 80' lang='lat' dir='ltr'>esl.</span> <span class='ocrx_word' id='word_1_695' title='bbox 1170 1446 1320 1478; x_wconf 87' lang='lat' dir='ltr'>Creditor</span> <span class='ocrx_word' id='word_1_696' title='bbox 1339 1447 1476 1478; x_wconf 87' lang='lat' dir='ltr'>debitori</span> <span class='ocrx_word' id='word_1_697' title='bbox 1494 1449 1630 1479; x_wconf 88' lang='lat' dir='ltr'>reddidit</span> <span class='ocrx_word' id='word_1_698' title='bbox 1649 1449 1777 1488; x_wconf 54' lang='lat' dir='ltr'>pignuz,</span> <span class='ocrx_word' id='word_1_699' title='bbox 1802 1446 1883 1486; x_wconf 83' lang='lat' dir='ltr'>quasi</span> <span class='ocrx_word' id='word_1_700' title='bbox 1904 1450 1958 1477; x_wconf 48' lang='lat' dir='ltr'>tie-</span> 
     </span>
     <span class='ocr_line' id='line_1_95' title="bbox 1090 1487 1958 1528; baseline -0.002 -9"><span class='ocrx_word' id='word_1_701' title='bbox 1090 1489 1187 1519; x_wconf 90' lang='lat' dir='ltr'>bitam</span> <span class='ocrx_word' id='word_1_702' title='bbox 1208 1489 1373 1527; x_wconf 87' lang='lat' dir='ltr'>pecuniam</span> <span class='ocrx_word' id='word_1_703' title='bbox 1398 1496 1582 1528; x_wconf 88' lang='lat' dir='ltr'>recepturus</span> <span class='ocrx_word' id='word_1_704' title='bbox 1608 1489 1647 1519; x_wconf 90' lang='lat' dir='ltr'>ab</span> <span class='ocrx_word' id='word_1_705' title='bbox 1666 1498 1706 1518; x_wconf 88' lang='lat' dir='ltr'>co</span> <span class='ocrx_word' id='word_1_706' title='bbox 1730 1488 1899 1525; x_wconf 77' lang='lat' dir='ltr'>corninu=3</span> <span class='ocrx_word' id='word_1_707' title='bbox 1925 1487 1958 1517; x_wconf 88' lang='lat' dir='ltr'>id</span> 
     </span>
     <span class='ocr_line' id='line_1_96' title="bbox 1092 1528 1958 1565; baseline -0.002 -5"><span class='ocrx_word' id='word_1_708' title='bbox 1092 1529 1154 1565; x_wconf 82' lang='lat' dir='ltr'>est,</span> <span class='ocrx_word' id='word_1_709' title='bbox 1179 1528 1296 1560; x_wconf 88' lang='lat' dir='ltr'>statim:</span> <span class='ocrx_word' id='word_1_710' title='bbox 1319 1538 1352 1559; x_wconf 92' lang='lat' dir='ltr'>ut</span> <span class='ocrx_word' id='word_1_711' title='bbox 1375 1528 1427 1559; x_wconf 91' lang='lat' dir='ltr'>hic</span> <span class='ocrx_word' id='word_1_712' title='bbox 1454 1529 1535 1560; x_wconf 89' lang='lat' dir='ltr'>bene</span> <span class='ocrx_word' id='word_1_713' title='bbox 1560 1529 1736 1560; x_wconf 69' lang='lat' dir='ltr'>observavit</span> <span class='ocrx_word' id='word_1_714' title='bbox 1772 1528 1853 1560; x_wconf 78' lang='lat' dir='ltr'>inter</span> <span class='ocrx_word' id='word_1_715' title='bbox 1879 1530 1958 1558; x_wconf 85' lang='lat' dir='ltr'>alios</span> 
     </span>
     <span class='ocr_line' id='line_1_97' title="bbox 1093 1568 1959 1610; baseline -0.003 -8"><span class='ocrx_word' id='word_1_716' title='bbox 1093 1569 1237 1609; x_wconf 84' lang='lat' dir='ltr'>Cujacius</span> <span class='ocrx_word' id='word_1_717' title='bbox 1255 1571 1301 1600; x_wconf 84' lang='lat' dir='ltr'>lib.</span> <span class='ocrx_word' id='word_1_718' title='bbox 1321 1579 1350 1600; x_wconf 80' lang='lat' dir='ltr'>x.</span> <span class='ocrx_word' id='word_1_719' title='bbox 1371 1570 1490 1608; x_wconf 76' lang='lat' dir='ltr'>Observ.</span> <span class='ocrx_word' id='word_1_720' title='bbox 1509 1580 1531 1600; x_wconf 88' lang='lat' dir='ltr'>c.</span> <span class='ocrx_word' id='word_1_721' title='bbox 1551 1579 1591 1610; x_wconf 83' lang='lat'>39</span> <span class='ocrx_word' id='word_1_722' title='bbox 1624 1568 1792 1607; x_wconf 81' lang='lat' dir='ltr'>Creditor,</span> <span class='ocrx_word' id='word_1_723' title='bbox 1817 1571 1959 1607; x_wconf 86' lang='lat' dir='ltr'>inquam,</span> 
     </span>
     <span class='ocr_line' id='line_1_98' title="bbox 1093 1609 1960 1654; baseline -0.006 -11"><span class='ocrx_word' id='word_1_724' title='bbox 1093 1611 1230 1643; x_wconf 88' lang='lat' dir='ltr'>debitori</span> <span class='ocrx_word' id='word_1_725' title='bbox 1248 1611 1386 1654; x_wconf 78' lang='lat' dir='ltr'>reddidit</span> <span class='ocrx_word' id='word_1_726' title='bbox 1408 1610 1535 1651; x_wconf 83' lang='lat' dir='ltr'>pignus,</span> <span class='ocrx_word' id='word_1_727' title='bbox 1562 1609 1642 1649; x_wconf 83' lang='lat' dir='ltr'>quasi</span> <span class='ocrx_word' id='word_1_728' title='bbox 1659 1618 1842 1649; x_wconf 85' lang='lat' dir='ltr'>recepturus</span> <span class='ocrx_word' id='word_1_729' title='bbox 1861 1609 1899 1639; x_wconf 78' lang='lat' dir='ltr'>ab</span> <span class='ocrx_word' id='word_1_730' title='bbox 1919 1618 1960 1639; x_wconf 82' lang='lat' dir='ltr'>co</span> 
     </span>
     <span class='ocr_line' id='line_1_99' title="bbox 1092 1649 1963 1691; baseline -0.002 -8"><span class='ocrx_word' id='word_1_731' title='bbox 1092 1653 1237 1683; x_wconf 88' lang='lat' dir='ltr'>corninus</span> <span class='ocrx_word' id='word_1_732' title='bbox 1268 1660 1433 1691; x_wconf 86' lang='lat' dir='ltr'>pecuniam</span> <span class='ocrx_word' id='word_1_733' title='bbox 1462 1652 1611 1683; x_wconf 89' lang='lat' dir='ltr'>debitam.</span> <span class='ocrx_word' id='word_1_734' title='bbox 1645 1653 1668 1682; x_wconf 86' lang='lat' dir='ltr'>is</span> <span class='ocrx_word' id='word_1_735' title='bbox 1697 1651 1842 1688; x_wconf 75' lang='lat' dir='ltr'>debitor,</span> <span class='ocrx_word' id='word_1_736' title='bbox 1874 1649 1963 1689; x_wconf 80' lang='lat' dir='ltr'>quod</span> 
     </span>
     <span class='ocr_line' id='line_1_100' title="bbox 1091 1691 1964 1734; baseline -0.002 -11"><span class='ocrx_word' id='word_1_737' title='bbox 1091 1703 1153 1733; x_wconf 87' lang='lat' dir='ltr'>prae</span> <span class='ocrx_word' id='word_1_738' title='bbox 1181 1692 1212 1724; x_wconf 87' lang='lat' dir='ltr'>se</span> <span class='ocrx_word' id='word_1_739' title='bbox 1235 1691 1381 1731; x_wconf 83' lang='lat' dir='ltr'>ferebat,</span> <span class='ocrx_word' id='word_1_740' title='bbox 1403 1702 1466 1724; x_wconf 88' lang='lat' dir='ltr'>non</span> <span class='ocrx_word' id='word_1_741' title='bbox 1493 1694 1584 1724; x_wconf 84' lang='lat' dir='ltr'>solvit</span> <span class='ocrx_word' id='word_1_742' title='bbox 1611 1691 1794 1734; x_wconf 79' lang='lat' dir='ltr'>pecuniam:</span> <span class='ocrx_word' id='word_1_743' title='bbox 1821 1692 1871 1722; x_wconf 78' lang='lat' dir='ltr'>sed</span> <span class='ocrx_word' id='word_1_744' title='bbox 1897 1693 1964 1731; x_wconf 86' lang='lat' dir='ltr'>pig-</span> 
     </span>
     <span class='ocr_line' id='line_1_101' title="bbox 1092 1731 1961 1774; baseline -0.002 -9"><span class='ocrx_word' id='word_1_745' title='bbox 1092 1744 1149 1765; x_wconf 87' lang='lat' dir='ltr'>nus</span> <span class='ocrx_word' id='word_1_746' title='bbox 1174 1743 1190 1764; x_wconf 91' lang='lat' dir='ltr'>a</span> <span class='ocrx_word' id='word_1_747' title='bbox 1220 1733 1378 1765; x_wconf 87' lang='lat' dir='ltr'>creditore</span> <span class='ocrx_word' id='word_1_748' title='bbox 1402 1743 1567 1773; x_wconf 88' lang='lat' dir='ltr'>receptum</span> <span class='ocrx_word' id='word_1_749' title='bbox 1593 1743 1648 1774; x_wconf 91' lang='lat' dir='ltr'>per</span> <span class='ocrx_word' id='word_1_750' title='bbox 1673 1732 1841 1764; x_wconf 73' lang='lat' dir='ltr'>fenestram</span> <span class='ocrx_word' id='word_1_751' title='bbox 1861 1731 1961 1770; x_wconf 81' lang='lat' dir='ltr'>misit,</span> 
     </span>
     <span class='ocr_line' id='line_1_102' title="bbox 1093 1774 1960 1815; baseline -0.002 -9"><span class='ocrx_word' id='word_1_752' title='bbox 1093 1783 1271 1814; x_wconf 87' lang='lat' dir='ltr'>excepturo</span> <span class='ocrx_word' id='word_1_753' title='bbox 1289 1785 1328 1805; x_wconf 89' lang='lat' dir='ltr'>eo</span> <span class='ocrx_word' id='word_1_754' title='bbox 1347 1784 1441 1814; x_wconf 84' lang='lat' dir='ltr'>quem</span> <span class='ocrx_word' id='word_1_755' title='bbox 1466 1778 1505 1806; x_wconf 86' lang='lat' dir='ltr'>de</span> <span class='ocrx_word' id='word_1_756' title='bbox 1520 1774 1667 1806; x_wconf 86' lang='lat' dir='ltr'>induslria</span> <span class='ocrx_word' id='word_1_757' title='bbox 1690 1776 1726 1805; x_wconf 91' lang='lat' dir='ltr'>ad</span> <span class='ocrx_word' id='word_1_758' title='bbox 1747 1775 1778 1806; x_wconf 92' lang='lat' dir='ltr'>id</span> <span class='ocrx_word' id='word_1_759' title='bbox 1805 1774 1960 1815; x_wconf 79' lang='lat' dir='ltr'>posuerat.</span> 
     </span>
     <span class='ocr_line' id='line_1_103' title="bbox 1092 1815 1963 1857; baseline -0.002 -10"><span class='ocrx_word' id='word_1_760' title='bbox 1092 1816 1168 1848; x_wconf 91' lang='lat' dir='ltr'>Non</span> <span class='ocrx_word' id='word_1_761' title='bbox 1187 1816 1315 1847; x_wconf 88' lang='lat' dir='ltr'>dubium</span> <span class='ocrx_word' id='word_1_762' title='bbox 1335 1816 1398 1854; x_wconf 89' lang='lat' dir='ltr'>est,</span> <span class='ocrx_word' id='word_1_763' title='bbox 1422 1817 1497 1857; x_wconf 87' lang='lat' dir='ltr'>quin</span> <span class='ocrx_word' id='word_1_764' title='bbox 1524 1816 1650 1848; x_wconf 87' lang='lat' dir='ltr'>debitor</span> <span class='ocrx_word' id='word_1_765' title='bbox 1675 1817 1827 1847; x_wconf 86' lang='lat' dir='ltr'>creditori</span> <span class='ocrx_word' id='word_1_766' title='bbox 1847 1815 1963 1846; x_wconf 52' lang='lat' dir='ltr'>fecerit</span> 
     </span>
     <span class='ocr_line' id='line_1_104' title="bbox 1090 1855 1964 1898; baseline -0.003 -9"><span class='ocrx_word' id='word_1_767' title='bbox 1090 1857 1210 1889; x_wconf 89' lang='lat' dir='ltr'>furtum</span> <span class='ocrx_word' id='word_1_768' title='bbox 1235 1856 1448 1898; x_wconf 81' lang='lat' dir='ltr'>poffeffionis:</span> <span class='ocrx_word' id='word_1_769' title='bbox 1472 1866 1577 1897; x_wconf 89' lang='lat' dir='ltr'>eoque</span> <span class='ocrx_word' id='word_1_770' title='bbox 1605 1859 1631 1889; x_wconf 67' lang='grc' dir='ltr'>ὅ(</span> <span class='ocrx_word' id='word_1_771' title='bbox 1657 1856 1730 1888; x_wconf 90' lang='lat' dir='ltr'>furti</span> <span class='ocrx_word' id='word_1_772' title='bbox 1757 1857 1785 1888; x_wconf 71' lang='grc' dir='ltr'>ἃ</span> <span class='ocrx_word' id='word_1_773' title='bbox 1811 1860 1848 1888; x_wconf 90' lang='lat' dir='ltr'>ad</span> <span class='ocrx_word' id='word_1_774' title='bbox 1873 1855 1964 1887; x_wconf 83' lang='lat' dir='ltr'>exhi-</span> 
     </span>
     <span class='ocr_line' id='line_1_105' title="bbox 1092 1897 1965 1938; baseline -0.003 -8"><span class='ocrx_word' id='word_1_775' title='bbox 1092 1899 1231 1930; x_wconf 86' lang='lat' dir='ltr'>bendum</span> <span class='ocrx_word' id='word_1_776' title='bbox 1257 1906 1411 1930; x_wconf 84' lang='lat' dir='ltr'>ieneatur.</span> <span class='ocrx_word' id='word_1_777' title='bbox 1443 1898 1493 1930; x_wconf 87' lang='lat' dir='ltr'>sed</span> <span class='ocrx_word' id='word_1_778' title='bbox 1515 1900 1555 1930; x_wconf 90' lang='lat' dir='ltr'>de</span> <span class='ocrx_word' id='word_1_779' title='bbox 1578 1898 1735 1929; x_wconf 88' lang='lat' dir='ltr'>contraria</span> <span class='ocrx_word' id='word_1_780' title='bbox 1765 1897 1965 1938; x_wconf 82' lang='lat' dir='ltr'>pigneratitia</span> 
     </span>
     <span class='ocr_line' id='line_1_106' title="bbox 1092 1936 1965 1981; baseline 0.001 -12"><span class='ocrx_word' id='word_1_781' title='bbox 1092 1941 1219 1972; x_wconf 88' lang='lat' dir='ltr'>videtui·</span> <span class='ocrx_word' id='word_1_782' title='bbox 1241 1940 1376 1981; x_wconf 85' lang='lat' dir='ltr'>ambigi:</span> <span class='ocrx_word' id='word_1_783' title='bbox 1399 1939 1482 1979; x_wconf 84' lang='lat' dir='ltr'>quasi</span> <span class='ocrx_word' id='word_1_784' title='bbox 1502 1949 1564 1971; x_wconf 88' lang='lat' dir='ltr'>non</span> <span class='ocrx_word' id='word_1_785' title='bbox 1589 1939 1704 1970; x_wconf 86' lang='lat' dir='ltr'>habeat</span> <span class='ocrx_word' id='word_1_786' title='bbox 1727 1939 1853 1974; x_wconf 72' lang='lat' dir='ltr'>locum,</span> <span class='ocrx_word' id='word_1_787' title='bbox 1877 1936 1965 1970; x_wconf 88' lang='lat' dir='ltr'>resti-</span> 
     </span>
     <span class='ocr_line' id='line_1_107' title="bbox 1093 1979 1964 2022; baseline -0.003 -10"><span class='ocrx_word' id='word_1_788' title='bbox 1093 1988 1164 2012; x_wconf 91' lang='lat' dir='ltr'>tuto</span> <span class='ocrx_word' id='word_1_789' title='bbox 1183 1982 1334 2022; x_wconf 82' lang='lat' dir='ltr'>pignore,</span> <span class='ocrx_word' id='word_1_790' title='bbox 1359 1981 1385 2012; x_wconf 74' lang='grc' dir='ltr'>ἀ</span> <span class='ocrx_word' id='word_1_791' title='bbox 1406 1981 1496 2013; x_wconf 79' lang='lat' dir='ltr'>finito</span> <span class='ocrx_word' id='word_1_792' title='bbox 1527 1980 1701 2012; x_wconf 64' lang='lat' dir='ltr'>contractu.</span> <span class='ocrx_word' id='word_1_793' title='bbox 1745 1980 1804 2011; x_wconf 84' lang='lat' dir='ltr'>Sed</span> <span class='ocrx_word' id='word_1_794' title='bbox 1824 1979 1964 2019; x_wconf 83' lang='lat' dir='ltr'>Pompo-</span> 
     </span>
     <span class='ocr_line' id='line_1_108' title="bbox 1094 2021 1964 2060; baseline -0.003 -7"><span class='ocrx_word' id='word_1_795' title='bbox 1094 2023 1162 2053; x_wconf 87' lang='lat' dir='ltr'>nius</span> <span class='ocrx_word' id='word_1_796' title='bbox 1179 2023 1219 2052; x_wconf 82' lang='lat' dir='ltr'>ait</span> <span class='ocrx_word' id='word_1_797' title='bbox 1231 2046 1240 2060; x_wconf 93' lang='lat'>‚</span> <span class='ocrx_word' id='word_1_798' title='bbox 1257 2021 1362 2053; x_wconf 87' lang='lat' dir='ltr'>adhuc</span> <span class='ocrx_word' id='word_1_799' title='bbox 1379 2023 1484 2054; x_wconf 90' lang='lat' dir='ltr'>locum</span> <span class='ocrx_word' id='word_1_800' title='bbox 1505 2021 1577 2053; x_wconf 84' lang='lat' dir='ltr'>fore</span> <span class='ocrx_word' id='word_1_801' title='bbox 1595 2022 1710 2053; x_wconf 65' lang='lat' dir='ltr'>actioni</span> <span class='ocrx_word' id='word_1_802' title='bbox 1727 2021 1899 2052; x_wconf 81' lang='lat' dir='ltr'>contrariae</span> <span class='ocrx_word' id='word_1_803' title='bbox 1926 2027 1964 2051; x_wconf 89' lang='lat' dir='ltr'>ac</span> 
     </span>
     <span class='ocr_line' id='line_1_109' title="bbox 1093 2061 1966 2103; baseline -0.002 -9"><span class='ocrx_word' id='word_1_804' title='bbox 1093 2062 1114 2095; x_wconf 84' lang='lat' dir='ltr'><strong>fi</strong></span> <span class='ocrx_word' id='word_1_805' title='bbox 1131 2062 1159 2094; x_wconf 89' lang='lat' dir='ltr'>ei</span> <span class='ocrx_word' id='word_1_806' title='bbox 1179 2063 1344 2103; x_wconf 84' lang='lat' dir='ltr'>objiciatur</span> <span class='ocrx_word' id='word_1_807' title='bbox 1361 2062 1512 2103; x_wconf 86' lang='lat' dir='ltr'>exceptio</span> <span class='ocrx_word' id='word_1_808' title='bbox 1524 2085 1533 2101; x_wconf 88' lang='lat'>,</span> <span class='ocrx_word' id='word_1_809' title='bbox 1548 2062 1644 2094; x_wconf 87' lang='lat' dir='ltr'>Extra</span> <span class='ocrx_word' id='word_1_810' title='bbox 1660 2071 1751 2101; x_wconf 85' lang='lat' dir='ltr'>quam</span> <span class='ocrx_word' id='word_1_811' title='bbox 1769 2061 1788 2093; x_wconf 81' lang='lat' dir='ltr'>si</span> <span class='ocrx_word' id='word_1_812' title='bbox 1807 2062 1966 2093; x_wconf 83' lang='lat' dir='ltr'>redditum</span> 
     </span>
     <span class='ocr_line' id='line_1_110' title="bbox 1097 2102 1965 2145; baseline -0.002 -11"><span class='ocrx_word' id='word_1_813' title='bbox 1097 2105 1210 2144; x_wconf 86' lang='lat' dir='ltr'>pignus</span> <span class='ocrx_word' id='word_1_814' title='bbox 1225 2104 1278 2136; x_wconf 86' lang='lat' dir='ltr'>sit:</span> <span class='ocrx_word' id='word_1_815' title='bbox 1303 2104 1424 2144; x_wconf 87' lang='lat' dir='ltr'>optime</span> <span class='ocrx_word' id='word_1_816' title='bbox 1449 2103 1592 2145; x_wconf 87' lang='lat' dir='ltr'>replicari</span> <span class='ocrx_word' id='word_1_817' title='bbox 1616 2105 1654 2135; x_wconf 88' lang='lat' dir='ltr'>de</span> <span class='ocrx_word' id='word_1_818' title='bbox 1681 2103 1756 2134; x_wconf 82' lang='lat' dir='ltr'>dolo</span> <span class='ocrx_word' id='word_1_819' title='bbox 1786 2104 1813 2134; x_wconf 74' lang='lat' dir='ltr'>(St</span> <span class='ocrx_word' id='word_1_820' title='bbox 1835 2102 1965 2140; x_wconf 85' lang='lat' dir='ltr'>fraude,</span> 
     </span>
     <span class='ocr_line' id='line_1_111' title="bbox 1098 2141 1967 2185; baseline -0.001 -10"><span class='ocrx_word' id='word_1_821' title='bbox 1098 2154 1154 2185; x_wconf 88' lang='lat' dir='ltr'>per</span> <span class='ocrx_word' id='word_1_822' title='bbox 1169 2154 1262 2185; x_wconf 83' lang='lat' dir='ltr'>quam</span> <span class='ocrx_word' id='word_1_823' title='bbox 1281 2154 1345 2177; x_wconf 91' lang='lat' dir='ltr'>non</span> <span class='ocrx_word' id='word_1_824' title='bbox 1363 2147 1540 2177; x_wconf 84' lang='lat' dir='ltr'>redditum:</span> <span class='ocrx_word' id='word_1_825' title='bbox 1565 2144 1616 2176; x_wconf 86' lang='lat' dir='ltr'>sed</span> <span class='ocrx_word' id='word_1_826' title='bbox 1640 2153 1695 2185; x_wconf 89' lang='lat' dir='ltr'>per</span> <span class='ocrx_word' id='word_1_827' title='bbox 1712 2145 1821 2175; x_wconf 84' lang='lat' dir='ltr'>dolum</span> <span class='ocrx_word' id='word_1_828' title='bbox 1839 2145 1866 2175; x_wconf 74' lang='grc' dir='ltr'>ἁ</span> <span class='ocrx_word' id='word_1_829' title='bbox 1885 2141 1967 2174; x_wconf 88' lang='lat' dir='ltr'>frau—</span> 
     </span>
     <span class='ocr_line' id='line_1_112' title="bbox 1098 2187 1517 2226; baseline 0 -9"><span class='ocrx_word' id='word_1_830' title='bbox 1098 2187 1170 2218; x_wconf 88' lang='lat' dir='ltr'>dem</span> <span class='ocrx_word' id='word_1_831' title='bbox 1189 2195 1301 2226; x_wconf 85' lang='lat' dir='ltr'>pignus</span> <span class='ocrx_word' id='word_1_832' title='bbox 1318 2187 1453 2218; x_wconf 86' lang='lat' dir='ltr'>ablatum</span> <span class='ocrx_word' id='word_1_833' title='bbox 1474 2187 1517 2218; x_wconf 86' lang='lat' dir='ltr'>sit.</span> 
     </span>
    </p>

    <p class='ocr_par' dir='ltr' id='par_1_6' title="bbox 1089 2224 1967 2597">
     <span class='ocr_line' id='line_1_113' title="bbox 1141 2224 1967 2265; baseline -0.005 -7"><span class='ocrx_word' id='word_1_834' title='bbox 1141 2228 1227 2258; x_wconf 83' lang='lat' dir='ltr'>Alius</span> <span class='ocrx_word' id='word_1_835' title='bbox 1255 2226 1340 2259; x_wconf 86' lang='lat' dir='ltr'>casus</span> <span class='ocrx_word' id='word_1_836' title='bbox 1366 2227 1456 2259; x_wconf 88' lang='lat' dir='ltr'>estin</span> <span class='ocrx_word' id='word_1_837' title='bbox 1479 2228 1497 2258; x_wconf 88' lang='lat' dir='ltr'>l.</span> <span class='ocrx_word' id='word_1_838' title='bbox 1516 2231 1544 2261; x_wconf 83' lang='lat'>8.</span> <span class='ocrx_word' id='word_1_839' title='bbox 1565 2226 1602 2258; x_wconf 90' lang='lat' dir='ltr'>D.</span> <span class='ocrx_word' id='word_1_840' title='bbox 1616 2226 1644 2257; x_wconf 87' lang='lat' dir='ltr'>h.</span> <span class='ocrx_word' id='word_1_841' title='bbox 1662 2232 1683 2258; x_wconf 77' lang='grc' dir='ltr'>ι.</span> <span class='ocrx_word' id='word_1_842' title='bbox 1708 2225 1794 2265; x_wconf 68' lang='lat' dir='ltr'>cuius</span> <span class='ocrx_word' id='word_1_843' title='bbox 1815 2224 1888 2256; x_wconf 86' lang='lat' dir='ltr'>ideo</span> <span class='ocrx_word' id='word_1_844' title='bbox 1912 2233 1967 2264; x_wconf 87' lang='lat' dir='ltr'>ap-</span> 
     </span>
     <span class='ocr_line' id='line_1_114' title="bbox 1098 2267 1964 2309; baseline -0.006 -9"><span class='ocrx_word' id='word_1_845' title='bbox 1098 2267 1186 2309; x_wconf 80' lang='lat' dir='ltr'>posui</span> <span class='ocrx_word' id='word_1_846' title='bbox 1206 2268 1319 2306; x_wconf 81' lang='lat' dir='ltr'>verba,</span> <span class='ocrx_word' id='word_1_847' title='bbox 1343 2268 1414 2309; x_wconf 86' lang='lat' dir='ltr'>quia</span> <span class='ocrx_word' id='word_1_848' title='bbox 1438 2268 1603 2306; x_wconf 70' lang='lat' dir='ltr'>complura</span> <span class='ocrx_word' id='word_1_849' title='bbox 1622 2267 1810 2301; x_wconf 81' lang='lat' dir='ltr'>observant,</span> <span class='ocrx_word' id='word_1_850' title='bbox 1835 2267 1964 2297; x_wconf 86' lang='lat' dir='ltr'>minime</span> 
     </span>
     <span class='ocr_line' id='line_1_115' title="bbox 1098 2307 1966 2350; baseline -0.006 -9"><span class='ocrx_word' id='word_1_851' title='bbox 1098 2311 1345 2341; x_wconf 86' lang='lat' dir='ltr'>contemnenda.</span> <span class='ocrx_word' id='word_1_852' title='bbox 1393 2310 1426 2341; x_wconf 85' lang='lat' dir='ltr'>Si</span> <span class='ocrx_word' id='word_1_853' title='bbox 1446 2309 1612 2350; x_wconf 80' lang='lat' dir='ltr'>neceffarias</span> <span class='ocrx_word' id='word_1_854' title='bbox 1636 2310 1773 2348; x_wconf 63' lang='lat' dir='ltr'>imperitiis</span> <span class='ocrx_word' id='word_1_855' title='bbox 1788 2307 1909 2345; x_wconf 84' lang='lat' dir='ltr'>fecerim</span> <span class='ocrx_word' id='word_1_856' title='bbox 1933 2308 1966 2337; x_wconf 81' lang='lat' dir='ltr'>in</span> 
     </span>
     <span class='ocr_line' id='line_1_116' title="bbox 1089 2351 1966 2391; baseline -0.005 -11"><span class='ocrx_word' id='word_1_857' title='bbox 1089 2351 1212 2391; x_wconf 85' lang='lat' dir='ltr'>servum</span> <span class='ocrx_word' id='word_1_858' title='bbox 1228 2359 1280 2382; x_wconf 75' lang='lat' dir='ltr'>aut</span> <span class='ocrx_word' id='word_1_859' title='bbox 1296 2352 1328 2382; x_wconf 80' lang='lat' dir='ltr'>in</span> <span class='ocrx_word' id='word_1_860' title='bbox 1339 2351 1487 2391; x_wconf 79' lang='lat' dir='ltr'>fundum,</span> <span class='ocrx_word' id='word_1_861' title='bbox 1512 2360 1596 2391; x_wconf 80' lang='lat' dir='ltr'>quem</span> <span class='ocrx_word' id='word_1_862' title='bbox 1605 2352 1735 2391; x_wconf 76' lang='lat' dir='ltr'>pignoris</span> <span class='ocrx_word' id='word_1_863' title='bbox 1751 2352 1835 2381; x_wconf 77' lang='lat' dir='ltr'>caula</span> <span class='ocrx_word' id='word_1_864' title='bbox 1856 2356 1966 2387; x_wconf 77' lang='lat' dir='ltr'>accepe-</span> 
     </span>
     <span class='ocr_line' id='line_1_117' title="bbox 1097 2389 1966 2432; baseline -0.005 -10"><span class='ocrx_word' id='word_1_865' title='bbox 1097 2392 1170 2428; x_wconf 73' lang='lat' dir='ltr'>rim,</span> <span class='ocrx_word' id='word_1_866' title='bbox 1194 2401 1252 2422; x_wconf 82' lang='lat' dir='ltr'>non</span> <span class='ocrx_word' id='word_1_867' title='bbox 1271 2398 1386 2423; x_wconf 80' lang='lat' dir='ltr'>tamum</span> <span class='ocrx_word' id='word_1_868' title='bbox 1402 2392 1605 2430; x_wconf 80' lang='lat' dir='ltr'>retentionem,</span> <span class='ocrx_word' id='word_1_869' title='bbox 1620 2393 1673 2432; x_wconf 79' lang='lat' dir='ltr'>sed</span> <span class='ocrx_word' id='word_1_870' title='bbox 1690 2391 1773 2420; x_wconf 78' lang='lat' dir='ltr'>eriam</span> <span class='ocrx_word' id='word_1_871' title='bbox 1790 2389 1966 2418; x_wconf 79' lang='lat' dir='ltr'>contrariam</span> 
     </span>
     <span class='ocr_line' id='line_1_118' title="bbox 1092 2431 1965 2474; baseline -0.006 -11"><span class='ocrx_word' id='word_1_872' title='bbox 1092 2434 1314 2474; x_wconf 75' lang='lat' dir='ltr'>pigneraritiam</span> <span class='ocrx_word' id='word_1_873' title='bbox 1334 2433 1472 2466; x_wconf 66' lang='lat' dir='ltr'>astionem</span> <span class='ocrx_word' id='word_1_874' title='bbox 1489 2434 1597 2464; x_wconf 77' lang='lat' dir='ltr'>habebo.</span> <span class='ocrx_word' id='word_1_875' title='bbox 1645 2431 1734 2471; x_wconf 79' lang='lat' dir='ltr'>Finge</span> <span class='ocrx_word' id='word_1_876' title='bbox 1750 2431 1824 2460; x_wconf 78' lang='lat' dir='ltr'>enim</span> <span class='ocrx_word' id='word_1_877' title='bbox 1841 2431 1965 2466; x_wconf 74' lang='lat' dir='ltr'>medicis,</span> 
     </span>
     <span class='ocr_line' id='line_1_119' title="bbox 1097 2468 1965 2514; baseline -0.007 -9"><span class='ocrx_word' id='word_1_878' title='bbox 1097 2483 1162 2505; x_wconf 85' lang='lat' dir='ltr'>cum</span> <span class='ocrx_word' id='word_1_879' title='bbox 1180 2481 1328 2512; x_wconf 66' lang='lat' dir='ltr'>(egrotaret</span> <span class='ocrx_word' id='word_1_880' title='bbox 1335 2475 1440 2514; x_wconf 59' lang='lat' dir='ltr'>servus</span> <span class='ocrx_word' id='word_1_881' title='bbox 1452 2498 1461 2513; x_wconf 90' lang='lat'><strong>‚</strong></span> <span class='ocrx_word' id='word_1_882' title='bbox 1484 2473 1584 2512; x_wconf 75' lang='lat' dir='ltr'>dedzffe</span> <span class='ocrx_word' id='word_1_883' title='bbox 1600 2482 1641 2502; x_wconf 79' lang='lat' dir='ltr'>iiie</span> <span class='ocrx_word' id='word_1_884' title='bbox 1652 2473 1818 2512; x_wconf 61' lang='lat' dir='ltr'>pecuniam,</span> <span class='ocrx_word' id='word_1_885' title='bbox 1847 2468 1882 2503; x_wconf 56' lang='grc' dir='ltr'>δὲ’</span> <span class='ocrx_word' id='word_1_886' title='bbox 1900 2479 1965 2499; x_wconf 83' lang='lat' dir='ltr'>eum</span> 
     </span>
     <span class='ocr_line' id='line_1_120' title="bbox 1097 2510 1964 2556; baseline -0.005 -11"><span class='ocrx_word' id='word_1_887' title='bbox 1097 2514 1251 2556; x_wconf 81' lang='lat' dir='ltr'>deceffiffe:</span> <span class='ocrx_word' id='word_1_888' title='bbox 1276 2517 1340 2545; x_wconf 81' lang='lat' dir='ltr'>icem</span> <span class='ocrx_word' id='word_1_889' title='bbox 1358 2515 1481 2551; x_wconf 67' lang='lat' dir='ltr'>insulam</span> <span class='ocrx_word' id='word_1_890' title='bbox 1490 2513 1621 2555; x_wconf 77' lang='lat' dir='ltr'>fulfiffi,</span> <span class='ocrx_word' id='word_1_891' title='bbox 1644 2514 1690 2544; x_wconf 83' lang='lat' dir='ltr'>vel</span> <span class='ocrx_word' id='word_1_892' title='bbox 1704 2510 1842 2552; x_wconf 84' lang='lat' dir='ltr'>refeciffe‚</span> <span class='ocrx_word' id='word_1_893' title='bbox 1867 2510 1964 2550; x_wconf 77' lang='lat' dir='ltr'>&amp;po-</span> 
     </span>
     <span class='ocr_line' id='line_1_121' title="bbox 1089 2551 1924 2597; baseline -0.008 -8"><span class='ocrx_word' id='word_1_894' title='bbox 1089 2554 1156 2597; x_wconf 77' lang='lat' dir='ltr'>stea</span> <span class='ocrx_word' id='word_1_895' title='bbox 1172 2554 1300 2597; x_wconf 84' lang='lat' dir='ltr'>aeustam</span> <span class='ocrx_word' id='word_1_896' title='bbox 1315 2556 1382 2597; x_wconf 52' lang='lat' dir='ltr'>effu</span> <span class='ocrx_word' id='word_1_897' title='bbox 1404 2566 1455 2589; x_wconf 81' lang='lat' dir='ltr'>nec</span> <span class='ocrx_word' id='word_1_898' title='bbox 1470 2556 1568 2588; x_wconf 77' lang='lat' dir='ltr'>habere</span> <span class='ocrx_word' id='word_1_899' title='bbox 1585 2556 1661 2596; x_wconf 79' lang='lat' dir='ltr'>quod</span> <span class='ocrx_word' id='word_1_900' title='bbox 1678 2551 1777 2596; x_wconf 80' lang='lat' dir='ltr'>pofflm</span> <span class='ocrx_word' id='word_1_901' title='bbox 1797 2553 1924 2585; x_wconf 76' lang='lat' dir='ltr'>retinere.</span> 
     </span>
    </p>
   </div>
   <div class='ocr_carea' id='block_1_4' title="bbox 1323 1322 1953 1363">
    <p class='ocr_par' dir='ltr' id='par_1_7' title="bbox 1323 1322 1953 1363">
     <span class='ocr_line' id='line_1_122' title="bbox 1323 1322 1953 1363; baseline -0.002 -8"><span class='ocrx_word' id='word_1_902' title='bbox 1323 1322 1432 1355; x_wconf 85' lang='lat' dir='ltr'>Habes</span> <span class='ocrx_word' id='word_1_903' title='bbox 1458 1326 1638 1363; x_wconf 85' lang='lat' dir='ltr'>exemplum</span> <span class='ocrx_word' id='word_1_904' title='bbox 1665 1332 1760 1355; x_wconf 86' lang='lat' dir='ltr'>unum</span> <span class='ocrx_word' id='word_1_905' title='bbox 1785 1324 1953 1355; x_wconf 73' lang='lat' dir='ltr'>contrariae</span> 
     </span>
    </p>
   </div>
   <div class='ocr_carea' id='block_1_5' title="bbox 1733 3186 1971 3226">
    <p class='ocr_par' dir='ltr' id='par_1_8' title="bbox 1733 3186 1971 3226">
     <span class='ocr_line' id='line_1_123' title="bbox 1733 3186 1971 3226; baseline 0.008 -4"><span class='ocrx_word' id='word_1_906' title='bbox 1733 3186 1971 3226; x_wconf 85' lang='lat' dir='ltr'><em>LIBER</em></span> 
     </span>
    </p>
   </div>
   <div class='ocr_carea' id='block_1_6' title="bbox 2018 0 2028 571">
    <p class='ocr_par' dir='ltr' id='par_1_9' title="bbox 2018 0 2028 571">
     <span class='ocr_line' id='line_1_124' title="bbox 2018 0 2028 571; baseline 0 0"><span class='ocrx_word' id='word_1_907' title='bbox 2018 0 2028 571; x_wconf 95' lang='lat' dir='ltr'> </span> 
     </span>
    </p>
   </div>
  </div>
 </body>
</html>
