2036 3495
130 111 202 145 5¹0

136 190 243 230 cipein
262 188 315 227 qui
332 192 468 216 caeteros
483 181 614 214 fortuna
630 180 752 226 vinc-it,
776 190 794 211 a
809 180 899 226 ζωῐίρ
915 180 1012 211 animi

133 231 354 267 magnitudine
377 225 539 265 superari:
571 231 632 254 nec
657 221 733 262 quid
759 221 918 252 absurdius
948 220 1012 260 est,

134 263 351 308 aufmrpffls,
375 274 468 305 quam
494 266 646 305 pic-tatem
662 285 672 301 ‚
703 262 821 305 fidem,
842 262 990 302 justitiam
1005 285 1015 300 ,

137 313 167 344 δι
184 311 204 343 fi
222 319 289 348 qum
310 314 463 348 praeterea
488 306 621 335 virtutes
637 304 783 345 humanae
800 303 919 344 prosint
937 311 1013 334 con-

133 350 307 393 junctioni,
332 349 453 388 privata
478 346 586 377 baberi
605 345 708 383 bona;
727 341 914 385 Principem
933 345 1013 389 inte-

138 394 215 429 rim,
240 400 304 422 non
321 398 388 429 quo
408 398 428 419 o
455 396 617 428 ortetpro
637 387 763 426 publica
781 387 939 424 utilitate,
962 386 1015 416 led

138 443 204 470 quo
232 431 340 468 lubet,
362 436 417 471 gra
444 428 487 460 ari
511 428 575 460 sola
599 429 713 459 virium
741 436 837 468 atque
854 435 1014 459 armorum

140 474 271 507 fiducia:
296 478 366 512 quae
385 470 532 512 ipsanon
550 470 589 501 ad
608 469 820 510 flagitiorum,
840 469 893 500 sed
909 469 1016 510 legum

139 514 315 557 praefidium
333 520 430 552 atque
450 519 674 544 ornamentum
690 514 827 550 accepit.

181 554 254 588 Nec
273 564 351 586 vcro
367 554 430 595 jam
449 553 597 584 audiendi
616 552 683 583 sunt
698 553 751 591 qui
770 552 894 593 imperii
911 551 1019 591 ampli·

142 598 285 630 tudinem
303 606 368 628 non
385 596 425 627 ab
443 595 610 626 hominum
628 593 877 631 constitutione,
894 593 946 625 sed
965 594 1020 624 im-

140 639 286 671 mortalis
312 637 375 669 Dei
403 645 536 669 munere
561 633 738 675 proficisci,
759 634 896 674 jactant:
921 643 975 673 ac,
999 632 1021 665 fi

141 678 194 723 qui
214 678 374 720 »Principis
402 677 595 710 crudelitate
619 685 674 707 aut
697 677 831 716 perfidia
850 677 1020 714 laedantur,

143 723 208 754 Dei
228 722 358 762 quidem
374 721 464 760 cujus
483 718 592 759 injuria
619 717 672 755 fit,
692 717 843 758 judicium
861 717 940 756 effc3
965 717 1021 748 hu-

142 773 242 796 mana:
259 771 364 794 autem
383 768 488 802 partes
512 759 675 791 tenuitatis
695 758 757 790 effe
777 760 885 791 nullas.
931 757 975 789 Ut
993 768 1023 789 e-

143 808 207 838 nim
232 805 343 836 demus
361 827 370 842 ‚
402 802 570 842 imperium
604 800 745 839 Principi
769 800 832 832 Dei
860 799 1022 832 beneficio

144 847 321 879 obvenire:
339 844 410 884 quis
428 852 534 875 tamen
553 851 639 874 tanta
655 842 691 873 fit
706 842 891 882 impietate3
908 849 942 873 ut
961 842 1024 872 boc

145 890 176 920 ei
193 898 209 918 a
231 887 305 919 Deo
323 896 387 918 non
406 886 510 917 minus
528 883 684 924 Optime,
709 892 802 923 quam
823 883 969 915 Maximo
986 884 1024 914 ad

145 931 312 961 hominum
331 927 504 968 perniciem
518 950 528 965 ,
553 926 695 965 denique
711 926 749 956 ad
767 924 881 957 scelera
900 926 1023 966 delega—

144 971 169 1003 ri
182 992 191 1010 ,
203 969 405 1004 arbitretur?
430 969 500 1009 quis
516 975 602 999 tanta
619 967 834 1006 impudentia;
860 975 893 997 ut
909 975 1024 1004 metzare

144 1012 240 1050 a‘ufit,
257 1011 457 1052 Principem,
472 1018 545 1040 cum
562 1008 626 1040 Dei
644 1008 833 1039 austoritate
851 1008 1024 1049 turpissinie

146 1055 306 1092 abutitur,
322 1063 362 1085 ex
375 1053 430 1084 suo
448 1051 568 1083 deliCto
585 1059 676 1090 aeque
693 1050 815 1081 civibus
832 1048 890 1081 suis
908 1049 1023 1089 quibus

143 1096 255 1136 injuria
269 1096 402 1133 nocuit,
420 1103 457 1124 ac
479 1093 552 1124 Deo
569 1092 656 1132 cujus
675 1091 719 1122 est
738 1092 875 1122 mandati
895 1090 974 1122 fines
994 1100 1023 1121 e-

143 1136 282 1178 greffus,
307 1136 442 1177 obligari
465 1135 505 1165 ad
531 1132 686 1175 poenam?
709 1131 850 1164 Tametsi
873 1132 1023 1172 imperia,

145 1188 220 1210 cum
240 1178 316 1209 Deo
335 1177 445 1209 deberi
466 1177 632 1212 dicuntur,
656 1183 720 1205 non
739 1176 767 1205 ei
789 1174 852 1205 alio
868 1174 1023 1214 imputan-

145 1229 196 1251 tur
214 1219 319 1258 sensu,
338 1227 431 1259 quam
451 1217 557 1258 leges,
575 1225 668 1256 quam
687 1224 803 1246 caetera
820 1225 889 1255 quae
909 1216 947 1246 ab
965 1215 1022 1246 ho-

145 1262 284 1293 minibus
301 1262 426 1292 ratione
447 1258 529 1289 faeta
547 1267 600 1289 aut
616 1257 733 1289 sublata
745 1280 754 1295 ,
774 1255 838 1288 Dei
859 1257 1024 1288 voluntate

145 1302 214 1334 fieri
244 1309 298 1332 aut
322 1302 391 1332 tolli
415 1300 645 1340 intelliguntur.
690 1299 738 1330 An
757 1307 906 1338 umquam
924 1297 1024 1329 fando

150 1343 350 1381 audivimus,
376 1341 498 1382 Reges,
522 1349 575 1372 aut
597 1340 778 1380 Principes,
801 1347 853 1370 aut
869 1348 1024 1380 quocum-

147 1395 210 1426 que
229 1385 356 1416 tandem
376 1384 471 1414 titulo
490 1381 598 1413 summi
611 1381 715 1412 honos
731 1380 933 1422 Magistratus
952 1381 1027 1411 cmi-

147 1434 224 1463 net,
243 1429 346 1467 primo
359 1425 399 1456 de
410 1424 495 1455 coelo
514 1422 662 1454 demissos
679 1421 760 1461 esse3
776 1431 840 1453 non
858 1422 1026 1453 hominum

148 1469 270 1509 placito
295 1467 325 1498 &
350 1463 502 1496 consensu
526 1463 671 1495 eiectos?
697 1463 744 1495 An
771 1473 834 1495 non
856 1473 904 1494 res
921 1464 1024 1504 loqui—

149 1518 220 1547 tur,
236 1516 330 1539 unam
348 1506 411 1538 esse
428 1506 602 1537 naturalem
621 1505 798 1543 rationem,
815 1505 898 1536 illam
919 1514 1025 1536 veram

147 1560 185 1582 ac
210 1549 369 1587 divinam,
391 1556 463 1588 quae
486 1548 588 1586 prima
613 1545 778 1578 hominem
807 1547 926 1579 bomini
948 1555 1024 1577 con-

144 1587 268 1632 J'unitit,
291 1597 387 1630 atque
413 1597 481 1620 eam
507 1587 713 1625 societatem,
737 1588 811 1627 quia
824 1587 887 1619 fine
903 1588 1026 1629 legibus

150 1633 180 1663 ἃ
198 1632 340 1671 imperiis
357 1630 464 1661 haberi
483 1630 617 1669 nequit,
635 1629 757 1670 legibus
772 1637 868 1668 atque
887 1629 1026 1670 imperiis

147 1673 264 1706 firmari
280 1672 390 1714 jusfit‘.)
414 1671 490 1712 quid
517 1672 548 1702 ni
567 1671 659 1712 igitur
678 1681 694 1701 a
713 1669 786 1702 Deo
804 1670 954 1702 constitui
973 1678 1027 1702 aut

147 1715 262 1747 mutari
288 1715 433 1745 dicantur
460 1712 594 1753 imperia
620 1721 691 1753 quae
717 1713 756 1742 ab
779 1713 963 1744 bominibus
987 1712 1027 1743 ad

150 1757 301 1789 tuendam
323 1754 511 1786 societatem
537 1753 682 1791 ratione,
705 1754 737 1785 id
756 1753 821 1792 est,
845 1754 952 1786 divina
973 1763 1025 1784 vo-

147 1799 291 1836 luntate,
316 1805 369 1828 aut
386 1795 625 1827 constituuntur
642 1803 694 1825 aut
713 1795 915 1836 abrogantur.

191 1838 332 1880 Utique,
358 1846 392 1869 ut
417 1837 486 1872 haec
512 1837 676 1875 aliquanto
701 1837 824 1876 plenius
842 1835 1029 1868 distinctius-

149 1890 213 1922 que
232 1881 306 1912 inde
323 1880 363 1911 ab
381 1879 506 1920 origine
522 1885 683 1918 repetam,
708 1887 811 1909 rerum
829 1878 878 1910 illa
896 1887 965 1919 quae
982 1878 1027 1908 di-

151 1923 234 1954 citur
251 1922 371 1954 Natura
384 1944 393 1960 ,
417 1919 614 1962 magistratus
632 1919 660 1950 δι
679 1918 812 1957 subditi,
831 1919 910 1951 servi
928 1920 957 1950 ὅ(
971 1920 1028 1950 do-

151 1965 226 1996 mini
245 1963 479 2004 appellationes
504 1962 648 2003 ignorat:
673 1968 795 1992 tantum
815 1961 961 1992 homines
979 1959 1028 1991 fe·

150 2006 214 2045 cit,
238 2015 350 2037 omnes
367 2003 505 2042 liberos,
522 2012 635 2034 omnes
654 2002 719 2042 pari
736 2002 937 2034 conditione.
963 2011 1028 2041 quo

152 2047 239 2078 enim
257 2046 418 2087 pertinet,
442 2045 530 2086 quod
553 2052 704 2085 peraeque
728 2041 787 2075 suis
805 2053 967 2084 quemque
986 2044 1027 2073 vi-

151 2088 239 2120 ribus
266 2087 440 2118 instruxit?
463 2095 530 2127 quo
551 2086 710 2125 pertinet,
733 2086 823 2124 quod
848 2084 902 2116 fibi
920 2093 1030 2126 quem-

152 2138 237 2170 que,
254 2128 356 2160 statim
369 2138 405 2159 ac
422 2136 514 2168 natus
524 2127 588 2165 est,
605 2127 846 2158 commendavit
863 2127 925 2164 ita,
942 2134 976 2156 ut
988 2127 1031 2156 ni-

152 2171 197 2203 hil
213 2169 243 2201 se
261 2171 378 2208 cuique
396 2171 497 2200 carius
516 2168 577 2200 fit?
602 2178 667 2208 quo
684 2169 824 2207 pertinet
837 2168 924 2208 quod
943 2167 1030 2198 suum

153 2212 271 2253 cuique
295 2211 384 2242 dedit
410 2210 496 2241 utilis
520 2219 556 2240 ac
575 2209 661 2241 noxii
680 2209 817 2247 sensum,
840 2218 936 2249 atque
954 2209 1030 2239 alte-

151 2263 223 2285 rum
244 2261 316 2283 eum
335 2251 441 2292 sequi,
465 2252 601 2282 alterum
618 2250 747 2291 fugere,
770 2251 853 2291 juffit
869 2250 1032 2282 inevitabi-

152 2296 172 2327 li
200 2293 417 2326 necestitate?
450 2292 506 2324 nisi
530 2293 618 2332 quod
645 2292 746 2323 volui:
763 2315 773 2330 ‚
805 2293 918 2332 quibus
941 2300 1032 2332 pares

155 2334 309 2367 conceffit
333 2333 523 2371 facultates,
548 2334 631 2373 paria
653 2333 771 2364 babere
790 2333 856 2372 jnra
882 2334 912 2365 in
932 2333 1033 2364 omni-

153 2379 212 2409 bus
229 2387 298 2417 quae
316 2377 355 2408 ad
373 2375 416 2407 sui
434 2374 712 2407 conservationem
736 2375 857 2407 cunctis
876 2375 905 2406 in
924 2375 1032 2406 medio

154 2417 281 2459 posuit:
305 2426 497 2449 caeterorum
524 2426 615 2448 more
636 2417 859 2447 animantium:
883 2425 951 2456 quae
969 2415 1033 2457 ipsa

155 2469 304 2499 quoque,
324 2459 394 2500 quia
413 2459 466 2490 fibi
484 2458 513 2489 &
532 2458 762 2497 conciliantur,
780 2457 810 2489 δε
828 2466 1033 2490 committun-

156 2509 223 2537 tur,
248 2501 346 2532 libera
366 2500 447 2531 nasci
468 2499 698 2539 intelliguntur.

199 2541 402 2582 Quamquam
428 2540 551 2573 Natura
576 2550 648 2572 cum
673 2541 795 2573 homini
821 2540 910 2572 dedit
926 2540 972 2579 jus
989 2538 1031 2569 se·

158 2583 274 2623 quendi
303 2583 389 2622 quod
414 2584 442 2613 ei
471 2583 679 2614 commodum
700 2582 755 2621 fit,
779 2592 843 2613 non
862 2583 889 2613 ei
911 2580 1034 2612 sceleris

158 2623 351 2665 potestatem
377 2624 510 2656 indulsit.
545 2624 620 2664 quin
646 2634 718 2655 eum
743 2624 857 2655 eximia
882 2622 1036 2655 formavit

156 2665 368 2696 conditione:
393 2674 429 2695 ac
446 2689 455 2703 ‚
487 2675 559 2697 cum
584 2665 705 2705 reliqua
731 2665 903 2696 animantia
927 2663 1036 2695 saltem

156 2706 304 2746 corporis
323 2706 439 2735 viribus
459 2715 606 2745 utantur,
631 2708 755 2738 ratione
773 2715 920 2744 careant,
955 2704 1036 2736 hanc

156 2749 254 2780 solius
270 2746 332 2778 ess'e
350 2746 488 2778 hominis
506 2749 767 2789 praerogativam,
786 2749 907 2780 voluit:
926 2755 1036 2778 utnon

159 2798 284 2822 tantum
303 2796 462 2827 corpore,
481 2788 531 2820 sed
548 2791 643 2820 etiam
658 2790 766 2821 animo
783 2789 953 2820 constaret.
971 2796 1036 2825 quo

155 2830 322 2873 praesentia
337 2829 526 2868 advertere,
546 2831 652 2861 futura
671 2841 735 2862 non
754 2831 936 2871 negligere,
956 2838 1036 2860 utra-

159 2883 222 2913 que
251 2870 420 2908 conferre,
443 2869 554 2901 brevia
576 2873 748 2911 diuturnis,
772 2874 895 2903 minora
912 2871 1035 2911 majori-

160 2917 218 2946 bus
235 2911 418 2944 commodis
437 2911 649 2951 postponere,
668 2913 847 2952 postremo,
868 2914 943 2953 quid
961 2921 1036 2943 vere

156 2957 236 2988 utile
265 2953 360 2992 esset,
383 2953 422 2983 ab
448 2962 488 2984 eo
514 2954 603 2991 quod
620 2962 683 2984 non
701 2954 799 2993 ess'et,
823 2964 895 2985 cum
912 2954 1035 2994 judicio

154 2998 334 3030 discernere
360 2992 473 3034 posset.
517 2993 623 3033 Atque
639 2994 686 3025 his
703 3003 764 3026 tam
783 2996 923 3034 pulchris
940 2996 1035 3026 animi

156 3040 186 3071 δε
210 3036 355 3076 corporis
380 3035 584 3067 facultatibus
602 3043 618 3064 a
637 3033 754 3079 Natura
771 3046 886 3068 ornato
904 3038 979 3077 quid
996 3046 1033 3066 ae-

157 3090 220 3118 que
246 3078 391 3117 proclive
413 3076 494 3115 fuit,
516 3085 608 3118 quam
628 3077 713 3114 lequi
732 3077 810 3107 alios
829 3077 870 3108 sui
889 3080 1033 3118 generis.

157 3122 223 3153 five
240 3120 425 3151 blandiente
441 3117 530 3150 sexus
551 3115 748 3154 discrimine,
774 3117 835 3147 five
852 3121 947 3150 taedio
966 3120 1034 3150 soli-

159 3162 294 3198 tudinis,
312 3161 342 3191 &
360 3160 411 3200 spe
430 3159 550 3191 subsidii
565 3158 603 3191 ad
620 3158 691 3189 vitae
705 3159 877 3189 commoda
895 3170 935 3190 ex
955 3162 1033 3191 alio-

155 3213 225 3237 rum
248 3202 446 3235 commercio
471 3199 592 3244 egregii
609 3196 646 3232 ae
663 3198 870 3240 multiplicis,
897 3199 960 3232 five
977 3201 1029 3232 de·

725 85 1049 128 'GERARD1

1101 91 1332 127 Noon'r

1054 181 1151 222 nique
1176 182 1264 222 quod
1288 182 1346 214 suae
1373 181 1545 224 fragilitate
1562 181 1761 221 conditionis
1777 186 1928 219 admone-

1055 230 1161 261 retur,
1183 233 1248 255 non
1274 224 1337 256 effe
1353 223 1408 255 fibi
1427 224 1523 262 utile,
1548 223 1686 263 singulos
1703 224 1853 266 fusosque
1872 238 1928 268 per

1055 264 1189 304 agros&
1205 265 1294 296 silvas
1312 266 1410 302 vitam
1425 266 1560 296 tolerare
1578 267 1754 297 obnoxiam
1773 268 1839 300 aliis
1855 278 1929 301 cum

1057 305 1290 345 animantibus,
1315 315 1381 338 turn
1404 306 1590 338 'hominibus
1609 329 1618 345 ,
1650 307 1704 345 qui
1731 309 1930 342 immodestia

1058 353 1111 376 aut
1127 348 1273 387 corporis
1291 348 1409 380 viribus
1424 349 1493 388 plus
1510 348 1663 379 valerent.
1699 348 1742 379 At
1758 358 1862 390 neque
1878 350 1930 382 hic

1058 385 1194 418 substitit
1211 388 1354 420 humanae
1372 390 1417 420 vis
1435 388 1583 426 Naturae3
1600 398 1660 420 nec
1677 397 1833 421 contenta
1849 390 1930 431 fuit,

1059 427 1223 461 hominem
1239 431 1279 461 ad
1295 431 1435 463 hominis
1459 430 1646 462 societatem
1664 437 1773 462 mutua
1790 432 1933 464 invitass'e

1059 469 1215 515 utilitate:
1243 480 1397 512 praeterea
1420 472 1542 510 voluit,
1571 480 1606 503 ut
1631 481 1667 503 ea
1690 469 1774 504 effici
1801 474 1932 514 conjun-

1063 510 1147 549 Ctio,
1171 519 1205 542 ut
1221 514 1414 553 perdurare,
1437 523 1499 545 nec
1515 513 1609 545 facrle
1625 514 1785 551 convelli,
1805 522 1858 545 aut
1875 515 1933 547 sol-

1063 553 1095 582 vi
1120 553 1233 591 poffit,
1256 556 1508 596 quotusquisque
1531 555 1561 586 se
1586 554 1662 586 esset
1686 555 1725 585 ad
1743 553 1872 587 Naturae
1891 557 1936 588 le·

1062 602 1135 634 gem
1151 593 1409 627 conformaturus
1421 620 1430 635 ,
1452 606 1521 628 eam
1541 597 1619 628 inire
1636 596 1719 629 viam
1736 597 1935 638 absque‘qua

1065 633 1161 673 esset,
1185 635 1367 675 conjunctio
1391 637 1519 677 haberi,
1540 645 1595 669 aut
1617 639 1724 669 valere
1740 647 1803 669 non
1822 635 1935 679 posset.

1065 675 1109 706 Et
1131 684 1238 713 certe,
1262 677 1282 708 fi
1306 679 1428 720 ratione
1450 680 1701 718 demonstratur,
1725 689 1797 711 eum
1812 681 1865 721 qui
1882 689 1937 712 ex-

1066 724 1166 748 trema
1188 719 1274 757 vult,
1299 719 1383 751 velle
1406 722 1510 752 omnia
1525 720 1588 752 fine
1604 721 1718 761 quibus
1735 721 1764 752 se
1781 723 1820 753 ad
1836 731 1938 754 extre·

1066 768 1116 790 ma
1133 758 1217 805 ferre
1235 761 1363 800 nequit;
1388 763 1464 800 quid
1481 762 1525 793 est
1537 785 1547 802 ‚
1563 772 1620 794 cur
1635 772 1700 793 non
1720 762 1845 794 summae
1863 773 1940 795 con-

1059 809 1174 833 veniat
1198 799 1260 831 Dei
1285 801 1514 842 providentiae3
1538 811 1592 842 ut,
1617 813 1689 835 cum
1708 804 1817 836 utilem
1833 814 1869 837 ac
1885 814 1941 836 ne-

1068 842 1226 873 eeffariam
1245 842 1366 874 homini
1383 842 1444 874 esse
1463 843 1646 876 societatem
1663 845 1825 887 intelligit.
1842 855 1940 886 atque

1067 883 1096 914 ei
1113 884 1192 915 adid
1207 885 1293 924 quod
1307 885 1334 915 ei
1353 888 1560 917 commodum
1576 885 1629 924 fit,
1646 886 1696 917 sua
1711 888 1846 929 dirigere
1863 897 1940 919 con·

1067 924 1131 956 filia
1148 927 1309 965 praecjpit‚
1328 927 1475 959 credatur
1485 929 1514 958 ei
1531 927 1704 967 imperare,
1723 938 1791 968 quae
1809 930 1847 961 ad
1863 939 1940 960 con-

1068 966 1254 998 trahendam
1272 967 1521 1008 servandamque
1541 967 1682 1000 humanae
1705 970 1941 1008 conjunctionis

1068 1007 1256 1039 societatem
1281 1009 1398 1040 ducere
1422 1010 1609 1049 videantur3
1633 1010 1662 1041 ὅ(
1683 1011 1855 1050 prohibere
1871 1021 1940 1051 quse

1067 1049 1149 1080 hanc
1172 1049 1328 1090 impedire
1353 1058 1406 1081 aut
1433 1049 1592 1082 destruere
1616 1051 1856 1092 intelligantur?
1879 1053 1942 1085 Sed

1067 1091 1165 1122 fixum
1194 1099 1360 1131 ratumque
1383 1091 1445 1130 est,
1469 1091 1599 1123 Naturae
1625 1092 1737 1124 statum
1756 1094 1794 1124 ad
1814 1094 1941 1125 liberta-

1068 1140 1134 1163 tem
1151 1131 1308 1172 spectare:
1326 1142 1386 1164 nec
1400 1142 1417 1164 a
1433 1135 1650 1175 meimpetro‚
1668 1144 1707 1165 ne
1723 1135 1833 1166 addam
1845 1159 1853 1173 ‚
1870 1145 1943 1176 pro-

1067 1174 1119 1205 cul
1139 1174 1266 1205 licentia
1285 1173 1365 1206 effe:
1384 1175 1543 1216 denique,
1559 1177 1700 1216 quisquis
1716 1175 1859 1207 humanae
1880 1176 1942 1207 Na-

1067 1223 1144 1246 turae
1163 1215 1266 1256 lcgem
1285 1214 1445 1255 sequitur,
1468 1218 1550 1248 duce
1569 1217 1710 1255 ratione,
1736 1227 1806 1249 eum
1824 1218 1942 1249 habere

1066 1256 1113 1297 jus
1130 1264 1282 1297 quantum
1298 1257 1413 1297 point,
1429 1258 1579 1289 membris
1596 1258 1753 1298 bonisque
1767 1258 1824 1290 suis
1843 1260 1886 1290 uti
1903 1260 1943 1291 ad

1071 1299 1219 1338 luiatque
1230 1299 1357 1329 alterius
1368 1298 1662 1331 conservationem:
1686 1300 1780 1332 etiam
1798 1300 1942 1341 injustam

1070 1341 1153 1377 vim,
1178 1339 1199 1371 fi
1224 1349 1294 1380 quae
1317 1340 1483 1381 increpet,
1506 1350 1522 1372 a
1539 1340 1568 1372 se
1583 1341 1716 1381 aliisque
1734 1351 1861 1380 arcere3
1885 1351 1942 1381 ac,

1067 1380 1088 1413 ss
1108 1389 1178 1420 quae
1194 1381 1278 1412 illata
1295 1381 1346 1419 iit,
1371 1382 1500 1422 punire:
1524 1392 1588 1414 non
1607 1390 1641 1413 ut
1657 1392 1697 1413 ex
1714 1392 1807 1423 poena
1826 1383 1942 1414 habeat:

1068 1423 1189 1462 injuriae
1216 1421 1383 1462 solatium;
1407 1422 1459 1455 sed
1483 1431 1518 1454 ut
1540 1432 1644 1464 poenae
1661 1425 1811 1466 exemplo
1828 1432 1941 1456 caveat

1068 1463 1129 1494 suae
1158 1464 1357 1504 aliorumque
1382 1464 1551 1496 securitati.
1576 1473 1746 1504 caeterum,
1771 1473 1804 1497 ut
1823 1474 1946 1498 temere

1071 1512 1189 1536 noceat
1213 1505 1302 1536 alteri
1321 1514 1336 1535 a
1355 1514 1420 1544 quo
1445 1506 1600 1538 laceffitus
1625 1515 1687 1537 non
1706 1506 1764 1545 fit,
1788 1507 1817 1538 &
1834 1508 1886 1547 qui
1904 1515 1946 1538 ex

1069 1546 1182 1577 iisdem
1198 1546 1288 1578 venit
1305 1546 1475 1579 seminibus
1486 1570 1496 1586 ‚
1512 1548 1651 1586 ejusdem
1665 1549 1824 1588 particeps
1841 1546 1886 1579 est
1900 1557 1946 1578 ra-

1070 1588 1185 1626 tionis,
1209 1597 1300 1628 aeque
1328 1589 1405 1619 boni
1431 1589 1459 1619 ὅ(
1483 1589 1555 1620 mali
1574 1588 1658 1620 sensu
1676 1588 1830 1628 afficitur,
1853 1598 1945 1630 aeque

1069 1631 1107 1659 ad
1126 1627 1255 1660 Naturae
1273 1630 1509 1669 providentiam
1533 1631 1692 1671 pertinet,
1716 1631 1778 1661 hoc
1796 1640 1873 1662 vero
1891 1631 1945 1662 ab·

1069 1670 1201 1701 horrere
1225 1680 1241 1701 a
1266 1671 1408 1703 ratione:
1431 1680 1500 1710 quze
1526 1672 1649 1711 voluit,
1671 1681 1742 1703 eum
1766 1673 1853 1713 jungi
1878 1672 1944 1703 aliis

1070 1713 1259 1751 quibuscum
1280 1711 1342 1743 esse
1360 1713 1473 1753 poffit3
1497 1713 1516 1745 fi
1537 1713 1630 1751 velit,
1660 1713 1707 1744 his
1725 1713 1787 1745 esse
1804 1714 1889 1745 utilis
1907 1721 1945 1745 ac

1070 1755 1284 1792 commodus;
1307 1753 1350 1785 fin
1367 1754 1470 1795 gravis
1486 1755 1516 1786 ἀ
1534 1755 1669 1793 noxius,
1692 1764 1755 1786 non
1774 1755 1877 1795 poffit.

1111 1796 1217 1834 Atque
1233 1797 1352 1826 utinam
1379 1795 1551 1828 sanCtiffimi
1570 1797 1660 1837 hujus
1679 1795 1807 1827 Naturze
1825 1796 1945 1827 institu-

1072 1836 1094 1866 ti
1119 1835 1257 1867 frustum
1282 1845 1430 1877 peraeque
1456 1836 1613 1869 sensiss'ent
1638 1838 1774 1870 omnes!
1798 1837 1945 1878 profecto

1071 1877 1263 1918 potuissent,
1286 1877 1364 1909 ficut
1380 1888 1397 1909 a
1415 1876 1534 1910 Natura
1553 1878 1627 1910 faeti
1645 1878 1763 1918 essent,
1787 1878 1840 1910 suo
1859 1879 1946 1910 vive-

1072 1928 1106 1950 re
1126 1919 1276 1960 ingenio:
1301 1928 1361 1950 nec
1385 1919 1492 1952 fuiss'et
1517 1920 1628 1958 causa,
1652 1930 1713 1960 qua
1728 1921 1834 1952 induci
1853 1928 1946 1960 potu·

1071 1959 1182 1999 issent,
1207 1968 1241 1991 ut
1261 1961 1360 2001 magis
1377 1961 1504 1994 alterius
1517 1986 1526 2001 ‚
1544 1970 1637 2002 quarn
1656 1962 1729 2000 suo,
1753 1962 1884 1993 arbitrio
1899 1970 1947 1992 re-

1072 2010 1233 2042 gerentur.
1280 2001 1378 2033 Nunc
1403 2003 1494 2034 aliter
1516 2002 1681 2034 consulere
1706 2012 1762 2034 eos
1784 2003 1946 2043 oportuit:

1073 2042 1238 2083 postquam
1271 2044 1499 2083 experimentis
1525 2053 1712 2084 cognovere
1730 2067 1740 2083 ,
1778 2053 1846 2075 eam
1871 2044 1946 2074 vitae

1073 2085 1294 2115 conditionem
1324 2085 1354 2115 in
1374 2094 1436 2125 qua
1453 2085 1507 2116 suo
1525 2087 1660 2125 quisque
1677 2086 1806 2125 ingenio
1823 2084 1946 2123 fertur,

1074 2125 1151 2157 nibil
1169 2127 1270 2165 pacis,
1291 2125 1368 2157 nihil
1387 2127 1521 2166 quietis,
1543 2126 1620 2157 nihil
1640 2126 1794 2158 libertatis
1812 2126 1943 2157 habere:

1075 2167 1149 2203 quin
1167 2167 1290 2207 plenam
1319 2168 1438 2206 turbae,
1463 2175 1585 2206 metus,
1610 2175 1704 2208 atque
1723 2168 1841 2208 injuriae
1862 2165 1945 2206 effe3

1075 2208 1105 2239 &
1121 2208 1196 2239 ideo
1220 2208 1358 2247 tristem,
1381 2208 1546 2248 fragilem,
1572 2218 1609 2239 ac
1633 2208 1846 2240 calamitosam
1863 2208 1948 2239 vide-

1074 2250 1117 2280 ri:
1141 2250 1364 2281 intercedente
1382 2251 1558 2282 ambitione
1577 2258 1672 2288 atque
1687 2250 1836 2289 avaritia,
1860 2249 1948 2290 peffi-

1075 2292 1133 2322 mis
1152 2290 1350 2330 auftoribus3
1373 2301 1413 2323 ne
1436 2292 1577 2323 officium
1597 2290 1684 2323 suum
1707 2291 1831 2322 faceret
1848 2291 1947 2328 ratio,

1074 2333 1156 2363 intra
1187 2333 1275 2373 cujus
1301 2332 1475 2365 mensuram
1501 2332 1629 2364 salubris
1663 2339 1947 2374 temperamentum

1074 2374 1220 2405 utilitatis
1239 2374 1427 2413 consistere,
1451 2384 1553 2406 rerum
1574 2373 1694 2406 Natura
1708 2375 1863 2406 voluerat.
1887 2373 1947 2405 Ac-

1076 2415 1230 2452 cedebat,
1255 2417 1342 2456 quod
1361 2415 1402 2446 sui
1423 2417 1558 2456 quisque
1573 2416 1668 2456 piris,
1688 2415 1811 2456 suaeque
1828 2415 1945 2455 injuriae

1073 2457 1171 2496 judex
1198 2458 1381 2496 vindexque
1405 2466 1481 2489 erat.
1512 2467 1607 2497 quem
1623 2458 1706 2488 enim
1723 2456 1844 2489 Natura
1859 2457 1947 2488 alteri

1077 2498 1280 2537 subjecerat?
1304 2499 1374 2539 quis
1391 2508 1487 2538 porro
1504 2499 1533 2530 in
1551 2508 1584 2529 re
1600 2500 1728 2540 propria
1745 2498 1831 2530 suum
1849 2497 1946 2537 cujus-

1076 2549 1139 2580 que
1160 2540 1311 2579 judicium
1339 2539 1419 2571 felix
1442 2549 1495 2571 aut
1519 2540 1629 2571 iustum
1653 2540 1816 2581 exspettet
1835 2540 1852 2571 ἶ)
1882 2540 1943 2575 ita,

1079 2590 1152 2612 cum
1175 2581 1268 2612 alium
1292 2591 1398 2620 error,
1418 2582 1512 2612 alium
1530 2583 1590 2620 ira,
1615 2582 1707 2613 alium
1726 2582 1874 2619 avaritia,
1896 2580 1946 2610 ali-

1080 2632 1132 2654 um
1151 2623 1229 2653 alius
1248 2621 1378 2654 aflectus
1395 2623 1576 2662 abriperet,
1601 2632 1641 2654 ne
1663 2632 1770 2654 verum
1787 2627 1945 2658 cerneret,

1080 2673 1162 2695 neve
1178 2664 1207 2694 in
1227 2673 1267 2694 eo
1284 2665 1415 2695 modum
1432 2672 1573 2702 teneret,
1593 2674 1631 2695 ex
1648 2663 1845 2699 immodestia
1861 2663 1948 2698 lites,

1080 2706 1178 2744 rixae,
1199 2706 1303 2736 caedes
1324 2705 1580 2746 vastationesque
1597 2705 1768 2737 subsecutae
1791 2704 1869 2736 sunt.
1913 2702 1948 2734 ln

1080 2755 1172 2778 tanto
1189 2755 1314 2785 autem,
1340 2755 1469 2786 tamque
1485 2749 1610 2779 incerto
1620 2746 1835 2787 bellistrepitu
1850 2753 1886 2776 ac
1901 2751 1947 2774 tu-

1079 2789 1181 2819 multu
1198 2788 1272 2827 quid
1288 2789 1396 2828 potuit
1417 2789 1565 2829 cuiquam
1589 2789 1736 2826 beatum,
1761 2787 1836 2827 quid
1859 2793 1948 2826 opta-

1079 2830 1144 2861 bile
1168 2830 1340 2860 accidere?
1365 2831 1435 2869 quis
1463 2829 1521 2861 suis
1547 2830 1685 2868 viribus,
1709 2829 1778 2868 quis
1797 2827 1855 2859 suae
1880 2834 1948 2866 pru·

1080 2872 1195 2902 demite
1212 2870 1252 2901 fic
1268 2870 1433 2902 confidere
1451 2872 1561 2904 debuit
1573 2894 1581 2909 ,
1597 2879 1630 2902 ut
1645 2872 1684 2902 ab
1702 2871 1832 2902 aliorum
1849 2868 1878 2899 vi
1896 2866 1949 2897 vel

1079 2911 1194 2944 insidiis
1212 2912 1299 2943 omni
1317 2920 1484 2953 tempore,
1500 2915 1587 2944 omni
1606 2913 1700 2948 loco,
1723 2909 1867 2942 adversus
1882 2916 1949 2938 om-

1079 2963 1135 2984 nes
1159 2953 1306 2984 homines
1342 2963 1491 2994 peraeque
1514 2954 1639 2985 securus
1663 2952 1739 2985 effet
1762 2952 1776 2983 P
1805 2950 1900 2994 igitur
1924 2946 1948 2978 sl

1078 3004 1159 3033 quos
1185 2995 1288 3034 coepit
1313 2996 1423 3036 pigere
1449 2995 1663 3035 periculorum
1687 3002 1723 3024 ac
1740 2990 1945 3033 miseriarum-z

1079 3037 1109 3067 hi
1139 3037 1338 3076 cogitantes,
1363 3037 1439 3076 quid
1465 3038 1610 3068 utilitatis
1634 3030 1883 3076 poffentjunffle
1901 3038 1948 3073 vi·

1077 3088 1143 3115 res,
1168 3077 1244 3115 quid
1260 3078 1335 3117 juris
1352 3077 1485 3108 societas
1505 3078 1621 3108 habere
1635 3098 1644 3113 ‚
1668 3073 1754 3118 quod
1772 3078 1946 3101 convenie-

1078 3119 1132 3150 bat
1155 3118 1286 3150 Naturae
1304 3119 1366 3158 legi
1383 3118 1424 3150 sui
1443 3118 1602 3154 ssudiosae,
1627 3126 1643 3146 a
1662 3115 1724 3144 vita
1745 3113 1797 3143 illa
1812 3111 1878 3142 fei-:i
1902 3118 1945 3142 at-

1078 3170 1141 3200 que
1158 3160 1319 3198 obnoxia,
1349 3160 1387 3190 ad
1406 3160 1486 3190 hanc
1503 3157 1698 3197 tranquillam
1714 3163 1750 3184 ac
1766 3161 1863 3183 tutam
1882 3160 1945 3182 rna-

1077 3202 1168 3233 nibus
1186 3201 1387 3241 pedibusque
1403 3200 1586 3232 tranfierunt
1602 3207 1610 3235 3
1630 3195 1856 3235 communique
1866 3193 1944 3264 ἑιὲτῃῐς
