2052 3487
1762 86 1841 130 117

275 159 934 244 GERARDI
1038 158 1603 243 NOODT‚

557 289 854 360 Jurisconsulti
892 290 941 342 &
978 287 1323 351 Antecess'oris‚

52 496 726 605 LEGEM
863 406 1831 628 XQUILIAM

350 667 692 719 LIBER

798 666 1531 718 SINGULARIS.

656 803 1220 847 PRAEFATIO.

49 898 271 941 (ἓξὲξζζῷ
282 899 377 932 itulus
393 899 483 941 hujus
499 898 568 931 libri
586 898 641 930 vix
657 895 813 943 desiderat
829 904 918 943 corn-

48 942 90 987 Θ
230 944 271 987 (ka)
293 943 549 974 mendationem:
574 941 666 982 plana
684 939 762 979 legis
781 938 918 984 Aquiliae

49 989 90 1029 ,ἦρ
123 961 202 1043 T
230 989 270 1028 Q>
292 984 345 1014 via
367 984 397 1014 &
422 983 461 1015 ad
480 983 631 1014 tuendam
649 980 810 1027 publicam
828 978 917 1025 disci-

49 1013 91 1079 ᾧ
229 1015 270 1079 ᾗῇ
292 1025 411 1097 filinam
430 1032 629 1070 opportuna..
648 1031 719 1054 nam
738 1030 773 1053 ut
789 1030 854 1066 jam
868 1030 915 1051 ni-

48 1078 271 1121 (ὓὶξὲἵὲ)
294 1066 457 1139 elluiffi
470 1059 915 1139 tsszirfflzeffissrazfflaffiffisfit

50 1147 189 1179 veritate
207 1147 353 1189 castigat:
377 1156 412 1179 ut
434 1157 498 1180 non
517 1148 628 1180 addam
650 1153 801 1186 quoque,
827 1143 916 1184 quod

52 1188 203 1220 damnum
229 1189 338 1229 injuria
357 1190 463 1220 datum
487 1188 630 1228 fingulari
653 1185 804 1232 exemplo
827 1192 916 1216 taxat

50 1230 130 1261 tanti
146 1253 157 1269 ,
189 1232 296 1269 quanti
324 1240 373 1262 res
389 1231 468 1261 intra
491 1238 609 1260 annum
626 1235 811 1269 proximum
827 1249 845 1272 ,.
861 1233 916 1257 aut

47 1270 130 1302 intra
157 1271 224 1302 dies
253 1271 378 1311 triginta
407 1270 573 1310 proximos
593 1293 604 1309 ,
634 1269 734 1300 fuerit
765 1268 914 1314 plurimi:

47 1320 157 1342 nonne
177 1309 336 1343 suffecerit
356 1310 611 1343 demonstratum
629 1309 915 1356 providentissimae

46 1351 125 1392 legis
149 1351 337 1391 utilitatem,
362 1362 431 1385 eam
447 1362 619 1384 occurrere
641 1361 706 1384 non
723 1360 775 1382 uni
797 1358 851 1382 aut
874 1351 915 1381 al-

50 1399 109 1423 teri
127 1393 231 1424 damni
254 1392 389 1433 sorniae,
412 1394 465 1426 sed
482 1395 644 1435 plerisque
672 1393 784 1434 quibus
803 1391 914 1433 plebe-

44 1434 147 1474 jorum
187 1434 417 1476 humiliumque
444 1435 618 1476 praesertim
651 1434 818 1465 hominum
853 1433 913 1464 ser-

47 1484 125 1514 vus,
149 1484 268 1516 pecus,
292 1476 417 1508 aliudve
434 1477 549 1509 animal
568 1477 701 1514 cicuris,
717 1475 839 1506 feraeve
860 1484 913 1506 na-

50 1522 129 1548 turae
145 1518 271 1557 occidi,
301 1526 354 1549 aut
378 1518 427 1549 hae
450 1528 500 1549 res
519 1542 530 1556 ,
561 1526 728 1550 caeteraeve
753 1516 912 1555 mobiles,

47 1558 250 1597 immobiles,
276 1560 353 1590 viles
370 1583 379 1598 ,
403 1560 550 1600 pretiosae
566 1583 575 1598 ,
607 1558 710 1590 solent
733 1559 798 1597 uri,
828 1557 912 1588 fran-

45 1600 98 1640 gi,
122 1600 223 1639 rumpi
243 1623 253 1639 ,
285 1600 395 1640 injuria
417 1602 588 1642 aliquando
609 1600 797 1641 aequalium,
833 1598 914 1639 saepe

45 1640 200 1672 nobilium
217 1664 227 1678 ‚
260 1644 510 1682 potentiumve:
541 1643 656 1683 quibus
681 1641 773 1681 plebs
799 1640 839 1672 de
862 1643 914 1671 die

43 1681 73 1712 &
93 1681 206 1720 nocte,
230 1683 259 1714 in
282 1683 358 1714 urbe
379 1683 409 1714 ἃ
427 1685 510 1722 ruri,
534 1684 563 1714 in
583 1684 772 1714 celebritate
796 1682 825 1712 ὅ(
843 1681 910 1712 soli-

42 1722 174 1761 tudine,
197 1731 279 1754 terra
297 1726 456 1763 marique,
480 1725 545 1756 hoc
563 1725 661 1766 magis
685 1724 829 1755 obnoxia
847 1723 911 1762 est,

44 1772 111 1804 quo
127 1765 227 1804 magis
245 1765 304 1796 illis
331 1775 347 1795 a
366 1765 540 1806 dignitate,
564 1768 697 1806 opibus,
730 1772 784 1795 aut
802 1765 910 1796 natali-

41 1804 124 1842 bus,
147 1804 215 1844 spes
238 1806 435 1845 impunitatis
450 1829 459 1845 ,
491 1805 537 1837 isti
555 1807 594 1838 ab
615 1806 748 1837 obseura
777 1805 910 1836 &tenui

44 1847 238 1880 conditione
262 1846 422 1878 difficilior
451 1847 588 1879 vinditka
613 1847 684 1878 est‘?
716 1855 776 1878 nec
803 1854 910 1877 tamen

42 1887 173 1927 Aquilia
198 1894 321 1919 tantum
340 1888 424 1928 plebi
443 1888 617 1927 succurrit,
641 1895 832 1929 quamquam
849 1887 911 1932 lata

42 1929 172 1960 videtur
197 1937 263 1968 ejus
287 1929 401 1960 causa:
432 1929 484 1962 sed
508 1931 653 1962 omnium
682 1937 833 1974 peraeque
867 1937 910 1974 ci-

41 1969 131 2001 vium
156 1971 226 2009 paci
249 1979 285 2001 ac
303 1969 461 2001 securitati
481 1971 626 2002 consulit.
652 1979 713 2002 nec
741 1979 839 2010 magis
864 1970 908 2000 dl-

41 2009 189 2051 stinguit,
214 2018 318 2043 utrum
335 2013 481 2044 damnum
498 2011 551 2043 fiat
572 2012 649 2043 dolo
666 2011 751 2043 malo
764 2034 776 2057 ,
799 2020 837 2041 an
853 2010 909 2041 im-

42 2052 230 2093 prudentia:
254 2053 305 2085 cui
327 2052 449 2086 causam
467 2054 609 2095 praebeat
627 2062 736 2092 error,
769 2060 834 2091 rra,
857 2050 910 2082 sae-

962 896 1054 934 vitia,
1077 896 1234 936 ebrietas,
1260 897 1413 939 avaritia,
1440 897 1559 939 libido,
1584 896 1765 941 imperitia,
1788 899 1833 932 in-

960 937 1091 969 firmitas
1107 961 1116 976 ,
1152 939 1349 980 negligentia
1365 964 1376 980 ,
1409 940 1534 972 lascivia
1550 964 1560 981 ,
1592 950 1646 973 aut
1670 942 1728 974 alia
1753 941 1831 973 vitia

960 988 1032 1018 qua:
1051 979 1285 1012 humanitatem
1306 982 1502 1014 obsederunt
1524 982 1693 1022 hactenus,
1726 982 1756 1014 ὅ(
1775 983 1832 1014 ob·

958 1019 1106 1052 fidebunt
1126 1030 1236 1061 porro.
1261 1023 1343 1053 adeo
1361 1032 1398 1053 ea
1424 1024 1475 1054 lex
1495 1024 1762 1065 qualemcumque
1785 1033 1832 1055 ar·

959 1069 1014 1092 cet
1036 1062 1180 1102 inJuriam
1199 1073 1207 1094 :
1241 1072 1259 1094 a
1276 1071 1338 1102 qua
1362 1064 1532 1096 abhorreat
1557 1067 1659 1106 pietas
1676 1088 1685 1104 ,
1714 1067 1743 1096 ἃ
1761 1075 1832 1097 mo-

960 1101 1076 1142 destia,
1100 1104 1131 1135 id
1150 1103 1215 1143 est,
1238 1105 1407 1136 veneratio
1423 1105 1566 1137 humanae
1583 1107 1832 1147 conjunctionis.

959 1153 1067 1184 neque
1094 1145 1271 1184 erraverit,
1307 1147 1359 1186 qui
1379 1147 1518 1186 dixerit,
1541 1157 1610 1180 eam
1636 1147 1698 1179 effe
1714 1149 1833 1181 everri-

959 1186 1067 1217 culum
1083 1187 1187 1218 omnis
1204 1195 1270 1217 non
1292 1186 1391 1219 solum
1409 1187 1536 1219 malitiae
1548 1212 1557 1228 ,
1581 1188 1633 1221 sed
1651 1190 1747 1221 etiarn
1764 1190 1833 1222 cul-

960 1236 1011 1268 pae
1042 1228 1094 1258 vel
1120 1227 1309 1267 levisfimae3
1340 1238 1446 1269 eoque
1472 1228 1551 1261 fines
1578 1229 1648 1262 suos
1672 1240 1738 1262 non
1756 1254 1766 1270 ,
1798 1238 1834 1263 ut

959 1268 1120 1309 pleraeque
1142 1267 1245 1301 solent
1261 1268 1369 1310 leges,
1392 1271 1519 1311 angusta
1543 1272 1748 1311 innocentia,
1778 1272 1832 1304 sed

960 1310 1081 1341 virtute
1106 1310 1135 1342 ὅ(
1163 1310 1334 1352 sapientia,
1366 1313 1491 1343 metiri:
1515 1312 1544 1344 ἃ
1562 1322 1635 1345 cum
1660 1313 1720 1344 illae
1743 1323 1832 1345 com-

957 1353 1044 1383 muni
1064 1350 1229 1393 fragilitati
1251 1352 1348 1384 multa
1369 1353 1574 1394 indulgeant,
1599 1362 1670 1394 quae
1687 1354 1832 1394 alioquin

957 1402 1023 1424 nou
1042 1394 1161 1434 probet
1184 1393 1287 1433 rati03
1311 1394 1371 1425 hac
1388 1394 1466 1426 nihil
1481 1418 1492 1433 ,
1524 1395 1578 1426 nili
1599 1395 1687 1436 quod
1711 1404 1832 1427 naturae

958 1435 1031 1475 lege
1061 1433 1243 1466 absolvatur
1262 1458 1272 1474 ,
1304 1436 1473 1467 innoxium
1492 1436 1612 1468 haberi.
1639 1446 1701 1474 qua
1726 1447 1760 1468 re
1784 1437 1831 1469 fa-

959 1476 1045 1508 ctum
1070 1475 1115 1507 est
1133 1499 1143 1515 ,
1176 1485 1210 1507 ut
1237 1485 1332 1516 quam
1358 1477 1487 1516 publice
1511 1478 1595 1510 utilis
1620 1477 1665 1509 est
1687 1479 1834 1519 Aquilia,

959 1524 1024 1549 tam
1053 1516 1272 1558 cognoscendi
1297 1518 1466 1558 voluptate
1486 1519 1624 1558 jucunda
1645 1518 1682 1550 sit
1701 1531 1710 1559 ;
1737 1520 1834 1560 juris-

958 1567 1023 1598 que
1046 1558 1180 1590 studium
1199 1568 1264 1590 non
1290 1561 1394 1590 minus
1412 1560 1597 1599 oblatrare,
1628 1569 1723 1600 quam
1748 1562 1834 1602 adju-

958 1609 1034 1630 vare
1057 1600 1169 1640 poffit:
1194 1609 1231 1631 ac
1250 1599 1314 1631 five
1341 1601 1371 1631 in
1391 1600 1482 1632 factis
1502 1601 1659 1642 elegantia
1684 1602 1713 1633 δι
1733 1612 1831 1635 varie-

958 1649 1005 1672 tas
1034 1649 1218 1681 quaeratur,
1249 1641 1313 1672 five
1340 1643 1370 1673 in
1397 1641 1639 1674 definitionibus
1660 1645 1832 1683 prudentia

956 1681 1118 1713 servandae
1143 1683 1290 1714 humanae
1316 1682 1478 1715 societatis
1494 1707 1504 1722 ,
1540 1685 1694 1724 quidquid
1718 1686 1757 1717 ab
1781 1686 1829 1718 his

955 1724 1120 1762 laudatur,
1144 1725 1175 1755 id
1198 1723 1390 1764 suppeditet.
1436 1725 1573 1756 Proinde
1591 1726 1654 1756 vila
1676 1727 1754 1758 mihi
1783 1727 1830 1760 est

955 1765 1050 1804 digna
1082 1766 1171 1805 cujus
1199 1775 1303 1806 primo
1327 1766 1356 1797 ἀ
1381 1767 1479 1798 tertio
1503 1767 1599 1807 capiti
1623 1766 1827 1807 (secundum

955 1815 1041 1837 enim
1069 1806 1262 1847 ignoratur)
1285 1807 1482 1848 diligentiam
1507 1808 1748 1848 interpretando
1771 1810 1826 1842 ad-

956 1846 1112 1878 hiberem.
1135 1846 1217 1883 fuit,
1250 1857 1322 1878 cum
1347 1849 1525 1888 cogitarem
1543 1872 1553 1888 ,
1586 1851 1682 1882 etiam
1701 1853 1828 1883 caeteris

955 1888 1031 1919 dare
1049 1888 1176 1920 lucem:
1200 1887 1251 1920 sed
1269 1912 1277 1925 ,
1303 1888 1414 1929 spero,
1439 1898 1533 1921 erunt
1558 1891 1676 1922 decora
1699 1892 1825 1933 ingenia

954 1937 1024 1968 quae
1041 1938 1105 1960 non
1125 1930 1360 1971 gravabuntur,
1386 1931 1439 1961 ubi
1461 1940 1530 1963 mea
1551 1931 1686 1963 ‚substitit
1703 1935 1827 1965 medio-

952 1970 1047 2002 critas
1065 1993 1075 2009 ,
1107 1970 1181 2002 inde
1207 1971 1307 2003 laudis
1335 1973 1496 2003 materiam
1526 1982 1649 2013 petere.
1692 1974 1846 2013 Interimx

952 2011 992 2041 ab
1010 2012 1141 2043 auetore
1158 2011 1240 2052 legis
1262 2013 1397 2053 Aquiiiae
1414 2036 1423 2051 ,
1455 2014 1484 2046 &
1502 2023 1638 2047 numero
1662 2017 1825 2058 capitum,

951 2051 1068 2086 faciam
1088 2052 1269 2094 disputandi
1292 2054 1429 2087 initium.
1462 2058 1467 2061 “

784 2171 998 2209 CAPUT
1047 2174 1072 2209 I.

484 2272 647 2308 Amorem
673 2267 715 2310 ὃ)
739 2272 841 2318 capita
867 2271 945 2318 legis
969 2272 1103 2319 Aquiliae
1127 2272 1226 2308 videri
1249 2273 1376 2311 incerta.

41 2356 156 2431 Satis
190 2358 340 2399 constat,
380 2359 485 2401 legem
514 2360 671 2401 Aquiliam
707 2359 908 2401 plebiscitum

119 2397 180 2431 esse
199 2423 209 2439 ‚
241 2401 468 2442 auctoremque
487 2402 552 2442 eius
572 2402 731 2443 Aquilium
747 2425 757 2441 ,
789 2401 906 2433 Tribu-

42 2446 120 2470 num
138 2441 241 2481 plebis
256 2466 266 2482 ,
296 2443 403 2474 haberi
425 2443 445 2475 l.
467 2452 492 2474 1.
516 2443 545 2485 §.
566 2452 591 2474 1.
616 2443 657 2475 D.
684 2444 734 2474 Ad
755 2444 843 2484 legem
863 2442 908 2474 A·

41 2480 173 2519 quitiam.
220 2483 283 2516 Sed
301 2508 309 2523 ,
349 2485 420 2525 quia
446 2484 611 2525 plebiscita
644 2485 714 2526 lege
738 2484 909 2517 Hortensia

42 2519 123 2562 legis
144 2523 206 2555 vim
224 2535 380 2566 accepere
399 2549 409 2565 ,
441 2527 517 2566 quid
534 2527 649 2558 mirum
665 2549 674 2565 ,
708 2525 908 2567 plebiscitum

43 2559 122 2603 legis
145 2567 359 2605 appellatione
382 2567 540 2599 contineri
558 2568 574 2600 ’ἓ
607 2568 716 2607 Atque
751 2568 783 2599 id
808 2568 907 2608 vulgo

46 2610 172 2648 notum.
196 2607 259 2639 hoc
275 2609 350 2639 nulli
363 2633 372 2647 ,
385 2609 453 2650 quis
472 2609 524 2641 ille
544 2609 687 2649 Aquilius
703 2607 812 2640 fuerit.
836 2608 908 2640 Esse

46 2640 132 2683 scio,
154 2648 206 2687 qui
226 2648 392 2689 censeant,
417 2649 507 2681 fuisse
526 2649 641 2691 Gajum
662 2649 908 2690 AquiliumGal-

46 2681 132 2723 lum,
161 2690 209 2719 cui
232 2691 396 2730 Aquiliana
415 2691 574 2732 stipulatio
592 2715 602 2730 ‚
633 2692 663 2723 ἂ
687 2692 726 2722 de
744 2692 821 2723 dolo
845 2700 908 2722 ma-

48 2721 103 2769 ]ομ
135 2727 265 2770 aliaeque
290 2731 438 2764 foi-mulae
462 2733 631 2764 debentur.
674 2732 737 2764 Sed
760 2732 838 2764 nihil
856 2741 909 2763 cx-

50 2770 190 2812 tricanht:
224 2779 422 2812 quamquam·
443 2773 496 2804 fibi
527 2774 643 2814 Aquilii
670 2773 747 2805 sono
772 2774 910 2805 nominis

48 2804 260 2853 blandiuntur.
287 2814 317 2844 id
346 2816 429 2847 enim
455 2824 519 2847 non
544 2817 708 2855 proprium
739 2817 828 2847 unius
854 2814 912 2846 ho—

50 2854 146 2892 minis
169 2858 222 2881 aut
244 2851 389 2893 fmiliae,
424 2855 475 2887 sed
493 2866 665 2888 commune
685 2857 789 2897 gentis
813 2856 910 2896 Aqui-

47 2886 100 2919 hae
119 2889 181 2923 est:
205 2901 246 2923 ex
264 2901 322 2931 qua
341 2896 369 2926 &
386 2897 490 2934 plures
507 2897 672 2929 Tribunos
688 2898 790 2938 plebis
809 2898 839 2928 in
860 2907 913 2928 an-

51 2930 175 2962 nalibus
199 2934 348 2972 producit
369 2936 506 2977 Pighius.
528 2940 627 2977 adde,
651 2940 740 2979 quod
759 2938 913 2970 vetustior

51 2968 105 3001 lex
123 2972 250 3018 Aquilia
266 2975 328 3014 est,
354 2985 445 3016 quarn
462 2987 495 3009 ut
518 2980 680 3011 auctorem
701 2981 781 3011 ferat
802 2980 911 3019 Caium

50 3011 213 3059 Aquilium
233 3014 382 3054 Gallum;
407 3021 544 3052 maxime
562 3020 642 3052 facia
671 3022 913 3062 comparatione

51 3061 153 3086 aetatis
172 3056 260 3088 Bruti
285 3058 314 3089 ὅ(
339 3058 371 3099 Q
403 3059 503 3091 Mucii
525 3085 534 3099 ‚
566 3066 618 3101 qui
639 3063 703 3102 ejus
721 3064 912 3101 interpretes

50 3093 213 3143 laudantur
235 3098 316 3139 Lgr.
345 3100 381 3135 ἐξ
403 3101 412 3131 l
441 3111 489 3142 27.
514 3102 542 3143 ᾗ.
560 3113 607 3134 22.
634 3103 677 3135 D.
701 3104 751 3135 Ad
766 3104 852 3144 legem
870 3103 915 3135 A·

57 3137 199 3182 quitiam.-
229 3148 363 3179 quoruin
386 3141 472 3174 illuni
498 3152 570 3174 ante
598 3143 726 3176 Gallum
754 3144 915 3184 Aquilium

54 3179 184 3222 vixiffe,
207 3180 298 3216 istum
315 3181 400 3216 Galli
419 3185 537 3226 Aquilii
553 3194 788 3228 praeceptorem
806 3185 914 3227 fuisse„

949 2361 1011 2401 jam
1027 2361 1149 2393 dudum
1165 2361 1374 2394 observarunt
1388 2361 1503 2394 eruditi
1518 2362 1666 2396 homines
1677 2374 1718 2397 ex
1727 2365 1821 2400 Pom-

951 2402 1053 2450 ponio
1080 2403 1100 2436 l.
1119 2413 1147 2436 2,
1176 2403 1205 2445 §.
1230 2413 1280 2445 39.
1307 2413 1357 2444 40.
1382 2412 1432 2443 41.
1454 2403 1492 2438 &³
1513 2414 1566 2444 42.
1591 2405 1633 2438 D.
1659 2408 1693 2438 de
1709 2410 1822 2451 origine

966 2453 1038 2475 urzs.

946 2454 960 2486 '7
991 2485 1099 2525 AEque
1126 2494 1191 2517 non
1221 2485 1322 2526 liquet
1353 2485 1454 2524 mihi,
1485 2495 1566 2526 quot
1598 2488 1718 2522 fuerint
1741 2490 1822 2532 legis

952 2526 1089 2566 Aquiliae
1116 2526 1246 2567 capita:
1283 2525 1338 2558 etfi
1371 2525 1564 2568 Theophilo
1595 2530 1683 2562 sedet
1711 2533 1749 2563 ad
1769 2541 1820 2573 pr.

952 2566 1025 2608 Inst.
1051 2569 1083 2598 de
1107 2567 1165 2609 lege
1187 2568 1309 2609 Aquilia
1326 2590 1336 2607 ,
1368 2575 1490 2601 tantum
1516 2571 1574 2602 tria
1592 2571 1710 2604 fuiffe:
1742 2582 1823 2614 quo-

952 2618 1019 2640 rum
1043 2616 1166 2639 mentio
1187 2609 1207 2640 l.
1229 2618 1254 2641 1.
1276 2616 1321 2650 pr.
1345 2610 1364 2641 l.
1384 2619 1431 2650 27.
1457 2610 1476 2652 §
1501 2622 1532 2651 4.
1550 2611 1587 2647 ἐξ
1601 2623 1632 2654 5.
1658 2613 1701 2645 D.
1721 2614 1820 2656 &pn

952 2650 981 2691 §.
1006 2659 1052 2682 12.
1078 2649 1114 2684 δέ’
1136 2659 1182 2691 13.
1210 2648 1282 2690 Infl.
1301 2653 1360 2682 eod.
1378 2652 1425 2682 tic.
1467 2652 1529 2685 Sed
1547 2663 1581 2685 ut
1599 2662 1729 2695 putem,
1750 2657 1822 2697 plu-

952 2701 986 2722 ra
1008 2690 1120 2729 fuiss'e,
1143 2699 1257 2723 movet
1273 2701 1324 2723 me
1339 2715 1349 2731 ,
1375 2694 1462 2732 quod
1481 2694 1660 2736 Imperator
1674 2697 1820 2737 justinia·

953 2742 1012 2763 nus
1030 2732 1151 2764 addidit
1171 2741 1268 2773 caput
1285 2734 1325 2765 de
1344 2734 1450 2766 damni
1475 2736 1584 2776 injuria
1599 2739 1706 2770 noxali
1724 2739 1822 2770 attio-

954 2783 994 2804 ne
1016 2773 1045 2815 §.
1064 2783 1095 2813 4.
1121 2772 1194 2814 Inft.
1210 2777 1243 2806 κίε
1267 2776 1368 2807 noxali
1385 2776 1503 2808 afflone.
1546 2778 1651 2810 Etiam
1676 2780 1820 2820 prodidit

955 2814 1053 2855 Gajus
1076 2815 1095 2845 l.
1115 2824 1142 2846 2.
1165 2815 1193 2856 §.
1215 2825 1240 2847 1.
1266 2816 1307 2848 D.
1332 2817 1382 2848 Ad
1399 2819 1486 2856 legem
1498 2819 1652 2860 Aquiliam
1667 2829 1762 2860 caput
1776 2821 1818 2851 de

954 2856 1170 2888 inficiatione:
1194 2866 1300 2898 eoque
1319 2858 1446 2899 respicit
1467 2860 1600 2900 sequens
1621 2860 1746 2901 Ulpiani
1767 2860 1818 2892 In-

949 2897 1085 2937 scriptio
1102 2897 1157 2928 sub
1178 2897 1237 2930 Tit.
1252 2910 1280 2932 2-
1305 2900 1471 2932 Collationis
1490 2902 1603 2942 Legum.
1619 2902 1819 2939 i'lffosaicarum

955 2937 991 2973 δέ’
1008 2940 1207 2971 Romanarum
1228 2940 1257 2982 §.
1275 2952 1303 2980 4.
1331 2941 1478 2982 Ulpianus
1492 2943 1539 2975 lib.
1557 2953 1600 2980 19.
1626 2946 1663 2974 aci
1679 2941 1819 2975 Edictum

951 2982 1006 3020 sub
1031 2982 1077 3012 tit.
1119 2981 1152 3012 Si
1171 2982 1318 3021 fatebitur
1342 2984 1453 3024 injuria
1477 2986 1598 3024 occisum
1620 2983 1671 3023 effe
1700 2986 1731 3014 in
1746 2983 1819 3022 fim-

949 3022 1042 3062 plum.
1084 3021 1288 3064 Quamquam
1306 3034 1342 3056 ea
1361 3025 1528 3066 Inscriptio
1545 3026 1573 3056 in
1591 3025 1670 3055 vitio
1689 3024 1751 3063 est,
1781 3034 1818 3059 ut

959 3063 1101 3095 Pithoeus
1125 3064 1207 3096 vidit
1226 3088 1235 3103 ,
1266 3066 1296 3098 <Sc
1322 3066 1364 3097 fic
1388 3065 1612 3106 dispungenda.
1651 3064 1818 3112 ‘Ulpianus

956 3105 1004 3136 lib.
1029 3110 1072 3139 18.
1097 3105 1145 3137 Aa
1167 3106 1308 3138 Edictum
1331 3109 1381 3144 sub
1404 3109 1462 3138 dcc.
1515 3107 1625 3146 Arguit
1649 3108 1681 3138 id
1709 3107 1818 3141 lnscri-

957 3147 1027 3187 ptio
1051 3147 1070 3178 l.
1091 3157 1139 3188 27.
1164 3147 1205 3178 D.
1231 3150 1281 3180 Ad
1299 3150 1386 3190 legem
1411 3149 1562 3187 Aquiliam
1578 3170 1588 3184 ,
1617 3148 1650 3191 in
1674 3149 1761 3189 cujus
1786 3150 1816 3192 §.

960 3198 1007 3230 17.
1032 3196 1122 3221 extat
1146 3189 1232 3223 idem
1262 3191 1393 3261 Ulpianki,
1409 3190 1520 3228 locus,
1543 3189 1596 3230 qui
1612 3197 1644 3222 111
1660 3191 1688 3223 d.
1713 3190 1770 3223 Tic.
1788 3202 1820 3226 2.

1415 3239 1435 3270 3
1769 3241 1819 3265 re-
