2036 3495
428 76 429 79 ’
466 90 528 126 An
563 90 653 126 Lm.
689 86 824 125 xxvi.
866 85 966 124 Τιτ.

89 182 218 221 stratus,
242 183 260 214 ii
280 188 402 213 tutores
425 180 489 213 dati
506 188 571 212 non
591 177 650 210 fint
677 176 860 211 solvendo?
883 187 956 209 cau-

88 225 118 255 sa
147 223 308 262 quaerendi
333 223 461 263 duplex.
505 223 593 258 Una,
625 220 713 258 quod
738 221 803 252 dati
828 220 898 251 sunt
924 220 956 251 in

89 263 302 303 testament03
319 265 356 295 ad
374 272 454 303 quos
473 272 536 294 non
560 261 698 302 pertinet
724 261 894 293 satisdatio,
916 261 955 291 al-

89 315 156 338 tera
173 307 259 346 quod
282 316 298 337 a
322 304 559 346 Magislratibus
583 301 653 332 sunt
684 302 864 334 confirmati
881 301 958 342 juli'u

87 347 257 385 Praetoris,
275 347 414 386 ideoque
430 345 546 385 abipso
564 351 667 388 prope
684 343 835 375 Praetore.
868 343 958 384 Quid

88 389 301 430 Papinianus?
326 396 433 428 putat,
456 384 616 418 conveniri
643 383 731 423 posse
755 383 957 425 Magistratus

89 435 143 472 qui
159 431 337 463 cautionem
355 438 425 460 cum
443 427 597 459 deberent
614 426 763 466 exigere,
794 435 859 458 non
882 435 957 457 exe-

88 482 175 514 gere.
208 470 281 504 Nec
297 480 352 502 eos
368 471 494 510 juvare:
517 467 605 507 quod
622 473 744 499 tutores
768 468 837 499 sunt
867 466 956 498 testa·

89 521 201 546 mento
217 514 281 544 dati
297 522 306 550 ;
329 512 399 551 quia
416 510 483 541 sunt
499 509 563 553 dati
580 508 626 553 ab*
636 517 677 538 eo
692 511 745 549 qui
763 518 828 540 non
846 507 956 540 habuit

85 555 133 595 jus
150 556 241 585 dandi
260 561 392 584 tutores.
433 549 585 582 Similiter
601 557 644 580 ait
663 548 853 591 Papinianus
869 558 954 588 ,non

87 594 234 636 prodess'e
249 592 504 634 Magistratibus:
527 591 615 632 quod
635 599 758 622 tutores
774 591 813 622 ab
829 590 873 622 eis
885 589 955 622 sunt

84 637 163 677 jussu
181 636 326 667 Praetoris
349 632 626 673 confiriiiati:quia
643 632 747 663 adhuc
766 640 877 664 verum
889 631 955 670 est,

87 688 152 710 non
168 677 341 709 a-Praetore
358 673 565 707 confirmatos
582 673 654 705 effe.
679 682 713 705 ut
731 674 816 705 enirn
832 672 954 714 jufferit

87 729 144 752 eos
160 715 355 755 confirmari3
385 725 450 748 non
469 723 573 747 tamen
590 713 655 756 ipse
673 724 730 755 per
748 713 797 746 sua
818 713 955 746 ministe-

86 761 131 793 ria
148 759 310 801 inquisivit
327 757 357 789 in
374 767 479 789 mores
498 757 527 788 ἀ
542 756 709 788 facultates
727 764 888 795 tutorum3
903 765 955 787 ne-

87 811 150 843 que
168 811 208 833 ex
233 798 436 840 inquisitione
464 805 537 829 ante
562 799 726 829 decretum
756 796 954 838 interposuit.

87 853 152 885 quo
168 843 265 875 modo
283 841 412 881 proprie
429 839 574 871 Praetoris
590 838 790 871 confirmatio
800 838 954 870 censetur.

87 885 177 925 quod
199 883 221 915 si
244 882 307 914 est:
334 888 482 922 apparet,
506 880 737 913 satisdationem
764 878 953 911 confirmato

88 925 185 957 tutori
202 933 267 956 non
288 931 352 955 tam
368 932 407 955 eo
425 921 569 961 remitti,
592 921 664 962 quia
681 930 738 962 pro
754 920 952 953 testamenta-

88 968 137 999 rio
155 966 288 997 liabetur
303 975 312 1003 ;
335 973 428 1003 quam
449 963 535 1004 quod
554 972 593 994 ex
611 962 811 1003 inquisitione
828 964 919 993 datur
936 971 953 993 a

87 1008 208 1048 majore
223 1005 422 1048 Magistratu:
446 1005 601 1044 ideoque,
626 1003 762 1035 cessante
778 1002 952 1044 inquisitio·

90 1058 152 1087 ne,
175 1046 396 1080 confirmatum
421 1056 438 1078 a
462 1045 698 1091 Magistratibus
721 1044 952 1086 munipalibus,

89 1090 280 1122 satisdationi
298 1088 359 1120 effe
375 1086 560 1120 obnoxium.

131 1131 261 1163 Absolvi
290 1131 428 1169 priorem
455 1128 599 1159 Rubricae
629 1134 750 1168 partem
774 1127 814 1159 de
837 1127 953 1159 confir-

91 1173 207 1205 mando
226 1180 343 1203 tutore.
369 1169 504 1210 sequitur
528 1169 681 1209 posterior
702 1169 741 1200 de
765 1168 953 1201 confirman-

89 1216 136 1247 do
152 1221 308 1246 curatore.
352 1211 404 1243 De
423 1220 461 1241 eo
477 1211 538 1251 agit
562 1211 581 1241 l.
604 1220 627 1241 1.
650 1211 678 1251 §.
698 1211 752 1241 itit.
776 1211 794 1241 l.
820 1220 847 1240 2.
871 1210 897 1251 ἓ.
927 1219 953 1241 1.

93 1255 136 1287 1).
159 1256 187 1287 b.
211 1262 233 1286 t.
257 1262 316 1286 nec
333 1253 434 1285 minus
458 1252 521 1283 hoc
547 1251 706 1293 Papiniani
730 1252 749 1282 l.
765 1255 793 1282 6.
816 1250 859 1283 D.
881 1252 908 1282 b.
932 1258 955 1284 t.

714 1335 955 1370 Ttrun

996 86 1054 125 ΙΙΙ.
1080 89 1131 127 De
1149 90 1357 138 corfirmando
1373 99 1480 131 tutore.
1801 104 1872 144 μζ

1000 178 1034 209 Si
1045 177 1109 218 filio
1122 180 1226 220 puberi
1236 186 1323 221 pater
1343 186 1465 222 tutorem
1480 204 1490 220 ,
1519 187 1572 214 aut
1599 183 1739 223 impuberi
1760 190 1874 217 citrato-

999 230 1058 251 rem
1081 222 1210 259 dederit,
1235 224 1310 253 citra
1334 223 1546 264 inquisitionem
1567 223 1677 256 Prcetor
1701 235 1745 256 eos
1773 227 1877 266 confir-

1000 271 1079 307 mare
1095 263 1210 293 debebit.
1256 261 1467 305 Traiispolita
1482 264 1551 297 sunt
1570 266 1686 305 verba,
1711 266 1741 297 a&
1765 268 1806 298 iic
1831 277 1878 300 re-

1000 301 1174 334 stituenda:
1208 304 1242 334 Si
1255 303 1319 342 filio
1335 307 1439 344 puberi
1456 313 1540 346 pater
1561 314 1723 338 curatorem
1744 309 1876 348 dederit,

999 348 1051 374 aut
1069 344 1208 384 impuberi
1223 350 1353 376 tutorem.
1399 347 1530 378 Sensus:
1554 348 1834 381 confirmationem
1857 359 1875 380 a

1000 384 1143 428 PUraetore
1158 385 1242 416 fieri:
1265 386 1285 417 ii
1303 394 1394 426 pater
1410 387 1477 419 filio
1493 389 1649 429 impuberi
1668 397 1809 423 tutorem
1821 392 1874 422 de-

997 426 1065 464 dit,
1087 434 1153 457 non
1172 434 1206 457 ut
1231 425 1319 467 Lege
1344 429 1610 469 praecipiebatur3
1639 440 1692 463 aut
1717 431 1739 463 si
1761 432 1874 473 puberi

1000 473 1177 500 curatorem
1204 467 1292 499 dedit
1319 469 1407 500 nullo
1431 470 1510 508 iure.
1542 471 1715 511 videlieet,
1746 482 1782 504 ut
1808 475 1874 505 hoc

1000 516 1180 548 exponam,
1205 507 1275 540 Lex
1290 519 1350 542 xii.
1373 509 1566 542 Tabularum
1591 520 1712 545 tantum
1735 513 1798 546 fuit
1827 516 1874 546 lo-

997 556 1096 589 quuta
1115 550 1155 581 de
1172 551 1277 582 dando
1294 559 1420 590 tut0re3
1444 561 1508 583 non
1525 554 1620 584 etiarn
1638 555 1678 586 de
1695 556 1800 587 dando
1820 565 1874 588 cu-

996 597 1113 622 ratore.
1135 591 1183 631 jus
1202 598 1308 623 autem
1325 593 1417 624 dandi
1434 595 1590 626 curatoris
1608 594 1653 626 est
1670 597 1798 629 demum
1825 598 1873 629 in-

997 632 1179 677 troduCJtum
1197 642 1214 663 a
1240 630 1284 678 D:
1302 633 1437 665 Marco:
1461 643 1500 666 ex
1524 643 1591 675 quo
1614 637 1735 677 voluit,
1758 647 1872 671 omnes

998 674 1217 705 adoleicentes
1240 684 1380 706 minores
1402 676 1489 708 annis
1521 677 1634 717 viginti
1663 679 1806 718 quinque
1832 680 1874 711 ab

998 714 1109 746 iisdem
1138 714 1373 755 Magistratibus
1397 726 1413 747 a
1445 716 1559 757 quibus
1595 724 1719 750 tutores
1741 721 1875 760 dantur,

998 762 1160 788 curatores
1176 757 1342 798 accipere,
1365 767 1431 790 non
1451 759 1582 790 redditis
1599 759 1712 792 causis:
1735 762 1874 794 utdice—

999 804 1051 843 tui·
1075 796 1130 828 sub
1145 797 1216 842 'Tit.
1242 809 1272 838 5.
1297 798 1335 832 ὅ)
1353 803 1384 831 6.
1407 798 1575 840 postquam
1599 810 1676 833 vero
1700 800 1765 833 hoc
1788 803 1874 835 obti-

997 845 1084 876 nuit,
1101 839 1216 869 deinde
1233 848 1295 870 non
1311 839 1373 871 fuit
1389 841 1468 881 patri
1485 841 1710 882 invidendum3
1732 852 1798 885 quo
1815 845 1874 875 rni-

996 887 1060 925 nus.
1079 879 1217 925 isetiam
1234 880 1383 921 puberis,
1406 882 1457 914 sed
1474 883 1579 914 adhuc
1595 885 1749 924 minoris,
1772 885 1875 918 imbe-

996 920 1118 951 cillitati
1136 920 1328 953 testamento
1357 921 1577 963 succurreret;
1607 933 1714 965 eoque
1744 934 1874 959 curato-

996 970 1063 1007 rem
1081 962 1126 994 illi
1150 962 1348 1002 praeliceret‚
1373 963 1426 995 sua
1451 964 1622 1004 opinione,
1657 966 1710 998 sibi
1736 967 1767 999 ὅ(
1796 967 1873 1000 ami-

995 1002 1147 1046 ciffimum
1168 1003 1198 1035 δι
1217 1003 1406 1037 fidiffimum.
1456 1005 1487 1037 Si
1510 1006 1606 1047 igitur
1628 1009 1873 1041 curatorem-fi-

996 1043 1091 1089 lio-in
1120 1044 1311 1077 testamento
1336 1047 1431 1078 daret.
1451 1054 1558 1087 pater3
1590 1057 1655 1079 non
1677 1049 1746 1089 Jure
1767 1051 1872 1083 dabat:

997 1094 1070 1125 quia
1085 1085 1125 1117 de
1141 1095 1181 1117 eo
1196 1087 1305 1118 locuta
1323 1097 1389 1119 non
1415 1087 1477 1119 fuit
1494 1097 1548 1120 aut
1564 1088 1607 1121 D.
1626 1090 1728 1122 Marci
1749 1091 1874 1124 Consti-

999 1127 1099 1171 tutio,
1125 1135 1180 1158 aut
1204 1127 1274 1159 Lex
1293 1138 1355 1161 xri.
1377 1128 1591 1170 Tabularum3
1614 1137 1720 1164 tamen
1738 1133 1872 1164 rationis

997 1167 1081 1206 fuit,
1103 1177 1282 1201 curatorem
1308 1180 1325 1200 a
1349 1179 1440 1211 patre
1455 1171 1585 1210 datum,
1608 1171 1780 1205 secundum
1805 1175 1872 1214 ejus

998 1210 1217 1283 voluntaltem,
1241 1220 1259 1242 a
1275 1211 1421 1246 Praetore
1440 1212 1619 1246 confirmari
1637 1214 1666 1255 §.
1689 1223 1715 1247 1.
1740 1213 1812 1256 Inst.
1837 1217 1873 1247 de

997 1258 1124 1283 curalorl
1146 1261 1187 1283 us.

990 1345 1013 1370 u
1046 1346 1062 1369 s
1152 1334 1223 1372 IV.

763 1411 814 1447 De
835 1411 982 1458 legitimis
1009 1412 1170 1448 tutoribus.

181 1508 288 1533 autum
305 1501 344 1532 de
361 1500 519 1532 tutoribus
537 1498 787 1532 testamentariis.
821 1499 956 1541 sequun-

200 1551 254 1574 tur
269 1543 414 1582 legitimi.
458 1540 527 1573 Hos
544 1539 699 1581 Ulpianus
725 1540 784 1573 Tit.
807 1550 852 1573 xi.
874 1542 903 1583 §.
924 1551 956 1582 3.

89 1585 152 1623 ait,
175 1592 216 1615 ex
234 1581 320 1624 Lege
333 1583 436 1622 aliqua
453 1582 658 1614 descendere:
681 1590 738 1622 per
753 1583 956 1615 eminentiam

92 1633 199 1658 autem
220 1625 281 1656 dici
300 1624 461 1664 legitimos
477 1623 530 1663 qui
553 1632 594 1655 ex
616 1622 705 1664 Lege
729 1632 788 1655 xii.
814 1622 955 1656 Tabula-

91 1676 162 1700 rum
184 1665 448 1703 introducuntur‚
477 1664 531 1696 seu
549 1664 732 1705 propalam,
755 1665 863 1705 quales
887 1664 957 1697 sunt

92 1707 239 1749 adgnati,
268 1706 320 1738 seu
346 1715 404 1745 per
432 1704 714 1746 consequentiam,
752 1706 860 1746 quales
888 1705 957 1738 sunt

91 1750 232 1789 patroni.
274 1747 370 1785 Scio,
393 1747 424 1778 &
446 1746 710 1779 testamentariam
737 1748 868 1779 tutelam
891 1756 957 1779 non

91 1790 262 1831 improprie
277 1788 447 1830 legitimam
463 1789 612 1830 appellari
629 1788 647 1819 l.
667 1795 734 1829 130:
758 1789 806 1820 D.
823 1790 856 1819 de
877 1790 957 1821 verb.

85 1831 193 1874 signif.
234 1829 296 1862 Sed
321 1830 405 1862 aliud
428 1828 493 1868 est,
525 1829 696 1870 legitimam
721 1829 784 1861 dici
809 1836 865 1869 per
881 1829 957 1861 emi-

90 1872 249 1906 nentiam:
274 1871 377 1909 aliud,
401 1879 465 1902 noti
484 1871 665 1911 improprie.
691 1871 753 1902 hoc
769 1872 853 1902 enim
874 1870 958 1911 quasi

90 1913 229 1947 medium
250 1913 337 1944 venit
352 1913 436 1944 inter
452 1912 612 1953 proprium
629 1912 658 1943 ὅ(
674 1912 884 1951 improprium
900 1912 918 1943 l.
932 1921 958 1943 1.

93 1956 143 1987 D.
167 1955 273 1994 defuis
289 1953 326 1988 &5⁰
342 1954 493 1994 legitimis:
515 1961 550 1984 ut
567 1962 630 1984 non
650 1953 737 1984 nolle
754 1953 799 1985 est
817 1952 958 1985 medium

91 1997 175 2028 inter
192 1995 275 2027 velle
291 1995 321 2026 &
338 1995 435 2026 nolle.
479 1993 576 2035 Igitur
594 2002 776 2035 agnatorum
794 1995 892 2025 tutela
901 2003 959 2034 per

94 2037 300 2069 eminentiam
322 2036 500 2077 appellatur
523 2034 678 2076 legitima:
702 2036 775 2076 quia
800 2036 859 2066 hos
882 2035 958 2075 legi-

93 2078 189 2110 timos
210 2085 334 2108 tutores
358 2086 456 2109 nemo
481 2078 554 2108 dat:
579 2076 631 2108 sed
657 2075 725 2108 Lex
743 2084 801 2108 xii.
819 2075 957 2107 Tabula-

91 2128 161 2152 rum
184 2118 265 2150 fecit
282 2126 404 2150 tutores
429 2119 448 2149 l.
468 2127 498 2158 5.
526 2117 566 2149 D.
586 2118 614 2148 b.
634 2124 656 2149 t.
679 2126 709 2148 at
735 2116 960 2148 testamentarii

92 2162 204 2193 dantur
220 2169 236 2190 a
255 2167 359 2200 patre:
372 2159 488 2191 deinde
504 2160 596 2191 datos
612 2157 682 2190 Lex
701 2168 755 2190 xii.
765 2158 959 2190 Tabularum

90 2200 260 2234 confirmat
276 2223 285 2239 ‚
308 2209 343 2231 ut
358 2202 400 2232 ait
417 2199 571 2238 Ulpianus
588 2201 615 2231 d.
633 2201 678 2231 tit.
698 2200 780 2241 iti-§.
802 2209 847 2239 14.
860 2199 960 2242 Quid»

87 2244 169 2284 quid
192 2243 252 2273 est:
275 2243 318 2273 ait
342 2241 425 2274 idem
453 2240 605 2282 Ulpianus
631 2242 659 2274 d.
677 2242 722 2271 tit.
745 2242 774 2283 ᾗ.
795 2250 825 2282 3.
858 2241 960 2281 legiti-

92 2294 175 2318 mam
194 2283 325 2315 tutelani
351 2283 544 2314 descendere
571 2287 612 2313 ex
637 2282 723 2322 Lege
746 2290 803 2314 xit.
822 2280 961 2313 Tabula-

90 2335 160 2359 rum
186 2326 285 2356 modo
307 2325 491 2364 propalam,
514 2324 545 2355 id
570 2323 632 2361 est,
658 2333 699 2354 ex
724 2323 828 2354 verbis
845 2322 957 2363 Legis;

90 2376 126 2399 ut
142 2374 293 2405 agnatos:
316 2367 415 2397 modo
435 2375 490 2406 per
503 2364 781 2404 consequentiam,
799 2365 830 2396 id
846 2363 908 2401 est,
919 2373 961 2395 ex

90 2417 200 2440 niente
220 2409 248 2439 ἃ
266 2408 437 2439 sententia:
463 2415 496 2439 ut
511 2414 674 2447 patronos.
699 2406 787 2447 quod
803 2405 833 2438 ἃ
849 2404 890 2437 fic
900 2412 960 2437 tra-

94 2449 193 2480 ditum
210 2449 227 2480 l.
249 2459 275 2489 3.
302 2449 342 2480 D.
359 2449 386 2479 b.
404 2455 426 2480 t.

136 2490 261 2522 interim
279 2491 371 2521 verba
387 2489 482 2531 Legis
498 2513 508 2529 ,
532 2496 683 2530 quantum
700 2489 785 2529 scio,
807 2496 961 2531 nusquam

97 2529 227 2562 exstant.
250 2531 398 2563 summam
423 2532 505 2562 hanc
525 2534 617 2571 ponit
645 2531 756 2563 Paulus
781 2531 801 2562 l.
827 2536 856 2563 6.
880 2532 907 2562 h.
935 2536 956 2561 t.

95 2570 250 2602 intestato
274 2581 403 2611 pai-ente
429 2580 558 2604 mortuo
575 2592 585 2611 ,
616 2573 759 2613 adgnatis
789 2573 901 2613 (addo
929 2572 959 2603 δί

96 2612 291 2653 gentilibus)
321 2613 462 2645 defertur
491 2615 601 2645 tutela.
652 2613 821 2646 Intestatus
852 2622 958 2645 autern

96 2654 141 2684 illi
159 2654 286 2684 videtur
305 2663 369 2685 non
387 2662 507 2687 tantum
525 2656 550 2686 is
566 2655 619 2695 qui
646 2655 868 2687 testamentum
894 2663 961 2686 non

96 2693 198 2731 fecit,
222 2695 272 2725 sed
293 2694 322 2725 ἃ
346 2696 370 2726 is
386 2697 438 2735 qni
463 2696 652 2728 testamento
677 2696 783 2728 liberis
801 2695 859 2729 suis
876 2704 961 2727 tuto-

97 2745 146 2768 res
163 2745 225 2767 non
245 2735 344 2766 dedit.
368 2743 520 2775 quantum
543 2736 627 2769 euim
649 2738 687 2768 ad
711 2738 844 2769 tutelam
867 2738 962 2777 pei-ti-

97 2786 176 2816 nec,
201 2776 363 2807 iiitcstatus
381 2776 443 2808 est:
467 2778 540 2809 licet
557 2779 596 2811 de
614 2779 792 2809 hereditate
817 2777 853 2809 sit
871 2777 962 2809 testa-

99 2828 160 2850 tus.
186 2818 217 2849 id
236 2827 313 2848 vero
338 2817 478 2856 accidit,
501 2828 564 2851 non
589 2820 709 2851 sublato
736 2826 877 2857 tanturn,
910 2819 962 2850 sed

98 2860 192 2891 etiam
216 2857 397 2890 subfistente
423 2858 631 2893 testamento:
655 2869 707 2899 ut,
732 2860 751 2891 si
769 2859 900 2892 testator
922 2860 962 2891 de

97 2901 196 2932 tutela
219 2909 282 2931 non
306 2900 474 2940 disposuit,
497 2910 549 2932 aut
572 2902 717 2942 disposuit
739 2902 887 2942 quidem,
909 2900 962 2932 sed

95 2950 184 2974 tutor
201 2943 304 2980 datus,
334 2943 410 2972 vivo
428 2942 476 2973 vel
495 2951 623 2974 mortuo
650 2942 821 2980 testatore,
845 2942 963 2974 desinat

96 2983 164 3024 ipso
177 2983 248 3024 jure
265 2983 326 3015 else
349 2990 446 3014 tutor.
471 2993 531 3015 nec
558 2985 702 3015 interest:
726 2992 830 3015 utrum
854 2993 962 3023 coepe-

95 3026 136 3057 rit
159 3025 288 3056 tutelam
306 3034 434 3066 gerere,
459 3034 495 3056 an
513 3034 575 3056 non
599 3026 743 3063 coeperit.
769 3031 840 3056 nam
864 3025 962 3056 tutela

95 3067 136 3098 ad
160 3075 326 3107 agnatum,
358 3065 388 3097 id
413 3065 476 3100 est,
500 3066 697 3106 legitimum,
730 3067 918 3104 revertitur,
941 3065 962 3097 si

96 3115 185 3139 tutor
215 3107 404 3139 testamento
428 3108 538 3145 datus,
569 3108 670 3138 adhuc
699 3105 764 3138 filio
796 3108 961 3145 impubere

95 3157 262 3187 manente,
286 3147 453 3180 decesserit
468 3150 494 3180 d.
511 3147 531 3179 l.
546 3152 574 3180 6.
596 3150 605 3179 l
637 3158 681 3180 ii.
706 3148 736 3188 §.
755 3158 783 3188 53.
809 3147 845 3182 &⁹
868 3161 895 3189 4.
920 3148 961 3180 D.

98 3187 275 3264 eleuteflanfl
285 3190 366 3227 rutel.
390 3198 527 3232 nempe,
550 3190 622 3232 quia
645 3189 686 3223 fic
710 3191 777 3232 ipio
793 3190 864 3231 jure
882 3189 963 3225 defi-

160 3240 212 3263 om.
274 3255 281 3264 .

999 1501 1056 1533 cit.
1088 1499 1192 1546 'Aliud
1208 1499 1272 1539 est,
1295 1500 1317 1533 fi
1340 1505 1429 1535 tutor
1445 1503 1636 1536 testamento
1655 1503 1745 1536 datus
1763 1504 1798 1537 fit
1817 1504 1875 1537 sub

1000 1542 1207 1581 conditione,
1230 1543 1282 1575 vel
1299 1552 1341 1574 ex
1360 1543 1412 1576 die
1431 1552 1532 1577 certo.
1557 1545 1610 1577 hic
1629 1546 1716 1577 enim
1734 1554 1800 1578 non
1817 1547 1875 1579 de·

999 1583 1068 1615 ficit
1084 1590 1193 1621 tutor,
1215 1582 1269 1615 sed
1292 1583 1418 1617 futurus
1441 1584 1582 1628 speratur
1596 1596 1644 1619 veir
1665 1585 1876 1619 testamento:

1000 1625 1030 1657 ἀ
1049 1625 1125 1657 ideo
1148 1624 1225 1657 alius
1242 1634 1259 1656 a
1277 1625 1464 1667 Magistratu
1487 1627 1614 1661 interim
1630 1627 1753 1661 dandus
1776 1627 1822 1660 est
1844 1629 1875 1660 d.

998 1666 1017 1699 t.
1045 1675 1092 1699 11.
1110 1672 1160 1707 pr.
1183 1666 1269 1698 idem
1287 1666 1347 1698 est:
1367 1667 1390 1700 fi
1412 1666 1666 1702 testamentarius
1682 1673 1772 1701 tutor
1789 1679 1807 1701 a
1824 1676 1875 1701 tu-

1000 1708 1064 1740 tela
1086 1707 1274 1748 excusetur,
1303 1715 1357 1740 aut
1378 1708 1536 1751 suspectius
1557 1720 1574 1742 a
1593 1709 1692 1743 tutela
1714 1718 1879 1743 removea-

1000 1754 1050 1780 tur
1070 1751 1099 1781 d.
1120 1749 1140 1780 l.
1162 1757 1208 1780 11.
1230 1749 1260 1790 ἓ.
1280 1759 1306 1780 1.
1329 1749 1367 1784 ἐπ’)
1388 1760 1419 1783 2.
1442 1756 1515 1784 narn
1542 1761 1582 1783 ex
1607 1752 1656 1784 his
1686 1750 1785 1784 causis
1807 1756 1878 1785 non

1001 1789 1112 1822 definit
1134 1789 1194 1821 effe
1209 1797 1298 1822 tutor
1316 1790 1384 1831 ipso
1405 1792 1496 1834 jure,
1519 1792 1575 1825 etsi
1599 1792 1685 1825 facto
1709 1791 1878 1835 Magistra·

1001 1839 1051 1863 tus
1067 1840 1084 1862 a
1100 1832 1199 1863 tutela
1224 1840 1444 1866 removeatur:
1465 1834 1497 1866 &
1526 1833 1600 1866 ideo
1626 1834 1777 1866 Senatum
1801 1843 1878 1867 cen-

1000 1871 1166 1912 suiffe,-ut
1189 1872 1220 1904 in
1245 1873 1352 1905 locum
1373 1874 1440 1914 ejus
1466 1875 1543 1909 alius
1569 1882 1658 1908 tutor
1680 1875 1793 1916 detur,
1819 1874 1878 1909 Ul*

1001 1914 1109 1955 pianus
1128 1914 1171 1945 ait
1190 1913 1249 1945 Tit.
1268 1924 1312 1946 xr.
1335 1915 1364 1957 §.
1386 1925 1438 1958 23.
1717 1931 1719 1933 ¹

1041 1954 1170 1987 Deinde
1186 1956 1228 1999 ait
1249 1954 1338 1995 Lex,
1360 1958 1393 1989 A
1412 1963 1547 1990 natorum
1564 1958 1786 2000 gentiliumque.
1813 1957 1878 1991 Le·

1000 2006 1073 2037 gem
1090 1994 1360 2042 itin-'Iabularum
1414 1999 1438 2032 i's
1462 2000 1594 2032 tutelam
1620 1998 1740 2032 dedisse
1766 2000 1879 2032 admo·

1001 2039 1075 2069 dum
1092 2037 1259 2070 verisimile
1275 2038 1336 2084 est:
1358 2041 1430 2081 quia
1448 2041 1492 2073 eis
1512 2042 1552 2073 ab
1572 2040 1721 2073 intestato
1748 2048 1879 2082 quoque

1001 2078 1211 2110 hereditatem
1234 2080 1371 2113 addixit:
1394 2090 1429 2113 ut
1451 2092 1492 2114 ex
1516 2082 1679 2115 Cicerone
1703 2082 1752 2114 lib.
1775 2091 1801 2114 i.
1828 2081 1878 2114 Ad

1003 2119 1185 2150 Herennium
1202 2128 1265 2162 cap.
1287 2130 1332 2165 13.
1355 2123 1385 2155 ὅ(
1402 2122 1545 2162 Ulpiano
1562 2125 1609 2154 tit.
1632 2128 1676 2154 16.
1694 2123 1796 2154 collat.
1818 2124 1876 2165 leg.

1002 2160 1079 2198 Mos.
1104 2161 1140 2195 ὅ)
1158 2161 1241 2193 Rom.
1267 2163 1294 2205 §.
1312 2174 1341 2204 4.
1366 2165 1563 2206 intelligitur.
1587 2165 1685 2195 tutela
1701 2171 1806 2196 autem
1823 2173 1877 2205 pa-

1002 2203 1030 2248 ri
1042 2201 1125 2243 passu
1152 2204 1175 2234 it
1198 2212 1270 2236 cum
1297 2206 1491 2238 hereditate:
1513 2205 1642 2237 auctore
1659 2205 1787 2247 Quinto
1804 2205 1879 2238 Mu-

1002 2251 1054 2274 cio
1079 2243 1098 2274 l.
1117 2253 1166 2284 73.
1190 2244 1233 2277 D.
1262 2247 1295 2277 de
1324 2247 1431 2288 regatis
1456 2248 1546 2288 juris.
1587 2254 1734 2278 meterea
1757 2246 1877 2279 Cicero

1003 2284 1061 2329 1³7⁰
1080 2286 1158 2316 domo
1174 2292 1234 2326 cap.
1256 2292 1303 2328 13.
1324 2288 1474 2320 differens
1493 2289 1533 2319 de
1549 2297 1565 2318 a
1591 2286 1725 2327 optione
1748 2287 1783 2321 P.
1803 2288 1878 2321 Clo-

1003 2325 1044 2371 dii
1061 2326 1224 2372 ‚eiusque
1248 2329 1360 2368 capitis
1384 2329 1609 2361 deminutione
1624 2351 1634 2366 ,
1664 2328 1875 2369 Perturbatz's‚

1002 2374 1125 2407 inquit,
1140 2368 1255 2407 sacris,
1272 2371 1479 2400 contaminatis
1491 2371 1645 2410 gentibus,
1656 2378 1659 2396 2
1670 2369 1707 2405 ὅ)
1723 2380 1812 2412 quam
1827 2372 1876 2402 de-

992 2406 1113 2448 seruisti
1127 2431 1137 2446 ,
1161 2409 1197 2443 ὅ)
1219 2419 1307 2450 quam
1319 2409 1466 2451 polluisti,
1483 2412 1555 2452 jure
1568 2409 1734 2453 Quiritium
1750 2412 1879 2453 legitimo

1003 2449 1162 2480 tutelarum
1185 2450 1221 2484 ἑῇ9
1243 2452 1435 2483 hereditatum
1463 2452 1579 2490 relide,
1604 2451 1710 2491 fabius
1732 2462 1760 2483 es
1780 2453 1877 2493 filius.

1003 2490 1181 2522 Gentilium
1199 2499 1304 2524 tamen
1321 2502 1386 2524 non
1405 2493 1551 2525 meminit
1568 2492 1727 2533 Ulpianus
1743 2495 1763 2526 l.
1781 2504 1808 2526 1.
1830 2495 1877 2526 D.

1003 2532 1031 2563 h.
1047 2537 1068 2563 t.
1093 2541 1154 2563 nec
1172 2534 1200 2564 d.
1225 2534 1270 2565 tit.
1290 2543 1343 2567 xi:
1367 2534 1431 2566 fine
1455 2534 1572 2573 dubio,
1597 2537 1685 2574 quod
1709 2536 1875 2577 gentilium

998 2573 1068 2614 jura
1084 2574 1147 2613 jam
1166 2582 1231 2605 tum
1251 2575 1290 2605 ab
1307 2575 1360 2607 usu
1377 2575 1648 2608 reeefferant:sed
1668 2575 1733 2608 hoc
1751 2587 1791 2608 ex
1808 2576 1875 2616 ipio

1004 2613 1164 2654 Ulpiano,
1187 2615 1217 2646 ἃ
1235 2614 1319 2655 Gajo
1337 2619 1366 2647 d.
1388 2617 1434 2647 tit.
1453 2620 1498 2648 16.
1520 2616 1549 2659 §.
1565 2627 1593 2649 2.
1617 2616 1654 2651 ἃ
1670 2628 1697 2656 4.
1720 2617 1874 2649 discimus.

1003 2655 1114 2696 estque
1130 2656 1193 2686 hoc
1213 2657 1262 2688 vel
1283 2667 1323 2688 eo
1342 2657 1556 2696 verisimilius,
1581 2658 1653 2697 quia
1670 2659 1753 2689 idem
1769 2657 1876 2697 Ulpia·

1003 2704 1062 2728 nus
1080 2697 1111 2727 in
1137 2696 1252 2739 Fragm.
1280 2698 1341 2730 Tit.
1367 2703 1417 2731 26.
1441 2698 1468 2741 §.
1491 2709 1515 2731 r.
1539 2707 1650 2731 eorum
1676 2698 1874 2731 mentionem

1005 2746 1137 2777 quoque
1155 2748 1219 2770 non
1243 2739 1324 2770 fecit
1341 2739 1371 2771 in
1389 2740 1565 2772 hereditate
1588 2739 1744 2779 legitima;
1768 2748 1874 2777 neque

1005 2779 1036 2809 in
1057 2776 1115 2808 Tit.
1137 2788 1183 2810 12.
1209 2780 1238 2821 §.
1258 2789 1285 2812 i.
1310 2781 1341 2812 in
1358 2790 1433 2813 cura
1448 2780 1574 2813 furiosi:
1595 2779 1649 2810 etsi
1670 2788 1792 2811 certum
1815 2779 1875 2819 fit,

1005 2818 1127 2860 Legem
1151 2821 1181 2852 in
1207 2829 1345 2862 utroque
1368 2821 1439 2854 casu
1467 2831 1557 2862 aeque
1579 2822 1619 2851 de
1634 2819 1806 2860 gentilibus
1823 2830 1874 2851 ac

1006 2861 1046 2891 de
1063 2862 1183 2902 agnatis
1200 2861 1293 2894 fuisse
1311 2863 1463 2895 locutam.
1510 2863 1658 2905 Ulpianus
1674 2860 1692 2890 l·
1717 2868 1743 2894 1.
1762 2867 1810 2901 PY-
1835 2861 1874 2897 &³

1005 2901 1033 2942 §.
1056 2911 1081 2934 1.
1105 2902 1148 2933 D.
1172 2904 1200 2936 h.
1217 2909 1239 2935 t.
1262 2906 1357 2936 etiam
1372 2906 1514 2937 nominat
1536 2902 1767 2941 consanguineos.
1810 2901 1876 2936 Sed

1005 2944 1036 2974 id
1062 2944 1194 2976 verbum
1218 2955 1280 2977 non
1304 2945 1366 2978 else
1388 2956 1429 2978 ex
1451 2948 1510 2982 xii.
1528 2941 1678 2979 Tabulis,
1702 2942 1785 2974 bene
1809 2943 1876 2976 ani—

1006 2986 1178 3017 madvertit
1201 2986 1392 3027 Raevardus,
1422 2987 1459 3017 ad
1484 2984 1555 3023 Leg·
1582 2991 1640 3028 ³¹¹,-
1668 2982 1755 3014 Tabb·
1779 2993 1804 3015 ⁶·
1825 2994 1875 3017 ¹2·

1007 3025 1043 3060 δ’
1066 3025 1114 3058 lib.
1141 3036 1169 3068 5.
1192 3032 1257 3060 var.
1281 3040 1305 3061 c.
1334 3038 1358 3060 1.
1401 3026 1529 3058 Interim
1556 3023 1790 3064 Consawguz'neos
1812 3027 1874 3057 dici

1006 3076 1064 3107 pro
1080 3067 1229 3101 fratribus
1247 3071 1276 3101 ἂ
1299 3068 1457 3100 sororibus
1473 3064 1610 3109 agnatis,
1633 3065 1726 3096 nimis
1751 3066 1876 3099 constat

1005 3118 1043 3140 ex
1068 3110 1095 3140 ci.
1113 3111 1159 3141 tit.
1180 3115 1224 3142 16.
1248 3111 1349 3142 Collat.
1368 3109 1421 3147 leg.
1445 3106 1570 3141 Mosciic.
1587 3105 1623 3139 ὅ)
1641 3105 1726 3138 Rom.

1045 3150 1086 3181 Ut
1104 3152 1141 3181 ad
1163 3161 1227 3183 rem
1253 3151 1400 3186 veniam3
1422 3148 1558 3187 primum
1584 3147 1622 3177 ad
1648 3148 1779 3180 tutelam
1804 3148 1874 3180 Les:

1004 3199 1096 3225 vocat
1112 3201 1261 3234 agnatos:
1285 3197 1533 3265 neglcpgnatos.
1564 3186 1644 3221 Sunt
1662 3197 1769 3223 autem
1783 3199 1874 3235 agna.

1357 3240 1374 3262 .)
1395 3240 1401 3252 ›
1426 3239 1446 3262 ι
1826 3239 1871 3264 ιι.
