2052 3487
234 140 304 183 176

231 227 273 259 mi
284 223 408 265 singulis
425 218 579 253 mensibus
594 216 733 250 reddunt
749 215 877 248 tertiam
892 216 1013 249 nummi
1029 226 1098 258 par-

233 258 373 305 tem‚”id
387 264 432 295 est
448 286 457 301 ‚
481 260 607 302 singulis
633 260 722 289 annis
747 265 920 298 quaternos
937 267 1098 290 nummOS.

231 311 339 348 itaque
370 310 536 343 computat
566 299 757 332 Scholiastes
789 297 946 338 Graecus,
983 299 1098 337 Bafiiic.

231 350 278 380 lib.
301 357 349 386 4¹-
375 348 421 376 tit.
439 354 470 383 5.
494 352 559 373 tom.
577 353 606 382 5.
621 348 692 382 pag.
716 349 787 380 410.
813 342 861 371 ad.
886 340 906 371 1.
936 351 965 381 3.
988 341 1017 383 §.
1040 341 1094 372 uit.

231 389 266 421 D
291 388 340 418 Ad
354 387 441 428 legem
462 383 626 414 Falcidiam.
652 390 849 423 quincunces
867 381 973 413 usuras
988 406 998 421 ‚
1023 391 1097 413 cum

231 429 358 461 centeni
375 426 494 457 nummi
513 424 638 466 lingulis
656 423 812 455 mensibus
822 423 962 454 reddunt
974 431 1096 464 partem

231 471 351 502 nummi
371 467 496 499 tertiam
519 475 591 497 curn
614 466 826 504 duodecima,
851 465 883 495 id
910 464 974 503 est,
997 463 1098 505 fingu-

232 512 269 543 lis
291 512 379 542 annis
402 517 550 540 nummos
572 507 705 548 quinos:
729 514 763 537 ut
791 506 876 537 bene
900 505 1094 537 Scholiastes

233 552 366 584 Graecus
393 551 429 582 ad
453 550 472 582 i.
491 559 508 581 2
542 549 574 580 C.
600 550 633 580 de
657 548 752 589 usuris
771 547 964 588 pupillaribus
988 547 1033 578 iit.
1061 546 1095 578 Β.

230 592 335 632 Βαβὶσ
353 593 400 624 lib.
421 597 470 633 38.
495 592 541 622 tit.
570 600 615 630 17.
629 596 698 631 pag.
726 593 793 623 188.
818 595 885 620 tom.
911 599 942 630 5.
962 586 1097 620 semiffes

229 634 354 673 usuras,
385 643 459 664 cum
484 631 613 664 centeni
638 631 757 662 nummi
784 629 827 661 {in
853 629 910 662 ulis
938 628 1096 661 mensibus

230 677 357 717 pariunt
371 684 535 706 nummum
551 672 737 710 dimidium,
763 672 794 703 id
810 681 827 702 e
866 694 875 710 ,
898 670 940 702 fin
966 670 1023 702 ulis
1045 680 1096 702 an-

229 719 278 750 nis
297 726 445 749 nummos
467 715 569 747 senos.
594 713 683 754 quod
699 712 784 744 reste
807 719 900 744 notat
959 711 1095 751 heophi-

230 760 278 792 lus
295 761 343 791 ad.
364 760 391 790 d.
413 758 441 800 ἕ.
460 767 510 798 33.
531 756 561 787 &
579 754 860 796 Har-menopulus,
881 753 929 786 lib.
952 762 981 795 3.
997 753 1097 785 Prom-

225 809 328 843 Ptuar.
358 801 402 831 tit.
424 809 453 839 7.
471 801 501 829 in
513 797 628 836 scholio.

271 842 323 873 Sic
348 841 476 882 quidem
500 840 578 870 olim
601 838 673 869 fuit.
698 844 730 869 at
758 836 869 878 postea
898 836 1096 877 aliquatenus

230 891 350 915 mutata
365 892 413 914 res
430 880 492 913 est:
506 890 577 912 narn
597 879 683 911 aufta
703 878 874 910 centefiina
896 887 960 909 uno
977 877 1096 909 semisse

230 923 407 957 centesimae
425 922 610 960 menstruae,
640 920 704 952 sive
721 920 881 952 semuncia
899 929 1021 951 annua:
1046 918 1099 950 sal-

229 974 390 998 vocamen
408 963 588 996 centesimae
606 962 754 994 nomine.-
765 960 869 1002 finge,
885 968 1015 992 centurn
1033 959 1101 991 soli-

231 1009 289 1040 dos
307 1015 435 1039 mutuos
453 1007 563 1044 datos,
578 1014 618 1035 ex
635 1003 684 1034 his
699 1002 883 1035 centefimas
901 1002 1027 1034 deberi:
1046 1002 1096 1032 de-

232 1050 395 1081 bebuntur
406 1071 414 1085 ,
437 1054 587 1079 vertente
601 1054 706 1084 anno,
727 1054 792 1076 non
804 1044 976 1075 duodecim
992 1042 1099 1082 solidi,

233 1099 268 1123 ut
283 1091 361 1122 olim
374 1100 384 1129 ;
398 1089 450 1120 sed
466 1085 639 1120 duodecim
655 1095 727 1126 cum
744 1086 887 1118 dimidio.
913 1085 944 1116 id
958 1085 1099 1116 ostendit

232 1133 393 1170 Anianus,
417 1130 480 1162 sive
499 1129 694 1168 quicumque
710 1128 786 1159 alius
803 1126 864 1158 fuit
885 1125 1097 1158 Vetuslnter-

231 1183 304 1216 pres
321 1174 339 1204 l.
365 1183 393 1205 2.
414 1172 482 1203 Coa.
505 1170 607 1202 Tbeoa.
635 1171 668 1200 de
696 1169 810 1205 usuris:
835 1170 964 1207 dicens,
989 1175 1097 1199 cente-

231 1215 338 1247 fimam
356 1214 437 1252 effe,
453 1221 525 1245 cum
544 1221 608 1243 tres
624 1210 741 1251 filiquae
759 1211 789 1241 in
800 1218 884 1241 anno
894 1219 951 1250 per
961 1208 1095 1240 solidum

230 1256 396 1288 solvuntur
414 1264 473 1296 pro
491 1253 607 1285 usui-is:
629 1252 737 1292 siliqua
753 1259 859 1282 autem
876 1250 921 1282 est
942 1258 1051 1289 quarta
1067 1250 1097 1281 ἃ,

232 1298 383 1340 vigesima
398 1295 488 1328 solidi
505 1304 595 1336 pars:
619 1301 653 1325 ut
669 1293 801 1325 Ifidorus
818 1293 915 1323 docet
933 1291 982 1324 lib.
1008 1295 1053 1322 16.
1072 1301 1096 1322 c.

234 1350 283 1378 24.
307 1342 403 1380 igitur
420 1345 550 1369 centum
568 1335 674 1367 solidis
693 1334 823 1366 creditis
839 1333 893 1364 sub
912 1331 1007 1363 usuris
1025 1341 1098 1378 cen-

233 1379 369 1418 tefiinis3
393 1386 541 1413 vertente
564 1386 668 1418 ann0,
692 1383 755 1409 tres
780 1374 900 1417 filiquae
915 1374 955 1407 de
972 1373 1097 1415 fingulis

829 124 1138 163 GERARnx
1188 124 1416 164 Noonr

1143 214 1250 249 solidis
1271 217 1409 249 reddunt
1431 226 1473 250 ex
1493 222 1623 249 centum
1643 215 1749 250 solidis
1768 224 1924 254 trecentas
1947 223 2004 259 fili.

1143 267 1240 298 quas,
1270 258 1302 290 id
1326 258 1391 298 est,
1421 259 1593 292 duodecim
1619 259 1738 291 solidos
1764 269 1836 292 cuni
1861 263 2001 300 dimidio.

1142 308 1237 340 quam
1261 303 1539 339 computationem
1564 302 1712 341 loquutus
1733 301 1859 334 videtur
1880 305 2003 345 Justiui-

1141 350 1218 372 anus
1242 341 1359 372 Noveli.
1377 352 1426 382 34.
1447 342 1477 374 δι
1497 341 1565 373 Leo
1591 342 1709 374 NoveiI.
1734 347 1783 384 83.
1810 342 1876 376 Nisi
1897 347 2004 389 malis,

1140 383 1229 454 guod
1247 383 1346 414 visum
1365 384 1510 415 Antonio
1527 383 1649 416 Contio
1674 384 1723 415 lib.
1744 394 1770 415 2.
1790 384 1935 426 Subseciv.
1955 383 2006 421 Le·

1163 424 1226 468 ion.
1245 433 1268 454 c.
1287 433 1314 456 2.
1340 434 1370 455 n.
1388 429 1415 460 8.
1439 423 1658 458 Theodofiani
1676 425 1891 466 Interpretem
1913 428 2006 462 Codi.

1140 473 1204 503 cis,
1229 473 1303 496 cum
1323 473 1386 497 tres
1409 465 1532 508 siliquas
1549 468 1580 499 in
1597 476 1682 498 anno
1699 476 1756 508 per
1772 466 1904 501 solidum
1922 479 2006 503 com-

1139 507 1282 546 pntavit,
1309 508 1450 539 rotunde
1481 509 1610 549 potius,
1634 517 1728 548 quam
1754 518 1849 549 vere,
1878 512 2006 545 centeii-

1138 556 1223 579 mam
1251 547 1372 579 usuram
1397 549 1602 589 expreffisse3
1625 549 1703 581 sicut
1730 550 1760 582 ὂ(
1777 551 2005 593 justinianum,

1139 597 1212 620 cum
1243 598 1336 620 unam
1360 589 1499 630 filiquarn
1533 592 1564 623 in
1595 600 1678 623 anno
1701 600 1759 632 per
1783 592 1916 626 solidum
1948 603 2006 635 pro

1141 631 1259 673 triente
1277 631 1367 662 dixit.
1391 633 1476 669 quod
1505 642 1570 664 non
1595 640 1683 673 puto.
1712 642 1784 664 narn
1807 634 1836 666 ἅ
1861 636 1931 675 post
1951 636 2005 676 Ju-

1139 670 1306 703 stinianum
1324 672 1413 703 :iusta
1430 673 1618 707 centesima:
1633 682 1667 705 ut
1685 673 1815 706 testatur
1832 674 2007 709 Harmeno-

1139 713 1252 753 pulus,
1278 712 1461 754 Promptuar.
1489 715 1538 746 lib.
1557 725 1587 756 3.
1609 725 1633 747 ι·.
1652 724 1680 755 7.
1700 717 1802 753 scboito
1820 717 1866 750 his
1892 718 2008 752 verbis.

1142 753 1239 785 Tertia
1256 755 1370 796 quidem
1392 754 1540 794 centesima
1557 754 1596 797 esi
1607 780 1617 795 ,
1640 766 1705 787 cum
1717 764 1770 797 pro
1786 757 1860 790 libra
1882 765 2008 801 quatuor

1137 797 1219 826 aurei
1244 797 1354 826 nummi
1377 796 1494 832 foenoris
1522 799 1634 828 nomine
1661 800 1796 838 quotanis
1822 806 2005 841 penduntur.

1138 837 1260 868 dimidia
1281 836 1446 877 centesima,
1468 848 1532 869 cum
1544 841 1605 878 lex.
1639 838 1741 882 Quare
1758 839 1794 874 &⁹
1809 849 1916 882 quarta
1938 851 2003 874 cen-

1143 877 1239 915 tefima
1262 888 1327 908 cum
1348 882 1423 910 terni
1436 887 1488 920 pro
1506 880 1581 911 libra
1597 882 1711 911 nummi
1723 880 1918 922 pensitantur.
1935 883 2007 916 Cen-

1143 918 1384 960 tesimafiquidem
1401 924 1491 951 usura
1515 923 1547 952 in
1557 920 1692 963 finguias
1707 922 1795 954 libras
1810 926 1950 956 duodenos
1959 934 2008 958 ex-

1144 961 1199 1001 igit
1214 970 1354 1005 nummos.
1398 961 1538 993 Caeterum
1555 964 1607 1004 qui
1624 962 1703 1003 fiat,
1725 970 1759 995 ut
1782 965 1936 1001 centesima*
1952 976 2002 998 no-

1145 1004 1292 1033 minentur
1308 1004 1417 1041 usuroe,
1440 1002 1491 1041 etsi
1505 1003 1579 1035 libra
1595 1014 1652 1035 non
1673 1012 1787 1037 centum
1803 1008 1855 1046 sed
1872 1006 2007 1039 LXXII

1144 1049 1261 1074 tantum
1286 1052 1386 1074 aureos
1411 1043 1633 1084 complectatur,
1664 1046 1732 1077 hinc
1761 1049 1903 1090 intelliges
1931 1050 2008 1091 quod

1142 1083 1292 1122 centefima
1308 1086 1502 1125 quantitatem
1519 1084 1670 1127 fignificat
1689 1096 1751 1128 quae
1761 1087 1844 1129 poffit
1863 1091 1893 1120 in
1904 1091 2010 1122 duode-

1141 1127 1197 1157 cim
1216 1133 1314 1166 partes
1339 1124 1472 1166 distribui
1493 1137 1527 1157 ac
1551 1129 1652 1168 redigi.
1675 1129 1814 1161 donatum
1837 1127 1877 1171 est
1908 1138 2006 1166 autem

1140 1166 1293 1206 centesimae
1310 1169 1422 1198 nomine
1438 1169 1468 1198 id
1486 1170 1561 1209 quoii
1577 1170 1722 1200 duodecim
1738 1177 1837 1211 partes
1852 1172 2008 1213 complecti-

1140 1215 1208 1246 tar,
1227 1214 1375 1248 propterea
1399 1211 1474 1250 quod
1491 1210 1594 1250 priscis
1623 1212 1793 1251 temporibus
1819 1215 1871 1254 qui
1895 1220 2008 1246 centum

1143 1250 1269 1291 aiicujus
1293 1253 1405 1292 generis
1428 1260 1472 1281 res
1493 1251 1647 1290 baberent,
1678 1261 1714 1283 ex
1737 1253 1781 1284 his
1805 1255 1951 1286 duodecim
1972 1256 2006 1287 in

1141 1301 1289 1322 commune
1305 1291 1498 1331 conferebant.
1542 1292 1583 1323 Et
1601 1294 1658 1324 hcet·
1671 1295 1787 1334 quidem
1802 1298 1844 1326 ita
1858 1298 1936 1336 apud
1956 1306 2005 1327 ve-

1141 1338 1213 1363 teres
1228 1335 1420 1366 ret-criuntur.
1464 1334 1525 1365 Nos
1545 1343 1612 1366 vero
1628 1341 1661 1366 ut
1677 1345 1757 1367 nunc
1768 1335 1838 1380 fieri
1855 1339 2011 1381 videmus,

1140 1375 1183 1406 ita
1200 1383 1309 1417 quoque
1327 1375 1360 1407 de
1376 1375 1421 1407 bis
1447 1375 1580 1409 dicimus.

935 1524 1147 1562 CAPUT
1196 1524 1301 1560 111.
1911 1541 1924 1550 ⁴

230 1646 312 1683 Ante
330 1641 548 1689 Justinianum
559 1639 659 1687 susse
676 1649 790 1677 certum
808 1640 971 1688 zfiirarum
990 1643 1130 1684 modum,·
1155 1652 1279 1685 eumque
1296 1652 1334 1676 ex
1357 1638 1494 1686 partium
1518 1643 1712 1677 conventione
1737 1641 1861 1689 potuff
1884 1642 1926 1677 ad
1936 1647 2008 1678 cen-⁴

302 1691 439 1738 testmmn
463 1689 650 1736 adscendere.
676 1690 836 1736 centestma
854 1693 884 1726 in
895 1692 1128 1740 stipulationem
1146 1691 1290 1729 deducta,
1319 1689 1430 1735 Juciici
1449 1702 1504 1725 non
1513 1689 1614 1736 fuiffie
1631 1694 1680 1733 jus
1699 1716 1706 1726 .
1737 1703 1804 1725 eam
1831 1703 1936 1737 rege·e
1953 1701 2008 1736 pro

301 1753 384 1776 more
403 1741 545 1785 regionis.
574 1739 670 1786 usurae
687 1741 805 1774 modum
826 1753 883 1775 non
897 1739 1020 1786 potaiffb
1040 1740 1141 1786 egressi
1164 1737 1367 1783 centesimam.
1394 1738 1518 1784 usuram
1542 1738 1733 1784 centesimam
1758 1740 1817 1773 dici
1836 1750 2018 1774 maxzmam‘

300 1788 343 1830 ξξῖ
361 1790 544 1835 legitimam.
573 1800 636 1834 quce
654 1789 794 1831 modicae,
824 1789 949 1830 civiles,
978 1789 1140 1835 modestae,
1176 1789 1336 1831 minimae,
1370 1790 1467 1834 usin-ce
1486 1788 1504 1821 ἱ)
1542 1787 1729 1835 Capitolinus
1745 1788 1927 1835 explicitus,
1964 1785 2009 1828 (³:3¹.

299 1839 492 1895 Papinianus
517 1838 539 1872 l.
561 1847 592 1871 Ι.
617 1835 646 1884 §.
662 1846 730 1884 pen.
756 1838 801 1873 D.
827 1838 863 1873 de
875 1839 1055 1884 pignoribus
1070 1836 1110 1876 ὅ)
1127 1837 1307 1884 hypothecis.

230 1956 401 2032 Exposui
424 1956 554 1989 nomina
581 1953 752 1987 usurarum.
783 1962 870 1986 nunc
895 1955 1028 1987 modum
1053 1955 1099 1986 vi·

311 1999 448 2030 deamus.
481 2007 553 2030 nam
580 1998 646 2038 ejus
678 1996 825 2029 meminit
849 1997 870 2028 i.
895 2006 924 2033 9.
950 1996 987 2031 ὅ)
1010 1998 1027 2027 l.
1048 2007 1097 2033 29·

229 2038 273 2071 D.
299 2039 336 2074 ὅ)
357 2040 375 2070 l.
397 2050 445 2071 20.
470 2040 503 2070 C.
527 2041 561 2070 de
584 2041 691 2079 usuris.
714 2038 734 2068 i.
758 2047 805 2069 11.
831 2037 860 2080 §.
879 2047 907 2078 3.
932 2037 974 2069 D.
999 2039 1030 2068 de
1052 2040 1098 2079 pi·

227 2082 390 2122 gnerotitia
411 2081 530 2112 actione.
555 2080 594 2112 de
612 2090 653 2111 eo
670 2088 748 2111 vero
773 2078 814 2110 fic
831 2077 969 2118 censeo,
993 2079 1097 2110 licuis-

230 2123 261 2154 se
276 2122 345 2154 fere
372 2123 542 2159 unicuique
559 2145 569 2160 ‚
599 2129 672 2153 ante
693 2120 900 2161 justinianum
917 2143 927 2159 ‚
958 2119 1097 2160 stipulari

230 2163 353 2195 usuram
382 2163 609 2194 centesimam:
641 2162 695 2193 nisi
729 2161 818 2202 quod
842 2161 1022 2193 Alexander
1045 2162 1098 2193 Se-

229 2215 325 2237 verus
349 2205 499 2244 (auctore
526 2203 738 2243 Lampridi03
769 2205 800 2234 in
818 2202 880 2244 ejus
897 2205 963 2234 vita
984 2212 1007 2234 c.
1027 2203 1097 2244 26.)

230 2246 334 2286 usuras
357 2246 571 2284 faeneratorum
594 2246 687 2275 traxit
713 2245 751 2275 ad
784 2245 899 2274 trientes
926 2243 1072 2284 penfioms
1087 2268 1095 2283 ,

230 2289 318 2319 etiam
337 2288 511 2327 pauperibus
531 2285 685 2319 consulens.
729 2284 792 2316 Sed
822 2285 892 2316 haec
910 2286 1098 2326 qualiscum-

229 2338 292 2369 que
313 2328 483 2360 Alexandri
502 2325 699 2359 Constitutio
715 2349 724 2365 ‚
757 2326 777 2358 fi
794 2329 989 2367 quandoque
1013 2326 1095 2366 fuit,

229 2371 318 2409 quod
338 2369 391 2400 vix
409 2368 528 2406 credo,
550 2367 605 2399 usu
625 2375 754 2407 recepta
778 2377 842 2399 non
858 2368 1002 2406 videtur,
1026 2368 1095 2400 reli-

229 2411 384 2443 fientibus
409 2409 562 2441 moribus.
594 2410 676 2441 adeo
700 2410 766 2449 ejus
792 2418 897 2449 neque
925 2410 1018 2448 vola,
1042 2418 1096 2441 ne-

230 2462 294 2493 que
318 2452 482 2492 vestigium
501 2474 510 2489 ,
544 2450 589 2482 est
606 2450 636 2482 in
657 2458 729 2482 toto
748 2450 829 2491 Juris
854 2449 1023 2491 Corpore;
1046 2461 1098 2482 ve-

230 2503 365 2533 rumque
386 2492 431 2524 est
454 2493 541 2533 quod
559 2493 643 2530 dixi,
669 2499 743 2523 ante
762 2491 967 2532 justinianum
994 2493 1097 2524 licuis-

229 2534 261 2565 se
277 2537 449 2574 unicuique
462 2558 469 2571 ‚
487 2533 624 2574 stipulari
644 2532 762 2564 usuram
779 2533 992 2565 centesimam.
1009 2532 1096 2565 Huic

232 2575 276 2606 rei
301 2582 519 2615 argumentum
545 2574 667 2615 praebet
686 2574 876 2615 Justinianus
897 2575 915 2606 l.
934 2575 986 2606 uit.
1014 2575 1044 2606 C.
1065 2576 1098 2606 de

231 2616 329 2655 usiirz's
350 2625 390 2646 ret
403 2616 558 2656 judicatae:
582 2616 612 2647 in
631 2624 692 2656 qua
709 2625 782 2648 cum
798 2617 860 2655 ait,
884 2617 914 2647 se
937 2616 1098 2648 Constitu-

231 2660 321 2688 tione
344 2656 394 2687 sua
417 2658 512 2696 (quae
537 2656 581 2688 est
603 2657 621 2688 i.
640 2661 688 2688 26.
716 2657 744 2698 ᾗ.
768 2667 794 2689 1.
820 2657 852 2688 C.
870 2658 904 2688 ae
919 2657 1042 2698 usuris)
1064 2667 1096 2688 u-

229 2697 312 2730 suras
329 2696 438 2729 feciss'e
457 2699 596 2729 minores
615 2699 814 2738 centeiimis3
839 2697 997 2737 ostendit,
1029 2697 1098 2729 usu·

229 2750 279 2772 ras
296 2747 369 2770 ante
388 2738 523 2775 potuiss'e
543 2740 581 2770 ad
599 2738 783 2771 centesimas
800 2739 998 2771 excrescere.
1023 2738 1096 2771 Nec

231 2789 354 2812 tantum
389 2779 454 2810 hoc
486 2780 601 2819 probat
630 2779 847 2820 justinianum
879 2780 931 2812 sed
963 2781 1096 2821 amplius

230 2823 335 2863 Impp.
361 2819 602 2852 Valentinianus
620 2844 629 2859 ‚
660 2821 812 2853 Arcadius
829 2845 839 2861 ,
875 2823 904 2854 ὅ(
937 2821 1095 2854 Theodo-

230 2863 310 2901 fius,
333 2863 353 2895 l.
374 2872 403 2893 2.
431 2862 463 2892 C.
492 2861 592 2892 Theoti.
612 2863 644 2892 de
659 2862 773 2902 usuris,
796 2862 969 2904 testantur,
1001 2870 1092 2894 cente-

225 2905 332 2944 simam
353 2902 439 2943 fuiffe
460 2903 528 2944 jure
554 2902 726 2942 permistam.
759 2904 842 2936 addo
861 2928 870 2944 ,
906 2904 1093 2946 Chrysorro-

231 2956 320 2986 mus,
343 2953 415 2976 nam
440 2943 501 2975 huc
518 2943 648 2981 alludit,
673 2943 781 2974 Homii.
800 2955 851 2985 57.
877 2946 908 2976 in
924 2953 985 2987 cap.
1011 2945 1094 2977 Mat-

229 2989 295 3020 tboei
314 2997 358 3027 17.
383 2991 447 3017 tom.
473 2993 498 3016 1.
519 2991 580 3026 pag
608 2993 678 3024 507.
703 2993 774 3016 cum
799 2985 840 3016 fic
858 2987 900 3017 ait
915 3010 925 3026 ,
957 2987 1018 3018 Hic
1039 2990 1094 3019 vix

230 3027 409 3063 centefimam
423 3031 533 3065 partem
551 3027 662 3062 reddit,
693 3025 739 3055 iiie
755 3027 916 3066 centuplum
941 3028 977 3062 ἐξ
999 3033 1093 3060 vitam

229 3077 372 3101 oeternam.
416 3068 484 3108 Jam
502 3077 580 3099 vero
599 3066 716 3098 Plinius
739 3066 788 3097 lib.
809 3075 854 3098 10.
876 3067 967 3108 Epist.
981 3074 1029 3101 62.
1053 3070 1092 3102 ad

229 3110 403 3151 'si-ajanuin
422 3109 547 3147 scribit,
571 3107 601 3139 se
621 3107 742 3146 vereri,
776 3116 816 3138 ne
834 3111 976 3147 pecuiiiae
992 3111 1093 3150 publi-

231 3160 276 3182 cae
299 3151 419 3182 exauae
444 3150 556 3190 otiosae
576 3150 727 3189 jaceant:
759 3147 788 3179 ἀ
812 3157 872 3187 pro
896 3150 1019 3180 ratione
1042 3153 1091 3183 ad-

232 3193 298 3229 dit,
331 3193 395 3223 Nec
413 3192 609 3222 inveniantur
628 3191 679 3232 qui
696 3189 788 3221 velint
813 3191 909 3220 debere
934 3191 1093 3230 reipublicae

226 3233 381 3274 prasertim
404 3231 506 3272 affibus
527 3234 664 3274 quantia
678 3231 812 3272 privatis
833 3236 1020 3264 mutuantur.
1052 3231 1094 3264 sic

1141 1954 1226 1987 enim
1251 1954 1423 1996 legendum
1440 1978 1450 1994 ,
1481 1952 1603 1996 affibus;
1632 1954 1686 1986 etii
1708 1955 1805 1996 vulgo
1828 1954 2006 1994 scribaturj

1140 1997 1279 2027 duodenis
1303 1995 1407 2036 afflbzts
1426 2007 1434 2027 :
1464 2005 1498 2027 ut
1519 1997 1606 2036 supra
1622 1997 1741 2028 monui.
1789 1996 1893 2028 Licuit
1912 1996 2006 2038 igitur

1140 2037 1271 2078 privatis
1290 2037 1417 2078 'l'rajani
1437 2045 1604 2078 tempore,
1629 2039 1779 2078 pecunias
1802 2041 1935 2069 credere
1952 2036 2005 2069 sub

1140 2077 1236 2109 usuris
1260 2078 1371 2111 affibus
1390 2079 1453 2110 five
1475 2079 1663 2110 centesimis.
1687 2079 1770 2110 idem
1796 2079 1932 2117 Plinius,
1955 2079 2004 2110 lib.

1141 2129 1171 2156 9.
1196 2117 1289 2160 Epist.
1312 2124 1360 2153 28.
1394 2121 1519 2151 Proinde
1539 2121 1637 2159 primu
1654 2129 1767 2160 quaque
1782 2119 1923 2158 occasione
1938 2122 2003 2151 mit·

1141 2167 1169 2191 te
1187 2184 1197 2199 ,
1228 2159 1361 2200 appositis
1379 2163 1493 2202 quidem
1518 2163 1628 2199 usuris,
1659 2170 1731 2201 quas
1747 2170 1795 2202 ego
1819 2163 1914 2202 (num
1930 2168 2002 2202 par-

1141 2203 1202 2233 cius
1212 2199 1363 2243 poffim?)
1386 2201 1548 2240 centefiinas
1570 2204 1742 2241 commutabo.
1787 2201 1900 2234 Paulus
1925 2211 2003 2243 quo·

1140 2252 1203 2281 que
1225 2243 1331 2274 noster
1352 2245 1370 2274 i.
1389 2253 1439 2281 40.
1466 2243 1507 2275 D.
1526 2245 1558 2274 de
1579 2245 1660 2273 rebus
1678 2244 1791 2274 creditis
1814 2243 1935 2280 refert,
1960 2244 2002 2275 le·

1141 2284 1222 2316 {tam
1238 2283 1329 2316 fuiffe
1349 2286 1380 2316 in
1398 2285 1558 2316 auditorio
1580 2285 1703 2315 Aemilii
1722 2284 1904 2324 Papiniani,
1922 2285 2001 2317 Prae-

1139 2325 1215 2357 fecti
1243 2327 1393 2365 praetorio
1410 2350 1419 2364 ,
1450 2327 1659 2357 cautionem:
1692 2326 1723 2356 in
1756 2334 1816 2366 qua
1846 2336 1886 2357 ex
1914 2334 2001 2358 mora

1140 2366 1296 2407 promiffae
1319 2366 1417 2398 effent
1442 2368 1540 2398 usurae
1560 2366 1760 2406 centefimae,
1793 2367 1852 2398 hac
1876 2366 1999 2406 foi-ma,

1141 2408 1174 2439 Si
1192 2409 1236 2439 die
1250 2413 1342 2449 supra
1348 2409 1462 2448 scripta
1472 2412 1588 2447 Junzma
1608 2408 1711 2439 Publio
1735 2407 1861 2446 Maevio,
1885 2410 1946 2439 eive
1963 2408 2001 2439 ad

1139 2459 1222 2491 quem
1243 2458 1275 2480 ea
1299 2460 1340 2480 res
1357 2451 1511 2490 pertinebit
1531 2473 1541 2489 ,
1570 2451 1638 2480 data
1655 2473 1664 2488 ‚
1688 2449 1789 2490 soluta
1807 2473 1816 2488 ‚
1845 2451 1953 2488 setisve
1970 2458 1999 2480 eo

1139 2492 1252 2522 nomine
1263 2490 1383 2532 facium
1406 2501 1462 2522 non
1479 2492 1534 2522 erit
1548 2514 1558 2530 ,
1590 2497 1659 2521 tunc
1681 2500 1709 2521 eo
1733 2491 1854 2531 amplius
1871 2501 1925 2533 quo
1939 2488 2000 2532 post

1130 2532 1263 2572 solvam,
1282 2540 1372 2573 poenae
1393 2533 1505 2563 nornine
1521 2555 1530 2570 ,
1560 2534 1591 2563 in
1608 2533 1664 2562 (lies
1683 2534 1824 2573 triginta,
1855 2534 1942 2574 inque
1956 2535 2000 2563 de-

1139 2575 1236 2604 narios
1258 2579 1387 2604 centenos
1410 2574 1539 2604 denarios
1558 2572 1689 2613 singulos
1708 2574 1772 2603 dari
1780 2571 1939 2613 stipulatus
1962 2570 1999 2613 est.

1142 2614 1263 2646 Publius
1280 2614 1429 2653 Maevius,
1442 2615 1583 2655 spopondi
1596 2623 1643 2655 ego
1663 2613 1777 2644 Lucius
1796 2613 1900 2645 Titius.
1925 2613 1998 2645 Nec

1139 2655 1204 2686 hoc
1222 2664 1364 2694 tantum,
1388 2655 1438 2687 sed
1461 2664 1612 2696 praeterea
1630 2655 1672 2685 ait
1693 2654 1824 2692 Paulus,
1858 2655 1999 2696 Papinia-

1139 2706 1213 2728 num
1242 2697 1282 2728 de
1305 2706 1341 2727 ea
1365 2697 1516 2728 cautione
1535 2697 1582 2736 jus
1613 2695 1724 2727 dixiss‘e
1748 2697 1835 2728 causa
1859 2698 1998 2736 cognita.

1138 2738 1234 2778 idque
1254 2739 1302 2778 jus
1323 2737 1434 2775 fuisse,
1460 2740 1555 2769 etiam
1574 2737 1722 2769 Sidonius
1741 2738 1931 2778 Apollinaris
1951 2746 1996 2769 te·

1138 2779 1235 2811 statur
1256 2781 1304 2810 iib.
1322 2789 1353 2818 4.
1373 2778 1451 2819 episi.
1472 2789 1519 2818 24.
1551 2789 1592 2810 ne
1619 2779 1687 2816 quis
1711 2787 1804 2819 putet
1821 2803 1830 2819 ,
1868 2779 1996 2811 centefi·

1138 2821 1196 2853 mis
1213 2821 1245 2852 in
1271 2820 1505 2861 stipulationem
1530 2819 1691 2859 deduffis,
1715 2819 1834 2860 Judicis
1856 2821 1995 2852 officium

1136 2861 1251 2901 fuisse,
1287 2862 1444 2893 usurarum
1471 2863 1600 2893 modum
1631 2870 1672 2892 ex
1704 2862 1854 2900 aequitate
1888 2871 1994 2902 regere

1138 2913 1196 2945 pro
1215 2913 1304 2935 more
1322 2904 1471 2944 regionis.
1495 2903 1526 2934 id
1545 2904 1628 2934 enim
1647 2911 1711 2934 non
1734 2902 1779 2934 est
1794 2903 1856 2941 ita,
1887 2912 1993 2944 quam-

1137 2954 1231 2983 quarn
1255 2944 1440 2984 quibusdam
1466 2944 1591 2976 videtur
1615 2953 1656 2975 ex
1678 2944 1697 2975 i.
1719 2952 1743 2975 i.
1770 2943 1811 2976 D.
1830 2946 1863 2975 de
1879 2947 1993 2984 usuris:

1136 2986 1187 3017 sed
1206 2996 1240 3017 ea
1266 2986 1328 3016 lioc
1352 2995 1416 3017 non
1435 2986 1513 3017 vult.
1541 2994 1606 3017 non
1629 2985 1712 3016 enim
1740 2985 1879 3025 loquitur
1899 2986 1939 3017 de
1962 2994 1993 3016 u-

1136 3026 1272 3059 surarum
1302 3026 1532 3067 stipulatione,
1569 3027 1609 3058 de
1633 3035 1692 3065 qua
1723 3025 1775 3056 hic
1804 3026 1910 3058 noster
1936 3025 1991 3058 ser·

1136 3078 1190 3100 mo
1213 3068 1275 3100 est:
1300 3068 1352 3099 secl
1377 3069 1416 3099 de
1436 3067 1534 3099 usui-is
1549 3091 1559 3105 ‚
1591 3066 1701 3099 officio
1716 3066 1835 3105 Judicis
1852 3068 1992 3108 praestan-

1135 3111 1182 3141 dis
1199 3110 1229 3142 in
1251 3109 1377 3182 jisikdiciis
1396 3110 1488 3140 bonae
1512 3107 1604 3147 fidei,
1637 3109 1676 3140 de
1695 3107 1809 3147 quibus
1830 3111 1926 3150 paulo
1951 3109 1994 3140 di·

1135 3160 1203 3182 cam
1246 3160 1266 3182 o
1297 3174 1304 3182 .

1176 3161 1507 3233 Atpquemadmodum
1526 3189 1623 3222 usurae
1639 3195 1814 3233 potuerunt
1832 3191 1870 3222 ad
1885 3196 1990 3222 cente·
2032 3229 2034 3231 ‚

1137 3232 1252 3265 fimam-
1264 3233 1472 3265 adscendere:
1496 3232 1536 3264 iic
1561 3232 1641 3262 hauc
1662 3230 1770 3271 egredi
1791 3240 1857 3264 non
1880 3237 1988 3273 potue-

1907 3277 1995 3310 tuna
