2036 3495
489 105 559 142 ΒΕ
600 105 802 141 ΡΑστῐς
844 114 906 140 ET
946 105 1509 144 TRANSACTIoNIBUs.

95 201 245 232 ventum,
260 193 299 224 ad
314 194 360 233 jus
377 193 538 234 pertinet,
555 204 615 226 nec
631 193 774 226 servatur
791 194 811 225 l.
835 202 879 225 12.
898 194 927 236 §.
947 204 972 226 1.

95 238 139 269 D„
167 239 198 266 ae
217 235 311 275 put-lis
338 235 486 267 aotaiibus.
517 236 588 270 fac.
613 235 750 275 inpacto
770 235 869 266 dotali
895 245 972 267 conu

96 285 227 310 ventum
241 276 320 314 elle,
334 286 367 307 ut
378 277 529 309 ulteriore
545 278 597 309 die
613 277 672 308 dos
690 276 890 308 restituatur:
908 286 973 309 non

97 320 184 352 valet
203 317 343 358 paetum:
368 318 438 359 quia
455 318 499 351 est
517 326 628 351 contra
646 317 749 360 Leges
761 341 770 355 ‚
794 317 879 349 simul
897 328 973 350 con·

98 369 145 393 tra
161 361 244 391 dous
262 362 428 391 utilitatem
449 360 467 391 l.
490 370 533 399 14-
554 361 572 392 i.
597 369 641 400 15.
659 359 679 391 l.
704 363 750 390 16.
771 359 807 393 &³
822 360 841 390 l.
864 369 910 399 17.
928 359 971 390 J).

97 405 155 435 eod,
175 403 218 431 tit.
240 400 295 432 nili
314 401 421 441 (quod
440 401 549 433 Paulus
566 402 596 432 in
618 400 706 440 hujus
725 399 831 432 Edicti
848 401 971 441 exposi-

99 446 189 476 tione
213 442 358 473 oblei·vat
376 442 394 472 l.
414 453 460 481 27.
478 442 507 484 §.
525 452 554 483 3.
573 441 615 474 D.
633 441 771 482 depastis
786 451 855 480 duae
873 442 917 473 est
933 451 973 474 ex

101 487 168 527 ejus
181 485 228 514 lib.
244 493 273 524 3.
298 483 348 514 Ari
366 483 521 524 Edibtum)
538 483 651 514 mulier
668 483 758 522 pacta
772 483 828 522 fit,
846 492 879 514 ut
896 492 973 524 pra:-

99 528 186 559 sente
203 527 251 556 die
270 525 327 556 dos
347 525 515 564 reddatur,
540 525 568 556 ἀ
591 525 706 556 deinde
725 524 918 565 paciscatur,
939 533 973 555 ut

102 576 250 606 tempore
260 567 287 596 ei
305 566 425 606 legibus
437 567 512 597 dato
523 589 532 604 ,
549 567 608 598 dos
624 566 790 597 reddatur:
805 574 872 597 tum
889 567 972 598 enim

99 611 186 642 valet
206 607 347 648 pactum:
367 616 437 647 quia
454 608 507 648 (ut
524 607 639 639 Paulus
660 608 820 648 loquitur)
843 616 909 638 tum
928 609 972 638 in-

100 653 200 691 cipiet
216 650 272 679 dos
289 648 388 679 redire
403 650 440 678 ad
454 649 504 688 jus
521 648 624 681 suum:
643 657 702 679 nec
719 649 890 680 dicendum
907 648 971 687 est,

102 702 159 734 per
178 689 302 731 pactum
324 688 390 720 fieri
417 691 612 721 deteriorem
637 690 722 721 dotis
739 690 971 721 conditionem.

102 734 227 775 quoties
242 730 326 763 enim
341 731 379 762 ad
392 731 441 770 jus
457 733 545 772 quod
561 732 614 763 lex
630 738 748 764 naturae
764 732 829 771 ejus
844 732 972 769 tribuit,

812 829 1021 863 CAPUT

1821 121 1894 156 445

1018 195 1058 226 de
1075 195 1151 227 dote
1167 195 1247 227 auio
1264 196 1367 236 redit,
1391 206 1455 229 non
1472 195 1506 227 fit
1524 197 1663 229 deterior
1680 199 1765 230 dotis
1782 198 1887 237 causa,

1017 236 1069 267 sed
1088 236 1200 268 formae
1220 239 1277 268 luae
1297 239 1448 270 redditur.
1479 236 1554 269 Non
1573 240 1674 270 minus
1691 240 1752 270 huc
1770 239 1887 280 spectac

1018 278 1123 309 thema
1141 279 1159 310 l.
1176 283 1204 310 6.
1224 278 1266 309 D.
1284 281 1316 310 de
1326 280 1419 320 pabiis
1435 280 1590 312 dotalibus.-
1607 290 1678 312 cum
1696 282 1779 312 enim
1797 281 1832 313 fit
1847 291 1888 314 ex

1016 319 1098 350 libro
1116 318 1241 360 Ulpiani
1263 330 1312 352 ιν.
1335 321 1383 352 Ad
1402 321 1544 352 Edictum
1557 344 1565 359 ‚
1582 324 1667 353 reete
1683 323 1887 363 conjungitur

1016 369 1089 391 cum
1112 361 1131 392 l.
1154 371 1181 401 7.
1200 361 1241 392 D.
1262 362 1401 403 depactis
1417 370 1486 402 quae
1504 363 1547 393 est
1566 373 1604 394 ex
1622 364 1736 394 eodem
1756 365 1836 395 libro
1855 365 1884 396 &

1016 402 1054 432 ad
1070 402 1301 442 expolitionem
1320 403 1420 435 [tuith
1435 406 1474 435 dc
1490 404 1587 444 paCtis
1604 406 1772 437 conventis
1789 404 1884 437 refer-

1017 449 1075 474 tur.
1104 444 1134 474 id
1151 444 1258 476 thema
1275 445 1337 476 tale
1353 445 1406 476 est.
1452 444 1508 476 Vir
1523 447 1551 476 in
1569 445 1788 478 constituenda
1806 448 1883 477 dote

1016 484 1124 524 paEtus
1141 484 1204 523 est,
1228 494 1263 516 ut
1280 487 1389 518 dolum
1406 485 1606 518 solummodo
1630 487 1658 517 in
1679 488 1788 519 dottm
1807 497 1885 528 prcc-

1017 525 1085 556 stet.
1103 535 1140 557 an
1158 527 1279 564 valeat,
1296 527 1469 567 quaeritur?
1494 528 1523 558 <Sc
1537 527 1805 568 negatUlpianus.
1825 538 1886 569 qua

1004 565 1131 598 causa?
1147 568 1208 606 ait,
1225 577 1357 609 propter
1373 569 1539 600 utilitatem
1556 569 1762 603 nubentium:
1779 573 1809 601 id
1821 571 1883 608 cst,

1016 609 1089 648 quia
1106 609 1149 640 est
1163 608 1309 640 adversus
1327 618 1469 641 naturam
1484 610 1568 641 dotis
1588 619 1657 648 quae
1674 619 1742 641 tota
1758 612 1884 651 respicit

1014 651 1052 680 ad
1077 650 1263 682 nubentium
1289 651 1457 682 utilitatem
1481 652 1500 682 l.
1521 661 1548 682 2.
1568 651 1609 682 D.
1632 653 1741 691 dejure
1757 654 1883 690 dolium,

1016 691 1045 720 ὅτ.
1061 691 1134 722 ideo
1152 692 1252 722 mariti
1271 694 1414 732 culpam,
1437 702 1476 724 ne
1498 693 1733 725 interveniente
1756 694 1883 735 quidcin

1016 732 1080 762 hoc
1101 732 1193 772 patto
1211 735 1347 764 exculat.

1080 828 1164 864 XX.

228 917 351 964 Parisii
368 917 447 964 prffi
464 930 566 953 omnes
582 919 632 963 qui
648 917 766 964 poffimt
781 916 967 964 consentire:
994 916 1091 962 nisisi
1108 918 1221 965 regulis
1240 918 1333 962 Juris
1353 921 1556 964 excipiantur.
1583 923 1652 957 inde
1664 925 1760 969 quaeri

467 969 502 1001 cle
521 967 653 1013 pupillo,
685 969 759 1002 item
777 968 892 1002 minore
910 967 1025 1012 viginti
1040 968 1169 1011 quinque
1184 968 1294 1009 annis,
1320 963 1361 1005 &2⁹
1375 969 1512 1014 prodigo.

104 1062 183 1137 N
192 1071 254 1095 unc
264 1063 431 1095 tractemus
442 1063 481 1094 de
491 1062 629 1103 personis
640 1062 876 1103 paciscentium.
895 1061 977 1102 post-

206 1114 299 1143 quam
315 1105 400 1135 enim
418 1104 559 1143 ostendi,
584 1105 670 1143 pacta
687 1112 848 1135 conventa
865 1111 977 1134 contra

104 1146 185 1187 Juris
204 1145 315 1177 Civilis
340 1146 459 1186 regulas
476 1154 539 1176 rata
558 1154 624 1177 non
643 1145 772 1177 haberi:
797 1153 861 1176 non
879 1143 977 1174 fuerit

106 1197 196 1219 extra
213 1186 403 1227 propositam
423 1187 603 1225 materiam,
625 1187 777 1226 deinceps
793 1193 977 1224 exponere,

105 1230 218 1270 quibus
235 1228 329 1259 liceat
348 1228 461 1268 pacisci
483 1228 596 1268 regulis
611 1227 707 1266 juris3
729 1226 844 1267 quibus
859 1235 923 1256 non
941 1225 976 1256 li-

105 1279 186 1301 ceat.
211 1269 251 1300 fic
267 1271 349 1300 enim
364 1268 595 1309 intelligemus,
612 1277 747 1308 quorum
766 1266 855 1307 paCta
870 1265 976 1297 aPrae-

106 1320 178 1343 tore
196 1310 364 1340 serventur.
411 1308 528 1346 Pacisci
544 1316 648 1340 autem
667 1309 740 1340 licet
755 1307 905 1339 omnibus
921 1309 975 1347 qui

104 1351 285 1383 consentire
301 1349 447 1390 poss‘unt:
465 1349 517 1381 nisi
535 1349 553 1380 fi
567 1349 742 1389 specialiter
753 1350 974 1389 excipiuntur:

104 1394 212 1434 quales
228 1393 296 1423 sunt
311 1391 632 1433 quibusintesdicitur
641 1390 911 1423 administratione
920 1389 978 1421 bo.

104 1443 232 1466 norum.

149 1475 191 1507 Et
217 1473 262 1506 est
285 1474 469 1514 exemplum
493 1474 524 1504 in
543 1473 685 1515 pupillo:
709 1473 739 1505 in
757 1481 822 1512 quo
842 1471 941 1513 Gaius
956 1472 976 1503 l.

105 1522 154 1551 28.
179 1516 216 1547 1).
247 1517 279 1545 tie
294 1514 384 1552 pactis
401 1515 578 1555 distinguit:
603 1523 706 1547 utrum
724 1514 831 1555 paetus
850 1514 885 1546 fit
903 1523 978 1545 cum

106 1557 220 1590 tutoris
238 1557 443 1594 auctoritate,
462 1565 500 1587 an
516 1555 579 1587 fine
596 1566 649 1587 ea:
666 1556 696 1588 &
711 1555 833 1594 rursus;
850 1563 977 1593 utrum,

106 1609 147 1632 ne
164 1605 272 1640 petat;
292 1607 330 1629 an
349 1607 389 1629 ne
406 1597 445 1628 ab
462 1606 501 1628 eo
517 1604 661 1638 petatur:
683 1597 749 1628 hoc
763 1596 833 1628 casu
850 1599 909 1635 ait,
925 1606 977 1627 va-

107 1641 174 1674 lere
189 1639 334 1681 paCtum3
358 1639 414 1670 illo
431 1647 544 1678 negat:
567 1639 639 1679 quia
656 1639 788 1670 alterurn
806 1637 851 1669 est
867 1645 979 1669 contra

108 1683 230 1723 regulas
243 1680 340 1720 juris3
362 1679 493 1711 alterum
513 1689 578 1711 non
595 1679 650 1711 est.
679 1679 780 1720 Atqui
797 1679 920 1712 Praetor
935 1678 978 1710 se·

109 1727 214 1765 quitur
241 1722 414 1753 naturalem
437 1721 635 1762 aequitatem:
660 1730 730 1760 quae
755 1721 806 1752 vel
823 1721 979 1762 pupillum

109 1772 208 1796 tenet.
233 1763 336 1803 potest
353 1762 437 1794 enim
447 1762 583 1803 pupillus
600 1762 780 1794 consentire
789 1762 979 1809 naturaliJu-

112 1816 156 1839 rc.
174 1805 250 1841 Quid
268 1813 366 1844 porro
385 1804 508 1842 paetum
523 1811 638 1845 praeter
655 1802 867 1836 consensum?
889 1806 978 1835 Vide-

111 1855 162 1879 tur
179 1847 270 1887 igitur
289 1845 353 1876 hoc
372 1845 483 1876 Edieto
501 1844 612 1877 servari
629 1845 738 1885 pupilli
757 1845 898 1885 pastum:
915 1844 979 1876 fine

111 1889 309 1926 discrimineg
328 1896 431 1919 utrum
449 1885 642 1927 paciscatur,
659 1885 711 1918 Ne
728 1894 835 1927 petat;
851 1896 889 1918 an
901 1910 911 1925 ,
928 1885 980 1918 Ne

110 1931 149 1962 ab
168 1939 208 1961 eo
226 1936 361 1969 petatur.
386 1937 456 1959 nam
473 1928 696 1960 &naturaliter
712 1928 870 1969 obligatur
886 1927 980 1968 stipu-

111 1973 253 2009 latione,
278 1969 332 2001 etsi
349 1979 413 2001 non
433 1969 487 2001 fiat
504 1969 709 2010 locupletior.
755 1968 818 2001 Sed
842 1971 978 2010 primum

112 2013 232 2045 Praetor
250 2021 321 2042 cum
340 2011 479 2051 aequitati
496 2009 608 2048 servit,
630 2019 695 2042 non
719 2010 812 2042 servit
829 2019 923 2042 merae
940 2020 980 2041 ae-

112 2055 241 2095 quitari,
259 2053 308 2083 sed
327 2052 494 2092 praeceptis
510 2052 656 2083 civilibus
673 2059 901 2093 attemperatae.
919 2061 980 2083 nec

113 2103 219 2127 tuetur
234 2094 340 2134 paCta:
359 2093 412 2125 nifi
429 2104 465 2124 ea
481 2103 551 2134 quae
567 2103 630 2125 non
649 2092 717 2124 sunt
729 2092 874 2125 adversus
890 2103 979 2134 regu-

114 2137 157 2169 las
172 2137 257 2176 juris.
289 2135 337 2166 hae
360 2145 437 2166 vero
456 2135 576 2172 sinunt,
600 2135 753 2175 pupillum
771 2134 854 2166 suam
870 2135 979 2166 condi-

117 2179 237 2209 tionem
253 2175 358 2207 facere
377 2177 542 2208 meliorem
562 2176 624 2207 fine
640 2177 754 2207 tutoris
771 2176 978 2208 auctoritate:

117 2219 307 2250 deteriorem
333 2217 459 2256 facere,
481 2227 544 2249 non
570 2217 682 2249 sinunt.
713 2219 755 2249 ita
778 2217 799 2249 fi
816 2217 908 2258 paCto
925 2217 980 2249 fibi

118 2258 214 2300 prosit
239 2259 395 2298 pupillus3
419 2258 557 2290 servatur
580 2258 704 2299 paetum
726 2259 789 2290 fine
806 2266 915 2290 tutore
934 2258 980 2290 fa-

120 2301 213 2332 ctum.
236 2308 300 2330 non
317 2309 406 2335 aeQue
417 2323 426 2338 ,
440 2298 460 2331 ti
478 2309 592 2331 noceat
606 2299 660 2331 fibi
677 2300 769 2340 pacto
785 2299 847 2331 fine
863 2302 979 2332 tutoris

119 2341 304 2373 auctoritate
322 2339 418 2371 fatto.
437 2341 466 2371 δι
485 2341 581 2372 recte.
598 2341 761 2381 postquam
780 2342 864 2372 enim
881 2341 925 2372 est
940 2342 982 2372 vi·

119 2382 183 2414 sum
202 2391 319 2413 naturae
336 2380 552 2421 consequens,
577 2390 610 2412 ut
635 2383 686 2422 qui
705 2382 734 2413 se
754 2383 834 2414 tueri
852 2383 981 2423 nequit,

119 2434 137 2455 a
156 2432 262 2454 tutore
277 2431 419 2463 regatur:
443 2423 532 2461 quod
548 2432 603 2462 per
620 2423 649 2454 se
665 2424 749 2465 agit,
772 2424 825 2454 ubi
842 2432 921 2464 opus
938 2424 983 2455 est

122 2471 227 2496 tutore
244 2487 253 2501 ,
276 2464 307 2494 id
335 2473 399 2494 non
423 2465 487 2504 agit
510 2465 572 2504 jam
601 2471 717 2496 naturae
741 2466 982 2496 convenienter.

124 2508 215 2544 quin,
238 2504 259 2536 fi
275 2514 348 2536 eum
364 2504 417 2536 fibi
436 2506 673 2544 permittamu53
696 2506 791 2537 etiam
810 2506 984 2544 efficimus,

124 2553 157 2576 ut
167 2545 262 2576 tutela
274 2544 327 2576 sub
342 2554 402 2584 qua
418 2545 533 2586 positus
547 2545 609 2585 est,
626 2546 815 2586 supervacua
830 2548 984 2578 videatur.

127 2586 169 2616 At
177 2587 257 2617 enim
268 2587 402 2626 pupillus
412 2588 592 2619 naturaliter
602 2588 770 2629 obligatur.
783 2587 877 2620 Nififi
888 2589 986 2628 ipsum

128 2624 256 2662 spectes.
274 2635 338 2657 tum
350 2629 432 2659 enim
448 2628 512 2668 ejus
520 2629 673 2669 obligatio
685 2629 778 2661 Civili
790 2629 862 2669 Jure
873 2629 934 2660 fine
944 2628 989 2660 ef-

129 2665 214 2697 fectu
229 2667 429 2710 relinquitur3
444 2678 548 2709 eoque
566 2679 629 2701 non
647 2671 834 2711 intelligitur
853 2671 916 2710 ipse
934 2671 990 2701 ob-

130 2708 233 2747 ligari,
250 2716 288 2737 ne
303 2709 482 2740 naturaliter
498 2712 623 2749 quidem
641 2711 660 2741 l.
670 2722 720 2752 59.
742 2712 783 2743 D.
800 2713 831 2742 de
842 2712 988 2752 obligatio-

127 2746 420 2781 nibusffaeunuas
431 2750 555 2781 :ablata
571 2761 597 2782 ei
615 2751 766 2784 facultate
783 2752 812 2784 se
829 2753 988 2793 obligandi

130 2790 149 2821 l.
165 2798 213 2829 43.
232 2787 272 2818 D.
288 2790 344 2818 cod.
362 2789 408 2819 tit.
431 2798 466 2820 ac
482 2790 500 2820 fi
521 2790 618 2822 solvat
635 2796 721 2833 quod
740 2795 922 2825 naturaliter
938 2794 990 2824 de-

129 2830 204 2867 bet,
228 2830 410 2868 repetitioni
433 2830 538 2862 locum
556 2831 632 2863 facit
648 2833 786 2873 personae
805 2836 886 2866 ratio
903 2835 922 2865 l.
942 2844 990 2870 29-

132 2870 168 2905 &
182 2871 200 2900 ι.
219 2879 268 2907 41.
290 2872 328 2901 l).
352 2871 384 2900 de
399 2871 569 2903 condictione
584 2874 710 2906 indebiti.
738 2875 790 2906 Sic
808 2876 837 2907 in
855 2875 988 2916 pupillo.

175 2911 280 2951 Major
301 2910 432 2956 quaestio
455 2911 498 2942 est
524 2914 563 2943 de
582 2914 704 2946 minore
721 2917 831 2957 viginti
851 2918 990 2957 quinque

130 2954 228 2985 annis.
275 2951 336 2982 Sed
361 2952 506 2984 interest:
530 2962 632 2985 utrum
654 2963 798 2988 curatore
815 2965 919 2988 careat
935 2957 990 2988 mi-

129 3004 205 3031 nor,
223 3002 260 3024 an
277 3002 347 3024 eum
369 2993 492 3024 habeat.
524 2992 630 3025 Priore
647 2996 716 3026 casu
733 2998 920 3036 paciscendo
937 2998 992 3028 ob-

130 3036 244 3075 ligatur
262 3034 376 3074 regulis
395 3033 491 3072 Juris:
516 3035 626 3074 quibus
650 3046 713 3067 non
730 3039 900 3077 impeditur
917 3048 991 3070 con-

129 3077 263 3112 sentire,
288 3077 426 3106 nondum
447 3075 643 3115 prohibitus,
669 3077 718 3108 sua
739 3078 822 3109 bona
839 3079 892 3110 suo
912 3080 990 3111 arbi-

133 3117 193 3148 trio
209 3116 431 3147 administrare.
471 3115 545 3148 Hoc
563 3116 644 3148 sensu
663 3119 774 3150 Paulus
790 3120 810 3151 l.
827 3129 876 3160 43.
896 3120 936 3152 Ι).
960 3122 992 3151 de

133 3159 364 3198 obligationibus.
393 3158 552 3199 obligari,
573 3159 694 3199 inquit,
713 3158 802 3201 potest
823 3162 991 3202 paterfami-

132 3198 205 3238 lias,
219 3200 281 3239 Juoe
290 3196 458 3240 potestatis,
474 3201 584 3240 pubes,
607 3208 714 3243 compos
730 3202 841 3237 mentis.
877 3203 990 3237 Paulus

1020 1061 1082 1100 ait,
1106 1061 1239 1104 obligari
1255 1071 1327 1093 euin
1344 1062 1398 1101 qui
1417 1062 1452 1094 sit
1469 1064 1712 1104 paterfamilias,
1736 1074 1889 1106 praeterea

1020 1104 1140 1143 pubes,
1157 1107 1252 1136 etiam
1267 1112 1405 1142 compos
1423 1106 1555 1144 mentis,
1573 1109 1706 1148 amplius
1723 1108 1779 1139 suae
1797 1117 1890 1150 pote·

1019 1144 1115 1175 statis.
1131 1145 1156 1177 is
1167 1154 1246 1176 vero
1261 1143 1307 1175 est
1325 1153 1429 1175 minor
1445 1144 1508 1177 fine
1523 1156 1670 1180 curatore
1687 1149 1889 1183 constitutus.

1019 1185 1159 1225 alioquin
1183 1185 1376 1226 supervacua
1407 1185 1477 1217 sunt
1500 1189 1597 1219 verba
1613 1212 1623 1228 ,
1643 1191 1707 1229 Juae
1726 1190 1892 1231 potestatis:

1021 1236 1093 1258 cum
1111 1227 1325 1268 appellatione
1342 1226 1573 1268 patrisfamilias
1592 1239 1657 1261 non
1675 1233 1778 1262 veniat
1793 1234 1892 1272 alius,

1020 1277 1114 1308 quarn
1132 1270 1231 1300 homo
1250 1268 1307 1300 suae
1325 1267 1489 1308 potestatis
1501 1269 1521 1300 l.
1544 1279 1608 1310 195.
1626 1271 1655 1312 §.
1669 1281 1696 1302 2.
1715 1271 1756 1302 D.
1776 1275 1808 1303 de
1825 1283 1890 1304 ver-

1019 1312 1118 1340 borum
1133 1309 1359 1351 fignificatione.
1402 1309 1585 1342 Posteriore
1606 1311 1677 1343 casu
1696 1321 1809 1345 contra
1824 1314 1887 1347 est:

1019 1351 1103 1383 nulla
1126 1353 1292 1383 voluntate
1318 1351 1401 1391 ejus,
1426 1352 1479 1392 qui
1497 1352 1582 1384 utfit
1601 1353 1843 1394 paterfamilias,
1867 1357 1891 1387 i-

1019 1393 1159 1432 demque
1181 1393 1281 1434 pubes
1297 1392 1327 1424 &
1344 1402 1480 1433 compos
1495 1395 1627 1427 mentis:
1651 1403 1755 1427 tamen
1773 1397 1817 1427 ob
1836 1398 1892 1428 mi-

1019 1442 1132 1465 norem
1147 1442 1274 1465 aetatem
1288 1433 1332 1464 est
1346 1433 1376 1464 in
1393 1436 1577 1474 curatione,
1588 1445 1688 1475 eaque
1703 1437 1891 1471 facultatem

1019 1475 1104 1506 bona
1127 1474 1178 1506 sua
1202 1473 1433 1507 administrandi
1456 1485 1546 1516 aeque
1570 1477 1691 1516 amifit,
1711 1487 1808 1519 atque
1832 1480 1891 1512 hac

1019 1524 1106 1548 caret
1123 1516 1260 1556 pupillus
1271 1515 1325 1546 sub
1340 1516 1454 1547 tutoris
1489 1516 1623 1549 otestate
1639 1519 1828 1552 constitutus
1840 1528 1889 1561 pr.

1022 1556 1096 1598 Infl.
1113 1559 1146 1589 de
1162 1557 1277 1596 tutelis,
1296 1556 1333 1591 ἐξ
1348 1564 1396 1598 pr.
1415 1557 1451 1588 ln
1480 1581 1487 1589 .
1506 1559 1539 1588 de
1554 1561 1743 1592 curatoribus.
1768 1561 1891 1602 Aliquis

1022 1600 1125 1632 dicat:
1149 1606 1236 1630 tutor
1261 1597 1370 1630 differt
1392 1607 1409 1629 a
1434 1606 1600 1632 curatore:
1622 1601 1702 1632 alter
1722 1601 1804 1634 enim
1822 1612 1892 1644 per·

1020 1640 1122 1680 sonae,
1139 1641 1218 1672 alter
1235 1639 1326 1671 bonis
1344 1638 1524 1680 praeficitur.
1549 1641 1646 1673 libera
1663 1642 1758 1682 igitur
1774 1643 1818 1676 est
1835 1644 1892 1676 rni-

1020 1682 1108 1714 noris
1125 1681 1276 1723 persona:
1293 1681 1405 1722 pupilli
1423 1691 1487 1713 non
1502 1681 1557 1714 est.
1574 1681 1615 1714 fic
1633 1683 1769 1725 Poppaea
1780 1708 1791 1724 ,
1806 1686 1890 1727 apud

1020 1723 1172 1756 Tacitum
1187 1723 1235 1754 lib.
1256 1731 1303 1761 14.
1321 1722 1432 1754 Annal.
1453 1733 1476 1755 c.
1495 1732 1529 1762 1,
1553 1724 1672 1757 crebris
1697 1726 1891 1759 criminatio-

1020 1766 1132 1803 nibus,
1155 1764 1325 1805 aliquando
1340 1773 1397 1804 per
1413 1764 1544 1797 facetias
1560 1765 1679 1797 incusat
1693 1768 1869 1810 principem
1881 1792 1893 1810 ‚

1022 1807 1052 1838 δε
1077 1806 1232 1847 pupillum
1257 1814 1373 1837 vocat:
1398 1807 1451 1846 qui
1474 1807 1557 1846 juffis
1579 1807 1686 1840 alienis
1712 1809 1891 1850 obnoxius,

1022 1857 1086 1879 non
1102 1847 1202 1879 modo
1222 1845 1428 1886 imperii‚sed
1445 1847 1598 1880 libertatis
1616 1850 1710 1882 etiam
1722 1851 1890 1893 indigeret.

1021 1889 1053 1920 Si
1078 1896 1183 1921 tamen
1209 1897 1274 1920 non
1301 1888 1339 1920 ad
1367 1898 1488 1921 merum
1509 1890 1557 1930 jus
1583 1890 1725 1931 personae
1743 1893 1891 1932 minoris,

1022 1930 1081 1969 (ad
1096 1930 1184 1972 quod
1197 1930 1245 1970 Jus
1259 1928 1363 1961 nostra
1381 1930 1448 1961 haec
1464 1940 1529 1962 non
1545 1933 1683 1969 pertinet
1698 1933 1892 1975 disputatio)

1022 1972 1076 2004 sed
1099 1972 1138 2003 ad
1155 1972 1315 2003 bonorum
1340 1971 1403 2011 ejus
1421 1972 1723 2006 administrationem
1748 1977 1777 2007 in
1803 1977 1891 2016 cujus

1022 2021 1112 2055 parte
1130 2012 1199 2044 sunt
1225 2013 1389 2053 paetioncs
1412 2013 1692 2056 obligationesque
1706 2022 1750 2055 pr.
1770 2015 1841 2057 Inst.
1859 2019 1893 2048 de

1022 2055 1258 2096 obligationibus,
1269 2054 1469 2085 advertatur:
1486 2064 1582 2095 puto,
1597 2056 1669 2097 post
1680 2056 1892 2090 Constitutio-

1022 2105 1095 2128 nem
1116 2095 1156 2127 D.
1175 2095 1277 2126 Marci
1292 2096 1449 2134 jubentis,
1474 2105 1638 2131 curatores
1660 2099 1724 2129 dari
1742 2100 1891 2131 omnibus

1022 2137 1220 2174 minoribus,
1237 2137 1330 2167 etiam
1344 2145 1408 2167 non
1425 2138 1555 2170 redditis
1571 2138 1686 2179 caufis3
1708 2140 1815 2181 (quod
1834 2141 1892 2173 Ca-

1023 2179 1176 2220 pitolinus
1200 2176 1300 2208 refert
1316 2178 1348 2207 in
1362 2179 1426 2209 vitu
1441 2178 1490 2209 M.
1509 2180 1653 2211 Antonini
1669 2191 1693 2212 c.
1715 2183 1771 2223 10)
1795 2184 1892 2224 magis

1023 2221 1101 2258 erit,
1124 2228 1157 2250 ut
1174 2218 1297 2257 minor,
1320 2227 1456 2260 accepto
1473 2228 1640 2261 curatore,
1664 2232 1729 2254 non
1747 2223 1893 2256 absimilis

1024 2262 1176 2292 habeatur
1194 2261 1331 2301 prodigo
1345 2261 1396 2291 cui
1415 2270 1431 2291 a
1450 2261 1609 2301 Praetore,
1633 2272 1780 2296 curatore
1797 2270 1894 2304 σεῖο,

1023 2302 1060 2334 fit
1078 2302 1170 2333 bonis
1188 2301 1404 2333 interdiaum.
1429 2302 1513 2334 hunc
1531 2302 1686 2344 Ulpianus
1701 2306 1745 2336 ait
1758 2306 1787 2336 in
1806 2316 1893 2337 cura-

1025 2343 1102 2374 toris
1120 2342 1278 2382 potestate
1295 2342 1356 2374 esse
1375 2343 1393 2374 l.
1415 2353 1442 2375 1.
1460 2343 1502 2375 D.
1527 2346 1560 2376 de
1583 2347 1764 2377 curatoribus
1779 2347 1894 2387 furioso

1025 2384 1062 2419 ὅ)
1080 2383 1144 2414 aliis
1169 2389 1253 2415 extra
1276 2386 1397 2414 minores
1421 2386 1543 2416 dandis.-
1564 2386 1659 2417 etiam
1685 2396 1799 2428 negat,
1822 2398 1895 2420 eum

1026 2425 1245 2466 promittendo
1269 2424 1428 2465 stipulanti
1449 2426 1582 2467 obligari
1600 2427 1619 2458 l.
1638 2431 1668 2458 6.
1688 2427 1729 2459 D.
1749 2431 1781 2460 de
1796 2432 1895 2461 verbo-

1028 2476 1093 2498 rum
1109 2466 1337 2507 obligationibus.
1353 2467 1437 2497 idem
1456 2476 1603 2506 putemus
1620 2469 1650 2499 in
1666 2469 1805 2509 minore,
1822 2480 1895 2504 cum

1029 2508 1057 2538 ei
1074 2516 1201 2538 curator
1219 2508 1318 2538 datur.
1346 2507 1421 2538 licet
1439 2509 1524 2538 enim
1541 2509 1629 2540 alteri
1649 2510 1789 2549 volenti,
1806 2513 1896 2544 alteri

1028 2549 1149 2586 invito,
1166 2549 1292 2588 utrique
1309 2555 1413 2579 tamen
1429 2547 1587 2581 bonorum
1604 2551 1830 2584 administratio
1847 2563 1899 2592 pe-

1029 2599 1135 2629 raeque
1161 2590 1319 2620 adimitur.
1351 2598 1411 2620 nec
1436 2589 1481 2620 est
1505 2592 1592 2630 quod
1610 2592 1761 2635 deinceps
1780 2604 1897 2635 quaeta-

1030 2640 1117 2669 mus,
1141 2639 1178 2661 an
1197 2631 1221 2660 is
1239 2631 1342 2661 minor
1360 2631 1456 2661 etiam
1474 2633 1703 2673 contrahendi,
1720 2636 1898 2677 obligandi-

1031 2681 1094 2712 que
1109 2671 1138 2702 se
1149 2671 1335 2702 facultatem
1352 2671 1479 2703 amisisse
1496 2673 1648 2706 videatur.
1672 2675 1726 2708 nifi
1745 2678 1806 2708 alio
1830 2687 1897 2718 pei·-

1032 2714 1130 2744 tinet:
1148 2711 1266 2752 quodsi
1283 2711 1415 2744 fundum
1435 2714 1579 2746 vendidit
1596 2717 1699 2749 minor
1711 2718 1829 2750 habens
1846 2728 1897 2749 cu-

1031 2762 1190 2791 ratorem,
1215 2752 1245 2784 &
1272 2754 1457 2786 venditione
1483 2754 1570 2787 laesus
1595 2756 1649 2796 fit,
1676 2768 1739 2790 non
1760 2759 1898 2790 servatur

1032 2794 1232 2832 contractus,
1255 2803 1316 2825 nec
1341 2804 1420 2836 opus
1442 2795 1486 2827 est
1510 2797 1660 2830 Praetoria
1684 2801 1714 2831 in
1740 2801 1897 2840 integrum

1033 2834 1232 2866 restitutione
1243 2858 1252 2873 ,
1267 2836 1338 2875 quia
1353 2836 1398 2868 est
1414 2845 1498 2869 tutus
1515 2839 1581 2879 ipso
1594 2840 1671 2880 jure.
1692 2849 1723 2871 at
1739 2841 1758 2872 fi
1773 2841 1834 2872 fine
1847 2850 1899 2870 cu-

1033 2884 1138 2907 ratore
1155 2876 1360 2916 constitutus,
1385 2879 1478 2911 talem
1496 2882 1691 2913 contratrum
1709 2882 1822 2912 faciat:
1845 2881 1897 2920 Ju-

1033 2927 1066 2948 re
1085 2917 1179 2948 Civili
1201 2918 1356 2959 obligatus
1374 2919 1577 2962 intelligitur:
1601 2924 1630 2953 &
1647 2922 1764 2953 consilii
1785 2921 1898 2962 fragili-

1034 2966 1097 2990 tate
1115 2957 1213 2999 lapsus
1229 2959 1394 2999 laesusque,
1411 2962 1537 2994 demum
1554 2965 1582 2994 in
1602 2964 1759 3003 integrum
1779 2963 1898 2994 restitu-

1036 3000 1124 3031 tione
1149 2999 1223 3040 Jure
1247 3001 1400 3033 Praetorio
1415 3004 1586 3043 adjuvatur.
1631 3003 1722 3034 Clare
1738 3002 1779 3033 sic
1796 3003 1897 3045 Impp.

1035 3040 1252 3073 Diocletianus
1265 3042 1293 3074 ἀ
1306 3042 1515 3076 Maximianus
1531 3045 1548 3074 l.
1561 3054 1589 3084 3.
1609 3044 1641 3074 C.
1660 3045 1693 3074 cle
1708 3045 1738 3074 in
1753 3045 1898 3087 integrum

1034 3079 1207 3123 restitutione
1223 3085 1376 3116 minorum.
1416 3084 1532 3116 Verba.
1570 3085 1602 3114 Si
1619 3090 1778 3116 curatorem
1795 3087 1899 3118 babens

1033 3126 1123 3154 minor
1138 3126 1263 3166 quinque
1281 3125 1318 3160 ἐξ*
1335 3128 1445 3167 viginti
1464 3126 1549 3156 annis
1562 3123 1624 3164 post
1634 3126 1806 3165 pupillarem
1830 3135 1898 3159 (ετα-

1033 3169 1085 3196 tem
1101 3174 1144 3196 res
1154 3165 1327 3204 vendidisti,
1343 3169 1419 3198 bunc
1435 3165 1621 3204 contrabium·
1624 3169 1738 3204 servari
1751 3178 1807 3199 non
1823 3177 1901 3210 opor-

1031 3211 1088 3238 tet:
1110 3216 1175 3238 cum
1197 3217 1253 3238 non
1270 3207 1404 3246 absimilis
1428 3209 1452 3237 ei
1471 3207 1608 3238 habemur
1624 3209 1715 3240 minor
1741 3218 1901 3242 curaturam

1145 3246 1171 3279 Κ
1186 3247 1205 3282 k
1220 3248 1240 3279 1<
1263 3257 1281 3287 3
1855 3252 1903 3282 Lut—
