2036 3495
507 131 1191 171 Onsnnvirxonuu
1241 134 1415 174 LmII.

69 236 141 261 111.
163 224 284 258 AEneici.
305 222 382 262 vers.
401 230 468 262 142.
492 222 598 255 verbis
615 222 831 263 sequentibus.

103 267 248 310 Nympha
265 268 349 298 decus
360 263 525 304 fluviorum
542 266 636 296 animo
651 262 813 305 gratiffima
829 262 933 306 nostro.

74 330 76 332 -
106 310 187 347 Scis,
208 315 243 340 ut
259 314 286 339 te
300 306 410 339 cuncus
426 316 534 345 unam,
556 315 740 347 quaecumque
757 305 873 337 Latina

75 347 79 352 ’
101 351 294 393 Magnanimi
305 348 396 390 Jovts
412 348 564 390 ingratum
578 348 745 388 adscendere
760 348 852 379 cubile
863 371 875 388 ,

103 392 300 424 Praetulerim.
325 408 378 414 —
399 406 452 412 —
474 407 527 415 -—-
549 407 602 412 -—

64 435 120 468 Ait
136 434 235 474 juno,
259 431 290 464 se
312 431 477 472 juturnam
496 429 665 471 praetuliffe
681 427 844 472 Nymphis
859 439 934 463 cun·

65 477 122 509 stis
138 484 214 516 quas
227 473 380 506 amaverit
394 472 541 513 Jupiter3
564 471 805 518 perinde-quali
821 481 934 506 omnes

63 519 96 552 in
114 518 239 549 honore
255 513 400 547 habuerit
424 522 550 546 amores
571 512 672 552 Jovis.
703 514 736 545 id
756 523 841 545 vero
868 524 935 546 non
972 517 1069 555 potuit
1090 515 1230 556 Juturna
1254 517 1354 548 babere
1371 516 1414 554 su
1424 516 1552 557 pettam.

1786 139 1857 176 281

978 232 1136 266 praeterea
1158 226 1266 259 attulit
1290 227 1400 259 locum
1434 233 1477 258 ex
1510 225 1658 260 Sallustio
1681 233 1773 268 aeque
1796 225 1866 267 pul·

978 266 1091 299 chrum
1115 275 1213 309 atque
1237 269 1276 300 ad
1299 277 1368 300 rem
1394 270 1692 301 accommodatum,
1751 265 1861 300 Verba

978 307 1094 340 Servii.
1137 307 1266 350 Liptotes
1283 308 1391 351 figura
1411 316 1464 351 per
1485 312 1678 342 contrarium.
1699 309 1769 351 plus
1785 310 1862 341 enim

978 350 1070 388 dicit,
1093 350 1189 381 minus
1199 349 1228 389 fi
1249 350 1361 391 nificat.
1386 360 1510 392 namque
1531 352 1609 384 alias
1624 361 1719 384 omnes
1730 352 1861 392 perfec-w·

979 396 1028 423 ta:
1050 391 1119 423 huic
1139 401 1207 423 vera
1226 361 1350 424 libenter
1375 391 1507 430 indulfit.
1550 392 1594 425 Et
1618 393 1714 432 dicit,
1728 395 1763 433 Je
1785 392 1860 431 banc

975 433 1106 464 omnibus
1120 433 1295 475 pratuliffe‚
1318 432 1402 476 quusi
1427 435 1514 465 etiam
1541 435 1616 466 alias
1637 436 1669 466 in
1689 435 1792 466 bonose
1807 433 1858 466 ba-

975 474 1079 506 buerit.
1103 484 1169 516 ergo
1190 476 1250 506 ideo
1266 476 1317 507 boc
1332 476 1421 514 dicit,
1444 481 1478 506 ut
1503 475 1589 507 tollat
1611 476 1746 517 causam,
1769 483 1859 517 quam

1606 517 1686 549 Sane
1710 516 1778 548 talis
1800 516 1857 547 boec

63 560 109 592 ita
124 558 186 590 ess'e
205 556 327 589 constat
343 578 352 594 ‚
383 554 413 586 &
443 555 474 586 in
498 553 597 586 Notis
622 554 772 586 observat
796 555 933 588 Servius.
969 556 1074 597 figura
1090 555 1146 596 ell,
1170 564 1204 589 ut
1223 558 1297 589 illud
1312 557 1394 589 Sallu
1424 559 1524 589 ianum
1539 581 1549 596 ,
1575 558 1666 590 Mare
1683 558 1857 592 Ponticum

63 600 162 634 verba
175 599 277 632 Servii
290 595 432 638 adscripfi
440 605 452 634 3
476 604 573 638 atque
597 606 639 629 eo
656 596 839 637 lubentius,
862 598 934 639 quia
976 598 1121 639 dulcius,
1144 608 1238 641 quam
1255 606 1389 632 caetera:
1411 608 1478 632 cum
1494 599 1620 633 nullum
1635 597 1776 639 dulcefit.

756 736 1007 774 cirus

67 865 109 903 In
132 863 219 899 editis
234 856 420 910 scriptaque
444 857 671 904 exemplaribus
697 858 823 893 variare
848 858 1001 894 lectionem
1024 856 1180 894 Marcelli
1206 858 1227 894 Ι.
1255 871 1310 897 11.
1337 861 1383 898 D.

114 914 321 953 amittuntur3
349 908 488 955 Ulpiani
504 907 525 942 l.
547 916 602 948 15.
629 906 659 954 §.
679 917 713 950 4.
740 907 786 943 D.
811 906 846 941 de
870 906 1030 953 usufructu
1046 933 1059 952 ,
1091 907 1186 942 Pauli
1210 910 1232 943 l.
1256 913 1312 953 65.

1067 737 1179 776 XVI.

1407 862 1673 913 Quemadmodum
1690 861 1862 910 servitutes

1340 910 1370 957 §.
1390 922 1422 946 1.
1447 914 1492 948 D.
1519 914 1554 949 de
1578 914 1761 949 condistione
1779 912 1863 947 inde-

117 963 195 1000 biti;
222 959 345 1007 Juliani
367 959 387 994 l.
409 968 465 1000 23.
492 957 536 991 D.
561 955 597 990 de
613 958 671 991 att.
687 963 778 1002 empt.
797 955 935 1001 Ulpiani
951 956 973 990 l.
991 967 1025 1000 4.
1053 957 1098 992 D.
1123 957 1158 992 de
1184 956 1322 1002 custodia
1344 970 1486 1003 reorum;
1512 962 1606 998 Pauli
1634 963 1655 998 l.
1673 972 1728 1006 14.
1754 961 1800 997 D.
1826 960 1861 995 de

117 1006 302 1057 usufrufttffl·
328 1019 366 1042 ac
383 1004 562 1053 Justiniani
581 1014 630 1050 pr.
654 1004 735 1052 Inst.
758 1005 794 1039 de
817 1004 948 1039 militari
975 1004 1174 1053 testamento,
1202 1003 1244 1044 ἐξ*
1269 1007 1290 1042 l.
1306 1008 1361 1042 ult.
1382 1009 1414 1042 C.
1436 1011 1471 1046 de
1492 1010 1682 1056 restitutione
1698 1011 1861 1051 militum3'

70 1083 77 1087 -
117 1071 243 1104 eamque
269 1057 453 1091 varietatem
478 1066 499 1089 a
523 1053 663 1099 neglecta
682 1051 897 1100 observataque
917 1054 1075 1101 Siglorum
1095 1053 1247 1102 potestate
1267 1054 1432 1104 proficisci.

71 1145 74 1150 ,
117 1110 199 1144 circa
220 1107 388 1153 Ulpianum
404 1105 424 1139 l.
446 1113 502 1149 35.
529 1104 574 1138 D.
599 1103 635 1138 de
652 1104 910 1149 procuratoribus.

163 1246 268 1278 arceili
285 1247 354 1278 haec
370 1244 467 1276 verba
484 1242 554 1276 sunt
569 1240 589 1275 l.
610 1253 658 1276 11.
681 1242 725 1276 D.
748 1242 940 1287 Quemadmo-

182 1289 251 1318 dum
267 1288 418 1323 servitutes
431 1287 620 1317 amittuntur.

111 1327 144 1360 ls
167 1330 215 1358 cui
239 1330 291 1360 via
317 1329 362 1359 vel
387 1327 469 1359 aetus
484 1328 656 1365 debebatur,
679 1331 713 1356 ut
726 1325 852 1357 vehiculi
868 1333 941 1358 certo

149 1378 253 1411 genere
276 1375 407 1401 uteretur
424 1392 435 1405 ,
464 1368 520 1399 alio
542 1377 647 1409 genere
668 1368 769 1406 fuerat
786 1368 874 1408 usus:
897 1369 941 1399 vi-

153 1412 289 1450 deamus,
306 1421 342 1442 ne
359 1410 682 1450 amffitritservitutem;
702 1408 739 1443 ἐπ”
754 1409 813 1440 aliu
825 1408 867 1447 fit
881 1409 944 1452 ejus

156 1453 280 1483 conditio
294 1454 346 1494 qui
360 1451 484 1493 amplius
499 1452 610 1490 oneris,
633 1460 720 1492 quam
734 1450 835 1489 licuit,
858 1460 943 1482 vexe-

151 1494 213 1533 rit,
235 1494 383 1536 magisque
409 1493 455 1524 bic
476 1493 543 1533 plus
558 1515 568 1531 ,
592 1502 680 1533 quam
702 1491 782 1523 aliud
798 1491 881 1534 egiffe
897 1492 943 1523 vi-

155 1535 277 1567 deatur.-
292 1533 383 1573 ficuti
404 1534 501 1566 latiore
521 1534 633 1565 itinere-
647 1533 716 1569 usus
739 1533 899 1575 effet‚.aut
915 1531 945 1572 fi

158 1576 247 1617 plura
259 1578 393 1618 jumenta
415 1577 523 1618 egerit,
545 1584 633 1617 quam
655 1575 755 1607 licuit.-
786 1580 840 1607 aut
863 1583 944 1617 aquae

155 1618 337 1649 admiscuerit
353 1617 453 1649 aliam.

71 1655 127 1691 Sic
142 1657 314 1691 Florentiae
331 1659 453 1691 editur:
474 1655 526 1689 sed
544 1657 594 1689 alii
611 1657 681 1690 libri
699 1657 838 1690 habent:

113 1699 208 1731 Sicuti
215 1700 245 1738 Ji
260 1701 360 1732 latiore
376 1700 480 1731 itinere
495 1698 565 1735 usus
581 1698 665 1740 effert,
687 1705 740 1731 aut
749 1698 778 1737 fi
791 1699 880 1740 plura
893 1699 944 1741 ju-

156 1745 252 1773 menta
269 1743 374 1783 egerit,
396 1749 485 1782 quam
500 1738 594 1771 licuit.
617 1740 647 1771 ὅ(
665 1741 797 1781 reliqua.

74 1779 173 1814 Unde
189 1790 254 1814 tam
271 1781 387 1814 varie?
411 1789 527 1820 nempe
549 1790 566 1812 a
589 1781 705 1822 Siglis3
738 1781 852 1822 quibus
874 1780 945 1814 scri-

74 1830 165 1862 ptum
183 1831 251 1855 erat
263 1846 273 1862 ‚
304 1823 408 1855 SIcuti
424 1823 524 1854 latiore
545 1823 648 1854 itinere
662 1827 730 1861 usus
745 1822 820 1863 efflt.
863 1822 946 1855 Haec

70 1864 165 1905 sigla·
183 1865 331 1897 valebant
348 1863 441 1904 sicuti
465 1861 616 1903 fi-latiore'
642 1864 745 1895 itinere
768 1864 838 1904 usus
854 1864 947 1905 effer:

74 1904 129 1936 sed
149 1904 307 1938 Librarius
329 1907 376 1945 is,
400 1905 453 1946 qui
476 1903 696 1937 Florentinum
716 1904 878 1946 descripsit
893 1915 946 1937 ex-

74 1947 215 1986 emplar,
239 1948 383 1989 neglecta
398 1946 556 1987 Siglorum
577 1945 736 1987 potestate
752 1969 763 1986 ,
786 1947 945 1985 reddidit,

66 1978 162 2026 ficati
176 1988 275 2020 latiore
290 1991 391 2021 itinere
410 1989 479 2028 usus
494 1986 559 2028 effet
574 1999 584 2019 .·
613 1987 707 2028 plane
725 1988 864 2020 incaute.
908 1987 946 2020 ld
987 2002 989 2004 ·

402 2037 569 2069 uamquam
593 2029 715 2068 levius,
739 2036 846 2061 tamen
871 2039 945 2062 cum
988 2056 991 2057 γ

417 2071 446 2101 ic
467 2070 684 2102 annotandum
700 2071 819 2102 credidi
836 2081 846 2110 3
878 2080 945 2112 quo
989 2097 992 2100 Δ

69 2038 155 2064 2vero
174 2031 324 2062 mendum
342 2053 352 2070 ‚

72 2069 277 2103 manifestum
296 2071 333 2104 fit
351 2094 360 2111 ‚

72 2112 194 2144 certior
211 2112 304 2145 fieret
322 2111 505 2145 emendatio
528 2111 632 2143 fimilis
654 2112 771 2144 erroris
796 2121 891 2153 quern
912 2113 945 2144 in

71 2152 93 2184 l.
119 2163 165 2193 15.
194 2153 223 2195 §.
246 2164 275 2192 4.
308 2153 350 2186 D.
382 2155 415 2185 de
439 2152 596 2193 usufrut‘iu
626 2162 667 2185 ex
697 2153 813 2185 eodem
842 2154 945 2186 verbo

73 2194 152 2226 olim
172 2194 276 2227 sustuli
292 2196 340 2228 lib.
358 2206 387 2228 2.
419 2194 615 2226 Probabilium
631 2194 721 2234 Juris
739 2195 845 2227 Civilis
867 2205 894 2227 c.
913 2205 945 2235 4.

75 2234 236 2275 Scriptum
253 2238 339 2269 enim
355 2238 399 2269 ibi
418 2234 474 2268 est.
516 2235 557 2267 Et
569 2234 598 2273 fi
613 2234 847 2276 vestimentorum
861 2236 945 2276 usus·

68 2276 193 2316 fructus
209 2277 320 2318 legatus
327 2275 387 2317 sit,
404 2286 461 2309 non
471 2275 551 2315 ficut
565 2278 740 2319 quantitatis
756 2277 944 2317 ususfructus

72 2317 203 2357 tegetur,
226 2320 377 2350 dicendum
394 2317 452 2359 est3
475 2318 519 2350 ita
539 2319 586 2349 uti
608 2327 672 2350 eum
688 2319 801 2358 debere,
824 2328 858 2350 ne
873 2321 945 2351 abu-

76 2364 169 2391 tatur.
221 2359 283 2391 Sed
314 2359 462 2396 restitui,
490 2369 549 2391 non
571 2359 662 2391 SIcut
683 2361 883 2401 quantitatis:
912 2360 944 2392 id

74 2409 156 2435 vero
175 2401 314 2440 explicui
330 2425 339 2440 ‚
362 2411 420 2434 non
429 2399 508 2438 ficut
520 2399 549 2438 fi
563 2401 760 2442 quantitatis.-
792 2400 879 2434 sensu
894 2411 947 2433 ve·

72 2441 192 2473 riffimo
209 2442 240 2474 ἃ
257 2442 393 2483 optimo.
417 2451 514 2484 quem
539 2442 741 2482 repraesentat
757 2452 888 2484 quoque
904 2444 946 2475 al-

69 2489 143 2514 tera
162 2493 230 2515 mea
246 2484 431 2517 emendatio
443 2507 453 2523 ‚
474 2493 532 2514 non
548 2482 628 2522 ficut
643 2485 820 2525 quantitatis
837 2485 883 2524 uf.
903 2485 944 2526 lg.

74 2532 147 2565 quae
166 2525 269 2564 valet,
291 2535 349 2557 non
363 2525 442 2564 ficut
466 2526 642 2566 quantitatis
659 2525 820 2565 usufrue'tu
840 2527 944 2566 legato.

72 2590 75 2593 .
114 2564 240 2598 Eodem
257 2567 336 2598 vitio
353 2567 478 2598 laborat
498 2566 609 2599 Paulus
633 2567 651 2597 l.
670 2571 721 2608 65.
744 2568 774 2609 §.
795 2576 821 2599 1.
846 2567 889 2599 D.
913 2568 947 2599 de

74 2606 251 2638 condidione
267 2609 398 2640 indebiti.
445 2607 550 2640 Verba
566 2608 665 2640 Pauli.

115 2646 158 2678 Et
179 2650 292 2688 quidem
307 2650 382 2690 quod
397 2649 601 2681 transactionis
616 2649 730 2680 nomine
751 2650 859 2687 datur,
878 2649 944 2681 licet

158 2697 203 2719 res
225 2689 308 2724 nulla
327 2691 420 2722 media
435 2691 552 2730 fuerit,
574 2700 635 2730 non*
653 2692 812 2731 repetitur:
834 2700 904 2721 nam
918 2689 947 2728 fi

164 2727 200 2759 lis
214 2730 280 2769 fuit
295 2753 305 2766 ‚
334 2731 384 2761 boc
405 2733 498 2770 ipsum
512 2755 522 2769 ,
551 2733 626 2773 quod
650 2741 669 2763 a
695 2732 745 2762 lite
761 2733 920 2762 disceditur
935 2754 946 2769 ‚

163 2770 250 2809 causa
263 2772 379 2802 videtur
392 2771 451 2812 effe.
470 2772 519 2809 fin
542 2778 638 2804 autem
661 2774 778 2804 evidens
800 2773 948 2804 calumnia

160 2811 322 2883 detegitbur,
345 2811 381 2846 ἃ
407 2813 564 2846 transactio
584 2813 752 2854 ›imperfecia
765 2812 823 2855 est,
846 2816 946 2855 repeti-

163 2857 202 2883 tio
237 2862 253 2883 a
273 2854 342 2884 itur.
619 2870 621 2872 ·

76 2892 132 2927 Sic
149 2893 320 2925 Florentiae
337 2893 450 2926 editur.
470 2896 501 2926 in
518 2895 584 2927 aliis
600 2895 687 2928 libris
705 2896 760 2928 est.

74 2975 192 3010 ,Multo
214 2975 353 3007 rcCtius:
386 2976 522 3008 debetur
552 2984 658 3010 autem
682 2987 719 3010 ea
745 2977 948 3011 varietas-Si-

78 3017 158 3059 glis:
181 3017 296 3057 quibus
313 3015 463 3056 scriptum
483 3025 560 3049 erat.

74 3088 81 3096 ,
124 3058 165 3090 Et
182 3057 336 3089 transabiio
355 3057 520 3098 imperfecta
536 3057 613 3093 ΕΗΓ·
621 3061 749 3099 repetitio
763 3060 890 3091 dabitur.

78 3098 142 3131 His
157 3100 250 3140 Siglis
265 3098 522 3139 fignificabatur‚
546 3098 583 3134 &²
606 3099 762 3131 transabiio
784 3099 950 3141 imperfecta

81 3138 139 3180 eft,
161 3140 197 3175 δ’
213 3142 339 3180 repetitio
356 3141 486 3172 dabitur.
510 3140 572 3175 Sed
589 3140 768 3180 Librarius,
791 3150 863 3173 cum
881 3152 947 3174 non

78 3181 345 3213 animadverteret
366 3182 405 3214 ad
429 3181 614 3222 majusculas
640 3182 747 3214 literas
761 3204 773 3221 ,
802 3183 832 3213 &
854 3184 947 3216 ratio-

77 3231 151 3256 nem
174 3223 396 3262 geminationis
413 3246 423 3262 ,
453 3223 603 3255 voculam
618 3245 629 3260 ,
667 3222 706 3258 δ’
721 3246 731 3262 ‚
770 3223 946 3262 posteriore

80 3261 182 3336 omli-fit
199 3264 274 3336 loIco
289 3274 310 3312 3¹
322 3273 396 3312 cum
411 3272 555 3308 utroque
569 3263 709 3309 scribere
725 3264 871 3303 deberet.

84 3330 85 3333 ,
146 3313 200 3335 om.
242 3328 249 3338 ι

1492 1060 1601 1096 Simile
1626 1060 1697 1107 quid
1708 1066 1863 1096 tentatum

1023 1242 1105 1276 Haec
1122 1252 1183 1286 ego
1202 1242 1245 1275 fic
1262 1241 1399 1277 securius
1419 1245 1590 1278 emendavi
1612 1255 1620 1278 ε
1656 1247 1728 1288 quia
1744 1247 1774 1279 in
1792 1244 1862 1280 tali-

983 1285 1042 1317 bus
1061 1285 1142 1326 saepe
1160 1293 1297 1317 erratum
1314 1296 1323 1319 :
1354 1286 1384 1318 ὅτ
1408 1286 1454 1318 est
1477 1288 1648 1321 admodum
1667 1289 1811 1320 notabile
1827 1290 1861 1322 in

983 1326 1044 1358 hac
1059 1336 1092 1358 re
1102 1350 1112 1366 ,
1136 1326 1224 1367 qnod
1241 1327 1272 1358 in
1288 1326 1307 1359 l.
1328 1337 1376 1368 23.
1399 1327 1444 1360 D.
1466 1329 1500 1360 de
1517 1327 1573 1361 aci.
1590 1331 1678 1370 empti
1691 1330 1724 1361 in
1741 1330 1862 1363 Accur-

984 1368 1037 1406 sii‚
1059 1368 1088 1400 &
1106 1367 1304 1407 Haloandri,
1325 1369 1469 1401 editione
1487 1370 1527 1402 fic
1544 1369 1710 1411 scribitur,
1732 1370 1775 1402 Et
1786 1377 1862 1412 prae·

985 1415 1061 1441 terea
1076 1418 1178 1440 cavere
1191 1410 1288 1449 debet,
1311 1411 1453 1452 quidquid
1470 1418 1507 1443 ex
1528 1412 1685 1444 hereditate
1707 1413 1801 1444 liberti
1823 1414 1863 1445 ad

985 1460 1050 1482 eum
1067 1452 1231 1492 pervenerit
1249 1474 1259 1489 ,
1288 1449 1452 1491 restitutum
1473 1453 1522 1485 iri.
1577 1453 1740 1486 Marcellus
1764 1459 1862 1487 notar.

986 1491 1050 1526 &a
1096 1492 1159 1525 Pro
1174 1501 1215 1523 eo
1233 1501 1312 1524 vero
1329 1495 1372 1523 ita
1389 1494 1456 1525 edit
1471 1491 1702 1527 Vintimillius:
1730 1494 1773 1527 Et
1786 1502 1888 1537 prce-›12-

987 1539 1065 1566 terea
1083 1542 1184 1565 cavere
1200 1534 1295 1571 debet,
1318 1534 1459 1575 quidquid
1475 1544 1513 1566 ex
1536 1535 1693 1567 hereditate
1707 1535 1805 1568 liberti
1819 1537 1863 1569 ad

986 1584 1052 1607 eum
1062 1575 1248 1616 pervenerit,
1264 1572 1416 1615 restituiri.
1459 1575 1624 1608 Marcellus
1640 1581 1733 1609 notat.
1765 1576 1863 1611 Unde

986 1626 1024 1649 ea
1040 1616 1203 1659 varietas?
1226 1616 1375 1648 nimirum
1393 1639 1404 1653 ,
1432 1617 1508 1658 quia
1531 1618 1563 1650 in
1587 1617 1762 1659 exemplari
1786 1618 1862 1651 Flo-

985 1659 1114 1691 rentino
1131 1656 1195 1689 fide
1211 1656 1373 1689 Francisci
1391 1656 1549 1691 Taurellii
1564 1658 1606 1691 fic
1622 1662 1801 1700 reperitur:
1824 1659 1865 1696 ὃ·

979 1705 1120 1741 praeterea
1135 1708 1233 1730 cavere
1250 1700 1347 1738 debet,
1362 1700 1440 1742 >quid
1459 1701 1512 1732 uid
1533 1709 1570 1733 ex
1590 1701 1746 1733 hereditate
1765 1701 1864 1734 libem·

986 1742 1025 1773 ad
1046 1751 1110 1773 eum
1127 1741 1293 1781 pervenerit
1310 1744 1333 1780 ,'
1350 1738 1418 1782 resti
1443 1741 1533 1774 Uiri.
1577 1740 1742 1774 Marcellus
1765 1748 1861 1777 notat.

988 1782 1088 1814 Causa
1106 1782 1306 1821 variationis,
1331 1790 1401 1814 mea
1416 1783 1574 1822 opinione
1591 1794 1600 1815 ε
1624 1784 1714 1825 quod
1729 1784 1861 1826 quidam

987 1823 1280 1867 animadverterunt
1301 1824 1560 1866 majuscularum*
1577 1825 1740 1866 literarum
1763 1827 1865 1868 gemi-

988 1865 1173 1897 nationem:
1188 1862 1248 1895 alii
1265 1872 1342 1897 non.
1378 1874 1380 1877 ’
1403 1872 1405 1874 ·
1850 1863 1862 1882 ”

1028 1906 1099 1938 Alia
1113 1905 1197 1946 apud
1213 1904 1388 1946 Ulpianum
1404 1909 1540 1941 varietas
1555 1909 1574 1941 l.
1592 1917 1622 1949 4.
1647 1906 1691 1941 D.
1712 1910 1748 1942 de
1767 1904 1862 1952 custo·

987 1948 1037 1979 dia
1052 1956 1184 1979 reorum:
1207 1955 1308 1988 puto,
1331 1949 1405 1989 quia
1418 1949 1461 1981 fic
1478 1949 1627 1992 scriptum
1646 1949 1718 1982 fuit.
1858 1956 1860 1961 ’

1030 1988 1087 2021 Sed
1094 1987 1125 2026 fi
1138 1997 1229 2030 neque
1243 1989 1274 2020 in
1289 1990 1441 2030 cautione,
1464 2001 1499 2022 ne
1520 2001 1555 2023 ue
1573 1993 1606 2023 in
1629 1993 1739 2024 decreto
1760 1991 1862 2032 Praest-

1069 2031 1115 2061 dis
1129 2036 1207 2061 certa
1226 2031 1378 2071 quantitas
1393 2038 1501 2073 compre
1521 2033 1588 2074 ensa
1602 2031 1661 2074 est:
1682 2044 1717 2066 ac
1733 2043 1769 2066 ne
1785 2035 1861 2067 Con-

1063 2071 1194 2112 suetudo
1212 2070 1372 2113 ostenditur
1395 2082 1458 2114 quoe
1478 2081 1585 2106 certam
1602 2075 1735 2115 formam
1752 2076 1835 2108 habet
1851 2083 1863 2110 t

1072 2113 1180 2151 Praeles
1194 2114 1226 2144 de
1241 2114 1320 2145 modo
1330 2115 1461 2154 pecunia
1476 2125 1540 2157 quoe
1554 2115 1617 2151 &a
1856 2133 1858 2135 ¹

986 2153 1084 2186 Unde
1101 2153 1212 2186 effecit
1236 2154 1291 2186 ille
1315 2156 1368 2196 qui
1385 2154 1608 2190 Florentinum
1630 2156 1793 2201 descripsit
1808 2168 1864 2192 ex-

986 2196 1126 2237 emplar,
1149 2205 1183 2226 ac
1198 2205 1234 2226 ne
1250 2196 1421 2236 consuetudo
1439 2196 1604 2238 ostenditur.
1645 2199 1708 2232 Vul
1734 2208 1784 2232 ata
1800 2201 1864 2233 Ac·

986 2237 1077 2269 curtii
1093 2237 1195 2269 editio
1213 2237 1312 2268 habet
1326 2261 1336 2276 ‚
1365 2247 1402 2282 ‘ac
1424 2248 1477 2270 nec
1489 2240 1668 2281 'consuetudo
1690 2208 1862 2282 offenditur.

986 2278 1140 2320 Optime:
1163 2278 1219 2310 etii
1244 2287 1304 2310 nec
1326 2279 1436 2321 inepte
1459 2279 1601 2314 Ruffardi
1626 2282 1656 2314 &
1679 2283 1863 2316 Charondae

986 2321 1098 2402 effide}
1120 2328 1215 2352 manu
1235 2319 1370 2361 scriptus
1388 2344 1400 2361 ,
1429 2331 1464 2354 ac
1492 2331 1529 2354 ne
1552 2325 1725 2365 consuetudo
1747 2325 1863 2366 quidem

988 2372 1003 2393 o
1031 2370 1065 2392 en
1088 2366 1159 2392 itur.
1278 2385 1281 2387 .
1821 2369 1823 2373 ·

1028 2402 1080 2434 Ab
1095 2402 1208 2434 eadem
1225 2403 1349 2435 ratione
1366 2403 1465 2436 variat
1481 2404 1577 2437 lectio
1598 2411 1644 2446 pr.
1669 2403 1794 2448 insitae
1808 2407 1865 2439 mi·-

988 2444 1068 2475 litari
1085 2441 1268 2484 testamento:
1291 2445 1322 2476 in
1341 2454 1406 2485 quo
1425 2445 1522 2487 vulgo
1537 2446 1652 2478 editur.

1029 2484 1094 2517 Illis
1113 2491 1210 2516 autem
1224 2487 1395 2525 temporibus
1411 2492 1464 2527 per
1483 2491 1546 2529 quat
1561 2489 1634 2519 citra
1649 2489 1864 2529 expeditionum

1068 2525 1259 2566 neceffitatem
1274 2528 1307 2558 in
1322 2527 1388 2559 aliis
1403 2528 1471 2559 locis
1485 2528 1532 2560 vel
1536 2529 1604 2570 suis
1611 2530 1720 2562 cedibus
1730 2531 1841 2574 degunt
1848 2553 1862 2572 ‚

1068 2569 1184 2598 minime
1198 2570 1236 2599 ad
1249 2569 1474 2602 vindicandum.
1497 2570 1560 2602 &c.

987 2607 1051 2640 Sed
1069 2609 1100 2640 in
1117 2609 1278 2649 plerisque
1295 2610 1550 2651 exemplaribus,
1574 2618 1610 2643 ut
1625 2612 1712 2645 testis
1727 2613 1773 2646 est
1783 2613 1862 2647 Rus·

989 2649 1116 2688 sardus,
1138 2648 1360 2691 stIarginalibus
1376 2651 1488 2690 Notis,
1510 2660 1599 2685 extat
1614 2676 1624 2693 ‚
1646 2654 1694 2685 vel
1709 2656 1776 2695 suis
1790 2656 1862 2691 sedis

989 2692 1060 2723 bus:
1083 2691 1199 2731 opinor
1217 2714 1227 2729 ,
1251 2692 1325 2731 quia
1346 2691 1388 2724 fic
1411 2692 1563 2734 scriptum
1586 2693 1667 2735 fuit3
1688 2697 1735 2727 vel
1752 2697 1799 2734 sui
1813 2697 1863 2728 Se-

984 2734 1091 2771 dibus,
1115 2733 1243 2771 quidam
1261 2733 1409 2774 legerunt
1424 2757 1435 2774 ,
1459 2736 1527 2775 suis
1550 2737 1668 2775 edibus,
1692 2738 1861 2779 quomodo

988 2774 1088 2804 habet
1104 2773 1184 2804 liber
1207 2783 1297 2805 meus
1320 2784 1415 2807 manu
1440 2775 1596 2818 scriptus3
1620 2779 1669 2809 alii
1685 2801 1696 2815 ‚
1711 2779 1865 2820 suissedi·

989 2815 1053 2845 bus.
1095 2814 1249 2854 idemque
1264 2815 1497 2850 observandum
1514 2818 1582 2851 inl.
1599 2820 1655 2851 ult.
1675 2819 1708 2851 C.
1727 2821 1760 2851 de
1782 2817 1863 2860 resit-

983 2856 1100 2887 -tutione
1114 2855 1260 2888 militum.-
1279 2857 1312 2889 in
1328 2867 1390 2900 qua
1405 2858 1511 2892 fimitis
1526 2860 1611 2893 circa
1626 2861 1711 2893 idem
1728 2862 1862 2894 verbum

121 2934 164 2967 Et
179 2933 336 2965 transactio
351 2935 517 2975 impersebla
533 2935 571 2976 est
583 2959 593 2974 ‚
616 2935 653 2970 δ’
674 2939 801 2977 repetitio
818 2938 947 2968 dabitur.
965 2926 970 2928 ἡ
984 2905 1128 2960 ..variatio
1142 2896 1197 2929 est·

1036 2937 1144 2969 Simile
1160 2939 1235 2979 quid
1253 2940 1385 2972 tentabo
1411 2943 1494 2983 apud
1514 2941 1688 2984 Ulpianum
1704 2943 1725 2974 l.
1742 2951 1792 2984 35.
1815 2942 1860 2975 D.

989 2979 1025 3010 de
1037 2981 1281 3019 procuratoribus.
1323 2980 1431 3014 Verba
1448 2982 1587 3025 Ulpiani.

984 3042 986 3044 »
1031 3019 1088 3052 Sed
1110 3020 1208 3055 &⁰AEoe
1221 3023 1348 3064 petstnae
1365 3031 1591 3065 procuratorum
1607 3025 1745 3056 debebunt
1761 3025 1861 3066 defen-

1074 3063 1139 3093 dere
1152 3065 1257 3104 quibus
1274 3063 1339 3103 fine
1363 3068 1504 3098 mandatu
1529 3075 1613 3108 agere
1628 3066 1712 3097 licet.-
1735 3071 1769 3097 ut
1786 3073 1863 3108 puta

1069 3103 1151 3134 liberi
1168 3128 1177 3143 ,
1191 3113 1193 3115 ’
1209 3105 1275 3136 licet
1291 3104 1355 3145 fint
1380 3108 1412 3137 in
1423 3106 1571 3148 potestate.
1595 3109 1662 3138 item
1688 3112 1808 3139 ›arentes
1824 3108 1864 3144 ἐξ

1060 3145 1175 3185 fratres
1191 3145 1228 3181 ὃς
1247 3147 1360 3186 adfines
1378 3148 1416 3182 ὅ)
1431 3148 1534 3178 liberti.
1559 3147 1587 3188 §.
1609 3156 1636 3179 1.
1688 3154 1808 3181 atronus
1829 3151 1863 3182 li-

1068 3187 1179 3218 bertum
1202 3186 1286 3230 [65⁹]
1305 3195 1358 3229 per
1369 3194 1581 3229 procuratorem
1599 3193 1632 3219 ut
1648 3190 1803 3231 ingratum
1815 3201 1863 3223 ac-

1023 3259 1026 3262 ⁴
1059 3230 1168 3310 Jtsacrze
1181 3227 1291 3270 potesti
1317 3228 1354 3264 ὅ)
1374 3230 1492 3265 libertus
1513 3235 1569 3272 per
1584 3236 1798 3272 procuratorem
1819 3241 1863 3265 ro-

1077 3276 1133 3312 pcm
1155 3278 1209 3302 ere.
1227 3278 1230 3279 ⁷
1290 3282 1293 3284 ’
1535 3293 1537 3295 »
1666 3285 1668 3288 ’

1259 3308 1293 3343 N
1301 3319 1323 3346 u
1809 3313 1861 3349 lui
