2036 3495
576 100 640 147 An
667 96 750 137 Lis.
780 92 843 137 Vl.
881 99 977 136 sir.
1006 101 1032 134 Ι.
1071 102 1181 140 Der-ei
1198 104 1414 143 vindicatione.

1834 124 1902 160 157

100 199 204 234 &Rus
217 211 224 232 :
239 199 362 237 altero,
378 197 452 239 qnia
468 200 533 226 non
552 191 658 234 potest
676 200 733 222 eos
749 187 932 229 restituere,
948 190 977 222 δε
1022 190 1065 222 bo
1082 190 1184 230 Ccifi,
1201 188 1409 235 Censtituimus
1427 206 1494 229 vero
1511 196 1614 238 ucficic
1630 189 1798 241 eipoiestas.
1823 212 1897 238 narn

100 243 190 275 nullo
209 241 263 272 suo
279 241 378 276 vitio,
395 246 502 278 eoque
517 244 576 266 eos
593 234 750 278 lucratur,
769 230 819 262 vel
837 230 976 271 locuple-

100 285 166 316 tior
184 282 285 315 faetus
302 283 329 312 d.
353 280 372 322 §
400 289 449 320 35.
464 279 484 309 l.
499 288 526 316 4.
552 275 579 318 ᾖ.
597 285 626 307 2.
645 274 690 305 D.
706 271 770 304 an.
785 281 844 313 reg.
869 281 975 313 quam·
1019 282 1126 312 cipes:
1151 275 1181 306 ἀ

1019 230 1189 278 «instituere
1205 242 1266 267 tam
1278 236 1497 275 jurisconsulti
1516 239 1684 282 dicuntur,
1702 252 1796 282 quam
1810 243 1896 277 Prin-

1211 282 1362 310 annotavi
1387 280 1460 312 alibi
1491 281 1670 321 hujusmodi
1701 284 1891 319 locutiones.

103 324 151 357 vis
169 326 260 356 aliter
275 324 398 364 placeat
412 323 443 352 in
461 316 645 350 hereditatis
664 315 834 352 petitione.
861 314 914 345 sed
930 313 976 346 est
1018 313 1118 357 Quod
1145 315 1306 357 sequitur,
1331 323 1447 353 merito
1474 322 1598 355 videtur
1622 324 1718 357 Celso
1743 326 1893 368 dignum,

102 365 266 399 manifesta
284 365 315 395 in
333 370 466 401 utraque
482 360 607 391 afflone
619 355 813 402 differentia.

142 408 217 440 Huc
233 414 330 446 usque
347 403 472 436 functus
488 401 597 433 officio
608 397 780 443 suo-ludex
791 394 904 442 ,hstium
919 406 972 443 pe-

98 450 187 481 titori
206 449 254 489 jus
276 444 425 478 adversus
452 441 649 483 possessorem
667 448 698 485 in
718 448 762 470 rei
781 441 970 484 Vindicatio-

102 500 144 522 ne
161 490 345 521 servaturus
379 485 540 525 Sequente
558 483 632 514 loco
652 488 714 527 erit
732 490 790 526 pijo
810 481 873 510 hoc
890 480 971 511 solli-

99 533 201 563 citus:
218 539 288 562 nam
307 537 347 560 ne
358 536 429 558 eum
446 526 593 565 quidem,
605 522 629 567 ‚si
646 524 723 563 quid
739 532 767 553 ei
785 529 969 561 competat,

98 573 217 614 negligi
234 576 384 612 oportet,
408 567 463 599 etsi
481 566 611 607 petitori
630 572 776 596 teneatur
791 563 830 595 ad
848 562 971 594 restitu-

97 615 220 645 tionem
249 612 292 643 rei
317 609 424 651 petitae
448 617 521 639 cum
538 607 627 639 omni
645 604 744 637 causa.
766 614 838 652 nam
857 604 883 649 si
896 614 967 644 pro-

97 663 169 696 pter
184 663 252 686 eam
270 652 304 684 sit
322 650 461 682 faeturus
483 651 654 693 damnum,
679 654 825 688 proxnna
841 654 900 676 crit
917 650 968 684 Ju-

95 697 175 728 dicis
193 703 284 732 cura,
302 702 341 724 ne
352 701 485 732 cogaiur
501 699 569 722 eam
582 690 748 736 restituere
760 695 855 735 ante,
872 695 966 727 quam

94 738 126 768 id
144 737 220 767 citra
238 735 384 767 damnum
403 733 541 765 fucini-us
557 731 603 763 sit.
629 730 682 762 sed
699 737 872 771 petitorem
892 737 965 760 cum

94 778 204 818 iniuria
230 774 406 817 poffefforis
428 775 505 816 juris
526 773 699 805 subtilitate
718 772 964 818 locupletiorem

91 818 178 857 fieri,
203 819 256 849 vix
280 818 344 857 pati
368 826 511 848 naturam
529 839 539 854 ,
564 815 752 854 aequalitatis
777 811 964 850 studiosam,

89 861 159 898 quis
171 868 236 891 non
247 858 358 891 videt?
383 858 519 889 obvenit
537 866 643 887 autem
661 856 721 886 tale
733 856 880 899 damnum
892 862 964 893 pos·

89 900 211 940 seffori,
230 908 264 932 ut
281 900 452 940 plurimum
465 921 474 937 ,
498 898 542 929 ob
560 897 713 942 impensas
732 897 781 929 vel
798 906 826 926 iu
844 894 965 928 sruCOEus

89 943 140 974 vel
160 945 189 974 in
209 952 275 973 rem
291 943 423 982 petitam
437 941 476 971 ab
495 950 535 971 eo
555 939 661 971 factas.
689 939 739 969 led
755 947 819 968 non
841 937 885 967 est
904 945 964 967 una

89 985 234 1016 omnium
250 983 353 1015 ratio:
379 993 451 1014 nam
469 982 489 1014 fi
507 981 636 1022 quidem
659 979 751 1011 faetae
775 977 833 1010 sint
851 987 880 1008 in
898 977 962 1008 fru-

89 1025 158 1057 etus
184 1033 236 1056 aut
260 1028 468 1066 quaerendos,
492 1031 545 1055 aut
573 1022 791 1063 colligendos,
815 1028 867 1051 aut
886 1028 961 1049 con—

85 1066 276 1105 servandos,
299 1067 402 1098 nullus
422 1066 510 1097 labor
527 1064 591 1096 est:
616 1063 744 1109 quando
768 1070 880 1093 omnes
900 1059 964 1091 sine

88 1107 307 1147 distinctione,
324 1116 420 1148 atque
436 1107 474 1138 ab
493 1107 580 1138 omni
601 1103 769 1145 possessore
781 1104 962 1140 tammalae,

87 1159 181 1190 quarn
201 1150 293 1181 bonae
312 1148 406 1187 fidei,
430 1149 632 1180 deducuntur
646 1146 666 1177 l.
682 1150 730 1186 36.
750 1144 777 1186 §.
798 1145 849 1177 ult.
869 1144 913 1174 l).
930 1144 963 1174 de

88 1191 181 1222 herod.
197 1192 280 1232 petit.
305 1199 414 1222 verum
439 1190 529 1221 aliter
556 1187 600 1220 est
626 1188 656 1218 in
684 1186 774 1217 factis
790 1194 874 1216 circa
894 1194 962 1228 rem

86 1232 200 1273 ipsam:
224 1241 294 1264 nam
313 1231 389 1263 tales
408 1238 557 1272 putantur
574 1229 734 1269 triplices,
758 1235 810 1257 aut
827 1225 960 1271 uccella-

86 1275 160 1313 riae,
184 1283 236 1305 aut
259 1273 369 1311 utiles,
392 1281 445 1303 aut
464 1273 659 1311 voluptariae.
684 1268 817 1308 singulas
834 1275 960 1313 attingit

88 1315 118 1346 ἃ
130 1314 243 1346 definit
260 1314 372 1346 Paulus
389 1314 407 1344 l.
428 1322 475 1353 79.
493 1313 538 1343 D.
554 1315 587 1342 cle
599 1312 677 1342 verb.
694 1309 796 1351 fignz'f.
814 1309 865 1339 ubi
881 1310 961 1354 lice-t

85 1357 195 1388 videre
207 1364 254 1396 pr.
272 1355 301 1397 §.
320 1364 345 1387 1.
363 1355 399 1389 &³
416 1364 443 1386 2.
475 1353 603 1385 Interim
621 1354 707 1397 quod
724 1354 762 1381 ad
779 1349 960 1381 necefiarias

85 1398 219 1429 attinet:
242 1397 297 1429 has
321 1396 425 1429 omnis
449 1394 563 1435 recipit
580 1392 746 1434 pofl'efiur,
771 1400 834 1423 tam
851 1392 959 1439 malae,

84 1447 178 1479 quam
205 1438 298 1470 bonae
322 1436 417 1476 fidei,
441 1437 471 1469 ὅτ
489 1443 524 1468 ut
539 1434 611 1476 post
633 1435 778 1481 dicetur,
801 1433 867 1479 doli
887 1434 959 1465 mali

84 1478 289 1521 exceptione.
313 1480 484 1517 videlicet,
503 1477 578 1519 quia
594 1475 875 1523 dominus,·h·isce
893 1485 957 1506 non

83 1521 235 1553 restitutis
245 1543 256 1560 ,
272 1520 396 1561 semper
407 1520 475 1551 vult
484 1519 672 1559 locupletari
684 1526 757 1548 curn
768 1526 875 1558 iniuria
886 1526 954 1564 pons>

85 1560 216 1594 sefforis.
247 1560 314 1594 Nisi
331 1562 424 1603 poffit
441 1561 516 1593 huic
531 1560 647 1606 objici,
670 1561 758 1600 quod
775 1567 895 1605 temere
912 1558 957 1589 fe-

85 1605 132 1635 cit
154 1602 310 1644 impensas
331 1605 362 1634 in
385 1613 452 1635 rem
477 1612 566 1641 quarn
588 1601 705 1632 iciebat
731 1599 791 1632 effe
809 1601 954 1631 alienam.

84 1645 129 1676 At
151 1645 217 1676 hoc
241 1645 310 1684 quis
334 1643 441 1676 ferat?
465 1653 536 1675 nam
551 1643 671 1684 Judicio
695 1651 845 1688 repetens
869 1652 955 1682 rem,

84 1686 133 1718 his
152 1695 216 1717 non
233 1685 324 1717 factis
340 1695 393 1717 aut
416 1686 611 1717 interituram
630 1692 683 1715 aut
701 1685 893 1715 deteriorem
909 1683 956 1715 fu-

85 1735 207 1764 turam,
230 1727 251 1760 fi
269 1737 320 1759 eas
337 1726 459 1759 recuset
476 1726 657 1763 restituere,
680 1733 876 1771 praetexens,
895 1734 955 1772 ma3

85 1768 173 1800 luiffe
198 1768 247 1808 se,
272 1778 337 1801 rem
362 1767 503 1808 periiffe,
526 1777 619 1809 quam
644 1767 685 1798 sie
708 1767 877 1813 servatam:
901 1767 955 1811 sibi

85 1811 278 1842 contradicit
300 1821 308 1848 3
333 1819 438 1850 eoque
461 1819 518 1850 per
540 1810 768 1847 exceptionem
792 1808 856 1840 doli
882 1808 955 1840 mali

82 1851 242 1893 justiffitne
266 1851 438 1890 repellitur.
482 1851 533 1882 Sic
557 1852 587 1883 in
604 1849 749 1898 impensis
766 1849 953 1896 necessari-is.

82 1893 120 1925 In
147 1892 274 1924 utilibus
293 1903 357 1924 non
384 1893 495 1924 eadem
513 1893 657 1923 incedam
674 1900 731 1921 Via.
757 1900 832 1931 quin
848 1890 953 1936 distin-

80 1943 175 1974 guam
191 1933 275 1965 circa
292 1935 344 1966 has
358 1933 557 1974 poli'eli'orem
577 1934 667 1964 bonae
685 1932 759 1964 fidei
776 1941 792 1963 a
810 1932 955 1973 posseffo-

82 1985 118 2007 re
141 1975 229 2006 malae
255 1974 339 2006 fidei.
364 1976 392 2007 &
416 1977 447 2006 in
472 1976 594 2013 priore,
618 1977 672 2015 qui
689 1973 733 2005 est
752 1974 844 2006 bonae
861 1973 955 2014 fidei,

81 2016 159 2048 mihi
178 2017 283 2056 placet
301 2017 451 2048 notabilis
463 2015 544 2048 Celsi
561 2017 740 2048 moderatio
758 2016 789 2046 in
804 2015 956 2058 l.38.b.t.

83 2059 238 2089 dicentis:
264 2059 352 2098 quod
377 2058 479 2089 bonus
506 2057 609 2098 Judex
636 2057 721 2089 varie
744 2066 785 2088 ex
810 2058 952 2099 personis

82 2098 244 2138 causisque
269 2098 453 2131 constituet.
476 2100 541 2140 ejus
566 2098 684 2131 summa
710 2098 773 2137 est,
788 2108 867 2144 ‘nam
890 2099 953 2130 huc

82 2142 219 2172 redeunt
229 2140 353 2179 omnia,
370 2142 640 2173 animadvertere:
657 2150 698 2172 ne
708 2143 872 2179 dominus,
886 2151 951 2174 non

79 2181 231 2214 restitutis
245 2182 391 2223 impensis
408 2183 602 2223 locupletior
617 2182 651 2213 sit
666 2191 739 2214 cum
755 2183 864 2222 injuria
880 2193 951 2224 pos-

82 2222 214 2254 sefforis.
252 2222 350 2265 Igitur
367 2223 453 2265 finge
465 2247 474 2262 ,
496 2225 527 2255 in
543 2223 645 2256 fundo
662 2225 768 2255 alieno
784 2234 878 2263 quem
896 2226 950 2257 im-

80 2266 240 2305 prudens,
263 2266 293 2296 id
309 2265 371 2305 est,
386 2265 473 2299 ,bona
489 2264 552 2296 fide
569 2275 706 2303 emeras,
723 2266 881 2299 aedificasti
898 2275 952 2298 aut

80 2305 284 2339 conseruisti:
308 2307 339 2338 id
366 2306 430 2345 est,
454 2307 552 2338 nullas
573 2308 604 2337 in
629 2307 760 2338 tutelam
778 2308 843 2348 ejus
863 2309 951 2349 quod

76 2348 140 2388 J'am
159 2356 244 2387 erat,
268 2347 422 2388 impensas
445 2347 564 2380 fecisti:
586 2347 638 2379 sed
664 2348 877 2380 aedificatione
898 2360 951 2382 aut

78 2389 276 2427 plantatione
288 2399 357 2430 quae
372 2399 435 2420 non
456 2398 543 2428 erat,
565 2389 700 2422 fundum
720 2389 823 2422 fecisti
839 2391 951 2423 melio-

80 2439 167 2468 rem·‚
190 2431 232 2462 ita
250 2431 403 2471 impensas
423 2432 526 2463 utiles.
550 2432 666 2463 deinde
684 2432 832 2464 dominus
848 2432 952 2474 super-

80 2473 187 2507 venit,
202 2472 231 2503 δε
246 2472 380 2504 fundum
397 2473 527 2504 evincit.
544 2474 619 2513 quid
633 2473 734 2513 juris?
750 2482 803 2505 aut
821 2474 886 2513 est,
904 2476 949 2507 in-

80 2513 149 2551 quit
165 2512 292 2552 Celsus,
316 2515 405 2545 dives
428 2514 458 2546 &
480 2514 563 2546 idem
582 2515 737 2553 facturus,
762 2524 815 2547 aut
831 2525 951 2556 pauper

81 2554 112 2584 ἅ
135 2563 200 2585 non
223 2554 361 2587 facturus
385 2556 481 2587 idem.
505 2559 614 2596 priore
637 2555 706 2587 casu
726 2557 831 2595 potest
850 2559 950 2590 videri

80 2593 275 2633 locupletior
298 2596 366 2627 fieri
390 2606 462 2628 cum
480 2598 589 2637 injuria
607 2596 782 2637 pofl‘effo‘ris
806 2600 898 2631 bonae
915 2598 948 2631 fi.

80 2635 145 2667 dei.
168 2636 260 2676 igitur
275 2638 385 2668 reddat
405 2638 580 2678 impensas,
597 2648 630 2670 ut
645 2639 780 2670 fundum
797 2641 949 2680 recipiat:

77 2685 181 2716 usque
191 2686 231 2707 eo
241 2677 404 2709 dumtaxat
420 2688 483 2719 quo
499 2680 666 2719 pretiosior
682 2680 783 2713 fastus
801 2681 864 2713 est:
884 2683 913 2714 ἃ
928 2682 950 2714 fi

75 2718 150 2758 plus
167 2718 273 2755 pretio
284 2718 374 2750 fundi
391 2720 536 2760 acceffit;
551 2721 650 2754 solum
667 2724 754 2761 quod
772 2723 949 2764 impensum

77 2759 132 2791 est.
156 2758 271 2791 Rursus
287 2758 387 2800 finge,
405 2770 575 2800 pauperem
588 2764 753 2795 dominum
766 2788 775 2804 ,
792 2775 853 2796 nec
865 2766 950 2797 idem

76 2800 247 2833 saetarum.
262 2809 373 2832 contra
383 2800 485 2840 Judex
502 2813 559 2842 pro
576 2803 627 2834 sua
644 2807 885 2845 moderatione,
903 2807 951 2838 fo-

76 2852 112 2873 re
129 2843 240 2873 dui-um
258 2842 381 2881 putabit
393 2865 402 2880 ,
419 2852 453 2873 ut
472 2845 503 2875 id
521 2845 654 2876 reddere
671 2856 824 2888 cogatur,
843 2857 951 2880 caren-

79 2884 156 2915 dum
173 2883 416 2914 haberelaribus
428 2907 436 2921 ,
452 2882 624 2923 sepulchris
642 2888 754 2927 avitis,
770 2889 801 2920 id
818 2890 884 2928 est,
901 2889 950 2920 his

77 2933 213 2965 propter
237 2934 305 2965 quae
322 2924 411 2955 fundi
432 2924 679 2959 vindicationem
703 2928 847 2961 instituit.
873 2930 948 2971 quid

75 2966 182 3007 ergo?
197 2975 238 2997 ex
255 2965 409 2997 sententia
419 2966 499 2998 Celsi
517 2966 948 3011 sufficet-ejiidicabitludex,

74 3008 133 3039 tibi
144 3009 286 3048 permitti
297 3032 304 3044 ,
323 3007 436 3038 tollere
453 3017 492 3039 ex
509 3009 555 3039 his
566 3009 658 3040 rebus
671 3020 739 3051 quae
750 3013 843 3051 poffis
854 3025 862 3044 z
874 3014 948 3044 dum

81 3049 182 3080 itane
196 3050 338 3080 deterior
354 3048 390 3080 sit
406 3048 541 3087 fundus,
558 3052 686 3090 quamsi
705 3053 797 3083 initio
817 3063 880 3085 non
896 3054 946 3084 fo-

75 3097 126 3122 ret
141 3089 342 3122 aedificatum.
366 3091 396 3121 Si
410 3099 513 3121 tamen
525 3100 648 3131 paratus
661 3092 704 3123 est
717 3094 865 3126 dominus
882 3103 948 3126 tan—

72 3137 142 3163 tum
164 3133 255 3170 dare,
280 3140 432 3172 quantum
458 3133 621 3164 habiturus
646 3132 691 3164 est
709 3135 873 3173 poffeflor,
898 3136 948 3168 his

74 3173 170 3204 rebus
190 3173 318 3205 ablatis:
343 3175 413 3214 quis
439 3183 485 3204 Vir
511 3174 614 3205 bonus
638 3175 669 3206 δε
694 3175 813 3215 sapiens
831 3177 895 3208 hoc
915 3178 944 3210 ei

70 3214 240 3247 invideat?
255 3215 366 3248 nullus.
386 3213 499 3256 Egoiu
511 3215 638 3249 transitu
647 3216 712 3249 hoc·
730 3226 942 3260 quoquepru-

1018 365 1052 386 ut
1065 355 1110 387 est
1124 357 1251 395 plenum
1270 359 1443 406 honestatis
1454 386 1463 402 ,
1480 364 1585 405 Neque
1603 367 1723 397 malitiis
1738 369 1894 410 indulgen-

1015 398 1085 428 dum
1100 397 1155 436 est,
1166 397 1195 435 fi
1210 400 1359 432 retianum
1375 405 1486 444 (puta)
1502 408 1577 446 quod
1592 409 1743 443 induxeris
1751 409 1892 448 pffluras-

1014 447 1069 480 que
1077 440 1221 471 corradere
1233 443 1304 472 vatis
1314 465 1324 481 ,
1339 445 1556 484 nihillaturus,
1571 448 1627 486 m'fi
1643 456 1675 480 ut
1687 450 1805 492 afficias.
1830 451 1893 484 Res

1016 479 1165 526 pulchra,
1177 481 1207 512 dt
1217 483 1311 514 clara.
1329 492 1451 518 tantum
1467 488 1597 527 addam,
1610 496 1697 530 quod
1710 494 1754 524 tle
1771 493 1816 525 his
1827 496 1893 525 ele-

1012 529 1144 561 gantiis,
1161 532 1333 564 earumque
1350 526 1459 566 laude,
1483 537 1569 567 arte,
1593 534 1698 570 pretio
1717 534 1819 573 scripsi
1838 536 1891 566 De

1012 563 1156 603 zrsufrznfl.
1172 565 1220 595 lib.
1242 574 1267 596 ι.
1281 575 1372 610 cati.
1411 568 1571 602 Posti-ema
1599 571 1680 604 Celsi
1703 574 1887 608 observatio

1007 604 1075 642 est,
1100 604 1128 636 &
1145 604 1205 645 ipsa
1225 615 1288 638 non
1307 617 1431 648 iniqua:
1455 612 1485 642 Si
1511 621 1545 643 ea
1563 611 1599 643 sit
1615 614 1747 652 pei-sona
1765 618 1888 649 domini

1011 654 1080 686 quae
1094 654 1265 692 ¹receptum
1288 648 1422 682 fundum
1438 661 1515 684 mox
1531 655 1698 686 venditura
1717 656 1769 688 sit:
1795 658 1847 690 nisi
1865 660 1887 690 si

1010 689 1136 727 reddit,
1159 697 1312 729 quantum
1333 692 1430 730 prima
1448 702 1537 734 parte
1563 696 1651 726 reddi
1670 706 1824 738 oportere
1842 701 1888 731 di-

1009 730 1132 767 ximus,
1157 739 1197 761 eo
1216 730 1356 764 deducto
1375 741 1409 765 tu
1426 737 1692 769 condemnandus
1709 749 1752 770 es.
1790 740 1889 772 Nem—

1008 779 1069 815 pe,
1093 771 1240 816 quiajam
1260 772 1337 804 nihil
1356 775 1475 815 refert,
1500 779 1551 808 cui
1576 780 1713 818 vendas,
1737 781 1887 821 possesso-

1008 821 1052 850 ri,
1075 821 1115 842 an
1135 813 1204 858 alii:
1230 815 1340 854 utique
1365 818 1576 858 venditurus,
1600 821 1633 851 id
1659 821 1723 861 est,
1747 821 1886 855 fundum

1007 861 1078 884 cum
1097 862 1203 893 pretio
1222 864 1407 890 mutaturus.
1433 858 1480 891 Ita
1496 860 1564 891 fei-e
1584 860 1691 894 Celsus
1708 864 1736 894 ci.
1752 863 1772 895 l.
1789 866 1887 898 etiam

1007 894 1141 970 gaulus&
1161 894 1281 936 Gajus,
1296 897 1494 941 Pomponius
1505 902 1524 933 l.
1539 911 1588 943 27.
1606 903 1634 944 §.
1646 905 1729 936 zalal.
1741 910 1791 940 28.
1809 906 1887 944 l.29.

1057 945 1107 975 30.
1143 960 1148 967 .
1167 944 1188 968 t.
1392 974 1394 978 ,

1048 976 1124 1009 Dixi
1137 978 1176 1010 de
1190 979 1259 1020 jure
1273 980 1369 1013 bonae
1385 982 1458 1015 fidei
1476 984 1655 1025 possefforis
1666 987 1887 1029 circaimpen-

1006 1017 1051 1050 sas
1069 1019 1171 1052 utiles.
1189 1023 1262 1061 quid
1275 1023 1304 1053 in
1322 1024 1493 1064 posi'eslore
1505 1027 1594 1057 malae
1612 1027 1713 1061 fidei?
1730 1031 1830 1070 posita
1845 1031 1886 1062 ab

1009 1070 1051 1106 eo
1069 1063 1168 1093 domo
1185 1066 1215 1094 in
1234 1064 1335 1095 aliena
1356 1075 1447 1106 arca,
1468 1066 1500 1099 id
1523 1068 1587 1108 est,
1613 1070 1642 1101 in
1663 1080 1766 1103 vacuo
1786 1073 1886 1112 loco,

1008 1111 1038 1146 in
1060 1110 1125 1142 quo
1144 1112 1208 1135 non
1227 1113 1294 1136 erat
1313 1107 1446 1147 domus,
1462 1108 1553 1141 faetae
1569 1110 1637 1142 sunt
1657 1113 1805 1153 impensae
1823 1115 1884 1145 uti-

1005 1143 1093 1188 liter,
1118 1154 1182 1176 non
1204 1146 1386 1180 necessario.
1417 1150 1477 1189 iam
1494 1150 1664 1184 aedificanti
1681 1163 1776 1196 negat
1792 1154 1887 1195 justi-

1006 1194 1115 1231 nianus
1132 1185 1160 1227 ᾖ.
1177 1197 1224 1228 30.
1249 1186 1320 1228 Iizft.
1338 1191 1371 1220 de
1387 1200 1440 1221 rer.
1460 1193 1542 1230 clivis
1570 1198 1799 1235 exceptionem
1815 1196 1883 1229 doli

1004 1228 1076 1257 mali
1095 1233 1133 1259 ad
1151 1230 1379 1269 repetitionem
1406 1233 1633 1273 impensarum:
1658 1237 1828 1277 praefatus,
1852 1239 1882 1270 ei

1004 1267 1093 1308 poffe
1105 1270 1201 1313 objici
1217 1272 1351 1312 culpam.
1369 1283 1463 1313 quam
1475 1275 1491 1306 ⁸?
1509 1278 1596 1315 quod
1613 1277 1819 1310 aedificaverit
1837 1289 1885 1311 te-

1005 1318 1093 1340 mere
1117 1320 1147 1341 in
1175 1321 1214 1343 eo
1238 1312 1307 1345 solo
1326 1317 1414 1354 quod
1432 1317 1632 1358 intelligebat
1651 1318 1713 1350 ess'e
1729 1320 1879 1353 alienum.

1003 1349 1056 1382 Sic
1073 1350 1280 1390 justinianus:
1299 1356 1394 1388 etia‘tn
1410 1355 1567 1398 Ulpianus
1583 1360 1601 1390 l.
1615 1369 1665 1401 37.
1682 1361 1729 1392 D.
1745 1363 1795 1393 h.t
1828 1362 1884 1394 nisi

1004 1396 1092 1439 quod
1108 1394 1271 1440 aliquanto
1288 1399 1358 1437 plus
1372 1398 1530 1433 observat.
1555 1399 1684 1433 Thema
1720 1402 1791 1444 Ego
1809 1404 1884 1435 aedi-

1002 1433 1093 1465 ficavi
1120 1445 1150 1466 in
1179 1438 1280 1469 aliena
1307 1448 1398 1480 area,
1422 1442 1510 1482 cujus
1535 1441 1631 1474 bonae
1653 1443 1728 1475 fidei
1748 1446 1881 1484 quidem

1002 1485 1131 1522 emptor
1156 1477 1221 1518 fui,
1246 1490 1356 1512 verum
1382 1491 1423 1514 eo
1446 1490 1595 1522 tempore
1615 1484 1788 1526 aedificavi,
1813 1496 1880 1528 quo

998 1527 1061 1558 jam
1073 1518 1207 1551 sciebam
1225 1521 1359 1554 alienam
1371 1546 1381 1562 ,
1397 1533 1436 1555 an
1453 1524 1532 1556 nihil
1543 1525 1620 1557 mihi
1638 1529 1792 1568 exceptio
1809 1538 1882 1567 pro-

1000 1558 1063 1605 fit?
1086 1569 1182 1606 negat
1206 1572 1246 1594 ex
1269 1563 1394 1603 juliano
1420 1565 1582 1606 Ulpianus.
1612 1567 1686 1606 etsi,
1712 1568 1882 1610 inquiens,

999 1600 1097 1646 quem.
1119 1603 1212 1642 poffit
1237 1604 1361 1645 videri,
1385 1607 1504 1638 debere
1528 1608 1674 1649 prodesse
1697 1610 1738 1641 de
1762 1612 1881 1643 damno

999 1642 1148 1674 sollicito.
1173 1646 1203 1676 in
1217 1647 1324 1686 priore
1341 1655 1448 1680 tamen
1465 1648 1618 1681 sententia
1634 1649 1751 1690 perstat
1767 1651 1880 1693 Ulpia-

1001 1693 1077 1721 nus,
1101 1694 1166 1717 non
1192 1688 1334 1725 prodeffe
1354 1690 1429 1720 huic
1449 1692 1689 1730 exceptionem.
1712 1702 1806 1733 quarn
1833 1695 1878 1725 ob

999 1726 1099 1757 rem?
1129 1727 1296 1768 nimirum,
1321 1732 1409 1771 quod
1435 1741 1499 1764 non
1523 1733 1635 1764 debuit
1657 1734 1719 1773 jain
1740 1736 1879 1767 alienam

999 1776 1105 1800 certus
1123 1791 1132 1807 ,
1163 1769 1333 1803 aedificium
1357 1781 1498 1812 ponere:
1522 1776 1610 1815 quod
1636 1784 1675 1806 ex
1703 1776 1878 1814 justiniano

999 1816 1121 1841 tantum
1138 1813 1227 1851 quod
1248 1813 1378 1846 dietum.
1402 1813 1453 1846 sed
1473 1815 1537 1847 boc
1555 1816 1623 1855 plus
1641 1817 1684 1847 ait
1703 1817 1878 1859 Ulpianus,

999 1849 1036 1880 Ei
1057 1853 1303 1886 concedendum
1327 1855 1408 1894 effe,
1433 1864 1466 1886 ut
1485 1857 1546 1888 fine
1565 1858 1734 1898 dispendio
1752 1860 1879 1892 domini

999 1901 1079 1938 areae
1090 1894 1179 1925 tollat
1197 1896 1464 1937 aedificiuniquod
1477 1898 1589 1938 posuit.
1615 1902 1645 1930 iti
1658 1909 1794 1939 eamque
1812 1900 1880 1932 sen-

1001 1941 1133 1966 tentiam
1158 1945 1254 1968 etiam
1276 1937 1451 1970 Herasiano
1475 1941 1601 1972 cuidam
1618 1940 1772 1982 rescripsit
1790 1941 1877 1975 Gor-

999 1975 1108 2007 dianus
1125 1977 1143 2007 l.
1159 1988 1187 2018 5.
1206 1979 1238 2009 C.
1253 1979 1279 2009 h.
1296 1985 1316 2010 t.

1040 2016 1207 2058 Superest,
1224 2029 1257 2050 ut
1275 2021 1314 2052 de
1331 2021 1515 2061 voluptariis
1534 2022 1680 2064 impensis
1699 2024 1875 2057 videamus,

998 2057 1043 2090 est
1066 2069 1172 2091 autem
1197 2060 1307 2093 harum
1323 2086 1332 2101 ,
1357 2072 1417 2102 qua
1441 2063 1567 2103 talium,
1592 2066 1677 2097 nulla
1703 2067 1873 2099 dedaffio:

996 2099 1134 2132 ceffante
1149 2102 1238 2133 causa
1254 2103 1281 2134 ei
1293 2104 1401 2135 locum
1419 2104 1571 2137 faciente.
1601 2105 1666 2138 Nifi
1682 2106 1702 2139 si
1721 2109 1876 2148 probetur

994 2141 1118 2182 Judici,
1141 2152 1194 2174 aut
1211 2146 1377 2177 dominum
1395 2145 1484 2177 fuiffe
1500 2148 1626 2179 easdem
1642 2148 1799 2180 facturum
1817 2151 1876 2182 im-

995 2183 1105 2223 pensas
1118 2207 1127 2222 ,
1141 2193 1194 2216 aut
1210 2195 1283 2218 eum
1301 2196 1365 2219 rem
1382 2184 1501 2220 habere
1517 2190 1680 2229 venalem,
1696 2190 1725 2222 &
1741 2199 1876 2231 propter

995 2225 1150 2266 impensas
1171 2227 1240 2266 plus
1259 2227 1331 2259 fore
1349 2228 1612 2263 consecuturum:
1631 2241 1702 2263 nam
1720 2231 1785 2263 hoc
1801 2232 1875 2264 casu

996 2267 1239 2306 quodammodo
1263 2277 1403 2302 mutatur
1427 2271 1637 2310 impensarum
1659 2273 1784 2304 indoles
1800 2296 1809 2312 ,
1843 2274 1876 2306 δε

997 2317 1068 2348 quae
1084 2319 1158 2340 ante
1174 2319 1264 2342 erant
1280 2312 1488 2353 voluptariae,
1505 2322 1590 2344 nunc
1606 2313 1689 2354 quasi
1705 2314 1799 2347 utiles
1819 2314 1873 2346 ha·

995 2349 1062 2381 beri
1081 2350 1215 2391 poffunt.
1248 2361 1308 2384 nec
1327 2353 1426 2385 fuerit
1440 2354 1625 2392 absurdum,
1649 2357 1689 2385 ab
1707 2355 1767 2387 hac
1781 2356 1872 2389 causa

994 2392 1100 2423 locum
1118 2392 1186 2423 fieri
1206 2394 1411 2435 exceptioni,
1429 2396 1478 2425 cui
1497 2396 1638 2433 alioquin
1651 2404 1715 2428 non
1733 2397 1810 2429 effer
1826 2398 1871 2430 lo-

993 2442 1067 2465 cus:
1091 2435 1202 2474 utique
1226 2435 1245 2466 fi
1262 2435 1296 2466 sit
1318 2438 1409 2467 bonae
1426 2435 1499 2467 fidei
1518 2436 1669 2477 pofleffor
1685 2439 1737 2479 qui
1756 2449 1808 2470 eas
1824 2439 1871 2472 fe—

994 2475 1056 2506 cit:
1081 2485 1151 2507 narn
1179 2476 1319 2515 praedoni
1344 2478 1445 2518 probe
1463 2478 1605 2516 dicetur,
1631 2488 1695 2511 non
1710 2480 1870 2522 debuisse,

993 2517 1025 2547 iii
1042 2526 1108 2548 rem
1125 2517 1258 2548 alienam
1284 2518 1490 2557 supervacuas
1508 2519 1664 2560 impensas
1688 2519 1806 2554 facere.
1834 2532 1871 2555 uc

995 2566 1102 2589 tamen
1120 2558 1260 2598 potestas
1276 2560 1304 2590 ei
1323 2560 1415 2591 fieret
1433 2561 1649 2593 tollendorum
1665 2571 1778 2594 eorum
1797 2571 1868 2601 Quae

993 2598 1057 2630 sine
1068 2601 1264 2631 detrimento
1282 2600 1374 2640 ipsius
1392 2600 1436 2632 rei
1451 2602 1520 2633 tolli
1536 2602 1672 2644 possunt.
1689 2604 1709 2635 l.
1727 2614 1777 2646 39.
1796 2605 1825 2647 §.
1843 2615 1868 2637 1.·‚

994 2641 1042 2671 D.
1058 2642 1090 2671 de
1107 2642 1199 2672 hereti.
1215 2644 1296 2680 petit.

1036 2681 1133 2718 Satis,
1152 2684 1331 2723 utopinor,
1346 2684 1466 2723 liquet,
1484 2682 1609 2717 summae
1621 2685 1681 2717 esse
1697 2687 1727 2718 in
1745 2687 1810 2718 hoc
1822 2688 1868 2728 ju-

994 2723 1080 2754 dicio
1096 2725 1274 2764 aequitatis3
1291 2733 1330 2754 ne
1348 2726 1468 2765 petitor
1479 2726 1522 2757 ob
1532 2726 1686 2767 impensas
1698 2729 1748 2760 vel
1759 2729 1789 2760 in
1800 2728 1867 2760 fru-

993 2764 1061 2796 ctus
1078 2766 1128 2795 vel
1146 2766 1175 2795 in
1193 2775 1258 2796 rem
1277 2766 1410 2805 petitam
1427 2777 1444 2798 a
1462 2767 1633 2807 possessore
1651 2769 1767 2807 fatias,
1793 2779 1865 2801 cum

996 2806 1061 2844 ejus
1082 2805 1189 2845 injuria
1207 2805 1260 2837 fiat
1279 2807 1487 2848 locupletior:
1503 2810 1599 2848 idque
1617 2811 1728 2842 officio
1745 2811 1864 2850 judicis

993 2847 1171 2885 contineri3
1197 2856 1298 2887 usque
1314 2850 1415 2888 adeo,
1438 2860 1471 2882 ut
1488 2851 1637 2891 pofl'eli'or
1653 2851 1781 2892 petitori
1797 2861 1866 2883 rem

993 2887 1075 2918 suam
1087 2889 1349 2930 rellituerejuffus
1360 2915 1369 2929 ‚
1385 2901 1450 2923 non
1468 2902 1603 2933 cogatur
1619 2902 1727 2932 parere
1737 2915 1745 2926 .
1757 2902 1867 2931 quam—

993 2930 1046 2959 diu
1057 2939 1096 2960 ex
1108 2929 1153 2961 his
1162 2931 1291 2971 aliquod
1302 2933 1328 2962 ei
1339 2932 1487 2965 damnum
1498 2935 1662 2965 imminere
1674 2933 1776 2973 poffit.
1788 2932 1865 2979 Foro

992 2979 1074 3002 mam
1091 2980 1166 3002 vero
1185 2971 1324 3005 servandi
1341 2975 1495 3014 impensas
1515 2975 1575 3006 effe
1590 2975 1653 3005 dixi
1665 2997 1673 3011 ‚
1695 2983 1864 3014 exceptio-

992 3020 1064 3042 nem
1081 3012 1146 3044 doli
1161 3013 1252 3052 mali;
1275 3013 1345 3054 sed,
1362 3017 1449 3056 quod
1467 3026 1551 3047 nunc
1566 3015 1688 3054 insuper
1702 3015 1866 3049 observari

993 3054 1107 3092 velim,
1123 3063 1191 3086 eain
1210 3065 1273 3087 non
1287 3057 1372 3095 dari,
1391 3057 1445 3089 nisi
1462 3057 1640 3097 posiidenti.
1658 3057 1731 3095 quia
1746 3066 1861 3098 nemo,

992 3103 1106 3135 praeter
1121 3095 1322 3135 poffeflorem
1333 3123 1342 3136 ,
1353 3100 1544 3129 convenitur
1562 3099 1604 3128 rei
1622 3098 1839 3130 vindicatione
1850 3117 1862 3140 s*

991 3137 1019 3167 ἃ
1037 3136 1099 3168 sine
1114 3147 1150 3168 ea
1164 3137 1249 3170 usum
1267 3149 1330 3170 non
1349 3140 1445 3170 habet
1460 3141 1611 3178 exceptio
1629 3139 1694 3170 doli
1711 3140 1793 3172 malii
1816 3141 1864 3173 Sit

987 3176 1083 3219 igitur
1098 3182 1279 3219 repetituro
1290 3182 1319 3212 in
1332 3181 1474 3221 prcel'enti
1487 3180 1640 3218 impensas
1650 3189 1793 3221 paratum
1810 3192 1864 3214 ex-

986 3219 1147 3295 ceptioffls
1157 3223 1333 3255 remedium
1344 3246 1354 3261 ,
1371 3221 1391 3254 fi
1401 3221 1565 3262 possideat.
1590 3221 1710 3256 Verum
1718 3232 1755 3255 an
1766 3226 1863 3296 ²²¹}um.

1150 3272 1170 3303 3
1809 3274 1863 3296 ἲΟΕ
