2036 3495
167 129 239 164 aar.
585 116 616 150 G
649 124 669 149 iz
704 124 726 148 it
759 124 779 148 A
812 122 834 148 R
867 122 894 147 n
925 120 939 148 1

174 207 228 240 sed
244 206 318 248 quia
333 207 364 239 in
384 205 528 238 morbum
547 202 705 234 sonticum
721 200 786 233 abit
803 200 1047 244 furorgaequurn

170 248 222 281 'est
236 271 247 288 ‚
270 249 432 282 remittere
450 245 547 277 officii
569 244 810 284 qualiscumque
829 241 1049 274 neceffitatcm

178 290 200 322 l.
217 299 266 331 39.
288 289 316 330 §.
338 298 362 319 i.
387 288 423 321 &³
440 287 458 316 l.
476 288 528 322 46.
552 285 600 323 D.
615 286 649 315 de
664 285 796 327 judiciis.
839 281 915 315 Non
945 283 1048 315 minus

180 330 364 361 observatur
383 328 517 358 latitudo
534 325 702 357 verborum
716 349 725 363 ,
754 324 811 356 Uti
834 322 943 366 legaffic
957 347 966 362 ‚
991 325 1048 356 cir-

179 380 216 402 ea
236 370 363 402 modum
383 367 412 398 i&
428 366 565 398 formam
587 366 682 398 dandi
702 365 825 398 tutoris.
849 374 921 397 riam
939 375 979 397 ne
997 365 1049 396 liic

179 411 307 451 quidem
325 408 485 449 distinguit
509 406 595 439 Lex:
617 408 658 440 ab
680 408 739 439 hac
764 407 859 448 igitur
880 407 969 438 causa
994 407 1047 438 Ul-

179 454 289 492 pianus
306 450 337 480 in
361 449 380 480 l.
399 453 427 482 8.
452 449 481 490 §.
502 458 531 480 2.
556 449 603 480 D.
627 449 655 480 h.
680 454 701 480 t.
724 447 904 485 Tutorem,
927 448 1048 488 inquit,

180 493 210 524 ά
234 501 252 522 a
278 497 369 521 certo
388 497 536 531 tempore
560 490 655 527 dare,
678 491 708 521 <St
736 498 838 529 usque
862 489 901 520 ad
923 496 1046 520 certum

179 540 305 572 tempus
328 529 420 569 licet;
443 533 474 562 dt
504 531 559 562 sub
584 532 791 568 conditione,
822 530 853 561 &
883 539 984 571 usque
1009 531 1048 561 ad

179 572 411 605 conditionem.
453 565 642 612 Justinianus
657 571 686 613 §.
703 582 732 613 3.
753 569 824 611 Inst.
849 571 877 602 b.
901 577 921 602 t.
944 571 1048 610 addit,

179 614 275 645 etiam
290 620 365 644 ante
378 612 508 645 heredis
529 612 762 644 institutionem
779 612 861 644 dari:
886 612 914 644 δι
933 615 973 643 de
989 622 1048 650 eo,

178 655 302 694 inquit,
325 663 389 686 non
404 653 558 691 dubitari;
581 663 618 685 ac
641 654 725 685 forte
740 653 833 694 poffit
874 663 908 684 ro
924 654 1050 684 ratione

176 697 316 734 'cedere;
331 691 415 734 quod
433 694 464 727 in
483 695 567 726 hune
583 695 712 726 modum
729 693 835 726 scribit
877 695 965 725 auius
983 694 1002 724 l.
1022 703 1048 733 7.

179 738 227 769 D.
243 737 271 768 b.
286 742 308 768 t.
335 736 454 768 Tutores
470 745 527 767 non
544 736 579 766 ab
601 735 716 773 herede,
731 736 786 775 sed
810 745 828 766 a
850 733 977 775 testatore
1000 742 1048 774 po-

178 779 240 809 'tius
251 776 496 818 proficiscuntur,
513 774 605 814 fimul
619 782 706 817 atque
721 777 828 818 aliquis
843 776 919 807 heres
932 776 1047 807 extitis-

170 821 230 859 set.
254 829 323 850 nam
339 819 377 853 &²
390 820 448 859 ipse
462 817 539 848 heres
556 823 634 848 tutor
648 819 714 848 dari
724 816 833 858 pot-qh·
849 816 886 852 δ’
897 815 960 859 post
975 826 1047 848 mor-

176 867 234 892 -rem
247 859 355 890 heredis
370 864 451 890 tutor
465 858 537 889 reae
552 860 617 890 dari
629 856 727 899 potest.

218 900 377 939 Iudicavi,
399 908 552 940 quantum
573 900 739 940 propofito
754 898 884 938 sufficit,
908 899 1047 932 latitudi-

176 951 252 974 nem
268 939 375 981 Legis.
404 943 491 973 'nunc
515 940 622 981 paucis
643 950 753 982 agam,
778 941 1047 978 quemadmodum

176 983 214 1015 fit
232 981 445 1023 coangustata.
468 983 476 1013 i
503 982 565 1014 itur
588 982 643 1014 etli
669 981 850 1022 ampliffima
873 982 932 1013 [int
955 980 1050 1022 Legis

176 1024 296 1063 verba,
325 1023 380 1054 Uti
396 992 524 1064 legaffigr:
548 1023 654 1063 placet
670 1031 796 1059 tamen,
812 1021 897 1054 solos
916 1021 980 1054 dari
999 1029 1048 1053 tu·

176 1071 286 1104 tores,
309 1070 383 1096 eum
399 1064 514 1106 quibus
531 1060 577 1096 est
594 1064 772 1096 testamenti
788 1062 886 1095 factio
902 1063 922 1095 l.
939 1072 988 1095 21.
1001 1063 1047 1094 D.

178 1106 209 1138 h.
226 1112 248 1138 t.
272 1107 338 1138 imo
353 1106 404 1137 vel
420 1107 459 1137 ab
478 1106 525 1137 his
548 1105 707 1145 excipitur
730 1105 860 1137 Latinus
887 1104 1048 1144 Junianus.

179 1148 294 1179 'narnis
311 1147 410 1179 habet
429 1147 559 1188 quidem
583 1145 762 1179 testamenti
785 1144 974 1178 factionem:
996 1145 1048 1177 sed

177 1196 287 1221 tamen
319 1196 407 1220 tutor
428 1189 494 1221 dari
515 1197 580 1220 non
606 1187 731 1230 potest;
762 1188 836 1228 quia
860 1186 930 1218 Lex
958 1186 1049 1227 Junia

179 1229 349 1271 prohibet:
370 1230 498 1261 auctore
523 1228 662 1270 Ulpiano
685 1228 717 1261 in
740 1227 855 1271 Fragm.
880 1230 927 1259 u'r.
950 1237 995 1259 x1.
1019 1227 1050 1269 §.

182 1275 233 1304 16.
276 1271 373 1304 Poffit
391 1280 522 1312 quoque
538 1271 599 1302 huc
616 1269 696 1302 trahi
711 1273 798 1311 quod
817 1279 858 1302 ex
880 1269 928 1300 lib.
946 1279 975 1310 3.
995 1267 1049 1299 Re-

175 1312 318 1354 gazarum
332 1311 456 1344 Neratii
470 1313 513 1343 ita
532 1311 646 1352 legitur
663 1312 694 1343 in
710 1312 729 1343 l.
745 1311 799 1343 ult.
816 1311 863 1342 D.
881 1311 914 1341 de
932 1310 1049 1348 tutelis,

177 1354 335 1386 Foeminae
353 1361 476 1385 tutores
495 1353 561 1385 dari
577 1362 640 1384 non
669 1352 811 1392 possunt:
832 1353 906 1391 quia
928 1351 959 1383 id
982 1360 1050 1382 mu—

180 1405 240 1428 nus
255 1394 466 1427 masculorum
483 1395 544 1426 est:
567 1394 621 1425 nili
636 1403 652 1424 a
668 1393 815 1432 Principe
839 1393 978 1425 filiorum
1003 1400 1051 1423 tu-

183 1435 265 1469 'telas
292 1435 469 1476 specialiter
500 1434 669 1476 postulent.
719 1434 838 1466 Praeter
863 1434 930 1465 liaec
953 1432 1051 1464 visum

181 1473 375 1513 Veteribus,
398 1485 435 1507 ca
460 1476 576 1513 verba,
603 1476 650 1506 uti
671 1473 799 1516 legaffit‚
821 1473 865 1506 fic
887 1475 1053 1514 accipere,

181 1518 265 1560 quasi
283 1516 407 1549 dixiss'et
427 1515 516 1555 Lex,
540 1517 585 1548 uti
603 1523 695 1548 certo
711 1515 845 1556 consilio
868 1516 998 1557 legaffit.
1022 1515 1052 1547 &

180 1559 230 1592 'est
242 1559 330 1590 causa
348 1557 620 1599 interpretationis
631 1558 738 1598 :quod
752 1559 878 1597 aeq'uum
894 1557 1052 1588 creditum

180 1600 245 1639 est,
269 1608 364 1641 quern
379 1607 472 1630 certo
487 1597 609 1639 judicio
624 1607 684 1639 pro
700 1598 799 1630 tutela
820 1596 880 1630 suae
892 1597 1054 1638 posterita-

180 1643 210 1674 ti
225 1650 339 1673 cavere
353 1635 381 1682 §.
400 1649 449 1681 27.
469 1638 541 1680 Inft.
557 1641 590 1671 de
604 1639 800 1682 legalis.inde
816 1639 1054 1678 obtinuit,cer·

180 1691 253 1715 tum
270 1684 412 1717 tutorem
435 1681 520 1720 dari,
540 1680 697 1713 incertum
713 1690 778 1713 non
792 1679 869 1712 dari.
891 1680 911 1712 l.
927 1689 978 1713 20.
1003 1680 1052 1712 D.

183 1725 215 1756 h.
231 1729 252 1755 t.
280 1724 434 1764 Ulpianus
451 1723 479 1754 d.
499 1722 547 1754 rit.
566 1731 610 1754 xi.
632 1722 663 1764 §.
685 1731 730 1761 14.
748 1721 813 1760 ait,
836 1729 977 1753 tutorem
995 1730 1053 1752 no·

180 1765 329 1799 minutim
352 1763 544 1796 testamento
559 1764 688 1803 datum,
720 1762 809 1805 Lege
828 1772 887 1795 xii.
912 1762 1055 1794 Tabula-

183 1815 256 1840 rum
275 1804 468 1838 confirmari.
489 1805 585 1847 igitur
603 1804 671 1836 fac:
693 1803 759 1836 duo
783 1803 854 1836 sunt
877 1802 979 1842 Titii,
1001 1812 1055 1844 pa·

184 1856 235 1880 ter
252 1847 283 1879 &
302 1846 400 1880 filius:
425 1853 512 1879 tutor
530 1846 622 1879 datus
637 1846 682 1878 est
693 1844 823 1884 Titius,
847 1854 908 1877 nec
924 1851 1056 1885 apparet

184 1890 227 1923 de
243 1898 309 1930 quo
326 1888 416 1921 sensit
432 1887 576 1920 testator.
599 1894 670 1919 uter
684 1888 776 1919 datus
793 1885 863 1919 est?
885 1887 927 1918 ait
944 1886 1057 1919 Paulus

186 1930 208 1963 Ζ.
233 1941 283 1972 3ο.
309 1931 355 1961 D.
379 1931 405 1961 b.
429 1935 451 1961 t.
473 1938 547 1961 etim
570 1929 680 1960 datum
704 1928 786 1967 effe,
809 1936 904 1968 quern
929 1929 1003 1959 dare
1026 1927 1057 1958 se

183 1972 320 2004 testator
345 1970 451 2003 sensit:
478 1970 498 2002 fi
515 1971 546 2002 id
565 1980 627 2002 non
653 1977 806 2011 apparet,
828 1978 890 2001 non
908 1970 957 2010 ius
980 1966 1057 2001 defi·

185 2024 279 2052 cere,
304 2011 356 2044 sed
379 2012 613 2053 probationem.
638 2012 731 2053 igitui-
755 2018 903 2043 neutrum
925 2009 988 2042 effe
1010 2018 1057 2041 tu-

186 2064 303 2088 torem.
347 2053 471 2094 Aliquis
487 2055 571 2085 dicat
587 2076 597 2090 ‚
620 2051 745 2084 obstare
767 2052 788 2084 l.
804 2056 831 2087 8.
856 2051 884 2094 §.
900 2061 930 2091 3.
955 2052 1001 2083 D.
1024 2051 1058 2082 de

189 2098 292 2140 legatis
316 2095 364 2128 lib.
386 2105 414 2126 2.
456 2094 517 2126 Sed
542 2093 754 2135 noowobstat:
778 2102 852 2125 nam
877 2093 921 2124 est
943 2092 974 2124 in
998 2091 1058 2123 bac

189 2138 274 2171 casus
296 2136 393 2175 alius,
415 2145 509 2177 quam
526 2136 557 2166 in
574 2136 601 2166 d.
620 2135 640 2167 l.
654 2144 706 2176 30.
748 2134 782 2167 Id
797 2134 963 2174 apparebit
987 2142 1058 2173 pro-

187 2179 294 2221 posito
310 2177 380 2210 casu
398 2187 404 2208 :
427 2178 478 2218 qui
495 2176 540 2208 est
556 2176 635 2208 talis.
679 2175 771 2207 Titio
791 2175 935 2207 relictum
953 2174 998 2206 est
1014 2174 1057 2206 le-

190 2231 310 2264 gatum.
333 2221 398 2251 duo
414 2218 484 2250 sunt
500 2216 598 2249 Titii:
617 2224 752 2258 uterque
769 2217 887 2248 amicus
905 2215 1056 2247 testatori.

192 2264 356 2295 dubitatur
367 2261 446 2299 ‚utri
464 2259 625 2291 debeatur.
644 2258 736 2290 heres
753 2259 836 2290 ultro
853 2266 977 2297 paratus
993 2256 1057 2294 est,

195 2304 320 2336 solvere
351 2303 490 2343 legatum
514 2302 553 2332 ad
578 2300 666 2340 qu'us
687 2299 876 2331 solutionem
903 2300 971 2339 jure
995 2306 1062 2329 non

193 2352 319 2387 poterat
336 2343 428 2383 cogi,
453 2351 583 2383 propter
605 2349 774 2373 incertum.
800 2349 895 2371 unum
911 2339 1062 2378 postulat:

192 2396 229 2418 ut
252 2386 421 2418 conveniat
446 2383 529 2415 inter
552 2392 628 2421 eos,
657 2384 717 2413 utri
739 2382 844 2422 potius
867 2380 987 2412 solvere
1010 2381 1063 2411 de-

195 2430 283 2460 beat.
329 2426 393 2459 Hic
416 2424 458 2457 ait
474 2424 602 2461 Paulus,
626 2423 646 2455 si
666 2432 800 2463 uterque
817 2422 894 2455 velit
912 2422 1064 2454 heredem

198 2467 372 2500 defendere
404 2465 552 2498 adversus
583 2465 733 2497 alterum:
762 2463 824 2496 effe
849 2463 975 2495 heredis
1002 2464 1064 2495 ele-

199 2509 358 2546 ctionem,
382 2517 398 2538 a
424 2517 488 2547 quo
519 2509 626 2547 potius
650 2505 781 2537 defendi
806 2505 897 2536 velit.
939 2503 1012 2536 Fuit
1036 2504 1066 2536 ἃ

199 2552 257 2583 alia
275 2548 354 2580 ratio
370 2550 557 2579 coercendae
576 2547 669 2588 Legis
685 2545 881 2587 amplitudini
898 2555 992 2585 quam
1009 2545 1064 2576 ob-

199 2592 302 2624 servat
320 2588 498 2621 Marcianus
514 2589 534 2619 l.
555 2598 619 2621 ii2.
643 2588 671 2630 §.
687 2598 716 2629 3.
741 2589 788 2619 D.
806 2589 838 2618 de
855 2588 956 2628 legatis
976 2587 1023 2618 lib.
1037 2595 1062 2617 1.

202 2635 237 2666 Si
252 2633 336 2673 quis,
358 2629 519 2668 inquiens,
549 2631 690 2670 scripserit
712 2626 875 2669 testamento
901 2627 969 2668 fieri
990 2627 1065 2668 quod

203 2681 303 2706 contra
311 2672 363 2713 jus
380 2669 436 2710 est,
459 2672 504 2701 vel
520 2672 601 2702 bonvs
618 2679 723 2701 mores:
753 2679 810 2700 non
833 2669 929 2699 valet:
951 2669 1064 2706 veluti,

196 2715 225 2756 fi
242 2716 306 2756 quis
316 2711 460 2752 scripserit
481 2719 580 2743 comm
603 2712 674 2753 Leges
691 2711 820 2752 aliquid,
841 2710 887 2741 vel
908 2716 1008 2740 contra
1024 2708 1065 2739 E-

203 2757 313 2789 dictum
337 2753 472 2785 Praezorrs
487 2773 497 2789 ,
530 2754 574 2783 vel
595 2756 682 2784 eliam
704 2758 787 2792 turpe
815 2751 934 2792 aliquid.
979 2749 1066 2781 Idem

201 2798 272 2836 est,
301 2795 322 2827 fi
348 2793 423 2834 quid
449 2792 557 2838 pupilli
581 2794 716 2825 utilitate
742 2792 909 2824 refutetur.
939 2791 969 2824 ἀ
998 2791 1067 2822 sunt

205 2837 354 2875 exempla
370 2837 401 2866 in
419 2834 438 2865 l.
452 2844 482 2874 5.
507 2833 535 2874 ᾖ.
552 2842 579 2873 7.
602 2834 629 2875 ᾗ.
647 2839 675 2868 8.
699 2834 736 2869 ὅ)
750 2833 778 2876 §.
795 2843 823 2870 9.
848 2834 895 2864 D.
921 2834 954 2863 de
974 2832 1067 2877 adrni-

202 2879 371 2921 nistratione
385 2882 524 2907 tutorum.
567 2873 640 2905 Plus
663 2877 832 2907 notandum
857 2873 921 2912 est,
944 2881 1023 2915 patri
1051 2882 1069 2904 a

205 2922 295 2962 Lege
311 2919 439 2959 quidem
459 2915 616 2957 permitti,
640 2923 777 2947 tutorem
801 2917 874 2947 dare
898 2915 956 2945 suis
979 2914 1068 2958 here·

204 2964 314 2996 dibus:
336 2959 388 2990 sed
403 2959 441 2989 ad
459 2957 547 2998 quod
565 2964 690 2995 teinpus
708 2958 887 2994 permittat,
910 2965 975 2987 non
994 2955 1067 2986 dici.

207 3004 252 3036 est
268 3003 381 3040 igitur,
405 3000 491 3039 quod
515 2998 553 3028 ad
575 2996 670 3028 verba
696 3004 828 3035 attinet,
852 2995 972 3028 infinita
989 2995 1068 3037 patri

204 3035 346 3086 potestas
371 3041 430 3073 hac
455 3040 484 3070 in
508 3047 620 3079 parte:
651 3037 744 3068 nullo.
763 3039 791 3067 in
822 3036 910 3078 Lege
934 3037 1069 3078 vestigio

204 3086 304 3116 aetatis
321 3092 381 3122 qua
405 3082 512 3112 tuteiae
536 3080 623 3111 datio
644 3077 934 3116 circumscribatur,
958 3077 1069 3118 aliquis

203 3126 306 3162 dicat,
331 3124 394 3155 lioc
419 3120 549 3161 intelligi
575 3120 641 3160 ipso
659 3118 766 3150 tuteiae
790 3117 878 3149 sono.
924 3119 985 3150 Sed
1007 3120 1069 3158 jam

202 3167 292 3206 supra
321 3164 513 3200 monstravi,
537 3161 592 3193 illo
615 3162 716 3192 verbo
737 3167 970 3199 quamcumque
993 3160 1069 3191 indi—

203 3209 297 3250 gitari
319 3204 536 3238 defensionem
559 3212 626 3235 non
649 3202 748 3235 modo
769 3199 987 3241 impuberum,
1018 3199 1070 3232 sed

998 110 1261 147 No'o‘nr

1318 110 1346 145 C
1378 120 1399 145 o
1432 117 1458 145 tx
1491 118 1528 143 M.

1089 196 1282 231 furiosorum
1299 207 1429 240 quoque
1447 199 1476 230 dt
1492 198 1822 246 prodigorlllii<1iiali1n
1841 203 1955 245 igitur,

1092 239 1142 284 vel
1160 239 1218 270 hac
1240 248 1329 279 parte
1351 249 1368 272 a
1385 240 1619 281 jurisconsultis
1642 243 1704 275 else
1728 243 1801 275 Fori
1825 245 1971 285 crispum,

1092 287 1180 312 tione
1194 280 1430 322 coangustatam
1450 281 1561 313 dandae
1577 283 1684 315 tutela:
1698 286 1958 326 amplitudinem

1089 319 1176 366 quasi
1195 331 1235 354 ex
1252 320 1347 363 Legis
1366 321 1536 354 sententia:
1560 332 1601 354 eo
1625 326 1713 365 quod
1738 326 1850 358 sobriis
1874 327 1960 359 seve-

1090 371 1196 402 risque
1214 363 1356 395 moribus
1376 362 1407 394 in
1431 364 1484 396 illa
1509 363 1603 395 seculi
1622 373 1827 407 paupertate,
1851 371 1961 399 crede-

1090 411 1201 435 rentur
1218 404 1365 435 homines
1382 403 1441 435 suae
1457 405 1566 436 tutelae
1583 406 1654 446 post
1676 407 1876 448 pubertatem
1902 408 1963 441 suf*

1090 443 1414 490 ficere..·quainquam
1438 455 1479 477 ne
1509 446 1659 487 pubertas
1682 450 1811 489 quidem
1838 452 1964 490 quando

1092 485 1236 531 masculis
1264 486 1484 527 contingeret,
1509 487 1562 519 nifi
1588 488 1674 528 seru,
1697 491 1867 522 convenit:
1890 500 1965 523 nota

1092 536 1134 558 ex
1151 525 1292 572 Ulpiano
1315 527 1361 557 tir.
1379 535 1425 558 xl.
1449 527 1478 569 §.
1497 533 1546 563 28.
1569 529 1609 560 de
1635 529 1697 562 hac
1723 531 1963 565 Sabinianorum

1092 568 1121 599 dt
1141 567 1420 606 Proculeianorum
1437 577 1564 610 pugna:
1585 570 1692 603 donec
1717 581 1789 604 cum
1812 573 1852 605 ab
1876 573 1963 612 aliis,

1092 617 1161 655 tum
1185 609 1234 655 ab*
1251 607 1389 655 Ulpiano
1413 609 1487 654 ¹25·
1512 610 1560 641 D.
1588 611 1652 654 Qui
1678 611 1787 654 testam.
1809 615 1870 653 fac.
1889 614 1961 656 poff.

1093 658 1172 680 itum
1190 649 1252 681 suit
1268 658 1298 680 in
1317 649 1505 680 sententiam
1521 650 1667 692 Proculi,
1689 655 1889 695 pubertatem
1913 656 1961 687 so-

1093 690 1128 722 lis
1141 691 1233 734 annis
1251 689 1442 734 aestimantiS.
1484 688 1679 730 Imputemus
1694 697 1789 736 igitui-
1804 697 1962 735 interpre-

1093 731 1204 762 tationi
1219 731 1300 770 juris
1318 730 1430 775 Civilis
1443 753 1454 770 ‚
1500 733 1565 764 uod
1585 732 1666 775 Imp.
1682 735 1868 775 Justinianus
1885 738 1914 780 §.
1931 749 1961 780 3.

1091 769 1165 810 Ιιιβ.
1182 773 1214 802 de
1231 772 1327 803 tutelis
1343 771 1464 811 scribit,
1508 773 1664 807 ermiffum
1681 775 1742 808 esse
1758 782 1961 818 parentibuS,

1090 813 1199 845 liberis
1229 813 1445 853 impuberibus
1471 821 1553 854 quos
1575 816 1607 847 in
1633 817 1792 857 potestate
1822 819 1960 859 habent,

1091 853 1281 886 testamento
1299 861 1421 886 tutores
1437 854 1522 886 dare.

1129 893 1209 939 Dixi
1224 895 1264 927 de
1280 895 1380 926 modo
1396 896 1491 926 dandi
1508 896 1630 930 tutoris.
1654 898 1815 939 sequitur,
1837 900 1893 932 ubi
1909 901 1962 932 de·

1091 943 1152 968 tur.
1176 944 1218 967 ait
1234 935 1320 967 Lex:
1344 935 1436 977 Super
1445 939 1572 977 pecunia
1586 940 1789 981 tutelavefita.
1821 938 1892 974 Lex
1909 951 1964 980 pe·

1090 977 1217 1009 cuniam
1240 976 1320 1008 dixit
1346 985 1404 1017 pro
1427 977 1613 1012 hereditate.
1636 983 1802 1022 quomodo
1827 982 1858 1014 in
1878 982 1963 1024 'sopi-

1091 1020 1130 1049 cis
1148 1028 1172 1049 c.
1192 1022 1223 1053 8.
1260 1017 1378 1049 Cicero
1393 1041 1412 1062 ,Ι
1427 1017 1603 1063 Hereditas,
1625 1021 1748 1064 inquit,
1768 1021 1806 1063 est
1823 1025 1962 1064 pecunia.

1091 1059 1194 1092 Porro
1217 1067 1283 1090 non
1314 1057 1495 1100 fimpllciter
1520 1062 1564 1092 ait
1586 1062 1657 1095 Lex
1678 1085 1688 1104 ,
1726 1064 1818 1106 Super
1838 1066 1962 1105 pecunia

1082 1101 1161 1140 sua:
1185 1099 1238 1131 sed
1247 1100 1337 1140 super
1344 1102 1471 1141 pecunia
1489 1102 1616 1135 ruzelave
1636 1105 1698 1141 sua.
1741 1106 1784 1138 At
1807 1105 1873 1137 hoc
1888 1115 1966 1147 quo·

1091 1141 1191 1173 modo
1208 1141 1407 1189 accipimus?
1429 1151 1501 1188 pam
1517 1142 1597 1186 saepe
1614 1147 1655 1178 ita
1674 1146 1965 1188 comparatumest:

1091 1191 1126 1229 ut
1146 1182 1318 1228 conjunfnta-
1329 1191 1388 1223 pro
1404 1183 1625 1226 disjunctim&
1641 1188 1796 1228 disjuneta
1811 1197 1870 1228 pro
1885 1198 1964 1220 con-

1088 1223 1203 1264 junctis
1219 1232 1285 1255 acci
1312 1230 1425 1255 rantur.
1450 1223 1504 1257 sed
1523 1226 1620 1260 visum
1636 1228 1734 1260 Paulo
1758 1230 1776 1261 1.
1793 1240 1842 1271 53.
1862 1230 1908 1261 D.
1928 1231 1963 1262 de

1090 1266 1244 1311 verborum
1265 1232 1483 1311 fignificatione
1512 1266 1606 1310 Legis
1638 1271 1736 1302 verba
1767 1271 1963 1312 conjunctim

1091 1308 1260 1353 exaudire:
1282 1307 1347 1337 hoc
1363 1306 1494 1346 addim,
1519 1311 1606 1348 quod
1623 1319 1696 1343 cum
1714 1311 1847 1351 dicitur,
1870 1313 1964 1353 Super

1087 1353 1213 1393 pecunia
1229 1347 1375 1386 rurelave,
1397 1355 1483 1379 tutor
1497 1349 1660 1390 separatim
1676 1351 1739 1383 sine
1755 1352 1891 1392 pecunia
1909 1354 1964 1385 da-

1093 1397 1117 1420 r1
1133 1396 1196 1425 non
1212 1387 1329 1428 potest.
1373 1386 1435 1419 Sed
1451 1388 1482 1420 id
1500 1398 1630 1431 quoque
1647 1394 1723 1431 quid
1739 1392 1909 1433 significet,
1927 1395 1960 1426 in

1094 1428 1267 1469 quaestione
1287 1428 1348 1460 est:
1371 1437 1504 1468 putante
1526 1431 1693 1464 Hotmano
1714 1433 1754 1466 V.
1777 1433 1837 1466 Cr..
1860 1436 1907 1465 lib.
1930 1438 1961 1466 6.

1095 1471 1217 1510 Observ.
1240 1479 1262 1500 c.
1281 1480 1320 1509 5,
1343 1470 1405 1515 else
1423 1469 1510 1514 Pauli
1526 1472 1662 1511 sensum,
1680 1481 1801 1506 tantum
1821 1483 1963 1508 tutorem

1093 1511 1158 1543 dari
1175 1510 1243 1542 filio
1259 1511 1370 1541 heredi
1385 1509 1548 1551 instituto,
1563 1522 1628 1544 non
1645 1515 1740 1553 etiam
1755 1516 1963 1547 exheredato.

1093 1553 1156 1584 Sed
1173 1551 1292 1582 fallitur
1309 1549 1499 1584 Hotmanus.
1523 1562 1596 1584 nain
1615 1563 1664 1586 res
1687 1555 1776 1586 aliter
1797 1556 1827 1587 se
1851 1555 1967 1588 habet:

1095 1595 1125 1626 ἁ
1149 1592 1263 1625 Paulus
1278 1615 1288 1630 ,
1310 1601 1384 1624 cum
1407 1601 1521 1637 negat,
1544 1602 1686 1627 tutorem
1710 1595 1875 1637 separatim
1900 1597 1968 1629 dari

1095 1634 1159 1667 fine
1181 1633 1332 1679 pecunia:
1357 1633 1485 1674 voluit,
1516 1642 1657 1669 tutorem
1685 1646 1752 1668 non
1778 1637 1853 1669 alibi
1878 1638 1967 1677 dari,

1095 1684 1190 1716 quam
1211 1676 1266 1706 ubi
1291 1676 1384 1707 datur
1408 1674 1587 1717 hereditas,
1610 1686 1703 1718 quam
1728 1678 1797 1710 Lex
1821 1679 1969 1719 pecunias

1095 1716 1311 1758 appellatione
1327 1716 1517 1758 indigitavit.
1541 1727 1637 1760 atque
1657 1719 1722 1751 hoc
1745 1718 1767 1751 fi
1789 1720 1853 1752 est:
1874 1729 1972 1761 appa-

1095 1766 1169 1804 ret,
1187 1759 1275 1804 quod
1292 1755 1363 1789 Lex
1391 1766 1451 1804 ξπ.
1466 1758 1664 1793 Tabularum
1688 1760 1810 1801 noluit,
1834 1762 1969 1794 tutelam

1098 1799 1171 1843 alibi
1185 1799 1269 1838 dari,
1292 1808 1388 1840 quam
1402 1808 1433 1830 in
1450 1800 1657 1835 testamento:
1679 1801 1710 1834 in
1734 1811 1800 1842 quo
1825 1801 1890 1834 solo
1914 1802 1969 1835 he-

1098 1841 1216 1873 reditas
1246 1841 1348 1872 datur.
1392 1841 1512 1883 Utique
1539 1842 1707 1875 indubitati
1724 1844 1800 1884 J‘uris
1824 1843 1889 1882 est,
1912 1853 1968 1875 ne-

1099 1891 1162 1922 que
1178 1891 1235 1922 per
1258 1880 1444 1929 epistolam,
1467 1893 1572 1925 neque
1594 1893 1635 1915 ex
1658 1884 1851 1923 imperfecto
1877 1884 1969 1917 testa-

1099 1931 1229 1961 mento,
1252 1931 1391 1955 tutorem
1414 1924 1501 1968 redte
1523 1925 1588 1958 dari
1603 1925 1621 1956 l.
1637 1935 1666 1958 2.
1691 1925 1725 1958 C.
1742 1927 1776 1957 de
1794 1925 1971 1966 confirman-

1100 1967 1253 1997 dotatore.
1296 1963 1372 1997 Huc
1387 1965 1480 2006 igitur
1501 1967 1581 1998 redit
1598 1966 1683 1998 Pauli
1707 1967 1832 2003 sensus;
1855 1977 1894 1999 ne
1916 1977 1971 1998 va-

1100 2007 1162 2039 leat
1178 2006 1286 2037 tutelae
1303 2006 1408 2044 dati0,
1431 2007 1483 2039 nili
1506 2007 1526 2039 fi
1543 2006 1672 2039 testator
1688 2007 1776 2040 fimul
1791 2009 1830 2040 de
1846 2009 1945 2041 tutela
1956 2030 1969 2046 ‚

1100 2047 1131 2079 &
1148 2049 1188 2079 de
1206 2047 1358 2088 pecunia,
1381 2048 1412 2078 id
1429 2047 1492 2093 est,
1517 2049 1557 2081 de
1575 2048 1772 2088 hereditate,
1796 2048 1845 2081 sua
1863 2049 1970 2089 dispo-

1099 2095 1170 2121 nat:
1193 2089 1257 2119 hoc
1270 2088 1335 2127 est,
1357 2097 1420 2120 non
1437 2089 1530 2128 alias,
1551 2099 1644 2130 quam
1661 2089 1682 2122 fi
1702 2098 1840 2123 tutorem
1859 2094 1913 2122 det
1936 2092 1970 2122 in

1096 2129 1178 2175 iusto
1194 2129 1408 2169 testament03
1429 2131 1481 2161 ubi
1501 2132 1711 2164 hereditatem
1739 2131 1806 2164 dari
1828 2139 1974 2172 oportet.

1099 2172 1196 2211 idque
1208 2171 1270 2210 jam
1290 2172 1404 2211 probat
1427 2170 1526 2213 Gajus
1548 2173 1567 2203 l.
1590 2182 1616 2204 1.
1641 2173 1688 2204 D.
1708 2174 1735 2204 b.
1750 2178 1774 2206 t.
1807 2173 1836 2205 &
1855 2174 1974 2205 Mode-

1099 2212 1197 2244 stinus
1215 2213 1235 2243 l.
1254 2220 1280 2243 1.
1302 2211 1332 2253 §.
1355 2221 1380 2244 1.
1405 2211 1453 2244 D.
1477 2216 1510 2244 cle
1532 2213 1661 2253 confirm.
1685 2220 1774 2245 tutor.
1818 2214 1914 2246 Plane
1938 2222 1974 2245 ut

1101 2261 1224 2285 tutores
1251 2252 1408 2286 codicillis
1433 2255 1517 2294 dati,
1544 2264 1602 2294 pro
1631 2264 1694 2286 non
1722 2255 1790 2295 iure
1813 2256 1892 2288 datis
1918 2256 1971 2286 lia-

1106 2295 1240 2327 beantur
1263 2294 1280 2324 l.
1299 2304 1329 2336 3.
1356 2296 1402 2326 D.
1420 2296 1448 2327 d.
1471 2301 1492 2327 t.
1518 2297 1583 2328 dati
1607 2303 1712 2328 tamen
1739 2297 1769 2327 in
1794 2296 1970 2333 codicillis,

1106 2335 1297 2368 testamento
1318 2335 1532 2376 confirmatis,
1555 2338 1688 2377 perinde
1703 2338 1917 2377 accipientur,
1935 2344 1973 2367 ac

1106 2377 1126 2409 fi
1142 2376 1332 2409 testamento
1347 2377 1410 2409 dati
1426 2377 1484 2410 fint
1500 2379 1521 2410 l.
1543 2388 1570 2411 1.
1591 2378 1620 2420 §.
1643 2388 1667 2410 1.
1695 2380 1741 2409 D.
1756 2381 1784 2409 d.
1800 2384 1821 2409 r.
1863 2377 1915 2408 Sic
1932 2386 1974 2408 ex

1108 2426 1220 2450 vetere
1241 2419 1357 2459 rigore.
1380 2420 1435 2458 qui
1452 2429 1488 2450 an
1507 2419 1641 2451 sublatus
1657 2418 1692 2450 sit
1709 2429 1726 2450 a
1749 2418 1919 2458 Justiniario
1942 2417 1975 2450 itt

1108 2460 1130 2492 b.
1146 2468 1196 2492 21.
1212 2459 1242 2501 §.
1264 2469 1288 2491 1.
1314 2459 1347 2491 C.
1369 2461 1403 2491 de
1425 2458 1618 2500 testamentis,
1642 2459 1728 2491 forte
1750 2458 1861 2499 aliquis
1884 2459 1976 2490 dubi-

1110 2508 1168 2533 tet.
1210 2501 1270 2534 Sed
1287 2510 1349 2542 ego
1367 2501 1410 2532 illi
1427 2503 1479 2542 qui
1502 2501 1543 2533 fic
1556 2500 1702 2538 censeat,
1729 2509 1790 2531 non
1816 2499 1977 2532 alsentiar:

1109 2542 1348 2580 animadverso,
1372 2551 1538 2582 parentum
1562 2543 1758 2573 voluntatem
1783 2551 1819 2572 ea
1838 2542 1908 2582 lege
1934 2550 1977 2573 erc

1107 2582 1298 2624 imperfefto
1319 2583 1510 2614 testamento
1533 2583 1616 2613 inter
1633 2582 1749 2613 liberos
1774 2581 1884 2615 servari
1909 2585 1978 2622 qui-

1107 2626 1181 2658 dem
1196 2625 1279 2655 circa
1295 2625 1399 2662 bona,
1422 2624 1463 2654 de
1479 2623 1592 2663 quibus
1609 2623 1795 2655 nominatim
1815 2624 1976 2664 loquitur3

1106 2666 1160 2697 sed
1177 2674 1242 2696 non
1267 2666 1362 2696 etiam
1379 2665 1463 2695 circa
1481 2665 1595 2696 tutelas
1617 2663 1789 2696 liberorum
1808 2665 1875 2696 aliis
1893 2674 1908 2694 a
1928 2674 1979 2701 pa-

1108 2706 1252 2739 rentibus
1273 2707 1382 2737 datas:
1411 2715 1481 2736 nam
1508 2707 1548 2737 de
1572 2705 1619 2737 bis
1650 2705 1746 2737 altum
1769 2707 1800 2736 in
1827 2714 1865 2737 ea
1889 2704 1978 2738 [ilen-

1109 2749 1199 2779 tium.
1225 2747 1358 2788 proinde
1375 2748 1460 2786 quod
1477 2748 1516 2779 de
1530 2747 1588 2778 illis
1606 2747 1741 2784 dictum,
1765 2746 1796 2778 id
1814 2748 1980 2786 quomodo

1109 2791 1148 2820 ad
1165 2789 1220 2819 lias
1237 2787 1430 2829 porrigatur,
1450 2798 1514 2819 non
1533 2788 1695 2829 intelligo:
1718 2795 1791 2819 eum
1807 2787 1979 2827 praesertim

1109 2830 1211 2862 soient
1231 2830 1314 2870 leges
1331 2838 1441 2868 novas,
1460 2830 1508 2870 jus
1526 2837 1616 2861 vetus
1634 2830 1859 2868 emendantes,
1883 2829 1980 2868 etiarn

1109 2871 1214 2903 striCte
1230 2871 1342 2910 accipi.

1150 2911 1247 2944 Nunc
1262 2912 1444 2950 videamus,
1467 2911 1544 2952 quid
1559 2910 1611 2942 sibi
1629 2909 1706 2941 velit
1724 2909 1812 2949 Lex,
1826 2919 1898 2942 cum
1916 2913 1982 2949 ait,

1111 2953 1219 2994 Ittzjus
1235 2951 1306 2994 est03
1333 2953 1404 2991 vel,
1429 2961 1461 2983 ut
1482 2951 1670 2992 justinianus
1688 2951 1804 2982 Novell.
1828 2961 1873 2983 22.
1898 2962 1923 2982 c.
1948 2961 1977 2983 2.

1112 2994 1226 3032 vertit,
1250 2992 1373 3031 Lexfit.
1400 3003 1478 3032 puto
1505 3002 1630 3031 autem,
1654 2993 1810 3032 respicere
1833 2996 1871 3023 ad
1903 2991 1983 3023 effe·

1112 3037 1196 3067 trum
1216 3034 1329 3066 tutoris
1350 3034 1539 3066 testamento
1565 3034 1648 3066 dati:
1671 3042 1808 3071 euinque
1830 3032 1980 3065 effectum

1112 3071 1198 3108 effe?
1214 3086 1248 3107 ut
1267 3077 1406 3107 voluntas
1425 3076 1521 3115 patris
1538 3085 1597 3115 pro
1615 3075 1684 3114 lege
1700 3074 1893 3105 observetur.
1912 3083 1983 3105 mo-

1112 3119 1155 3149 do
1176 3117 1211 3149 iit
1227 3117 1296 3157 jtire
1313 3118 1403 3149 datus
1419 3125 1530 3149 tutor:
1560 3117 1613 3157 qui
1636 3117 1764 3147 demum
1789 3114 1980 3146 testamento

1111 3160 1202 3190 datus
1222 3158 1408 3198 intelligitur
1425 3158 1444 3188 Ζ.
1462 3168 1490 3199 3.
1506 3157 1534 3198 §.
1556 3166 1584 3189 1.
1603 3157 1646 3188 D.
1667 3157 1685 3186 b
1712 3163 1733 3187 τ.
1751 3153 1804 3186 nisi
1820 3155 1885 3186 hoc
1903 3165 1982 3197 quo-

1113 3208 1176 3241 que
1192 3199 1398 3233 desideratur:
1423 3205 1454 3231 ut
1474 3200 1554 3232 adita
1573 3207 1614 3230 ex
1631 3197 1820 3230 testamento
1837 3196 1873 3230 sit
1889 3196 1982 3268 hege·

1959 3246 1980 3266 [-
