2052 3487
398 87 476 124 De
526 86 837 122 Poenoue
888 96 957 121 Er
1008 86 1270 123 Usunrs.
1320 87 1422 122 LIB.
1461 85 1531 121 111.

61 175 247 218 constiturum
262 175 321 215 fit,
346 182 379 208 ut
398 177 554 207 minoribus
570 174 681 215 viginti
701 174 828 216 quinque
845 175 930 206 armis

59 224 151 256 ulurae
175 217 331 250 omnimodo
359 215 530 260 prcesteniur
547 239 557 254 ‚
588 222 682 246 tamen
699 226 756 246 uon
775 223 825 255 pro
851 225 930 246 mora

61 260 111 292 boc
135 261 294 291 hahendam
315 258 374 300 ests·
397 269 482 300 quam
504 256 606 297 sufficit
617 256 705 297 semel
724 256 925 302 interveniffe,

61 311 93 334 ut
113 309 244 342 perpetuo
266 303 429 332 debeantur.
473 299 534 331 Sed
553 301 592 329 de
608 300 635 329 cl.
659 298 678 330 l.
701 308 730 337 5.
756 298 807 328 vel
826 300 929 329 nimis.

59 344 115 375 nili
141 343 319 374 addendum
345 342 465 379 adliuc3
490 341 577 380 quod
606 338 742 379 separata
767 340 806 370 ab
825 349 860 369 ea
884 338 929 370 cll:

60 386 88 416 d.
111 385 128 415 l.
150 395 178 426 3.
204 385 236 416 C.
275 384 310 415 In
353 385 433 414 uilius
453 380 544 418 caufis
561 381 759 420 iri-integrum
788 378 928 420 restitutio

59 437 124 459 nece
149 427 212 458 ntia
237 435 293 456 non
315 427 340 465 ε]
362 435 371 455 .·
393 432 465 454 cum
490 422 566 453 olim
589 422 618 452 ci
634 420 811 452 conaeserit.
836 421 881 452 est
898 431 927 452 e-

61 471 126 501 nim
144 469 254 499 eadem
277 468 438 505 utriusque
457 461 642 502 Inscripti03
666 463 761 494 etiam
782 463 868 494 idem
895 472 927 493 u-

63 509 204 550 triusque
223 517 331 540 tenor:
354 507 418 537 imo
434 504 479 536 est
496 505 525 536 in
543 504 720 545 posteriore
738 505 819 535 ratio
846 504 926 542 prio-

60 556 112 584 ris.
137 550 231 591 quid,
254 548 273 580 fi
289 558 328 580 ex
345 548 506 586 utriusque
529 545 756 586 conjunctione
774 543 870 577 facile
887 545 927 576 ad

61 602 183 625 certum
200 590 324 622 accedit
344 587 462 623 sensus,
481 587 630 618 hactenus
650 586 758 619 saltem
777 587 925 627 probabi-

60 635 110 666 lis.
135 633 185 665 sed
208 633 232 663 is
255 630 385 671 liquebit
411 628 492 659 fasta
516 629 681 668 utriusque
706 629 769 660 loci
794 631 926 668 conjun-

63 676 187 707 Ftione:
209 672 294 711 cujus
313 671 375 702 hoc
389 669 516 710 apposui
536 671 729 708 exemplum,
760 669 848 710 Impp.
871 669 927 700 Di-

62 717 139 748 orlei.
165 714 200 749 ὃ
219 712 345 744 Maxim.
369 711 439 743 AA.
459 710 584 742 Decimo.
609 712 727 743 (jurabit
746 711 850 746 Praeles
862 717 927 751 pro-

61 758 181 794 vincae,
204 755 360 794 compeliere
374 758 522 793 emptorem
543 753 594 793 qni
625 752 729 783 nactas
739 751 928 792 poſjeffionenz

57 797 176 841 frucius
190 796 333 837 percepit,
352 800 464 835 partem
482 795 570 834 pretii
585 804 672 835 quam
684 801 768 834 penes
776 798 810 833 Je
826 795 927 832 babet,

64 851 129 872 cum
144 839 238 877 usuris
254 833 418 876 restituere.-
431 845 502 877 quas
521 835 556 869 ἐπ’)
564 841 758 876 perceptorum
767 834 929 875 frutiunm

63 883 136 913 ratio
147 904 156 917 ,
182 878 217 914 &²
234 879 350 909 minoris
367 880 459 908 aeiaris
466 877 561 916 favor
585 878 599 917 (
611 878 676 908 licet
692 877 774 908 nulla
792 886 871 908 mora
887 878 930 907 in-

65 920 238 963 tercefferit)
257 919 416 961 generavit.
446 918 575 958 quando
597 920 628 949 in
650 920 792 949 minorum
809 918 931 958 persona

66 966 166 1004 reipsa
189 963 278 1003 (ἃ)
302 970 337 992 ex
345 960 405 998 Jolo
423 965 542 1000 ternpore
559 961 647 991 tardae
660 960 749 999 pretii
754 959 929 1000 solutionis,

66 1011 167 1046 recepto
183 1006 247 1046 jztre
272 1012 377 1033 moram
397 1000 466 1040 fieri
487 1002 628 1031 creditum
641 1000 701 1042 est:
723 1002 754 1032 in
767 1001 811 1032 his
826 1001 929 1032 videli-

68 1054 127 1085 cet,
149 1056 209 1088 qnae
232 1053 336 1075 mortim
359 1041 537 1080 desiderant,
560 1043 590 1072 id
613 1041 652 1081 esi}
668 1066 677 1082 ‚
709 1043 740 1073 in
763 1043 838 1073 bonte
858 1041 930 1081 fidei

69 1087 280 1124 contractibus,
317 1083 352 1119 &³
374 1081 590 1124 fideicommzffis
617 1083 654 1118 &⁸
678 1084 790 1124 legatis.
837 1084 929 1116 Hanc

70 1128 323 1168 conjunctionem
346 1135 414 1164 quae
438 1126 482 1157 est
504 1125 629 1165 elegans
645 1149 655 1163 ,
686 1125 751 1165 ipse
774 1134 838 1156 non
864 1125 929 1157 ani·

69 1170 220 1202 madverti
244 1169 347 1208 priore
363 1165 476 1206 Operis
498 1166 586 1206 hujus
601 1167 763 1201 editione,
789 1165 840 1198 sed
858 1176 928 1198 eam

70 1211 174 1242 debeo
196 1209 348 1241 induilriae
373 1210 400 1239 ὅ(
425 1208 609 1239 humanitati
637 1207 813 1240 Doffissimi
840 1207 928 1247 Viri,

69 1252 215 1292 joliannis
242 1250 307 1281 Van
331 1250 370 1280 de
397 1249 526 1286 Watet,
549 1248 767 1289 jurisconsulti
794 1248 927 1290 Ultraje-

71 1295 167 1331 elini,
196 1291 345 1323 auditoris
375 1291 533 1331 quondam
559 1291 647 1330 mei3
679 1292 730 1330 qui
756 1300 824 1322 eam
853 1291 928 1322 mini

72 1335 181 1367 deinde
198 1334 228 1365 in
244 1331 388 1365 familiari
404 1330 546 1364 sermone
563 1330 719 1374 suggessit.
752 1333 839 1373 quod
857 1332 929 1364 reti-

1786 94 1853 130 213

974 182 1048 206 cere
1065 184 1170 215 neque
1188 176 1295 213 volui,
1320 185 1425 217 neque
1441 175 1547 209 debui.

1014 216 1172 247 Caetcrum
1204 227 1242 248 ex
1277 217 1323 248 liis
1351 216 1484 257 intelligi
1507 224 1638 257 quoque
1661 215 1782 255 poterit
1808 213 1849 245 se-

973 265 1074 295 quens
1093 257 1253 298 Papiniani
1274 259 1363 290 locus
1384 259 1414 289 in
1432 258 1448 289 l.
1472 268 1493 289 ι’.
1519 257 1548 300 §.
1577 269 1602 289 1.
1631 256 1670 287 D.
1695 257 1728 287 cle
1742 258 1846 293 usuris.

973 299 1007 329 Si·
1024 299 1116 336 socius
1147 301 1207 330 ideo
1233 301 1463 331 condemnandus
1487 306 1540 330 eric
1556 323 1565 338 ,
1596 299 1670 340 quod
1692 299 1847 338 pecuniam

971 350 1147 371 coiiziiiunein
1171 343 1334 379 invaserit,
1357 342 1402 372 vel
1427 342 1458 371 in
1472 345 1536 379 snos
1562 342 1628 379 usin
1653 339 1844 377 convenerit,

971 383 1146 419 omnimodo,
1170 384 1258 414 eiiam
1281 393 1360 414 mora
1385 392 1441 413 non
1466 383 1673 413 interveniente
1691 403 1699 419 ‚
1727 378 1845 421 preastit-

970 425 1078 453 Dnmur
1095 426 1193 455 ulline.
1229 423 1413 465 Significat,
1437 424 1575 461 socium,
1600 422 1620 454 si
1637 430 1844 454 communem

971 465 1141 504 pecuniam
1158 465 1321 504 invaserit,
1343 466 1393 496 vel
1411 467 1440 495 in
1457 464 1526 495 usus
1544 467 1613 496 luos
1627 464 1844 499 converterit,

970 504 1373 548 ediaspcioffloerpellams
1390 516 1453 537 non
1470 506 1525 544 iit,
1537 507 1614 537 eiad
1632 504 1734 537 usuras
1754 513 1843 535 tene-

970 548 1005 578 ri.
1055 546 1236 586 Justiffime:
1261 549 1380 588 quippe
1396 548 1551 578 convenit
1569 546 1722 578 distinctis
1740 546 1842 577 domi-

970 588 1049 627 niis,
1068 591 1170 628 utqui
1188 588 1348 627 rescierit,
1366 589 1443 629 quid
1460 589 1498 619 ab
1517 589 1579 619 alio
1596 588 1635 619 ad
1653 587 1681 618 se
1702 585 1841 625 veniffe,

971 630 999 661 ei
1026 629 1089 661 hoc
1112 631 1196 662 ultro
1221 630 1371 662 restituat.
1398 629 1450 660 sed
1474 639 1534 661 nec
1552 630 1617 671 agit
1634 627 1737 660 socius
1753 629 1842 669 quod

973 670 1047 702 socii
1067 670 1122 711 fit,
1146 672 1258 704 volens
1282 672 1337 703 fibi
1359 672 1446 712 quod
1465 670 1552 702 socio
1578 670 1678 709 nolit;
1705 679 1777 710 quia
1796 669 1841 700 so-

971 712 1069 743 cietas
1101 715 1163 752 (ut
1189 712 1313 745 ostendi
1335 713 1383 744 lib.
1411 722 1437 744 1.
1460 722 1484 743 c.
1509 713 1567 752 v.)
1596 713 1774 744 animorum
1804 721 1843 740 ze-

970 755 1079 794 quatio
1105 754 1168 792 est,
1193 756 1223 786 ὅτ.
1246 755 1391 795 quaedam
1416 754 1514 785 veluti
1538 754 1643 794 imago
1659 752 1844 783 fraternita-

971 803 1020 827 tis.
1067 794 1166 836 Igitur
1184 805 1250 836 quo
1268 804 1417 835 tempore
1440 794 1543 827 socius
1567 802 1773 826 communem
1801 794 1846 824 in-

970 836 1056 868 vadit
1075 838 1243 877 pecuniam
1268 838 1317 868 vel
1343 839 1424 869 hanc
1441 836 1580 868 lucrandi
1598 836 1705 867 animo
1723 836 1754 866 in
1775 833 1844 867 usus

971 877 1041 909 suos
1059 879 1240 913 convertit,
1256 878 1286 910 ἅ
1303 888 1363 919 pro
1380 878 1485 917 socio,
1502 878 1531 910 &
1550 877 1647 916 furti,
1665 884 1800 908 tenetur.
1821 876 1843 908 l.

973 928 1024 958 45.
1041 918 1083 950 D.
1108 919 1165 950 Pro
1175 921 1261 959 socio.
1288 929 1344 959 ac,
1369 929 1559 961 quamquam
1577 929 1593 950 a
1611 918 1698 950 socio
1715 928 1779 950 non
1797 918 1845 949 in-

973 961 1159 1001 terpellatur
1175 983 1185 999 ,
1219 968 1325 992 tamen
1357 961 1387 993 ἂ
1411 962 1441 993 vi
1465 961 1626 999 dominii,
1657 961 1687 991 &
1713 959 1846 991 societa-

973 1002 1028 1039 tis,
1059 1002 1090 1033 id
1116 1001 1180 1041 est,
1205 1002 1268 1043 ipsa
1292 1012 1395 1034 rerum
1420 1003 1576 1041 veritate,
1599 1003 1630 1033 in
1655 1011 1743 1033 mora
1769 1010 1847 1032 cori-

972 1043 1108 1074 stituitur
1133 1043 1152 1074 l.
1180 1045 1207 1074 8.
1234 1043 1262 1084 ἓ.
1292 1052 1318 1074 1.
1349 1043 1385 1078 &⁹
1409 1044 1428 1075 l.
1452 1044 1507 1075 ult.
1533 1042 1576 1075 D.
1610 1045 1642 1075 de
1670 1041 1844 1074 condifflione
1884 1069 1889 1072 .

964 1085 1109 1124 furtiva,
1132 1084 1151 1115 l.
1181 1093 1225 1121 19.
1251 1084 1291 1116 D.
1318 1085 1351 1115 de
1371 1086 1404 1116 vi
1428 1084 1465 1119 δέ’
1487 1087 1520 1116 vi
1542 1091 1681 1123 armarat,
1704 1085 1844 1124 denique

972 1126 1162 1157 omnimodo
1180 1126 1284 1157 usuras
1302 1126 1460 1166 praestabit
1473 1150 1482 1165 ,
1496 1126 1591 1158 etiam
1609 1135 1699 1158 mora
1715 1135 1779 1157 non
1798 1127 1844 1156 in-

971 1167 1192 1206 terveniente,
1209 1168 1239 1198 id
1257 1166 1321 1205 est,
1345 1169 1440 1200 etiam
1456 1167 1519 1199 fine
1536 1168 1678 1208 personae
1692 1166 1844 1207 interpel-

971 1209 1112 1248 latione,
1135 1218 1206 1249 quae
1226 1209 1357 1250 proprie
1373 1218 1460 1241 mora
1476 1209 1664 1249 appellatur.

1013 1249 1101 1281 Idem
1128 1250 1179 1282 vel
1203 1249 1300 1282 simile
1323 1252 1352 1281 in
1379 1249 1525 1291 deposito
1549 1249 1610 1282 esse
1627 1273 1636 1288 ,
1660 1248 1844 1294 Gordianus

971 1292 1081 1323 auctor
1093 1291 1156 1330 est;
1179 1291 1200 1322 fi
1220 1291 1426 1332 depofitarius
1442 1302 1476 1323 re
1493 1291 1634 1331 depofita
1651 1290 1720 1322 usus
1733 1289 1788 1327 fit,
1800 1298 1844 1321 in-

972 1336 1041 1367 vito
1065 1333 1198 1365 domino
1216 1334 1234 1364 l.
1258 1343 1287 1374 3.
1311 1332 1347 1368 (22⁹
1363 1344 1393 1373 4.
1419 1333 1453 1365 C.
1478 1331 1592 1374 depositi
1607 1332 1654 1364 vel
1670 1336 1780 1363 contra.

787 1443 999 1480 CAPUT
1051 1443 1118 1480 XI.

245 1532 344 1580 Usque
372 1533 414 1568 ad
437 1545 523 1580 quenz
550 1535 627 1568 diem
654 1532 753 1581 nfurae
784 1535 817 1568 in
842 1536 926 1570 honre

325 1581 437 1630 fiensus
461 1584 481 1619 l.
512 1595 541 1618 r.
571 1582 600 1630 ᾗ.
630 1594 662 1620 2.
690 1584 737 1619 D.
763 1585 797 1619 de
824 1583 944 1631 usuris,

65 1670 146 1746 Ex
163 1670 210 1703 his
227 1680 376 1712 apparet,
387 1671 530 1704 usui-asin
546 1671 640 1703 bonae
650 1670 856 1711 fideiJudiciis
865 1672 934 1704 offi-

147 1712 329 1752 ciojuuicis
340 1714 527 1753 plerumque
537 1723 576 1744 ex
586 1723 674 1745 mora
684 1713 812 1746 deberi:
836 1714 933 1745 inter-

70 1755 144 1786 dum
160 1754 254 1785 etiam
271 1755 478 1792 omnimodo,
500 1763 588 1785 mora
603 1764 668 1786 non
687 1754 935 1787 interveniente.

69 1796 220 1834 quamdiu
231 1795 248 1827 ἱ)
264 1804 364 1835 usque
380 1796 409 1826 in
421 1796 504 1827 diem
516 1796 801 1828 condemnationis.
826 1796 935 1838 Quid,

68 1837 91 1868 fi
108 1836 338 1868 condemnatus
355 1837 472 1868 tardius
487 1844 594 1876 pareat
609 1835 799 1868 sententiae‘?
814 1838 858 1868 ait
879 1836 936 1868 Pa-

67 1878 212 1919 pinianus
235 1877 252 1908 l.
281 1887 305 1908 1.
329 1877 356 1919 §.
382 1887 410 1909 2.
436 1876 478 1908 D.
501 1879 534 1908 de
550 1877 653 1916 usuris.
696 1877 763 1908 Nec
778 1883 873 1909 tamen
884 1878 935 1919 jio-

68 1920 125 1950 <lex
134 1919 242 1959 judicii
258 1919 333 1949 hence
343 1917 416 1958 fidei
442 1917 515 1949 reete
534 1919 645 1960 jubebit
661 1919 806 1958 interponi
827 1920 937 1950 cautio·

70 1970 137 1997 ner,
163 1958 234 1997 nisi
257 1961 369 1990 tardius
391 1961 536 1997 lt¹ntentiae
557 1961 763 1991 condemnatus
781 1961 936 2000 paruerit,

61 2002 167 2041 futuri
190 2003 320 2041 temporis
341 2002 509 2040 pendantur
531 2003 635 2037 usurce.
688 2001 877 2040 Papinianus
903 2000 935 2032 si-

67 2041 216 2083 gnificat,
233 2043 319 2083 quod
337 2042 439 2080 =ludex
455 2043 582 2074 datusin
595 2042 689 2073 bonae
704 2041 777 2073 fidei
792 2042 936 2082 judiciis,

69 2083 125 2115 etii
142 2093 229 2114 reum
257 2086 452 2114 condemnet
474 2085 504 2114 in
523 2082 626 2114 usuras
643 2085 794 2124 praeteriti
814 2092 937 2124 tempo-

69 2126 112 2157 ris
134 2134 231 2165 usque
256 2125 286 2156 in
314 2125 399 2156 diem
417 2124 597 2163 sententiae,
623 2133 729 2157 tamen
748 2134 811 2156 non
829 2124 936 2166 potest

71 2175 143 2197 eum
177 2176 294 2207 cogere
324 2167 362 2197 ad
398 2166 665 2206 interponendam
691 2167 872 2198 cautionem
896 2167 936 2198 de

69 2206 250 2248 praestandis
266 2206 361 2238 usuris
377 2207 446 2248 post
465 2215 609 2248 tempora
624 2208 765 2247 judicati.
790 2208 819 2239 &
837 2208 937 2239 utitur

71 2249 259 2287 Papinianus
278 2250 420 2288 ratione3
444 2258 480 2279 ea
497 2249 578 2280 ratio
594 2248 657 2288 est,
675 2249 743 2291 quia
759 2251 789 2280 in
802 2246 937 2290 potestate

70 2289 173 2321 aizoris
190 2287 246 2329 est,
264 2290 430 2331 judicatum
447 2291 570 2331 exigere.
598 2290 652 2322 sed
670 2300 707 2322 ea
729 2290 832 2322 levior
855 2291 935 2322 ratio

74 2330 138 2368 c-st,
161 2339 252 2369 quam
270 2339 302 2361 ut
323 2330 463 2363 sufficiat.
488 2340 578 2370 nam,
603 2333 689 2373 quod
715 2331 820 2372 potest
846 2332 935 2363 actor

71 2370 127 2403 fibi
151 2381 285 2409 cavere,
308 2372 447 2403 instituta
468 2373 592 2405 actione
619 2374 662 2404 rei
679 2373 846 2414 judicatae,
869 2383 935 2405 non

73 2422 114 2444 eo
137 2414 275 2453 pertinet
290 2436 299 2452 ,
325 2421 359 2444 ut
381 2421 549 2454 propterea
574 2414 666 2446 aliter
689 2414 742 2446 fibi
768 2414 935 2446 consulere

72 2463 137 2486 non
157 2455 284 2487 debeat.
328 2453 437 2486 Utitur
454 2455 548 2496 igitur
566 2456 678 2488 Paulus
700 2458 728 2487 d.
752 2456 772 2486 l.
800 2465 825 2487 1.
852 2456 881 2498 §.
907 2465 935 2486 2.

78 2496 135 2527 alia
160 2499 300 2533 ratione;
324 2505 395 2527 cum
418 2497 449 2528 in
473 2496 569 2529 Notis
594 2496 734 2538 subjicit,
759 2496 842 2542 Quid
861 2498 937 2528 enim

67 2538 191 2576 pertinet
207 2538 243 2567 aci
259 2536 384 2576 officinm
405 2536 523 2578 Judicz's
540 2539 646 2578 futuri
676 2544 808 2579 teiiiporzs
831 2538 937 2570 ῑναὲἶα-

75 2583 120 2621 tns
136 2577 151 2608 ?
187 2577 323 2609 Erotefis
348 2579 418 2617 est,
448 2578 600 2620 frequens
625 2580 821 2612 Veteribus:
849 2580 936 2620 cujus

74 2617 175 2649 iensus
191 2618 254 2656 est,
277 2621 364 2659 quod
383 2621 420 2651 ad
435 2619 579 2659 Judicem
596 2631 662 2653 non
679 2622 817 2661 pertinet
835 2620 935 2652 futuri

79 2660 228 2704 temporis·
246 2661 402 2693 traCtatus.
425 2669 521 2702 atque
544 2663 569 2693 is
594 2662 695 2694 sensus
717 2663 832 2694 clarior
857 2663 935 2694 erit:

78 2700 312 2745 cogitantibus,
344 2703 430 2742 quod
453 2705 550 2734 ulurae
565 2703 596 2735 in
614 2704 705 2735 bonae
724 2702 797 2735 fidei
812 2704 938 2744 judiciis

80 2747 208 2785 currunt
221 2742 258 2785 ad
270 2741 474 2775 lententiam:
490 2744 560 2784 post
571 2745 743 2776 conlistunt
763 2747 843 2777 intra
860 2753 935 2776 tem·

79 2788 156 2819 pora
180 2781 304 2818 judicati
320 2791 390 2821 quae
412 2794 466 2816 reo
490 2785 693 2818 humanitatis
724 2786 814 2818 causa
837 2787 938 2817 indul-

79 2828 193 2860 gentur
208 2820 227 2851 l.
241 2822 321 2863 16.§.
335 2832 358 2853 1.
378 2824 417 2856 D.
426 2826 459 2856 cle
474 2829 744 2867 compensationibus
756 2851 765 2866 ‚
788 2828 818 2859 δε
834 2829 908 2858 ideo
924 2837 940 2858 a

80 2870 168 2893 mora
185 2870 255 2892 eum
271 2863 428 2897 excusant.
452 2866 499 2897 his
517 2876 594 2899 vero
616 2868 731 2906 finitis,
755 2868 856 2900 rursus
872 2878 939 2900 cur-

79 2910 152 2950 runt
173 2902 288 2940 ulurae‚
312 2911 343 2934 at
369 2914 432 2937 non
456 2915 601 2948 veteres,
627 2909 677 2942 sed
704 2920 816 2949 novae,
840 2917 937 2950 atque

79 2942 150 2984 ipsae
176 2943 331 2990 exhcausa
352 2946 396 2977 rei
417 2947 581 2987 judicatae,
605 2960 665 2982 nec
690 2960 782 2990 ante,
807 2961 901 2991 quam
920 2950 940 2983 fi

80 2991 256 3016 conventio
281 2985 360 3017 satta
377 3009 387 3024 ‚
413 2988 442 3018 ἃ
465 2988 533 3028 post
557 3000 624 3023 eam
649 3002 737 3023 mora
760 2992 939 3032 commissa,

80 3025 134 3058 sit:
158 3034 191 3056 ut
209 3026 301 3066 paulo
320 3027 389 3067 poll
411 3028 592 3062 ostendetur
609 3042 649 3063 ex
666 3032 718 3064 usu
740 3035 806 3073 cJus
834 3033 939 3065 seculi.

80 3066 205 3113 quod-fi
223 3067 284 3105 est3
309 3077 456 3109 apparet,
479 3071 516 3101 ad
532 3072 677 3111 judicem
696 3084 760 3105 non
779 3075 939 3114 pertinere

80 3108 177 3140 futuri
202 3110 356 3149 temporis
383 3110 572 3144 tractatum:
596 3115 667 3152 quia
697 3123 828 3155 oportet
850 3125 942 3156 eum,

81 3159 152 3194 cum
176 3149 361 3182 sententiam
389 3151 492 3191 dicit,
525 3153 635 3185 officio
660 3154 712 3186 iuo
737 3156 828 3197 fungi
857 3158 943 3190 circa

81 3190 182 3224 uiuras
198 3201 267 3233 quae
293 3192 324 3224 in
347 3193 466 3233 judicio
489 3193 591 3228 fuere.
616 3196 664 3227 hae
681 3206 758 3230 vero
775 3207 841 3232 non
873 3200 941 3233 aliae

945 1534 1023 1587 fin'ei
1041 1535 1172 1581 judiciis
1197 1534 1364 1569 debeantur
1390 1546 1404 1567 o
1444 1534 1488 1569 cio
1515 1531 1671 1579 chdiCis?

970 1582 1010 1622 δ”
1038 1584 1235 1630 quorumdam
1262 1584 1391 1617 aliorum
1417 1584 1562 1629 capitum.

978 1670 1048 1704 sunt
1065 1696 1074 1711 ‚
1106 1681 1201 1711 quam
1225 1681 1296 1712 quae
1321 1678 1388 1703 tum
1412 1679 1591 1703 cucurrere.
1616 1675 1767 1702 caeterum
1786 1692 1796 1709 ,
1822 1668 1846 1702 fi

978 1723 1048 1754 quae
1065 1714 1136 1755 post
1154 1713 1270 1745 futura:
1291 1712 1455 1754 sperentur
1472 1722 1513 1744 ex
1530 1710 1619 1744 causa
1634 1712 1781 1752 judicati,
1805 1712 1846 1743 ad

977 1764 1030 1786 eas
1047 1765 1112 1787 non
1130 1754 1235 1795 potest
1253 1756 1317 1794 eius
1334 1754 1476 1786 officium
1498 1753 1674 1794 respicere3
1696 1754 1769 1794 quia
1785 1753 1847 1784 illae

978 1796 1010 1827 in
1027 1796 1149 1835 iudicio
1164 1805 1229 1827 non
1252 1796 1362 1835 fuere3
1386 1796 1416 1826 δε
1431 1805 1504 1827 cum
1523 1794 1678 1834 existent,
1701 1804 1766 1825 non
1786 1795 1849 1826 erit

973 1837 1097 1878 Judex,
1119 1837 1184 1876 ejus
1201 1835 1312 1867 officio
1328 1845 1385 1876 per
1400 1835 1586 1869 sententiam
1601 1838 1664 1878 jam
1679 1835 1792 1874 finito,
1816 1835 1848 1867 &

978 1879 1009 1910 in
1036 1878 1162 1909 aftione
1192 1878 1236 1909 rei
1265 1877 1416 1918 judicatae
1438 1878 1555 1910 deinde
1578 1887 1596 1909 a
1619 1877 1761 1910 Praetore
1785 1877 1848 1909 alio

979 1919 1091 1959 judice
1106 1918 1343 1950 constituendo.

1018 1960 1061 1992 At
1082 1961 1165 1992 enim
1183 1960 1372 2000 Papinianus
1396 1960 1415 1991 l.
1439 1970 1489 1999 41.
1520 1959 1558 1992 D.
1580 1961 1613 1992 de
1627 1960 1750 2001 judiciis
1774 1957 1847 1990 scri-

979 2001 1027 2033 bit
1043 2025 1052 2040 ,
1086 2001 1120 2032 ln
1141 2002 1271 2032 omnibus
1292 2003 1368 2033 bonoe
1386 2003 1459 2042 fidei
1477 2003 1616 2044 judiciis,
1640 2011 1704 2032 cum
1718 2002 1847 2032 nondum

980 2044 1038 2074 dies
1050 2041 1218 2084 praeflandae
1231 2044 1357 2084 pecuniae
1378 2045 1458 2074 venit
1470 2067 1478 2082 ‚
1488 2042 1517 2081 fi
1532 2049 1601 2084 agat
1620 2043 1725 2085 aliquis
1746 2043 1784 2073 ad
1800 2044 1847 2073 in-

981 2086 1183 2124 terponendam
1206 2086 1365 2116 cautionem
1379 2108 1388 2123 ‚
1411 2094 1447 2115 ex
1464 2082 1546 2126 justa
1570 2086 1656 2119 caula
1679 2085 1846 2115 condemna-

979 2128 1084 2157 tionem
1108 2125 1186 2165 fieri.
1233 2125 1343 2157 Potest
1376 2127 1471 2167 igitur
1495 2126 1533 2157 ad
1559 2125 1701 2157 officium
1728 2125 1847 2165 judicis

979 2168 1140 2208 pertinere
1163 2167 1258 2199 etiam
1281 2166 1380 2198 futuri
1404 2168 1558 2208 temporis
1574 2167 1736 2208 inspectio.
1783 2166 1847 2197 Sed

981 2209 1144 2240 videamus
1160 2232 1170 2246 ‚
1195 2217 1235 2239 ne
1259 2209 1292 2239 id
1315 2208 1461 2239 obtineat
1486 2209 1517 2240 in
1542 2207 1652 2240 futuro
1678 2216 1846 2248 tempore,

980 2250 1067 2290 quod
1091 2259 1131 2281 ex
1156 2248 1309 2290 praesente
1325 2250 1474 2289 pendeat.
1498 2250 1639 2291 loquitur
1655 2250 1741 2281 enim
1762 2249 1850 2289 Papi-

979 2291 1089 2322 nianus
1111 2292 1151 2322 de
1173 2292 1374 2332 obligatione
1397 2292 1427 2322 in
1456 2291 1558 2323 diem:
1583 2292 1671 2331 cujus
1695 2292 1847 2322 executio

977 2332 1141 2371 differtur3
1164 2342 1236 2364 cum
1255 2331 1319 2373 ipsa
1334 2333 1469 2374 praesens
1492 2332 1529 2364 fit
1553 2333 1572 2364 l.
1595 2337 1646 2372 46.
1670 2332 1712 2363 D.
1735 2334 1768 2363 de
1784 2341 1848 2363 ver-

979 2375 1078 2404 borum
1094 2375 1328 2415 obligationibus:
1353 2374 1442 2405 ceffit
1464 2375 1549 2405 enirn
1567 2376 1597 2405 in
1619 2383 1656 2405 ea
1681 2374 1769 2411 dies,
1794 2372 1847 2404 sed

979 2418 1122 2446 nondum
1140 2417 1229 2446 venit
1244 2416 1266 2446 l.
1290 2425 1360 2455 213.
1379 2414 1421 2445 D.
1446 2416 1479 2445 de
1494 2416 1644 2446 verborum
1652 2413 1846 2457 fignificmio-

977 2465 1028 2486 ne:
1052 2465 1089 2487 ac
1114 2466 1178 2487 non
1205 2455 1311 2497 potest
1334 2466 1374 2486 ex
1393 2465 1429 2486 ea
1448 2457 1496 2497 agi
1522 2463 1596 2487 ante
1621 2456 1724 2493 diem,
1750 2463 1784 2487 ut
1803 2455 1849 2486 so-

979 2497 1060 2528 lutio
1089 2496 1164 2536 fiat;
1187 2497 1239 2529 sed
1263 2496 1285 2529 fi
1308 2507 1373 2528 non
1396 2496 1464 2528 haec
1482 2505 1629 2538 petatur,
1652 2496 1704 2528 sed
1723 2497 1849 2528 cautio:

979 2538 1063 2570 reete
1088 2539 1243 2570 existimat
1276 2538 1464 2579 Papinianus
1488 2539 1515 2569 ci.
1539 2538 1558 2569 l.
1589 2547 1639 2578 41.
1671 2539 1847 2571 convenire

979 2579 1090 2611 officio
1128 2580 1246 2620 judicis
1271 2579 1366 2611 bonae
1399 2578 1502 2617 fidei,
1534 2579 1765 2621 obligationem
1795 2589 1849 2611 cu-

976 2622 1025 2661 ius
1057 2622 1123 2652 dies
1153 2621 1241 2652 ceffic
1260 2643 1269 2660 ,
1299 2620 1355 2652 etfi
1381 2621 1523 2653 nondum
1545 2622 1660 2662 venit,
1691 2622 1849 2653 cautioni-

982 2665 1039 2693 bus
1066 2662 1257 2700 interpositis
1286 2661 1408 2693 servare
1425 2663 1561 2703 tempori
1580 2672 1646 2703 quo
1662 2664 1848 2694 executioni

982 2704 1047 2735 dari
1072 2703 1174 2744 poffit.
1204 2710 1373 2741 caeterum,
1396 2702 1417 2734 fi
1433 2705 1509 2743 quid
1527 2704 1669 2736 futurum
1685 2704 1720 2736 fit
1735 2707 1797 2744 ita,
1814 2712 1849 2736 ut

982 2754 1046 2776 non
1075 2745 1213 2784 pendeat
1235 2754 1276 2776 ex
1299 2744 1455 2785 praesente
1472 2753 1638 2786 tempore:
1662 2747 1777 2787 <quod
1795 2744 1849 2783 fit,

982 2785 1002 2817 fi
1021 2786 1150 2826 quaestio
1167 2785 1202 2816 sit
1219 2786 1259 2817 de
1273 2785 1388 2818 futuris
1405 2785 1499 2818 usui-is
1517 2787 1588 2828 post
1604 2787 1847 2819 condemnatio-

983 2827 1084 2866 nem)
1107 2836 1205 2867 magis
1221 2826 1287 2866 est,
1309 2836 1344 2859 ut
1362 2837 1425 2859 non
1451 2829 1596 2860 videatur
1613 2829 1677 2868 eius
1698 2829 1846 2860 tractatus

983 2869 1022 2899 ad
1046 2868 1187 2900 officium
1216 2868 1334 2908 Judicis
1360 2870 1544 2910 pertinere:
1576 2865 1647 2911 quia
1670 2871 1756 2910 quod
1782 2878 1846 2899 non

984 2910 1138 2948 debetur,
1162 2919 1227 2942 non
1252 2911 1340 2942 venit
1356 2912 1388 2942 in
1402 2912 1575 2951 judicium,
1601 2911 1655 2943 etii
1677 2909 1846 2949 aliquando

983 2950 1125 2983 futurum
1149 2950 1184 2983 fit
1203 2974 1213 2990 ,
1244 2959 1278 2983 ut
1301 2952 1466 2984 debeatur.
1497 2963 1582 2984 nova
1604 2952 1697 2993 igitur
1721 2950 1847 2982 aCtione

983 3001 1064 3032 opus
1084 2991 1146 3031 est,
1169 2993 1297 3025 auctore
1312 2994 1487 3034 Papiniano
1504 2996 1531 3026 d.
1556 2994 1575 3024 l.
1599 3003 1623 3025 1.
1648 2992 1675 3033 ᾗ.
1697 3001 1724 3022 2.
1748 2990 1790 3021 D.
1813 2993 1846 3023 de

982 3035 1097 3073 usuris,
1118 3033 1182 3066 five
1207 3044 1291 3066 nova
1316 3036 1591 3076 interpellatione:
1615 3041 1649 3064 ut
1680 3031 1792 3064 Paulus
1817 3034 1847 3065 ὅ(

981 3073 1151 3114 Javolenus
1173 3076 1346 3117 loquuntur
1370 3078 1389 3107 l.
1415 3087 1464 3118 23.
1490 3076 1526 3111 &⁹
1546 3076 1563 3105 t.
1589 3084 1637 3113 35.
1659 3072 1696 3104 D.
1721 3076 1753 3104 de
1765 3074 1847 3114 judi-

984 3117 1053 3154 ciis,
1077 3116 1113 3152 ὅ)
1129 3117 1147 3148 t.
1176 3126 1222 3156 14.
1245 3117 1275 3159 §.
1299 3119 1354 3150 ult.
1377 3117 1419 3149 D.
1443 3119 1476 3149 de
1495 3125 1571 3157 aqua
1591 3114 1626 3149 ὣς
1642 3124 1722 3155 aqnae
1738 3116 1848 3155 pluvie

982 3159 1109 3190 arcendae
1124 3157 1243 3190 afflone.

1020 3199 1082 3233 Sed
1106 3199 1210 3273 Obssat
1234 3200 1253 3231 l.
1279 3208 1304 3232 1.
1330 3200 1363 3232 C.
1388 3200 1421 3231 de
1437 3197 1585 3239 sententia
1604 3206 1666 3238 quae
1684 3196 1747 3237 line
1769 3205 1847 3230 certa

1198 3241 1217 3272 d
1240 3250 1259 3281 3
1755 3250 1848 3280 quan·
