2036 3495
325 79 389 116 An
425 78 514 116 λη,
548 68 639 120 XXI.
667 73 822 112 T1r.1.
859 70 921 110 De,

45 179 118 203 nem
137 170 211 212 [ita]
235 167 345 201 definit
364 168 492 207 Labeo,
516 166 657 207 pusillum
674 164 846 206 fugitivum
872 173 917 195 es-

42 212 89 244 se:
114 213 143 244 ἃ
173 221 211 243 ex
238 211 359 242 diverso
384 208 574 251 fugitivum,
598 215 743 253 magnum
769 213 917 253 erronem

45 253 125 286 esse:
149 252 199 284 sed
217 252 342 292 proprie
358 260 504 291 erronem
521 250 559 281 fic
578 249 766 291 desinimus,
782 256 834 286 qui
849 255 915 277 non

44 294 174 334 quidem
191 292 292 333 fugit,
315 293 366 324 sed
383 292 568 332 frequenter
584 288 647 320 fine
661 287 750 318 causa
767 296 915 333 vagatur,

45 335 75 366 ἃ
93 336 286 375 temporibus
298 333 329 366 in
345 338 396 365 re‘s
405 330 582 374 nugatorias
599 328 916 370 consuinptis,serius

43 377 175 409 domum
192 375 283 406 redit.

85 417 184 459 Quod
204 422 300 457 porro
332 416 418 455 ajunt
438 412 578 450 AEdiles‚
609 411 702 444 Noxa
715 410 832 451 fhlutus
855 418 913 442 non

37 457 100 497 fit,
133 457 173 489 sic
195 457 342 498 intelligit
366 455 515 499 Ulpianus
528 453 556 499 s·
579 455 623 493 i7.
655 453 686 493 ᾗ.
708 462 754 492 ¹7·
783 453 810 497 h.
827 457 848 482 t.
877 459 912 482 ut

43 508 109 531 non
129 499 193 529 hoc
209 499 322 529 debeat
337 503 553 537 pronunciari,
571 495 689 525 nullam
704 503 775 525 eum
795 501 911 524 noxam

44 538 251 577 commififfe3
282 537 332 569 sed
357 537 451 573 illud,
475 545 558 566 noxa
582 534 716 567 solutum
744 533 824 572 esse,
848 535 911 564 hoc

44 580 109 619 e'st,
126 580 230 612 noxali
244 577 363 619 judicio
381 576 550 617 subiectum
569 579 629 608 non
649 575 720 606 esse.
744 576 850 613 addit,
863 584 910 606 er-

43 631 87 662 go
103 620 123 653 si
142 627 255 657 noxam
274 618 447 657 commisit,
470 627 530 650 nec
551 619 733 658 permanet,
758 625 842 646 noxa
866 615 910 661 so-

43 663 146 694 lutum
164 660 235 693 effe.
277 659 357 692 Illud
379 659 475 700 quaeri
495 658 616 699 potest,
641 667 740 690 noxas
766 667 841 696 quas
865 666 910 688 in-

42 704 237 744 telligamus,
267 709 370 733 utrum
389 703 549 742 privatas,
580 703 617 731 an
642 699 783 740 publicas
800 699 816 730 ⁴?
848 708 912 729 non

45 744 239 784 distinguunt
256 741 389 774 AEdile's.
414 741 466 774 sed
484 740 636 782 Ulpianus
660 742 687 771 cl.
704 740 723 772 l.
750 740 777 781 §.
803 744 848 774 18.
871 739 913 771 {ie

44 785 174 816 scribit:
196 783 304 815 Nomas
325 786 450 824 accipere
468 784 595 814 debemus
615 784 764 822 privatur,
788 781 837 811 boc
855 779 911 826 esi,

45 833 90 858 e‘as
107 834 288 867 quaecumqne
311 824 531 856 committuntur
556 824 592 855 ex
607 822 734 855 delictis.
765 831 831 853 non
845 830 912 867 'pu-

47 868 140 900 blicis
157 866 356 898 criminibus:
380 876 415 898 cx
430 867 531 908 quibus
547 866 646 906 agitur
657 864 778 906 judiciis
800 862 912 910 noxali-

46 910 108 940 biis.
133 909 252 948 denique
260 908 424 947 specialiter
439 909 557 938 cavetur
581 907 662 945 infra
686 907 718 936 tle
740 904 913 948 capitalibus

41 950 215 991 fraudibus.
242 958 279 979 ex
296 949 427 988 privatis
444 955 538 979 autem
553 948 648 978 noxiis
670 948 761 977 oritur
775 946 913 990 damnum

45 990 267 1032 pecuniarium,
283 988 312 1027 fi
332 990 397 1031 quis
413 990 486 1026 forte
501 992 580 1020 noxae
594 990 690 1019 dedere
708 987 830 1018 noluerit
842 1010 851 1026 ‚
860 987 913 1032 sed

49 1032 110 1063 litis
127 1028 478 1072 aestiriiati'onemfiifferre.
521 1030 571 1061 Sic
596 1030 700 1069 passim
722 1029 835 1073 editur.
860 1027 913 1059 led

47 1073 171 1103 vitiose.
214 1070 297 1103 Mihi
314 1076 433 1110 crede,
464 1070 601 1112 Ulpiano
625 1079 741 1102 nocere
768 1066 911 1114 Synchu-

46 1114 102 1146 sim
122 1111 252 1153 perinde
266 1113 514 1153 expediendam,
538 1111 618 1152 quasi
637 1112 672 1143 sit
696 1112 734 1142 ab
758 1120 798 1141 eo
824 1110 914 1150 scrip-

48 1162 135 1186 tum:
158 1153 263 1185 Noxas
280 1155 404 1195 accipere
426 1155 553 1185 debemus
567 1154 720 1194 privatas,
744 1152 794 1198 boc
809 1149 846 1191 est
869 1160 915 1198 ests

48 1202 232 1237 quaecumque
248 1198 465 1226 committuntur
479 1205 515 1226 ex
539 1193 647 1225 deliciis
670 1200 706 1225 ex
732 1194 834 1234 quibus
853 1201 902 1233 agi

52 1243 103 1267 tur
112 1237 232 1278 judiciis
255 1236 424 1268 noxialibus:
446 1246 504 1267 non
523 1236 647 1276 publicis
670 1235 846 1278 criminibus.
871 1235 914 1264 cle-

52 1279 149 1318 nique.
174 1276 202 1308 &
220 1276 348 1316 reliqua.
387 1277 596 1318 Frequentem
614 1276 780 1308 Veteribus
796 1274 857 1306 esse
873 1283 912 1320 ta-

54 1318 118 1349 lem
141 1317 344 1358 Synchufim,
373 1318 447 1349 alibi
472 1318 550 1358 saepe
576 1318 639 1348 sum
665 1324 832 1356 expertus:
863 1315 915 1346 hie

52 1368 132 1390 vero
150 1358 226 1389 milii
243 1358 287 1389 est
302 1358 485 1399 probabilis.
524 1357 589 1390 Nisi
606 1358 693 1389 inalis
713 1358 833 1389 elidere
849 1366 917 1388 ver-

50 1400 93 1431 ba
117 1399 188 1437 ista,
213 1398 283 1430 Non
301 1399 422 1438 publicis
446 1400 632 1430 criminibus:
662 1399 847 1437 arbitratus,
878 1407 918 1429 ex

51 1442 192 1480 margine
210 1439 326 1471 veniss'e
344 1440 374 1471 in
393 1446 579 1472 contextum
606 1440 709 1480 specie
730 1439 917 1479 interpreta-

54 1482 161 1512 tionis.
186 1488 309 1512 retenta
334 1486 422 1512 certe
448 1482 682 1513 connexionem
707 1481 918 1512 conturbant:

53 1521 175 1562 abjeela
198 1521 320 1553 faciunt
342 1522 463 1554 bonum
490 1521 618 1553 sensum.
644 1517 835 1562 quomodo?
867 1522 920 1553 hic

54 1562 301 1594 estzlEdilitium
318 1556 464 1595 Edictum
480 1562 610 1595 noxales
619 1563 757 1594 actiones
776 1567 838 1594 non
850 1564 917 1602 pro-

54 1604 156 1636 mittit
172 1611 212 1634 ex
229 1603 362 1643 publicis
379 1604 561 1635 criminibus
586 1604 766 1642 servorum,
790 1604 843 1635 sed
868 1613 920 1636 eas

54 1643 217 1685 promittit
233 1651 273 1675 ex
289 1651 399 1676 eorum
417 1645 538 1676 delictis
555 1645 693 1686 privatis.
703 1654 835 1686 nempe,
848 1648 921 1686 quia

52 1685 177 1726 privata
193 1684 305 1716 delicta
322 1688 386 1717 non
406 1687 516 1718 tenent
533 1686 658 1726 servos,
682 1686 733 1718 sed
752 1686 920 1726 dominos,

54 1725 140 1766 ipsos
161 1734 201 1756 ex
227 1724 274 1757 his
293 1727 457 1758 conveniri
480 1727 595 1760 solitos.
626 1728 697 1769 quia
722 1728 795 1759 i'nde
820 1727 920 1759 oritur

55 1768 205 1799 damnum
228 1767 469 1806 pecuniarium:
504 1768 524 1800 fi
548 1768 616 1809 quis
648 1768 734 1801 forte
763 1769 844 1800 nolit
866 1778 919 1800 eos

53 1812 150 1840 noxae
171 1808 298 1840 dedere.
331 1809 460 1841 crimina
485 1814 589 1842 autern
606 1810 732 1851 publica
754 1810 851 1842 solum
875 1811 919 1842 te-

52 1855 130 1882 nent
147 1848 394 1890 delinquentem.
419 1851 538 1892 quippe
555 1860 626 1883 cum
645 1861 706 1883 non
725 1853 855 1883 tendant
879 1849 919 1884 ad

52 1890 286 1931 reparationem
303 1890 406 1923 damni
423 1893 485 1923 dati
499 1893 565 1925 :sed
582 1893 620 1924 ad
634 1893 834 1934 infligendam
852 1902 919 1924 cor·-

52 1932 124 1973 pori
141 1940 286 1972 poenam,
304 1931 500 1978 vindicandae
517 1934 651 1974 publicae
667 1933 837 1981 disciplinae
851 1943 918 1975 gra-

53 1974 107 2004 tia.
133 1982 164 2003 at
180 1972 283 2003 alieno
300 1977 429 2005 nomine
445 1975 538 2007 alium
556 1984 691 2016 corpore
708 1977 827 2020 puniri,
851 1975 928 2007 nul-.

49 2013 82 2045 la
96 2014 176 2044 ratio
195 2014 319 2053 patitur.
342 2014 386 2045 ita
404 2014 508 2048 servus
533 2019 573 2047 erc
599 2017 653 2048 suo
676 2018 807 2048 crimine
830 2025 920 2048 accu-

51 2054 151 2087 satur:
181 2055 212 2086 &
239 2055 369 2087 domino
398 2059 609 2096 pei-mittitur,
633 2064 705 2089 eum
732 2057 919 2090 defendere.

51 2095 107 2127 sed
129 2096 266 2134 probato
289 2095 439 2136 crimine,
463 2107 526 2130 non
552 2099 715 2136 dominus,
739 2098 790 2130 sed
814 2098 919 2131 servus

52 2145 114 2178 pro
131 2136 185 2167 suo
206 2137 323 2169 delicto
339 2139 641 2182 condemnationem
658 2139 784 2172 sustinet
799 2140 819 2172 l.
838 2150 866 2181 4.
886 2137 916 2172 C.

54 2180 87 2210 b.
103 2183 123 2208 t.
150 2178 169 2208 l.
188 2187 218 2210 2.
243 2177 275 2208 C.
293 2180 326 2209 de
341 2181 466 2218 accusat.
586 2215 587 2218 Ἴ

94 2218 196 2259 Spero
211 2242 221 2258 ‚
252 2227 316 2263 non
338 2226 420 2261 aegre
442 2220 547 2252 ferent
570 2220 704 2255 Studiofi
726 2223 808 2263 Juris
824 2246 833 2261 ,
864 2224 917 2255 me

53 2260 206 2301 deinceps
230 2259 382 2292 facilioris
405 2261 581 2294 intellectus
606 2265 702 2304 gratia
721 2287 730 2302 ,
761 2265 921 2295 invertere

53 2300 198 2333 ordinem
216 2301 255 2332 ab
271 2301 430 2333 AEdilibus
448 2302 625 2343 servatum;
650 2305 677 2335 ὅ(
707 2305 800 2336 dilata
823 2306 920 2345 pauli-

52 2342 123 2382 sper
138 2341 353 2383 explicatione
373 2344 544 2375 verborum
568 2345 684 2383 Edico,
711 2347 850 2376 certiorem
867 2346 920 2385 fa-

55 2387 133 2415 ciant
148 2389 314 2424 emptorem,
338 2385 432 2423 item,
448 2392 534 2427 eaque
550 2388 643 2417 omnia
655 2386 754 2427 palam
771 2386 843 2417 reste
855 2394 920 2427 pro-

54 2425 233 2464 nuncianto,
258 2433 328 2464 quae
354 2435 395 2458 ex
416 2425 628 2467 superioribus
652 2430 841 2468 exponenda
868 2427 921 2459 hic

56 2464 232 2505 restabant,
259 2467 415 2507 attingere
439 2469 525 2507 prius
547 2468 654 2509 (quod
678 2466 932 2507 quodammodo

57 2505 209 2537 desiderat
223 2507 380 2539 causarum
397 2508 574 2550 connexio)
593 2510 661 2541 liaec
675 2509 835 2550 sequentia
853 2519 930 2544 ver-2

59 2546 110 2577 ba.
153 2546 223 2576 Item
233 2547 259 2584 fi
275 2551 348 2588 quod
363 2551 538 2590 mancipium
555 2552 703 2592 capitalem
710 2552 851 2591 fraudem
869 2552 917 2582 od-

59 2586 187 2625 miserit,
210 2594 304 2617 mortzs
320 2592 515 2630 consciscendoe
523 2590 581 2629 fibi
603 2595 689 2633 causa
705 2594 776 2633 quid
792 2593 919 2632 fecerit,

57 2628 127 2659 inve
136 2628 277 2675 *harenam
291 2629 470 2671 depugnandi
484 2634 570 2672 caiisa
584 2635 622 2666 ad
639 2631 737 2674 bellicis
746 2634 920 2674 intromiffus

55 2670 172 2709 fuerit:
196 2678 229 2698 ea
251 2672 343 2713 omnia
367 2674 397 2701 in
420 2675 582 2705 venditione
605 2676 827 2716 pronunciante.
871 2675 920 2707 Ad

62 2711 132 2741 haec
157 2709 254 2741 verba
276 2717 317 2740 ita
340 2710 444 2743 scribit
467 2713 620 2755 Ulpianus
644 2717 663 2747 l.
683 2726 730 2756 23.
754 2716 783 2757 §.
804 2726 830 2747 2.
853 2717 880 2747 b.
900 2722 920 2746 t.

57 2749 226 2796 Ertcipitur
249 2751 344 2795 etiam
363 2751 414 2783 ille
437 2755 488 2792 qui
512 2756 677 2797 capitalem
702 2757 845 2790 fraudem
868 2758 921 2788 ad-

57 2791 186 2825 miserit.
232 2789 407 2837 Capitalem
428 2793 569 2828 fraudem
587 2800 754 2831 admittere
772 2798 835 2836 est,
859 2798 923 2830 tale

57 2833 177 2873 aliquid
197 2832 399 2871 delinquere,
422 2843 552 2875 propter
568 2841 654 2879 quod
673 2840 777 2879 capite
795 2839 923 2880 punien-

58 2876 118 2907 dus
134 2872 179 2905 [it.
203 2878 240 2904 ac
253 2873 422 2919 praefatur,
446 2875 577 2910 Veteres
592 2879 735 2912 fraudem
752 2890 810 2921 pro
829 2890 924 2921 poena

55 2924 182 2958 ponere
204 2913 323 2946 solitos.
341 2915 414 2946 inde
433 2919 597 2956 capitalem
613 2921 775 2960 fraudem,
800 2923 922 2963 inquit,

54 2955 232 3000 ⁴accipimus
247 2956 324 2987 dolo
341 2958 425 2988 malo
444 2958 471 2989 ἀ
489 2967 544 2999 per
566 2963 746 3002 nequitiam.
771 2972 921 2994 caeterum

52 2999 79 3031 ‘fi
97 2998 166 3038 quis
188 3006 314 3035 errore,
336 2997 356 3029 fi
382 2999 451 3037 quis
480 3001 549 3032 casu
571 3002 704 3041 fecerit,
730 3004 859 3035 ceflabit
884 3004 921 3034 E-

58 3039 187 3071 dictum.
201 3039 284 3069 unde
294 3038 507 3078 Pomponium
524 3041 563 3073 ait
581 3043 731 3081 scribere,
743 3054 848 3085 neque
864 3045 921 3076 im-

57 3080 347 3122 puberem,neque
362 3079 513 3113 furiosum
531 3085 696 3124 capitalem
714 3085 860 3118 fraudem
877 3086 921 3117 vi-

56 3121 124 3155 deri
141 3119 299 3152 admisiss‘e.

98 3160 249 3202 Ulpianus
273 3162 291 3194 l.
317 3171 335 3198 2

92 3201 173 3238 rom.
197 3201 234 3233 Il
337 3172 366 3207 3·
397 3163 424 3206 5·
443 3173 473 3205 ³·
495 3164 562 3199 ΙΝ·
594 3167 768 3209 exeipitur,
791 3167 918 3226 inquit.

928 69 1068 109 AEdilitio
1088 68 1216 117 Edit‘to,
1243 70 1286 114 ἐξ
1301 73 1495 110 redhibitione
1511 73 1579 115 &a
1768 88 1838 126 355

961 162 991 194 δι
1009 163 1062 194 ille
1079 162 1131 204 qui
1150 164 1263 195 mortis
1286 163 1517 196 consciscendae
1545 164 1633 196 causa
1649 164 1724 205 quid
1748 158 1835 198 fece*

960 205 1010 237 rit.
1032 205 1144 245 addit,
1182 205 1270 245 quod
1294 206 1392 238 maius
1415 204 1521 248 seryus
1539 208 1677 248 creditus
1708 207 1753 238 est
1777 210 1828 249 qui

960 245 1078 287 aliquid
1094 244 1187 284 facit,
1210 254 1276 285 quo
1293 246 1390 287 magis
1408 246 1443 288 se.
1455 248 1547 278 rebus
1566 247 1710 279 humanis
1728 258 1831 281 extra„

958 285 1031 322 hat3
1057 294 1091 317 ut
1114 293 1189 326 puta
1211 286 1358 326 laqueum
1385 286 1500 327 torfit,
1530 289 1593 320 sive
1617 292 1833 324 medicamen-

959 334 1026 358 tum
1044 336 1102 367 pro
1119 336 1247 358 veneno
1263 326 1363 369 bibit,
1387 331 1628 370 praecipitemve
1645 334 1675 362 ie
1697 341 1738 363 ex
1763 334 1831 364 alto

958 367 1095 407 miserit,
1119 367 1245 399 aliudve
1261 367 1396 407 fecerit,
1416 379 1480 411 quo
1497 371 1578 403 facto
1594 371 1730 412 speravit
1747 384 1833 409 mor-

956 415 1020 440 tem
1043 417 1286 449 perventuram:
1320 416 1480 449 tamquam
1504 412 1651 447 nonnihil
1677 414 1708 445 in
1732 417 1829 449 alium

954 450 1081 480 ausurus
1100 450 1152 489 qui
1171 449 1235 480 hoc
1256 450 1402 481 adversus
1420 451 1449 481 se
1465 451 1554 490 aulus
1570 455 1624 487 est.
1654 456 1706 488 Sic
1724 457 1830 498 Ulpia-

954 499 1023 522 nuS.
1047 491 1131 521 idem
1152 489 1272 521 Seneca
1296 488 1392 522 Pater
1416 492 1462 522 lib.
1483 497 1510 526 8.
1536 493 1674 536 Excerpt.
1697 506 1828 530 controv.

953 541 978 562 c.
998 541 1027 570 4.
1054 533 1167 562 verba:
1191 527 1281 563 Nihil
1304 531 1361 562 no'n
1385 536 1586 574 ausurusfui't
1610 539 1662 577 qui
1676 545 1710 578 je
1730 543 1829 580 potuit

953 575 1086 604 occidere.
1131 571 1237 605 Etiam
1253 574 1336 613 apud
1354 571 1500 606 Publium
1521 575 1633 616 Syrum
1649 581 1693 612 est
1710 582 1740 614 in
1758 582 1828 613 Sen-

1432 655 1464 686 m·
1478 656 1550 689 'mori
1562 664 1659 691 tutum
1670 658 1777 702 putot!

953 620 1023 644 tent.
1044 612 1120 649 'verfi
1142 624 1210 654 259.

973 690 975 693 Ι
997 653 1067 685 Heu
1090 665 1176 696 quum
1192 666 1205 685 e
1247 653 1390 687 timendus
1409 665 1430 728 g

956 696 1054 727 Paulo
1074 705 1178 727 tamen
1225 706 1264 728 oc
1282 696 1386 737 placet
1432 697 1557 738 einum,
1579 699 1600 731 fi
1625 711 1757 744 propter
1775 704 1829 736 ne.

958 738 1108 777 quitiam,
1139 738 1301 779 malosque
1325 747 1451 780 mores,
1482 739 1679 781 flagitiumve
1701 747 1832 786 aliquod

957 778 1138 817 admissum,
1162 780 1300 811 mortem
1325 779 1378 811 sibi
1404 781 1599 814 consciscere
1624 785 1740 818 voluit:
1764 797 1830 820 non

957 818 977 850 fi
993 820 1139 851 dolorem
1165 821 1308 861 corporis
1331 830 1396 853 non
1417 819 1598 857 sustinendo
1620 826 1653 859 id
1671 826 1785 861 fecerit
1807 831 1829 862 l.

954 860 1144 946 wsb-{uelum
1160 902 1190 933 in
1218 900 1353 945 Editio,
1378 896 1454 935 inve
1475 896 1613 940 harenam
1640 904 1827 951 depugnandi

956 945 1042 984 caiisa
1065 945 1102 974 ad
1126 939 1225 984 bestias
1248 945 1425 984 intromiſjus
1440 947 1546 985 fuerit.
1591 949 1698 982 Verba
1720 951 1827 985 Edic‘ti

956 985 1038 1015 clara
1061 984 1138 1015 sunt.
1163 992 1284 1016 tantum
1309 986 1429 1018 laborat
1447 986 1641 1023 constructio
1665 991 1843 1029 (ἓτειιιτιῑιειοἸ

957 1025 1037 1056 tica:
1063 1025 1133 1066 quia
1151 1023 1304 1066 praeeeffit
1321 1029 1531 1069 mancipium,
1555 1040 1621 1064 erat
1637 1034 1829 1075 dicendum.

957 1064 1164 1107 intromiffum:
1195 1060 1310 1099 Latine
1336 1077 1446 1112 tamen·
1467 1072 1550 1103 reete
1575 1073 1707 1115 dicitur,
1737 1079 1843 1110 intro--

957 1108 1072 1148 miffus:
1102 1108 1257 1140 'relatione
1280 1107 1362 1142 facia
1390 1120 1454 1144 non
1485 1116 1524 1145 ad
1547 1117 1731 1156 praecedens
1760 1128 1830 1152 ver-

958 1149 1053 1188 bum,
1077 1149 1127 1180 sed
1143 1146 1181 1181 ad
1198 1149 1407 1184 intellectum.
1429 1186 1431 1191 ,
1524 1188 1526 1192 ,

997 1190 1115 1238 Praetei·
1129 1181 1196 1235 haec
1211 1191 1324 1231 jubent
1346 1193 1491 1234 AEdiles‚
1517 1196 1582 1241 Qui
1597 1191 1741 1242 manciAoia
1754 1208 1827 1234 ven-

957 1232 1048 1270 dunt,
1072 1238 1158 1263 etiam
1187 1234 1330 1264 nationem
1353 1236 1491 1277 cujusque
1517 1241 1548 1269 in
1577 1242 1740 1274 venditione
1759 1251 1829 1285 pro·

957 1273 1107 1304 nunciare.
1151 1273 1303 1306 Meminit
1326 1271 1480 1316 Ulpianus
1510 1278 1529 1309 l.
1550 1288 1600 1320 31.
1625 1280 1654 1322 §.
1679 1292 1730 1316 21.
1761 1285 1789 1316 b.
1806 1291 1830 1316 t.

959 1315 987 1345 dt
1010 1314 1090 1345 lianc
1108 1313 1193 1346 addit
1206 1316 1367 1357 *rationem
1378 1341 1385 1355 ‚
1400 1318 1573 1361 Plerumque
1588 1325 1662 1353 enim
1678 1326 1758 1356 natio
1764 1326 1829 1365 ser-

961 1356 994 1386 vi
1011 1362 1061 1386 aut
1074 1362 1231 1396 provocat,
1254 1362 1307 1388 citit
1330 1359 1450 1390 deterret
1470 1366 1631 1402 emptorem.
1661 1365 1764 1398 idcirco
1786 1369 1832 1399 in-

962 1394 1044 1437 terest
1069 1396 1184 1438 nostra,
1205 1400 1284 1437 scire
1306 1401 1472 1440 nationem:
1499 1407 1705 1445 pmlumptum
1729 1410 1834 1440 etenim

962 1436 1020 1476 esi,
1042 1441 1178 1479 quosdam
1194 1442 1294 1478 servos
1316 1442 1399 1471 bonos
1422 1441 1492 1482 effe,·
1521 1446 1593 1485 quia
1614 1447 1732 1479 natione
1751 1449 1830 1489 sunt

961 1489 1017 1510 non
1033 1481 1179 1519 infamata
1197 1490 1206 1516 3
1228 1482 1364 1521 quosdam
1386 1485 1473 1513 malos
1496 1486 1607 1523 videri,
1629 1489 1701 1527 quia
1719 1495 1753 1520 ea
1775 1501 1833 1524 na-

962 1522 1036 1551 tione
1056 1525 1124 1558 lunt
1141 1531 1205 1562 quae
1221 1524 1313 1563 magis
1329 1522 1448 1562 infamis
1464 1521 1511 1564 est.
1537 1527 1625 1566 quod
1649 1528 1689 1560 de
1709 1531 1849 1564 diversi*-

964 1570 1028 1593 tate
1044 1563 1159 1594 indolis
1176 1563 1341 1595 nationum
1360 1564 1478 1603 diftum
1496 1566 1535 1597 ab
1554 1566 1692 1607 Ulpianb
1709 1571 1773 1611 est,
1794 1574 1836 1607 ad

962 1603 1032 1634 haec
1049 1603 1204 1644 congeffit
1222 1605 1363 1644 quaedarn
1382 1604 1492 1638 Guido
1514 1607 1712 1643 Pancirollus
1733 1613 1778 1644 lib.
1800 1625 1833 1648 2.

964 1641 1102 1681 Thesaur.
1118 1655 1184 1689 var.
1205 1645 1265 1677 leet.
1284 1656 1308 1678 c.
1323 1650 1372 1686 48.
1390 1653 1422 1690 p.
1441 1657 1510 1695 232.
1533 1647 1706 1684 Nationeni
1723 1663 1835 1690 autem

962 1686 1138 1725 infamatam
1152 1694 1211 1731 aut⁴
1222 1689 1359 1728 infamem
1383 1697 1442 1729 pro
1459 1690 1595 1730 inspecta
1606 1715 1615 1729 ,
1637 1693 1677 1725 ab
1694 1704 1735 1726 eo
1750 1697 1834 1737 dici,-

963 1727 1105 1767 pluribus
1125 1728 1248 1759 erudite
1278 1727 1418 1761 ostendit
1449 1730 1632 1775 Radulphus
1658 1734 1835 1772 Fornerius

962 1769 1010 1799 lib.
1027 1779 1055 1809 5.
1082 1769 1150 1800 Rer.
1168 1771 1276 1811 quotid.
1301 1780 1325 1801 c.
1344 1780 1389 1802 xt.
1407 1777 1438 1812 p.
1457 1782 1508 1809 91.
1646 1807 1660 1809 ,,
1733 1809 1734 1812 ,
1768 1808 1770 1811 ,

980 1845 983 1847 ,
1003 1810 1104 1854 Porro
1127 1813 1209 1848 apud
1235 1803 1405 1852 Ulpianum
1422 1813 1440 1844 l.
1460 1824 1509 1855 37.
1539 1815 1566 1847 b.
1586 1822 1608 1848 t.
1639 1817 1845 1860 Praecipiune*

960 1850 1100 1890 AEdiles,
1127 1849 1172 1882 Ne
1188 1859 1332 1884 veterator
1342 1860 1394 1894 pro
1409 1858 1518 1887 novitio
1531 1864 1644 1892 veneat.
1685 1859 1754 1900 Ipse
1777 1872 1836 1895 ve.

961 1902 997 1924 ro
1025 1893 1201 1933 Ulpianus,
1232 1892 1273 1924 Et
1299 1895 1367 1933 hoc,
1396 1895 1516 1937 inquit,-
1546 1898 1684 1932 Edictum
1697 1902 1835 1941 fallaciis

960 1935 1142 1965 venditorum
1164 1936 1306 1967 occurrit:
1337 1937 1440 1977 ubique
1467 1940 1542 1970 enim
1571 1948 1675 1972 curant
1699 1943 1833 1984 AEdiles,

963 1984 998 2005 ne
1015 1982 1149 2017 emptores
1164 1986 1182 2007 a
1197 1978 1394 2008 venditoribus
1416 1981 1691 2016 circumveniant-ur.
1713 1989 1747 2016 αι
1772 1996 1833 2017 ecce

957 2017 1088 2058 plerique
1102 2017 1189 2054 solent
1204 2019 1346 2059 mancipia
1362 2028 1425 2060 quce
1443 2020 1557 2054 novitia
1573 2033 1631 2056 non
1640 2024 1731 2065 siant,
1749 2025 1840 2068 quefi‘

961 2059 1075 2089 novitia
1088 2056 1262 2099 distrahere3
1286 2061 1324 2090 ad
1339 2061 1388 2091 boc
1399 2059 1530 2101 scilicet,
1540 2070 1574 2095 ut
1586 2067 1678 2105 pluris
1693 2070 1836 2101 vendanta

960 2100 1042 2138 (qua
1058 2100 1096 2131 de
1116 2109 1149 2131 re
1167 2100 1263 2132 etiam
1279 2100 1473 2135 Torrentius
1491 2107 1529 2136 ad
1546 2105 1716 2138 Horatium
1733 2109 1781 2141 lib.
1801 2120 1832 2142 2.

961 2138 1054 2180 Epist.
1080 2151 1108 2172 2.
1138 2141 1169 2172 dt
1194 2140 1382 2174 Suetonium
1405 2143 1491 2184 Julio
1515 2156 1541 2178 c.
1567 2156 1616 2188 47.
1647 2148 1833 2191 ibidemque

961 2181 1115 2222 Pitiscus)
1132 2183 1337 2223 praesumptum
1351 2183 1389 2223 esi
1405 2187 1480 2216 enim
1494 2196 1526 2218 ea
1545 2190 1687 2229 mancipia
1703 2200 1766 2232 quae
1779 2202 1847 2228 ru-=

960 2223 1009 2255 dict
1020 2226 1113 2262 sunt,
1130 2222 1305 2263 simpliciora
1321 2223 1372 2266 ff
1388 2224 1424 2260 δ’
1441 2229 1479 2258 ad
1492 2227 1651 2269 ministeria
1666 2233 1777 2271 aptiora
1793 2233 1846 2267 65²»

964 2264 1094 2295 dociliora
1105 2287 1114 2303 ‚
1139 2264 1174 2298 &³
1184 2265 1221 2296 aci
1235 2275 1314 2297 omne
1327 2265 1517 2306 ministerium
1531 2270 1656 2302 habilia:
1673 2274 1749 2304 trita
1764 2284 1847 2306 vero-

965 2307 1108 2350 mnncipz'a
1126 2304 1162 2340 &³
1186 2305 1325 2339 veterana
1345 2304 1459 2349 difficile
1473 2308 1512 2350 'eft
1536 2311 1691 2351 reformare
1704 2336 1713 2352 ,
1735 2314 1771 2350 &³
1793 2317 1845 2348 ad*

956 2347 1025 2385 suos
1046 2356 1134 2378 mores
1148 2348 1289 2385 formare.
1312 2350 1383 2389 quia
1403 2351 1497 2391 igitur
1516 2353 1695 2386 venalitiart'i
1713 2357 1833 2397 [Ciunlj

928 2414 930 2416 .
956 2386 1054 2425 facile*
1064 2389 1178 2419 decurri
1195 2390 1233 2419 ad
1248 2391 1425 2421 novitiorum
1447 2393 1632 2433 emptionem,
1656 2396 1761 2428 idcirco
1782 2399 1833 2430 in-

965 2427 1103 2467 terpolant
1126 2430 1296 2460 veteratores
1319 2428 1355 2464 ὅ)
1378 2437 1427 2471 pro
1452 2430 1571 2466 novitiis
1587 2437 1736 2473 vendunt:
1757 2441 1834 2480 quod,

963 2477 998 2498 ne
1016 2468 1094 2508 flat,
1124 2471 1174 2501 boc
1190 2469 1293 2502 Edicto
1315 2467 1428 2503 AEdiles
1444 2475 1621 2508 denunciant
1630 2488 1641 2507 .·
1669 2478 1706 2514 ὅ)
1729 2473 1788 2512 ideo
1802 2480 1835 2520 fi
1880 2481 1882 2483 ’

963 2511 1034 2581 {pici
1056 2511 1206 2550 ignorante
1235 2518 1356 2552 emptore
1382 2514 1425 2545 itu
1448 2518 1570 2548 venierit
1585 2541 1595 2557 ,
1612 2520 1831 2555 redhibebatur.

1000 2551 1049 2581 uic
1067 2552 1190 2592 Ulpiani
1209 2552 1284 2584 loco
1303 2553 1382 2585 solet
1397 2555 1493 2596 objici
1512 2557 1680 2599 Venuleius
1697 2562 1716 2593 l.
1734 2563 1787 2595 ult.
1799 2564 1831 2605 §.

963 2591 1017 2622 ult.
1035 2591 1077 2623 D.
1095 2593 1122 2638 b.
1140 2599 1161 2624 t.
1194 2592 1256 2625 Sed
1276 2594 1349 2627 vide
1364 2594 1591 2639 Cujaciumllib.
1607 2604 1635 2635 8.
1661 2600 1782 2640 observ.
1799 2614 1826 2636 c.

963 2642 993 2669 9.
1017 2633 1045 2664 ἀ
1064 2632 1249 2666 Gilbertum
1268 2634 1400 2677 Regium
1415 2639 1463 2678 lib.
1486 2648 1511 2672 1.
1533 2641 1674 2678 'auximo
1697 2654 1721 2675 c.
1741 2654 1768 2685 7.

1005 2674 1171 2707 Postremo
1199 2675 1263 2708 huc
1287 2677 1510 2720 referendum,
1533 2684 1620 2722 quod
1644 2685 1794 2724 Ulpianus
1810 2683 1832 2716 l.

966 2724 1016 2760 17..
1034 2715 1063 2758 §.
1087 2726 1132 2761 19-
1159 2716 1199 2761 D.
1225 2718 1261 2749 h.
1278 2723 1300 2749 t.
1322 2720 1352 2750 in
1384 2719 1469 2752 hune
1493 2722 1598 2755 scribit
1621 2728 1768 2757 modum:
1796 2724 1833 2757 Si·

966 2766 1033 2796 quis
1053 2758 1121 2789 talis
1145 2758 1181 2789 fit
1205 2756 1311 2791 servus
1335 2760 1388 2801 qui
1411 2763 1542 2795 omnino
1566 2764 1742 2796 manumitti
1765 2774 1840 2800 non«

965 2798 1060 2837 poffit
1080 2808 1121 2830 ex
1137 2797 1441 2842 constitutionibus,
1465 2806 1515 2836 vel
1534 2805 1552 2838 fi
1570 2806 1623 2836 sub
1646 2814 1739 2845 poena
1761 2807 1835 2838 vin·

966 2839 1111 2877 culorum
1135 2839 1296 2873 distractus
1320 2843 1356 2875 fit
1379 2853 1395 2874 a
1417 2845 1568 2883 domino,
1599 2846 1647 2877 vel
1671 2846 1711 2877 ab
1726 2847 1832 2887 aliqua

967 2880 1124 2920 potestate
1141 2882 1322 2922 damnatus,
1339 2883 1388 2916 vel
1406 2883 1427 2918 fi
1443 2887 1676 2926 exportandus:
1699 2888 1833 2927 aequiffi-

966 2930 1053 2953 mum
1078 2926 1157 2961 erit,
1181 2924 1275 2956 etiarn
1292 2921 1356 2956 hoc·
1372 2927 1510 2966 praedici.
1552 2926 1614 2957 Sed
1630 2927 1670 2959 de
1693 2929 1778 2960 vitiis
1796 2929 1830 2962 ὄε

965 2964 1085 3001 morbis
1100 2965 1178 2997 satis.
1202 2967 1327 2998 tandein
1345 2967 1533 3005 videndum,
1560 2969 1646 3006 quod
1662 2970 1757 3008 paulo
1775 2979 1832 3003 an-

966 3011 997 3050 te
1011 3005 1167 3078 1prpmifi,
1195 3007 1272 3048 quid
1298 3007 1420 3041 AEdiles
1451 3010 1535 3040 circa
1567 3008 1636 3039 liaee
1666 3009 1831 3046 observari

987 3054 1007 3077 o
1038 3055 1086 3078 ue
1111 3055 1133 3079 t.

963 3053 984 3085 p
1007 3057 1122 3128 AJunltl,
1146 3087 1210 3136 Qui
1225 3092 1371 3131 mancipia
1387 3089 1538 3128 vendunt,
1561 3091 1692 3123 certiores
1703 3084 1829 3132 sociant

963 3135 1110 3170 emptores,
1134 3132 1205 3172 quid
1223 3133 1311 3163 morbi
1333 3130 1438 3160 vitiive
1459 3132 1561 3172 cuique
1577 3130 1639 3171 fit,
1661 3136 1724 3175 quis
1738 3136 1830 3178 fugi.

964 3171 1044 3213 rivus
1067 3180 1164 3206 errove
1175 3171 1238 3214 fit,
1267 3179 1381 3242 noggzve
1399 3170 1508 3207 Mutus
1525 3181 1583 3205 non
1596 3171 1658 3216 fit,
1679 3177 1842 3218 eademque,

1302 3253 1305 3256 .
1335 3219 1354 3253 y
1376 3219 1394 3245 2
1715 3226 1828 3266 omniu,¹
