2052 3487
498 142 809 186 Pnonanrmum
844 137 988 190 'Junis
1037 143 1216 180 C1V1L1s
1269 144 1361 181 Llfl.
1406 146 1478 184 IV.

91 235 184 274 nias,
214 232 266 266 <rel
294 241 328 266 ut
352 232 443 265 Titio
478 232 613 264 credas:
646 230 708 263 effe
741 232 817 263 mihi
847 241 953 264 tecum

92 277 233 308 mandati
258 276 416 308 actionem
432 297 442 311 ‚
471 274 501 305 δι
527 283 577 305 lTre
601 274 739 305 invicem
756 275 813 305 tibi
833 274 951 315 obliga-

94 326 162 349 tum
177 319 257 350 fore.
301 317 330 350 Is
348 315 448 348 sensus
469 314 664 346 Florentinae
683 313 841 354 scripturae
861 326 870 354 ;
900 326 952 346 ne-

93 368 156 400 que
175 359 460 400 improb02·quum
477 356 622 394 constet,
646 356 744 387 aliena
761 355 850 387 causa
866 366 951 388 inan-

92 404 200 433 datum
219 401 324 432 valere
350 400 368 430 l.
388 408 415 431 2·
446 397 482 429 D.
506 397 647 429 Mandati
666 397 711 428 vel
728 404 837 429 contra.
880 398 950 429 Ma-

90 443 146 474 lim
170 451 296 480 tamen,
328 440 379 473 nifi
397 439 542 472 offendet
567 447 600 470 te
624 439 800 479 dispunctio
826 440 951 471 voculae

91 493 165 522 non,
188 484 293 525 legere
309 506 319 522 ,
344 480 373 520 fi
387 484 439 512 tihi
459 483 650 518 mandavero,
673 482 748 522 qnod
763 491 824 512 mea
845 482 947 512 intere-

89 531 137 556 rat
156 536 164 555 :
194 526 266 565 quia
291 533 327 554 ea
357 523 471 554 vocula
495 533 551 553 non
574 523 658 552 abest
681 532 696 552 a
713 522 818 553 inultis
840 532 949 553 manu-

88 565 212 606 scriptis
231 565 314 596 libris
332 575 341 603 3
371 568 482 606 utique
502 563 521 594 fi
541 573 609 605 quae
634 563 804 595 Acccurlio
820 563 898 596 fides
916 564 947 595 id

89 607 213 638 testanti
237 616 266 637 in
290 605 410 638 Glossa.
454 605 557 636 Etiam
578 605 731 635 convenit
747 614 783 635 ea
799 606 946 636 emenda-

88 648 136 678 tio
161 647 275 688 speciei
295 647 314 678 l.
334 652 383 685 48.
409 646 438 689 ᾗ.
459 656 484 678 1.
510 647 550 677 D.
572 648 630 688 eod.
657 647 702 677 tz't.
726 655 796 684 quae
823 647 867 678 est
893 647 947 677 de-

86 689 208 729 sumpta
232 698 272 720 ex
297 688 377 721 Celsi
405 689 486 720 libro
505 697 533 729 7.
560 686 764 728 Digestorum
785 697 879 728 quern
903 688 946 719 al-

87 730 172 772 legat
191 729 346 771 Ulpianus
366 731 394 761 d.
421 729 450 771 §.
469 740 498 768 4.
524 728 689 760 Posti-erno
707 730 805 770 exigit
822 739 889 760 eam
911 728 944 760 fi-

85 782 126 802 ve
149 772 333 810 connexio,
356 770 419 803 five
438 769 621 811 oppolitiO,
652 771 746 801 trium
770 770 945 811 specierum

85 822 161 851 quas
188 812 378 854 distinguere
411 813 537 844 videtur
569 810 722 851 Ulpianus
748 811 780 843 in
810 814 837 843 cl.
864 812 894 853 §.
913 822 943 849 4.

86 854 123 889 &²
145 866 173 895 5.
198 863 269 886 curn
293 854 434 895 alioquin
463 854 582 894 species
608 855 633 883 d.
661 852 688 893 §.
708 864 736 892 4.
772 854 882 885 eadem
907 852 944 884 sit

86 895 200 937 speciei
225 896 342 927 ultimae
364 898 391 926 ci.
419 895 446 937 ἓ.
466 906 494 935 5.
522 894 548 925 ὅ(
570 894 618 925 bis
643 893 821 926 referatur:
854 895 943 935 quod

85 947 216 976 vereor,
239 946 273 968 ut
290 937 428 978 Ulpiano
447 936 612 976 negOtium
635 934 742 967 fuerit.
788 935 883 976 Igitur
900 936 943 966 le·

85 982 223 1019 gendum
240 981 319 1017 erit,
343 978 498 1019 expunsta
517 977 688 1018 negatione
705 989 711 1009 :
744 977 776 1008 Si
794 978 846 1008 n'ln·
862 986 940 1008 mam

83 1021 204 1058 davero,
228 1022 302 1061 qnod
317 1030 378 1051 mea
395 1022 542 1051 intererat.
584 1016 695 1050 Sensus
711 1028 807 1057 vero,
832 1018 861 1049 Si
886 1017 942 1048 tibi

84 1063 280 1092 mandavero
304 1062 333 1092 ἀ
361 1070 429 1092 mea
455 1060 484 1092 ἀ
509 1060 608 1090 aliena
632 1059 731 1099 gratia
749 1083 759 1098 ,
788 1060 885 1090 veluti
908 1067 943 1090 ut

84 1112 143 1142 pro
162 1103 234 1142 Scjo
260 1103 467 1139 intervenias,
493 1102 543 1132 vel
572 1109 605 1131 ut
623 1100 715 1131 Titio
737 1101 866 1138 credas,
892 1108 943 1130 va-

83 1144 149 1175 lere
173 1144 366 1175 mandarum.
391 1143 511 1174 &ideo
535 1142 611 1172 mihi
638 1150 743 1172 tecum
761 1140 833 1172 fore
856 1150 943 1172 man-

82 1186 147 1216 dati
171 1185 327 1216 astionem
344 1208 353 1223 ,
387 1185 416 1215 ἂ
447 1192 498 1214 me
522 1182 660 1213 invicem
683 1182 739 1213 tibi
763 1182 940 1223 obligatum

79 1225 160 1257 sore.
206 1225 304 1268 Quod
322 1233 430 1256 verum
448 1223 510 1261 est,
536 1224 565 1254 ὃ(
588 1233 604 1254 a
621 1223 714 1255 Celso
737 1223 890 1261 probatur
909 1226 936 1255 d.

80 1267 100 1298 l.
118 1272 157 1305 48
192 1266 219 1308 §.
244 1276 268 1298 1.
294 1275 405 1307 quem,
429 1271 464 1296 ut
487 1265 570 1303 dixi,
601 1264 707 1296 laudat
732 1264 887 1306 Ulpianus
908 1265 937 1296 d.

103 1333 108 1337 .
126 1318 155 1345 4.
203 1307 328 1339 Deinde
345 1307 449 1347 inquit
461 1305 706 1346 Jurisconsultus
728 1306 756 1348 §.
771 1316 801 1347 5.
828 1306 938 1344 Plane,

92 1359 102 1380 z
120 1350 173 1379 tibi
196 1349 368 1380 mandavero
385 1372 394 1387 ,
425 1349 498 1388 qnod
517 1355 569 1378 tua
586 1349 723 1378 intererat
740 1371 750 1386 ,
780 1347 863 1378 nulla
885 1348 940 1378 erit

77 1392 209 1422 mandati
227 1389 310 1421 attio.
354 1388 535 1421 Verisfiine:
558 1397 628 1420 narn
648 1389 875 1430 supervacuum
894 1388 939 1420 est

77 1432 260 1463 mandatum
277 1454 287 1470 ,
319 1430 338 1462 fi
362 1438 485 1462 tanturn
514 1438 566 1461 tua
589 1431 688 1471 gratia
716 1429 937 1471 interpositum

78 1472 148 1504 est:
180 1474 252 1511 quia
278 1479 398 1504 tanturn
425 1479 476 1502 tua
495 1471 644 1508 interest,
669 1481 738 1503 mea
756 1481 820 1503 non
843 1472 938 1503 inter-

78 1513 132 1545 est.
168 1513 282 1558 Quid,
305 1513 325 1544 fi
343 1523 411 1545 inea
429 1522 559 1553 quoque
582 1512 752 1544 interfuit?
773 1513 835 1553 jam
854 1514 939 1544 valet

77 1556 279 1594 mandatum,
303 1562 338 1585 ut
362 1554 514 1594 Ulpianus
542 1556 662 1594 inqu1t:
689 1555 759 1594 quia
781 1555 810 1585 <Sc
835 1558 886 1585 tua
908 1555 938 1586 &

77 1605 148 1634 mea
166 1597 263 1637 gratia
288 1595 341 1627 est.
386 1596 552 1635 Sequitur,
575 1595 739 1633 autfinon
762 1595 824 1636 effes
835 1594 938 1635 fastu-

79 1647 131 1668 rus
147 1661 156 1674 ,
185 1637 240 1675 nist
262 1647 310 1678 ego
329 1637 520 1678 nzandaffein,
551 1636 600 1675 etfi
620 1647 680 1668 mea
702 1647 759 1668 non
777 1638 935 1676 interfuit,

78 1683 171 1709 tamen
197 1681 248 1709 erit
273 1680 405 1710 mandati
425 1678 508 1710 aetio.
553 1678 599 1709 lta
624 1678 743 1710 habent
770 1679 938 1711 Pandettae

77 1718 255 1751 Florentini
292 1719 344 1750 sed
366 1730 424 1760 pro
451 1718 541 1758 antst'
558 1718 658 1751 scribe
673 1726 703 1751 at
717 1719 762 1758 st.-
793 1719 834 1751 fic
852 1721 938 1751 enirn

79 1759 208 1791 suadent
233 1760 434 1801 manuscripti
461 1761 558 1792 libri:
589 1769 623 1792 ut
639 1768 774 1793 monent
798 1761 938 1793 Russ'ardi

78 1802 108 1831 ὅ(
137 1801 315 1832 Charondae
338 1802 523 1842 marginales
553 1801 651 1833 Notae
669 1826 679 1841 ,
710 1804 804 1833 etiam
833 1804 938 1833 codex

77 1841 324 1874 Hsvloandrinus.
358 1843 387 1873 &
410 1841 513 1874 sensus
531 1866 540 1882 ,
574 1843 616 1874 At
641 1843 663 1874 si
688 1844 832 1874 mandavi
855 1844 937 1880 tibi,

77 1893 183 1923 neque
209 1893 276 1915 mea
299 1886 395 1923 gratia
416 1908 424 1922 ,
458 1892 562 1923 neque
585 1892 636 1915 tua
652 1907 662 1923 ,
694 1884 746 1915 sed
764 1885 885 1918 aliena:
907 1884 937 1915 δε

77 1925 152 1956 ideo
179 1935 241 1955 non
269 1923 373 1956 fuiffea
396 1924 552 1963 facturus,
575 1924 629 1956 nisi
653 1925 709 1956 tibi
729 1924 934 1964 mandassem3

76 1966 324 2007 competitur-am
352 1965 409 1997 tibi
435 1965 582 1998 adversus
610 1975 661 1998 me
684 1967 822 1998 mandati
840 1966 936 1998 aetio-

521 2077 825 2128 FINIS
897 2078 942 2128 L

1815 162 1859 197 73

997 242 1070 265 nem
1085 256 1094 272 ‚
1128 233 1183 266 etsi
1206 243 1276 265 mea
1292 244 1357 266 non
1378 235 1532 267 interfuit.
1575 234 1652 268 Hoc
1674 236 1751 269 mihi
1771 238 1860 270 vide-

997 282 1065 313 tur,
1090 275 1118 307 ὅ(
1142 285 1157 306 a
1175 275 1348 315 justiniano
1366 278 1523 309 indicatur
1540 277 1568 319 §.
1588 282 1616 309 6.
1645 277 1714 319 lnft.
1731 281 1763 310 (le
1778 290 1860 311 man-

995 317 1078 347 clato:
1101 326 1172 347 cuin
1194 317 1234 348 iic
1252 316 1367 349 scribit.
1411 319 1452 350 Et
1473 320 1539 350 adeo
1562 320 1619 350 haec
1636 321 1677 351 ita
1696 321 1767 359 sum
1783 344 1793 359 ,
1823 328 1858 354 ut

994 356 1143 398 quesitum
1154 356 1194 397 fit
1213 382 1221 396 ,
1253 369 1291 390 an
1308 361 1439 391 mandati
1454 366 1604 400 teneatur,
1635 363 1687 402 qni
1702 364 1857 394 mandavit

994 400 1047 429 tibi
1065 422 1073 436 ‚
1112 407 1144 430 nt
1163 402 1316 439 pecuniam
1342 400 1417 432 Titio
1446 403 1627 439 soenerares;
1653 403 1707 442 sed
1730 405 1856 435 obtinuit

994 440 1267 481 Saliinz’sententia,
1291 442 1495 483 obligatorium
1510 443 1561 484 effe
1575 445 1606 474 in
1622 445 1672 474 hoc
1690 445 1757 485 casir
1772 456 1856 476 man·

992 482 1092 512 cicinum
1110 505 1118 519 ,
1149 483 1219 523 qnia
1236 492 1292 513 non
1316 484 1398 515 aliter
1423 484 1496 516 Titio
1515 484 1689 525 credizliffes‚
1721 486 1854 527 quamsi

992 524 1043 553 tz'bz'
1075 527 1245 554 mandatnm
1272 523 1344 563 effet.
1396 525 1474 556 Haec
1496 535 1552 556 cur
1576 534 1639 558 tani
1664 529 1749 559 varie
1768 529 1784 560 ¹?
1816 528 1853 560 In

991 565 1098 604 primis
1115 575 1206 603 cum,
1231 565 1331 596 aliena
1353 565 1443 597 causa
1470 568 1657 607 interposito
1681 570 1851 608 mandato,

991 615 1054 636 non
1083 607 1180 646 inagis
1205 614 1276 637 mea
1294 606 1430 646 intersit,
1461 617 1554 649 quarn
1577 618 1648 640 cuin
1668 611 1853 643 mandatum

991 647 1035 677 est
1054 656 1104 677 tua
1123 646 1222 679 causa.
1265 647 1327 679 Sed
1346 648 1461 686 refert,
1488 650 1575 689 quod
1600 658 1631 681 te
1656 652 1686 682 in
1710 660 1760 682 tua
1779 661 1852 683 cau-

989 687 1015 718 sa
1043 689 1071 719 δι
1094 689 1286 729 deligentem
1310 690 1339 720 ὅς
1366 690 1520 721 curiosum
1547 690 1609 722 effe
1628 701 1760 732 oportet
1779 717 1788 732 ,
1818 695 1851 725 in

989 730 1090 760 aliena
1115 740 1178 761 non
1211 730 1312 762 item:
1349 733 1436 771 quod
1461 731 1545 763 reste
1573 739 1663 764 notat
1693 733 1806 765 Paulus
1829 736 1851 766 l.

993 780 1038 806 19.
1065 770 1105 801 D.
1129 772 1161 801 cle
1180 773 1401 803 novationihus:
1425 783 1485 804 nce
1504 773 1614 805 Paulus
1636 783 1778 814 tantuin,
1797 775 1849 807 sed

987 810 1160 843 Terentius
1194 822 1325 853 quoque
1355 814 1557 846 Heaznonnm.
1588 815 1644 847 aa.
1670 825 1696 848 1.
1716 817 1792 855 scen.
1820 826 1848 850 1.

985 853 1058 888 verll
1080 863 1129 894 23.
1154 853 1201 885 liis
1219 855 1335 885 vei-bis.

1023 912 1075 917 —-—-
1098 913 1150 917 -q
1173 913 1224 917 —-
1248 894 1412 926 'I'antznnne
1427 899 1461 928 ab
1478 907 1507 928 re
1523 905 1575 928 tna
1594 895 1627 938 ’ft
1646 897 1696 930 otl
1708 899 1785 931 tibi?

1025 935 1132 966 Aliena
1147 942 1179 966 nt
1196 946 1296 973 cnres3
1319 947 1405 977 eaque
1420 938 1493 969 nihil
1515 949 1577 980 quie
1594 941 1631 970 ad
1652 946 1677 970 te
1694 942 1819 971 attinent
1830 941 1848 973 22

986 975 1014 1006 ἃ
1031 976 1105 1007 itleo
1125 978 1154 1008 in
1180 978 1281 1008 altero
1301 979 1370 1009 calu
1388 1001 1397 1016 ,
1428 980 1446 1011 ss
1467 981 1557 1012 aliter
1578 982 1670 1012 cadat
1687 992 1736 1013 res
1752 1005 1761 1020 ‚
1792 992 1848 1014 ne·

986 1026 1049 1057 que
1085 1017 1266 1058 inquifivisti
1305 1020 1474 1059 diligenter
1509 1022 1538 1052 ὃς
1570 1022 1693 1054 curiose
1715 1024 1746 1054 in
1779 1033 1846 1056 rem

985 1059 1162 1090 mandatam
1182 1082 1191 1097 ‚
1229 1067 1280 1090 tua
1307 1061 1399 1100 culpa
1416 1062 1460 1093 cst
1477 1086 1486 1100 ,
1518 1066 1548 1094 in
1572 1064 1673 1095 altero
1698 1074 1762 1096 non
1788 1066 1845 1097 est.

984 1097 1092 1131 Totus
1111 1101 1204 1141 igitur
1228 1100 1353 1140 Ulpiani
1372 1103 1460 1134 locus
1482 1104 1524 1134 ita
1544 1105 1755 1137 restituendus
1773 1109 1845 1138 erit.

1024 1140 1057 1171 Si
1074 1143 1124 1172 tibi
1146 1143 1319 1173 mandavero
1336 1167 1345 1181 ,
1379 1145 1454 1184 qnod
1475 1155 1535 1176 nien
1560 1147 1697 1178 intererat
1714 1171 1724 1186 ,
1753 1148 1846 1179 veluit

1043 1188 1077 1213 nt
1098 1190 1148 1223 pro
1174 1183 1236 1224 Sejo
1261 1186 1437 1216 intervenias
1453 1209 1461 1223 ‚
1492 1186 1538 1216 vel
1559 1193 1592 1217 ut
1623 1187 1695 1219 Titio
1724 1191 1846 1221 credas:

1042 1225 1096 1254 erit
1121 1225 1191 1254 mihi
1216 1231 1307 1256 tecum
1332 1228 1463 1258 mandati
1486 1227 1578 1266 aetio,
1602 1230 1616 1266 (
1629 1235 1661 1260 ut
1679 1230 1774 1269 Celsus
1796 1231 1845 1262 lib.

1044 1274 1072 1305 7.
1100 1264 1286 1306 Digestorum
1295 1267 1426 1308 scribit)
1458 1268 1494 1303 ὃ)
1517 1278 1565 1309 ego
1584 1271 1635 1300 tiln'
1645 1271 1716 1310 sum
1737 1272 1848 1314 obliga-

1043 1314 1100 1337 tus.
1146 1308 1238 1338 Plane
1248 1306 1277 1346 si
1296 1310 1348 1339 tibi
1361 1310 1536 1341 mandavero
1553 1333 1563 1349 ,
1595 1314 1669 1352 quod
1687 1319 1739 1343 tna
1757 1315 1847 1345 inter-

1040 1354 1120 1386 erat,
1143 1348 1224 1380 nulla
1240 1353 1294 1381 erit
1311 1352 1443 1382 mandati
1461 1351 1552 1389 attio,
1583 1351 1639 1390 nzfi
1660 1363 1720 1384 mea
1738 1364 1846 1396 qnoque

1043 1390 1204 1427 interfuit:
1240 1389 1316 1429 atsi
1339 1402 1395 1423 non
1427 1392 1492 1432 effes
1515 1392 1680 1432 scibimus,
1711 1395 1768 1434 mfi
1797 1406 1845 1436 ego

1040 1430 1233 1471 mandaffem,
1262 1431 1331 1474 [55³]
1347 1432 1377 1472 fi
1401 1443 1463 1465 mea
1488 1443 1546 1465 non
1568 1436 1724 1476 interfuit,
1750 1443 1846 1469 tamen

1043 1473 1097 1503 erit
1113 1474 1244 1504 mandati
1258 1474 1343 1506 anto.

980 1510 1078 1544 Plane
1093 1537 1101 1551 ‚
1133 1513 1153 1544 fi
1176 1515 1245 1554 quis
1263 1516 1352 1546 volet
1374 1517 1453 1547 tueri
1477 1516 1650 1550 lectionem
1666 1519 1846 1552 Florentini

982 1555 1171 1594 exemplaris
1188 1578 1198 1595 ‚
1232 1564 1284 1587 aut
1300 1555 1329 1594 fi
1352 1567 1408 1587 non
1431 1557 1496 1598 effer
1512 1559 1655 1597 fasturus
1671 1584 1679 1599 ‚
1717 1560 1772 1599 nifi
1795 1571 1846 1604 ego

981 1596 1182 1636 mandaffein;
1219 1599 1247 1628 ei
1273 1599 1453 1630 libertatern
1485 1598 1569 1631 suam
1598 1611 1662 1633 non
1688 1602 1818 1634 invideo
1835 1614 1846 1636 :

981 1637 1056 1668 dum
1076 1638 1216 1677 cogitet,
1241 1648 1305 1671 non
1325 1639 1386 1671 effe
1403 1642 1585 1682 exemplum
1605 1643 1668 1683 ejus
1689 1644 1793 1676 versus
1811 1644 1847 1677 in

981 1678 1000 1709 l.
1018 1688 1068 1720 32.
1095 1677 1136 1711 D.
1161 1682 1218 1710 eod.
1237 1681 1282 1712 tit.
1307 1690 1497 1721 quamquam
1517 1684 1605 1715 multi
1625 1693 1753 1724 putant:
1778 1695 1846 1719 non

982 1722 1067 1751 enim
1082 1722 1276 1761 proponitur
1299 1732 1335 1753 ea
1354 1724 1384 1754 in
1408 1723 1478 1763 lege
1503 1727 1683 1757 mandatum
1704 1735 1755 1757 tua
1775 1734 1845 1759 tan-

983 1769 1050 1793 turn
1072 1762 1161 1793 causa
1180 1764 1219 1794 de
1243 1773 1308 1804 quo
1334 1764 1377 1795 illi
1397 1765 1511 1797 volunt
1537 1767 1634 1807 quaeri
1651 1768 1787 1808 allegato
1810 1770 1845 1801 in

982 1803 1072 1834 versu
1094 1804 1122 1834 d.
1153 1803 1180 1845 ᾗ.
1204 1815 1235 1844 5.
1268 1805 1321 1835 sed
1345 1807 1536 1845 proponitur
1563 1809 1744 1841 mandatum
1771 1819 1844 1841 mea

982 1844 1012 1875 &
1039 1852 1091 1874 tua
1111 1845 1209 1885 gratia
1232 1845 1272 1876 de
1296 1855 1361 1886 quo
1389 1855 1454 1877 non
1479 1849 1582 1890 agitur
1601 1850 1655 1881 illo
1674 1851 1703 1881 in
1730 1850 1842 1890 versu3

982 1884 1042 1967 sec}
1053 1885 1085 1932 in
1103 1886 1327 1927 praecedente,
1350 1886 1489 1929 scilicet,
1518 1889 1574 1930 nzfi
1589 1900 1651 1924 mea
1674 1901 1785 1934 qnoque
1798 1893 1844 1924 in·

980 1932 1022 1957 zer
1039 1931 1094 1958 uit.

979 2059 1391 2132 1‘13'R11v.

477 2214 896 2252 PROBABILIUM
958 2216 1141 2263 JURIS
1203 2218 1434 2256 CIVILIS.

358 2361 1561 2553 ELENCHUS

310 2632 605 2720 Capitum
674 2636 1089 2701 Probabilium
1154 2638 1310 2725 Juris
1379 2639 1613 2706 Civilis.

660 2801 915 2843 LIBRI

84 2887 163 2924 CAP.
180 2887 206 2922 I.
238 2891 311 2926 1.Si
322 2892 439 2939 flumen
455 2909 566 2943 agrum
590 2898 719 2945 alicujus
735 2907 872 2945 occupet,
898 2897 940 2938 &⁹

182 2939 289 2973 deinde
305 2942 406 2987 rursus
425 2947 593 2991 relinquat,
630 2949 702 2993 qnid
711 2949 794 2996 juris
810 2948 827 2981 ‚9
862 2948 939 2994 Gajo

182 2987 237 3021 lux
255 2989 329 3022 data
347 2991 376 3024 in
392 2992 411 3025 l.
423 3003 454 3035 7.
472 2993 500 3040 §.
514 3007 545 3037 5.
563 2993 604 3034 δέ)
620 3000 651 3031 6.
669 2997 712 3031 D.
729 2999 763 3032 de
781 2998 939 3041 adquiren-

180 3035 215 3068 do
231 3047 333 3070 rernm
352 3039 489 3075 dominio.
542 3055 572 3077 2.
600 3045 751 3081 Rationes
768 3044 938 3090 differztien-

180 3086 258 3118 tium
283 3086 492 3133 Interpretum
516 3090 707 3135 afferuntur.
769 3105 799 3138 3.
827 3093 939 3140 Discu-

179 3134 310 3169 tiantur.
350 3147 382 3178 4.
412 3136 594 3184 Pomponius
607 3140 777 3187 restituitur
793 3144 823 3176 in
840 3142 858 3175 l.
880 3153 935 3187 30.

177 3180 206 3227 §.
225 3193 258 3226 3.
277 3183 318 3217 D,
337 3185 399 3219 eod.
417 3186 464 3219 tit.
488 3195 624 3233 exempta
644 3189 767 3237 Gl0ffi1‚
802 3202 867 3236 quse
883 3192 937 3225 hct-

131 3276 163 3312 T
177 3232 278 3314 &⁶2an
293 3243 360 3268 eum
380 3233 474 3270 locum
491 3237 678 3283 inquinavit.
808 3240 887 3287 Pag.
918 3250 934 3275 1

157 3290 212 3315 om.
262 3306 270 3314 .

981 2802 1260 2845 PRIMI.

1031 2900 1074 2937 II.
1100 2912 1128 2935 1.
1156 2902 1196 2936 In
1209 2901 1421 2949 constituendis
1440 2903 1624 2950 prcediorurn
1638 2902 1845 2951 servitutibus·

1081 2951 1276 2998 neceffizriam
1299 2951 1354 2997 effe
1379 2954 1549 2988 vicinarum
1583 2954 1758 2988 utilitatem.
1812 2963 1850 2989 2-

1078 2999 1159 3035 Eam
1177 3002 1341 3035 utilitatem
1359 3012 1416 3035 non
1435 3003 1597 3037 terminari
1602 2999 1724 3046 ‚semper
1741 2999 1846 3043 ufir&

1080 3048 1253 3096 necestitate
1270 3050 1456 3083 dominantis
1469 3050 1576 3096 proedii
1586 3047 1660 3094 ,sed
1672 3050 1846 3096 quandoque

1073 3099 1197 3144 porrigi
1213 3099 1324 3141 latins,
1357 3099 1451 3132 etiam
1474 3099 1516 3132 acl
1532 3098 1646 3132 domini
1659 3099 1847 3134 commodum

1078 3158 1116 3180 ac
1131 3148 1314 3193 voluptatem
1325 3172 1336 3189 ,
1350 3147 1490 3192 plenius,
1519 3157 1608 3191 qnam
1617 3144 1698 3192 fhlet
1710 3173 1719 3188 ‚
1746 3147 1846 3194 osten·

1077 3195 1170 3231 ditur.
1192 3206 1230 3240 ⁷3·
1251 3193 1292 3234 ἐξ
1305 3205 1336 3237 4.
1368 3194 1518 3228 Hotmcini
1533 3191 1574 3233 ἐξ
1591 3194 1844 3242 Cujaciisenten-

1080 3244 1130 3279 tice
1154 3244 1188 3280 de
1210 3243 1361 3280 intellettn
1384 3243 1471 3276 verbi
1487 3270 1496 3286 ,
1532 3244 1708 3281 ambulandi
1725 3270 1736 3290 ,
1768 3244 1849 3293 quod

1409 3290 1442 3327 Κ
1801 3291 1845 3340 est
