2052 3487
399 109 467 148 An
517 108 679 147 Laeti:
729 111 965 153 AQUILIAM

64 204 127 238 effe
152 203 327 238 vindicabit
352 203 498 235 dominus
514 222 523 238 ,
546 199 602 231 etii
628 199 805 233 dominium
827 200 866 232 ab
889 209 930 232 eo

67 249 224 280 abiturum
249 246 390 288 speretur
409 245 428 274 l.
448 246 499 274 06.
527 239 565 271 D.
593 242 626 272 de
652 242 693 271 rei
721 243 927 274 vindicatione.

67 290 250 329 exemplum
274 288 336 319 tale
364 288 394 318 in
417 285 436 316 l.
459 293 505 314 11.
529 280 556 322 §.
574 291 602 322 7.
630 281 754 331 D·.‘.M
778 285 865 326 legem
887 280 931 315 A·

66 331 202 371 quiliam:
227 330 259 362 [n
278 329 386 366 servo,
409 333 504 367 quem
527 324 584 355 tibi
603 323 819 358 redhibiturus
844 325 928 364 sum,

68 373 218 404 damnum
244 371 351 411 injuria
375 370 480 400 datum
507 364 577 396 est.-
614 368 791 406 quieritur,
824 376 930 399 utrum

68 415 146 450 leuis
174 413 308 454 Aquiliae
334 410 415 442 aCtio
444 407 522 453 milii
547 414 743 453 competat,
781 419 819 441 an
846 410 928 440 tibi:

66 446 140 486 na‘in
172 463 206 486 tu
239 453 359 485 futurus
385 460 418 483 es
444 451 523 480 iervi
555 449 730 489 dommus,
768 461 830 492 ego
853 450 928 483 defi-

65 504 154 527 turus
184 497 259 527 sum.
290 505 351 537 ego
382 500 486 524 tamen
518 489 645 521 interim
677 492 825 524 dominus
852 492 928 525 sum.

62 538 159 578 igitur
191 538 295 568 verius
324 535 395 573 est,
428 533 586 576 atlionem
618 532 695 564 milii
720 543 928 575 competere:

63 579 118 610 sed
140 578 300 611 redhibito
319 576 409 608 servo
434 582 531 615 cogar
556 573 614 603 tibi
640 575 774 608 reddere
800 577 927 614 omnia,

63 629 134 659 quae
161 620 238 653 mihi
263 628 319 659 per
342 626 415 650 eum
440 623 531 647 extra
557 624 623 646 rem
647 624 750 648 meam
777 617 928 656 adquisita

64 661 156 692 sunt:
178 662 209 692 id
237 660 322 692 enim
337 656 544 691 redhibitioni
565 659 764 698 conlequens
781 658 826 690 est
843 660 862 691 l.
876 669 925 700 23.

62 698 90 745 ς.
109 703 160 734 ult.
185 701 222 736 &5⁹
244 702 263 732 l.
287 712 335 741 24.
360 700 402 732 D.
428 701 460 731 de
476 697 612 728 AEdilitio
628 699 727 732 edicto.

101 743 174 776 Plus
197 743 323 775 dicam:
355 741 376 774 fi
401 741 478 773 servi
499 740 647 771 dominus
674 742 747 781 fui,
778 751 850 774 cum
871 749 926 773 oc-

62 785 247 823 cideretur,
279 785 330 816 sed
354 783 416 815 eise
447 780 519 813 dclii
546 782 597 812 vel
623 782 816 815 alienatione
833 806 843 822 ,
875 783 926 813 vel

61 826 319 864 manumiffione,
345 825 395 857 vel
414 823 577 861 finiiliter3
607 823 812 856 nihilominus
837 833 925 855 com-

63 869 144 910 petit
165 869 241 900 mihi
258 867 340 899 aftio
359 867 435 908 legis
454 866 599 906 Aquiliae.
643 864 841 906 Pomponius
858 875 925 896 cer-

61 917 94 942 te
111 910 214 951 inquit
230 933 241 950 ,
265 908 462 953 Quaecuiiique
479 906 602 938 ustiones
624 907 694 937 mihi
708 908 784 944 servi
802 909 856 937 mei
876 916 925 937 no-

62 952 137 985 mine
154 958 296 992 caeperunt
312 956 461 991 competere
477 948 523 979 vel
549 957 585 978 ex
604 946 762 979 Duodecim
788 947 925 986 Tabulis,

62 993 157 1025 velex
173 993 231 1035 lege
247 992 387 1033 Aquilia,
411 991 457 1021 vel
474 990 673 1031 injuriarum,
692 990 738 1020 vel
750 989 854 1030 furti,
878 998 925 1019 eae⁴

62 1035 124 1065 dem
144 1036 273 1072 durant,
297 1031 461 1071 etfiser-vus
472 1029 568 1072 postea
582 1031 629 1061 vel
652 1030 859 1071 manumzffus,
879 1030 926 1061 vel

63 1075 225 1114 alienatus,
246 1075 292 1105 vel
316 1080 445 1105 mortuus
454 1073 553 1113 fuerit
570 1073 589 1104 l.
600 1075 650 1113 56.
671 1071 714 1104 D.
730 1073 762 1104 de
777 1072 924 1114 obligatio·

63 1118 147 1148 nibus
169 1116 205 1151 &³
226 1116 396 1147 aelionibus.

87 1157 170 1197 ,Dat
189 1158 282 1199 igitur
304 1157 355 1188 lex
383 1156 540 1188 astionem
564 1153 716 1186 domino:
738 1153 770 1186 id
787 1153 833 1186 est
850 1154 921 1200 „ei

65 1203 118 1237 qui
137 1199 283 1231 dominus
300 1198 379 1236 fuit,
396 1207 466 1229 curn
487 1198 614 1229 daretur
632 1195 789 1227 damnum.
814 1194 920 1237 Quid:

64 1240 84 1272 fi
110 1249 175 1272 tum
203 1249 268 1272 non
297 1239 418 1277 fuerit,
450 1237 502 1268 sed
529 1234 599 1276 post
620 1236 767 1269 dominus
797 1236 921 1276 factus,

64 1281 193 1313 fictione
204 1280 279 1321 juris
296 1287 380 1311 retro
399 1279 545 1310 dominus
560 1275 739 1310 habeatur?
762 1277 805 1309 Et
824 1279 921 1311 Pom-

63 1323 177 1363 ponius
201 1328 315 1362 putat,
347 1320 441 1351 etiam
471 1319 542 1351 huic
566 1318 725 1350 actionem
740 1320 825 1359 dari,
852 1329 921 1360 pro-

59 1362 168 1404 pofitis
185 1362 272 1394 variis
298 1362 452 1402 exemplis
475 1361 494 1392 l.
511 1370 560 1401 43.
585 1358 629 1391 D.
650 1360 702 1392 Ad
716 1360 805 1402 legem
827 1362 922 1403 Aqui-

59 1405 138 1435 liam.
180 1402 287 1435 Unum
314 1402 381 1441 est,
416 1402 435 1433 fi
461 1403 511 1434 cui
530 1404 680 1436 damnum
702 1402 810 1435 datum
838 1402 919 1442 fuit,

59 1455 131 1477 cuni
158 1445 187 1476 in
210 1443 529 1485 hostiumpotestate
556 1442 650 1475 esset:
682 1444 735 1483 qui
757 1454 822 1484 quo
841 1453 921 1477 tem-

59 1495 138 1527 pore
156 1486 290 1518 hostium
309 1486 412 1518 servus
437 1485 516 1524 fuit,
540 1494 604 1516 non
625 1484 686 1517 fuit
701 1485 780 1518 servi
797 1485 840 1517 sui
864 1487 919 1517 do·

60 1530 181 1560 minus:
205 1529 233 1559 ἃ
258 1536 359 1559 tamen
384 1528 524 1559 reversus
547 1526 762 1568 postliminio,
786 1529 919 1568 perinde

59 1579 153 1610 agere
176 1570 311 1610 poterit,
336 1578 371 1600 ac
391 1568 411 1600 fi
430 1568 552 1609 semper
570 1570 602 1599 in
625 1569 774 1608 civitate,
799 1570 830 1601 id
853 1569 917 1607 est,

57 1610 180 1652 semper
205 1612 369 1649 dominus,
402 1609 518 1641 fuiffet.
563 1609 706 1641 Alterum
732 1611 918 1651 exemplum

58 1652 121 1684 est:
143 1651 164 1684 fi
189 1650 294 1683 servus
321 1651 444 1683 occisus
464 1651 500 1682 fit
521 1650 590 1690 post
614 1652 735 1683 domini
757 1661 918 1691 mortem,

54 1700 230 1734 antequam
248 1700 340 1724 natus
359 1691 393 1724 fit
412 1693 477 1733 ejus
494 1692 700 1734 posthumus:
719 1703 790 1725 nam
808 1702 916 1735 quam-

53 1735 109 1767 diu
127 1735 269 1767 nondum
296 1742 386 1765 natus
404 1734 468 1771 est,
492 1734 634 1766 nendum
660 1735 809 1768 domiuus
829 1735 918 1767 vide-

54 1783 120 1814 πυτς
147 1775 198 1808 sed
215 1784 295 1807 cum*
311 1782 400 1806 natus
416 1774 479 1814 est,
501 1776 592 1807 datur
613 1776 742 1808 utilitati
764 1778 849 1818 ejus,
883 1785 918 1809 ut

51 1817 115 1858 jam
134 1825 281 1856 tempore
304 1815 416 1847 mortis
434 1815 512 1847 servi
531 1823 640 1854 natus,
664 1818 696 1849 id
718 1818 784 1858 est,
816 1819 918 1850 domi-

51 1869 134 1896 nus,
166 1857 259 1889 fuiffe
277 1857 480 1898 intelligatur.
523 1857 672 1890 Similiter
689 1859 709 1890 fi
734 1859 841 1892 servus
864 1869 917 1891 oc—

53 1899 134 1932 cisus
150 1899 187 1931 fit
205 1899 281 1930 vivo
297 1898 450 1935 dommo,-
466 1898 586 1938 poterit
603 1899 695 1931 heres
712 1901 796 1942 ejus,
807 1910 916 1940 quam-

52 1950 148 1981 quam
165 1950 229 1972 non
245 1939 342 1972 fuerit
357 1939 436 1972 servi
452 1941 599 1972 dominus
611 1963 620 1979 ,
646 1948 751 1975 tamen
771 1943 845 1982 quia
861 1942 918 1974 do-

51 1983 173 2014 minum
201 1981 402 2022 repraesentat
427 1981 510 2013 adita
533 1981 714 2015 hereditate
731 2007 741 2022 ,
778 1984 850 2025 lege
874 1983 916 2015 A-

49 2025 148 2065 quilia
164 2023 310 2065 experiri.
358 2023 513 2055 Praeterea
530 2023 551 2055 ii
571 2023 697 2064 servus,
718 2026 845 2066 jacente
861 2025 916 2056 he·

52 2065 189 2097 reditate
206 2088 215 2104 ,
248 2064 283 2096 fit
300 2063 441 2103 occisus,
472 2064 544 2104 quia
565 2074 662 2097 nemo
681 2067 743 2107 jam
768 2066 916 2099 dominus

51 2107 117 2147 ejus
141 2106 209 2145 est,
237 2107 342 2147 placet
358 2129 368 2145 ,
398 2106 556 2138 astionem
594 2106 792 2148 hereditati,
825 2108 916 2139 velut

52 2149 209 2186 dominae,
232 2148 375 2188 adquiri,
399 2146 451 2180 sed
477 2155 512 2180 ut
530 2157 566 2180 ea
584 2148 698 2188 heres,
722 2150 807 2182 adita
826 2149 913 2181 here-

50 2191 148 2221 ditate
165 2213 175 2229 ,
206 2189 398 2228 experiatur.
421 2191 449 2221 d.
476 2189 495 2221 l.
514 2200 565 2232 43.
587 2190 607 2221 l.
627 2200 670 2232 13.
697 2191 715 2234 §
742 2203 770 2224 2.
796 2190 838 2223 D.
863 2192 916 2222 Ad

50 2230 139 2269 legem
163 2231 324 2272 Aquiliam.
367 2231 482 2263 Similis
505 2238 559 2264 aut
586 2233 685 2273 maj0r
710 2233 799 2265 fictio
826 2232 914 2264 adhi-

51 2271 165 2310 betur,
188 2281 259 2303 cum
282 2271 388 2304 servus
413 2273 534 2314 legatus
559 2273 630 2311 post
648 2275 764 2307 aditam
788 2274 913 2305 heredi-

53 2318 152 2344 tatem
178 2313 300 2344 occisus
325 2313 414 2353 fuit,
444 2322 615 2352 antequam
643 2317 810 2358 legatarius
832 2316 914 2356 lega-

53 2358 120 2385 tum
145 2354 347 2395 agnosceret:
371 2363 441 2387 narn
466 2355 488 2388 fi
510 2356 573 2396 jam
591 2365 663 2389 ante
681 2359 838 2400 agnovit,
870 2357 901 2388 vi

51 2394 145 2426 detur
165 2396 304 2436 legatarii
327 2395 418 2427 fuisse
435 2405 452 2427 a
468 2405 614 2438 tempore
638 2400 732 2431 aditae
759 2400 916 2432 heredita-

52 2436 93 2467 tis
109 2446 117 2468 :
139 2435 161 2468 fi
180 2446 259 2468 vero
282 2446 387 2478 neque
405 2439 554 2479 agnovit,
577 2439 630 2472 sed
645 2450 749 2482 neque
767 2442 912 2482 repudia-

50 2477 99 2508 vit
116 2500 126 2515 ,
149 2477 180 2509 in
198 2476 345 2519 suspenso
368 2479 545 2512 dominium
565 2480 626 2514 est:
650 2482 774 2523 prorsus
793 2506 803 2522 ,
835 2490 869 2513 ut
891 2477 913 2514 fi

56 2517 126 2558 post
145 2519 292 2559 agnoscat
310 2520 445 2562 legatum
463 2545 472 2560 ,
504 2522 569 2562 ejus
588 2530 674 2555 retro
695 2524 785 2556 fuisse
806 2524 912 2556 videa-

55 2564 124 2597 ἰωῆς
147 2560 189 2592 fiii
209 2562 372 2601 repudiet,
398 2562 496 2603 magis
512 2561 637 2596 heredis
654 2574 740 2597 retro
756 2565 847 2597 fuiffe
867 2565 911 2596 in-

53 2600 212 2641 telligatur
233 2603 253 2633 l.
269 2613 318 2643 44.
373 2628 378 2634 .
403 2613 427 2635 1.
451 2605 471 2635 l.
495 2609 542 2640 86.
575 2606 604 2648 §.
623 2616 652 2638 2.
686 2606 728 2639 D.
752 2608 784 2638 de
808 2607 911 2648 legatis

55 2639 101 2672 lib.
123 2651 146 2673 i.
172 2642 271 2682 Puto,
295 2645 325 2676 id
377 2645 496 2686 lpianus
514 2647 581 2678 vult
601 2649 628 2678 cl.
652 2647 671 2679 l.
695 2657 741 2688 13.
764 2649 794 2690 §.
812 2658 841 2688 3.
867 2647 910 2680 D.

55 2681 104 2712 Act
119 2682 203 2724 legem
219 2685 387 2726 Aquiliam‚·
411 2696 484 2718 cum
500 2687 540 2719 fic
557 2688 681 2726 scribit,
705 2690 738 2721 Si
746 2692 855 2730 servus
872 2689 910 2720 le-

55 2727 144 2757 gatus
159 2722 217 2770 pasl
233 2728 340 2758 aditam
357 2728 539 2760 hereditatem
555 2728 595 2769 fit
613 2731 721 2771 occisus
736 2755 746 2768 ,
775 2736 910 2771 compete·

57 2771 88 2792 re
113 2763 180 2804 legis
204 2766 329 2807 Aquiliae
359 2768 495 2801 astionem
523 2771 660 2812 legatario
676 2796 685 2810 ‚
710 2771 740 2810 fi
767 2782 825 2803 non
846 2769 910 2813 post

55 2810 171 2849 mortem
189 2806 265 2843 servi
281 2811 419 2850 adgnovit
436 2811 571 2853 legatum.
593 2814 668 2854 quod
682 2813 708 2851 fi
722 2815 909 2854 repudiavit,

53 2847 221 2887 ⁶⁰nlequen5
245 2848 294 2886 else
316 2852 358 2881 ait
379 2851 523 2891 Julianus
551 2855 661 2893 dicere,
688 2855 781 2886 heredi
803 2861 905 2895 compe-

51 2889 117 2916 tere.
162 2885 210 2918 Ita
234 2887 398 2922 Florentiae
423 2893 537 2933 legitur
556 2919 565 2933 ,
591 2895 619 2934 fi
642 2906 699 2927 non
721 2894 807 2937 post:
832 2896 907 2934 sed,

51 2927 139 2966 quod
164 2926 270 2959 suadet
292 2931 396 2964 codex
423 2932 673 2975 Haloaridririus,
706 2937 908 2969 scribendum

54 2967 120 3014 est)
137 2967 167 3006 fi
181 2971 258 3000 7710ᾱο
274 2970 352 3011 Post:
374 2982 468 3020 parva
492 2987 596 3018 neque
616 2978 820 3017 infrequente
843 2988 909 3009 rnu-

51 3013 174 3056 tatione
189 3021 204 3056 :-
228 3020 300 3043 cum
320 3022 385 3045 vox
404 3015 458 3047 ista
481 3027 538 3049 non
561 3020 603 3050 ita
625 3022 678 3057 παῖ,
703 3020 755 3052 illa
771 3021 850 3051 modo
866 3017 909 3051 fic

50 3050 204 3098 mo‘scribi
224 3051 334 3085 soleat·
384 3055 444 3088 Sed
468 3057 532 3089 hoc
556 3061 627 3099 quia
650 3062 780 3093 memini
801 3071 853 3092 me
875 3063 907 3093 in

50 3091 199 3140 similibus
216 3093 384 3127 observare
407 3097 437 3128 <St
461 3101 582 3132 tradere
603 3102 688 3143 li'h.13.
714 3103 908 3135 Probabilium

41 3132 119 3173 juris
140 3144 163 3165 c.
184 3145 214 3172 4.
239 3136 340 3168 atium
361 3147 424 3168 non
446 3148 532 3180 agam
589 3143 696 3175 Potius
715 3144 833 3175 videbo
848 3167 857 3181 ‚
885 3143 908 3175 fi

47 3172 152 3207 servus
172 3175 293 3216 legatus
320 3187 393 3209 ante
411 3181 526 3213 aditam
552 3183 760 3217 hereditatem
781 3185 906 3217 occida-

47 3220 98 3248 tur
114 3239 125 3256 ,
158 3218 207 3250 cui
226 3218 353 3260 Aquilia
370 3230 546 3263 competat.
588 3225 630 3258 Et
651 3224 803 3268 Ulpianus
819 3227 863 3259 ait
885 3227 906 3260 l.

1013 105 1157 147 Linea
1207 109 1506 149 Sincutiiits.
1777 118 1846 161 133

977 209 1024 240 15.
1051 197 1094 229 D.
1112 196 1164 232 Aa
1186 196 1273 243 legem
1290 201 1446 242 Aquiliam
1461 223 1482 242 ,Υ
1503 198 1588 242 apud
1616 194 1769 234 heredem
1787 210 1847 235 rea

974 241 1148 273 mansuram
1165 243 1322 283 Aquiliam
1334 266 1344 282 ‚
1367 252 1425 284 per
1440 243 1653 277 hereditatem
1674 244 1718 275 illi
1736 245 1845 285 adqui⁴

973 282 1070 315 fitam.
1116 282 1218 328 Quod
1242 284 1283 316 sic
1303 285 1526 326 accipiendtnn
1551 284 1619 323 est,
1652 293 1686 316 ut
1707 286 1744 317 ad
1762 286 1847 326 lega-

974 326 1087 357 tarium
1107 335 1147 356 ne
1167 334 1233 358 turn
1253 327 1382 368 quidem
1408 328 1566 368 pertineat
1591 326 1613 358 fi
1631 327 1730 366 velit,
1762 328 1847 368 lega-

974 374 1042 398 tum
1071 367 1155 399 adita
1178 368 1359 400 hereditate
1376 368 1572 409 agnoscere:
1605 377 1796 409 quamquam
1815 379 1847 400 e-

972 409 1037 439 nim
1066 408 1206 448 legatum
1240 410 1407 442 dominum
1441 409 1520 441 facit
1551 410 1736 451 legatarium
1755 434 1765 447 ‚
1801 417 1846 441 ta-

972 459 1044 481 men
1075 459 1140 481 non
1163 455 1237 482 ante
1255 450 1334 482 facit
1351 475 1360 488 ,
1393 460 1489 492 quam
1517 460 1591 482 cum
1618 452 1776 484 hereditas
1803 451 1844 482 ab

973 491 1092 522 herede
1110 493 1194 523 adita
1219 492 1274 524 sit:
1306 500 1340 523 ut
1358 491 1566 532 Theophilus
1584 493 1732 524 observat
1752 495 1789 524 ad
1812 492 1843 534 δ.

973 542 1000 563 2,
1026 532 1096 573 lust.
1118 534 1150 563 de
1170 534 1290 574 legatis.-
1315 533 1379 565 hoc
1397 543 1474 565 vero
1495 541 1643 573 tempore
1662 535 1769 576 legato
1787 544 1844 565 ex-

973 574 1072 605 tincto
1091 575 1222 606 interitu
1246 575 1341 616 legati
1359 576 1458 613 iervi,
1483 584 1548 606 non
1571 583 1722 616 putarunt
1744 575 1844 607 Vete-

972 625 1041 655 res,
1067 615 1250 656 legatarium
1269 624 1322 648 aut
1340 615 1429 656 posse
1449 615 1480 647 id
1501 617 1715 657 adgnoscere,
1739 626 1793 648 aut
1810 626 1843 648 e-

969 657 1018 696 jus
1037 659 1204 689 dominum
1221 657 1300 689 fieri.
1344 657 1430 699 Quid
1447 666 1524 698 ergo
1539 658 1557 689 ?
1580 658 1718 698 placuit,
1744 659 1844 690 afflo-

971 707 1046 729 nem
1070 700 1148 740 legis
1174 697 1311 739 Aquilia:
1336 698 1447 730 heredi
1473 708 1529 738 per
1554 698 1766 732 hereditatem
1793 709 1843 731 ac=

971 740 1052 779 quiri
1074 763 1084 777 ,
1115 749 1220 780 neque
1247 749 1320 771 eum
1340 742 1440 771 teneri
1465 740 1547 780 hanc
1573 741 1724 781 legatario
1751 742 1846 773 cede-

970 789 1024 818 re;
1048 779 1100 812 sed
1119 791 1185 812 rem
1206 783 1342 821 perinde
1357 782 1463 822 haberi
1485 804 1494 820 ‚
1523 791 1560 813 ac
1579 781 1599 813 si
1628 781 1737 814 servus
1757 784 1844 823 lega-

971 828 1021 851 tus
1046 830 1117 852 cum
1143 823 1231 853 lucro
1250 822 1377 855 heredis
1395 831 1539 856 mortuus
1556 822 1655 863 effet3
1687 825 1776 864 quod
1793 834 1842 856 in-

969 861 1095 893 terdum
1114 862 1180 894 fieri
1199 863 1381 895 Marcianus
1406 864 1522 902 probat
1543 865 1562 895 l.
1583 874 1650 904 114.
1675 865 1703 908 §
1720 865 1772 896 ult.
1798 865 1843 897 D.

969 904 1002 933 cie
1023 903 1126 944 legatis
1149 905 1197 935 lib.
1220 914 1246 936 1.
1280 904 1326 936 lta
1344 905 1365 937 fi
1390 906 1497 937 servus
1523 906 1647 947 legatus
1677 916 1752 938 ante
1775 908 1841 939 adia

969 950 1034 975 tam
1058 946 1267 977 hereditatem
1291 946 1326 977 iit
1345 947 1478 979 occisus.
1525 948 1633 990 Quid,
1657 948 1678 979 ss
1698 949 1844 980 vulnera-

969 993 1020 1016 tus
1046 985 1107 1025 fit,
1141 997 1205 1018 non
1238 986 1359 1020 occisus
1377 989 1394 1020 i>
1427 997 1570 1021 remanet
1597 999 1626 1021 in
1659 990 1841 1022 hereditate

968 1026 1051 1058 attio
1069 1037 1076 1058 :
1101 1027 1152 1060 scd
1172 1028 1263 1060 heres
1284 1039 1352 1060 earn
1379 1031 1530 1070 legatario
1552 1031 1668 1062 cedere
1688 1033 1787 1063 debet
1810 1034 1841 1065 d.

967 1068 986 1099 l.
1010 1077 1056 1108 15.
1082 1067 1124 1100 D.
1148 1070 1198 1101 Ad
1215 1070 1303 1112 legem
1322 1072 1488 1112 Aquiliam.-
1512 1073 1584 1113 quia
1609 1072 1758 1113 homine,
1784 1074 1840 1114 qui

968 1109 1089 1151 legatus
1121 1111 1166 1142 est
1190 1135 1200 1151 ,
1242 1112 1437 1151 vulnerato,
1470 1121 1558 1144 extat
1590 1113 1728 1147 hominis
1755 1116 1841 1157 lega-

968 1157 1035 1183 tum
1051 1174 1060 1191 ‚
1099 1155 1194 1184 etiam
1219 1154 1285 1194 peti
1312 1153 1443 1193 potest:
1475 1155 1551 1194 quid
1576 1156 1606 1186 ni
1637 1156 1733 1196 igitur
1752 1158 1839 1188 actio

966 1201 1037 1233 quae
1079 1193 1190 1225 heredi
1237 1203 1295 1234 per
1331 1194 1542 1227 hereditatem
1588 1197 1741 1237 adquisita
1775 1197 1841 1230 fuit

966 1233 1135 1267 occasione
1162 1235 1302 1267 hominis
1329 1235 1421 1277 legati
1440 1259 1449 1275 ‚
1481 1237 1521 1268 ab
1547 1246 1587 1267 eo
1608 1238 1760 1280 legatario
1783 1250 1838 1272 ce·

966 1276 1059 1307 datur
1082 1275 1099 1307 ,9
1135 1277 1155 1307 l.
1184 1281 1234 1308 66.
1273 1277 1303 1318 §.
1330 1287 1359 1309 2.
1392 1277 1434 1309 D.
1472 1279 1522 1310 Ad
1552 1278 1840 1321 Senatusconsultum

968 1316 1190 1350 Trebellianum.
1237 1318 1334 1357 Hoc,
1358 1317 1380 1350 fi
1404 1326 1575 1351 extraneus
1590 1343 1600 1359 ‚
1624 1321 1656 1351 id
1681 1323 1745 1361 est,
1769 1333 1837 1355 non

965 1358 1078 1398 heres,
1100 1360 1256 1391 occiderit
1275 1361 1413 1401 legatum
1432 1362 1578 1394 (ervumz
1604 1363 1700 1403 quid,
1725 1363 1744 1395 fi
1762 1373 1836 1396 eum

966 1400 1058 1432 heres
1083 1400 1147 1442 ipse
1174 1402 1332 1433 occiderit
1350 1401 1367 1434 ‘2
1396 1402 1568 1435 dicendum
1593 1403 1638 1435 est
1659 1427 1669 1443 ,
1700 1405 1838 1439 dandam

964 1443 1120 1483 legatario
1151 1443 1182 1474 in
1208 1443 1362 1475 heredem
1390 1442 1453 1476 effe
1484 1444 1644 1477 actionem
1668 1445 1686 1476 l.
1717 1447 1836 1487 14.¹D.

965 1484 1015 1514 Ast
1034 1483 1122 1525 legem
1145 1485 1315 1525 Aquiliam.-
1340 1487 1501 1525 maxime,
1533 1485 1552 1517 fi
1581 1496 1654 1518 eum
1676 1488 1746 1528 post
1770 1490 1837 1521 adi-

964 1532 1028 1556 tam
1054 1526 1264 1558 hereditatem
1285 1550 1294 1565 ,
1327 1527 1462 1567 amplius
1487 1526 1558 1567 post
1580 1529 1721 1568 agnitum
1751 1530 1836 1572 lega-

964 1574 1051 1605 tum,
1075 1568 1260 1599 occiderit:
1293 1577 1365 1599 nam
1390 1567 1411 1599 fi
1430 1575 1504 1600 ante
1527 1571 1651 1601 occisus
1678 1569 1735 1609 fit,
1760 1575 1836 1612 quia

962 1607 1100 1639 sublatus
1127 1608 1171 1639 est
1188 1632 1197 1647 ,
1229 1609 1413 1649 priusquam
1439 1611 1580 1651 legatarii
1599 1609 1681 1649 fuit,
1707 1613 1834 1653 Aquilia

962 1649 1057 1681 cellar
1075 1673 1085 1687 ,
1118 1648 1171 1681 sed
1191 1659 1218 1681 ei
1239 1659 1280 1681 ex
1298 1650 1491 1683 testamento
1509 1651 1592 1683 auio
1617 1652 1743 1685 dabitur
1765 1655 1783 1686 l.
1801 1664 1831 1696 7.

959 1691 989 1733 ἓ.
1009 1700 1038 1728 4.
1062 1690 1104 1722 D.
1125 1693 1158 1722 cie
1172 1691 1233 1722 dolo
1249 1692 1332 1722 malo.

1000 1732 1100 1773 igitur
1118 1733 1170 1764 leit
1187 1756 1196 1772 ,
1229 1733 1337 1764 occiso
1358 1733 1449 1765 servo
1471 1756 1481 1772 ,
1514 1733 1651 1767 consulit
1675 1736 1830 1771 domino:

960 1774 1064 1812 addo,
1090 1773 1119 1805 ἀ
1138 1774 1232 1805 bonae
1252 1773 1328 1806 fidei
1343 1775 1506 1815 poffessori
1523 1787 1531 1807 z
1555 1785 1627 1808 nam
1645 1780 1788 1818 quamvis
1805 1781 1832 1813 is

961 1824 1026 1846 non
1044 1815 1079 1847 sit
1098 1816 1247 1846 dominus
1264 1838 1274 1854 ‚
1308 1822 1415 1848 tamen
1442 1817 1528 1849 bona
1545 1816 1625 1849 fides
1643 1819 1672 1850 ei
1690 1827 1829 1853 tantum-

961 1856 1034 1888 dem
1059 1855 1185 1897 praestat
1211 1858 1498 1897 interpretatione,
1531 1867 1686 1899 quantum
1711 1865 1830 1895 veritas

960 1897 981 1930 l.
1002 1902 1068 1939 136.
1094 1896 1134 1929 D.
1153 1900 1187 1928 de
1205 1898 1309 1939 regulis
1329 1898 1426 1940 juris.-
1455 1899 1487 1931 id
1505 1899 1568 1939 est,
1601 1910 1756 1942 quantum
1773 1914 1828 1935 ve-

961 1948 1030 1970 rum
1049 1938 1239 1971 dominium.
1262 1940 1399 1979 proinde
1417 1947 1453 1971 ut
1471 1942 1607 1973 domino
1624 1952 1757 1985 propter
1772 1947 1830 1978 do-

960 1980 1093 2012 minium
1109 2003 1119 2018 ,
1149 1980 1192 2012 fic
1217 1979 1381 2021 poffeffori
1403 1990 1536 2023 propter
1568 1983 1686 2016 bonam
1709 1985 1830 2027 fidem,

959 2022 1144 2062 indulgetur
1160 2022 1239 2063 legis
1253 2022 1390 2063 Aquiliae
1405 2023 1506 2055 attio:
1530 2024 1583 2056 sed
1601 2026 1691 2058 alteri
1708 2029 1828 2061 directa

958 2072 1000 2094 ex
1022 2063 1129 2094 verbis
1152 2063 1232 2105 legis
1247 2086 1258 2103 ,
1291 2064 1379 2096 alteri
1397 2074 1438 2096 cx
1461 2074 1570 2098 mente
1589 2067 1673 2099 utilis
1689 2091 1699 2107 ‚
1730 2078 1828 2110 quam

957 2103 1116 2145 Ulpianus
1133 2104 1292 2137 aaronem
1311 2106 1343 2136 in
1365 2105 1483 2138 factum
1505 2113 1603 2139 vocat
1624 2109 1644 2141 l.
1668 2119 1679 2141 1
1693 2118 1718 2141 1.
1748 2112 1777 2153 §.
1797 2117 1829 2147 8.

959 2145 1002 2178 D.
1027 2147 1079 2177 Ad
1101 2146 1188 2188 legem
1213 2147 1374 2188 Aquiliam.
1405 2148 1502 2190 idque
1528 2150 1610 2181 adeo
1638 2152 1765 2193 placet,
1792 2161 1829 2186 ut

958 2188 1053 2220 etiam
1074 2186 1139 2229 ipse
1157 2188 1324 2228 domium,
1355 2187 1375 2220 fi
1392 2189 1502 2229 injuria
1519 2193 1677 2224 occiderit
1700 2193 1828 2228 servum

958 2228 1072 2268 suum,
1105 2230 1157 2270 qui
1184 2229 1223 2261 ab
1249 2230 1313 2262 alio
1338 2229 1424 2262 bona
1441 2230 1505 2263 fide
1531 2233 1725 2276 poffldetur,
1749 2238 1827 2269 huic

957 2271 1081 2302 actione
1105 2271 1136 2302 in
1155 2270 1275 2303 factum
1293 2279 1438 2304 teneatur
1458 2273 1477 2304 l.
1500 2282 1548 2314 127.
1568 2281 1618 2316 pr.
1639 2275 1682 2309 D.
1701 2280 1759 2311 eod.
1776 2281 1826 2312 tit.

956 2311 1033 2344 Hoc
1050 2313 1081 2343 in
1100 2311 1194 2349 bonae
1210 2312 1286 2345 fidei
1303 2312 1487 2353 posseffore.

997 2354 1087 2396 Quid
1103 2354 1143 2385 de
1161 2353 1336 2386 fructuario
1356 2355 1525 2388 dicemus?
1550 2356 1580 2388 &
1596 2359 1669 2398 quia
1685 2358 1826 2393 ususfru-

958 2395 1025 2427 ctus
1043 2396 1142 2437 magis
1166 2396 1283 2436 injure
1299 2419 1309 2434 ,
1340 2405 1435 2437 quam
1458 2397 1488 2428 in
1508 2405 1616 2437 parte,
1642 2400 1778 2433 habetur
1799 2403 1825 2435 l.

957 2447 1006 2477 25.
1029 2436 1070 2468 D.
1094 2439 1128 2467 de
1149 2439 1302 2468 verborum
1318 2436 1534 2477 fignificatione
1549 2462 1559 2478 ‚
1597 2443 1719 2482 quippe
1747 2452 1824 2477 cum

955 2478 992 2510 fit
1012 2479 1061 2519 jus
1085 2479 1195 2510 utendi
1222 2478 1350 2509 fruendi
1378 2480 1472 2510 rebus
1497 2480 1608 2512 alienis
1629 2482 1649 2513 l.
1670 2492 1695 2514 1.
1723 2483 1765 2516 D.
1789 2487 1824 2518 de

955 2518 1131 2559 usufrut'lu:
1153 2527 1308 2561 apparet,
1339 2518 1545 2553 fructuarium
1571 2531 1678 2564 neque
1701 2526 1747 2557 rei
1766 2527 1824 2559 do-

954 2562 1074 2593 minum
1102 2559 1164 2592 esse
1185 2561 1205 2591 Ι.
1225 2571 1274 2602 43.
1307 2560 1334 2602 §.
1356 2562 1409 2592 ult.
1434 2561 1476 2593 D.
1507 2564 1540 2594 cle
1556 2565 1655 2602 furtis
1670 2589 1680 2604 ‚
1714 2577 1824 2608 nequo

953 2602 1106 2634 directam
1124 2602 1203 2644 legis
1223 2604 1358 2643 Aquiliae
1376 2603 1535 2636 astionem
1555 2614 1720 2641 exercere.
1751 2609 1822 2642 Ha-

953 2644 1010 2675 bet
1035 2651 1141 2675 tamen
1168 2645 1215 2683 jus
1233 2644 1263 2675 in
1287 2654 1321 2675 re
1342 2645 1361 2675 l.
1382 2654 1428 2681 19.
1454 2645 1496 2677 D.
1523 2647 1556 2677 de
1569 2648 1674 2680 damno
1691 2651 1820 2691 infecto,

953 2687 1085 2726 ejusque
1107 2685 1362 2717 emolumentum
1385 2687 1402 2718 l.
1420 2691 1471 2719 66.
1496 2687 1524 2729 ἓ,
1541 2692 1571 2720 6.
1593 2689 1637 2722 D.
1661 2693 1694 2723 de
1716 2694 1821 2732 legatis

951 2727 998 2758 lib.
1017 2736 1046 2758 2.
1071 2726 1101 2758 ἃ
1119 2727 1162 2758 ob
1181 2727 1212 2758 id
1230 2728 1396 2760 dominum
1414 2729 1556 2761 imitatur
1572 2732 1679 2765 multis
1696 2729 1820 2767 casibus

951 2768 971 2800 l.
989 2777 1020 2808 4.
1043 2767 1085 2799 D.
1108 2769 1141 2799 cle
1156 2767 1337 2808 usufruflu;
1368 2779 1408 2801 co
1435 2777 1524 2802 certe
1542 2774 1674 2806 nomine
1698 2776 1743 2807 illi
1766 2777 1820 2807 da-

952 2816 1002 2841 tur
1029 2809 1116 2842 utilis
1137 2818 1226 2850 aquae
1253 2811 1368 2850 pluvia:
1392 2813 1536 2844 arcendae
1560 2815 1643 2847 atilio
1660 2816 1679 2847 l.
1697 2827 1746 2849 22.
1771 2817 1818 2848 D.

951 2852 985 2882 de
1015 2861 1093 2892 aqua
1125 2850 1161 2885 δέ
1185 2861 1266 2894 aquae
1291 2852 1400 2893 pluvi'ce
1428 2856 1557 2886 arcenda:
1584 2857 1705 2890 afflone.
1738 2858 1817 2899 quid

950 2894 1065 2924 mirum
1090 2893 1186 2934 igitur
1204 2916 1214 2932 ‚
1245 2894 1273 2925 ei
1300 2894 1396 2926 etiam
1419 2896 1532 2927 utilem
1563 2898 1723 2931 astionem
1749 2899 1817 2931 dari

950 2934 1103 2974 exemplo
1123 2935 1254 2975 Aquiliae
1272 2935 1290 2965 l.
1307 2944 1353 2976 17.
1375 2936 1403 2978 ξ.
1422 2937 1475 2968 ult.
1499 2937 1542 2969 D.
1559 2941 1593 2971 de
1608 2939 1775 2981 usu-fracia.
1792 2940 1816 2972 l.

953 2984 999 3007 11.
1024 2975 1053 3018 §.
1066 2975 1122 3019 fin.
1145 2976 1187 3008 D.
1213 2978 1264 3009 Ad
1282 2977 1370 3019 legem
1384 2979 1548 3020 Aquilium.

991 3017 1025 3049 In
1046 3019 1301 3051 commodatario
1326 3029 1393 3052 non
1410 3021 1495 3053 idem
1519 3020 1633 3053 visum:
1657 3021 1814 3062 Ulpianus

949 3058 1022 3090 sane
1043 3059 1063 3090 l.
1084 3068 1130 3092 11.
1157 3060 1185 3102 §.
1205 3071 1234 3099 9.
1260 3059 1302 3093 D.
1329 3061 1379 3093 Aa
1394 3061 1481 3103 legem
1497 3063 1649 3103 Aquiliam
1666 3073 1740 3096 cum
1759 3066 1814 3098 cui

950 3100 1135 3133 vestimenta
1158 3105 1364 3135 commodata
1390 3102 1460 3135 sunt
1476 3127 1485 3142 ,
1516 3103 1536 3135 fi
1561 3103 1644 3134 sciss'a
1671 3104 1813 3147 fuerint,

948 3150 1043 3184 negat
1064 3143 1134 3184 lege
1156 3145 1283 3186 Aquilia
1306 3154 1401 3185 agere
1416 3168 1425 3183 ‚
1449 3144 1501 3176 sed
1525 3144 1702 3180 dominum.
1743 3146 1811 3180 Ne-

948 3193 1010 3226 que
1037 3184 1167 3226 obstat,
1198 3189 1286 3227 quod
1309 3186 1393 3218 aelio
1422 3185 1453 3216 Si
1487 3186 1666 3227 quadrupes
1692 3198 1813 3230 paupe«

946 3227 1026 3260 riem
1042 3225 1152 3260 fecisse
1171 3229 1295 3261 dicatur
1315 3227 1412 3298 eltziam
1428 3227 1683 3262 commodatario
1703 3231 1733 3263 dt
1747 3231 1810 3262 ful-

1328 3304 1331 3307 .
1378 3277 1399 3309 3
1765 3272 1813 3310 3οτ
