2036 3495
483 89 549 132 Α»
573 77 666 130 ³L'ui.
691 83 751 126 IX.
788 72 893 127 ΤΠ.
921 83 988 125 IV.
1024 86 1076 125 De
1094 83 1254 126 noxalibus
1271 72 1450 131 aeronibus.

716 180 1072 217 TtTunus

1795 77 1861 137 itit

1130 180 1204 219 IV.

748 256 800 293 De
816 259 976 293 noxalibus
987 257 1168 295 actionibus.

151 356 271 389 &iones
301 354 432 387 noxales
457 356 585 392 quarum
612 341 759 381 meminit
779 346 917 379 Rubrica
928 371 940 388 ‚

65 358 149 434 A
165 396 290 438 Gaiusl.
302 406 327 428 1.
343 396 370 427 h.
386 401 407 426 t.
423 394 466 425 ait
480 392 522 424 sic
537 390 708 431 appellari,
728 390 802 429 quia
818 398 882 421 non
899 398 940 421 ex

62 440 249 477 contractu,
273 438 324 469 sed
341 446 382 468 ex
405 443 489 468 noxa
504 441 602 473 atque
627 430 808 477 maleficio,
834 430 938 478 seriio-

62 490 131 514 rum
150 479 293 512 adversus
311 487 370 510 nos
386 476 598 508 instituuntur.
621 473 727 512 addit,
752 481 858 504 carum
873 481 937 518 yim

62 532 99 555 ac
118 522 306 564 potestatem
323 519 407 558 esse3
425 525 457 548 ut
473 516 493 548 fi
510 515 655 561 damnati
669 513 936 560 fuerimus‚iice-

64 572 96 596 at
112 565 204 596 nobis
222 562 386 595 deditione
410 558 502 599 ipsius
526 565 673 597 corporis
689 556 778 601 quod
796 556 935 595 delique-

60 606 121 643 rit,
145 606 263 637 evitare
284 603 347 635 litis
375 599 625 632 aestimationem.
657 596 845 643 iustinianus
861 596 888 637 §.
908 605 934 627 2.

60 646 133 687 lust.
152 648 179 678 d.
195 652 215 677 t.
234 644 293 682 ait,
310 643 426 675 summa
443 641 567 673 ratione
583 638 763 680 permissum
782 637 863 685 esle,
880 646 930 668 iio·

60 698 109 720 xae
126 687 320 719 deditionem
338 684 445 725 fungi:
462 681 750 723 namqueiniquum
763 678 824 710 esse
836 678 934 725 visum

59 729 232 769 nequitiam
257 734 369 758 eorum
394 734 462 766 quae
489 732 556 755 erat
580 723 732 767 maxima:
756 721 835 752 ultra
853 719 933 760 ipso-

57 779 125 802 rum
144 778 279 807 corpora
298 768 436 799 dominis
454 765 515 797 css'e
533 765 724 796 damnosam.
763 804 769 810 ‘
925 794 928 797 ,

98 811 165 843 Has
180 810 321 841 actiones
333 809 416 840 idem
428 806 618 848 Princeps§.
631 807 695 844 4.cl.
707 811 786 851 nait
800 802 863 835 eise
877 809 932 835 aut

63 852 205 894 Legibus
220 874 229 890 ‚
254 859 308 882 aut
325 849 451 882 Edifflo
473 849 618 880 Praetoi-is
637 846 844 878 constitutas:
870 843 930 876 Le-

54 897 166 937 gibus,
191 894 290 924 veluti
314 891 389 923 furti
414 900 455 922 ex
479 889 566 931 Lege
593 888 776 935 Duodecim
794 885 930 931 Tabula·

55 947 141 975 rum,
164 936 194 967 ἀ
219 935 322 967 damni
348 933 465 973 injuriae
484 941 524 963 ex
548 930 635 972 Lege
653 929 793 976 Aquilia:
816 927 931 959 Edicto

55 977 253 1015 Praetor-um,
278 975 376 1006 veluti
394 974 592 1014 injuriarum,
612 972 641 1003 <St
661 981 692 1002 Vl
710 971 870 1002 bonorum
886 978 931 1000 ra-

56 1028 197 1059 ptorum.
223 1021 320 1058 atque
343 1016 404 1047 illae
428 1014 580 1055 speciales
596 1013 675 1044 sunt.
700 1012 753 1043 sub
770 1011 834 1042 hoc
852 1019 930 1056 yero

56 1061 171 1093 Titulo
190 1058 297 1091 nescio
316 1067 354 1088 an
373 1057 494 1089 Praetor
510 1055 658 1097 generale
675 1050 932 1100 proposuerit&

56 1102 174 1134 diCtum
187 1110 193 1132 :
208 1100 294 1141 cujus
315 1098 420 1140 Caput
435 1098 532 1129 fuerit
551 1097 623 1128 tale.
649 1092 932 1142 Sisbrvusnznsczqn-

59 1151 85 1175 ze
107 1144 219 1174 domino
247 1141 365 1173 noxiam
384 1138 546 1180 comimfiffe
565 1140 695 1170 dicetur.-
717 1146 780 1167 eum
800 1146 830 1166 m
849 1144 931 1176 cujus

48 1182 189 1227 potcstate
205 1184 276 1222 erit,
292 1188 436 1223 quantum
451 1182 483 1212 ob
497 1190 557 1211 eam
565 1189 621 1210 rem
631 1188 744 1220 oequuin
755 1177 932 1224 bonumffu-

57 1228 114 1257 dicz‘
124 1227 286 1263 videbitur,
302 1229 418 1255 tantum
432 1232 468 1253 oes
483 1223 568 1259 clare,
585 1229 729 1251 noxamve
745 1219 841 1249 dedere
849 1219 929 1259 jube-

58 1269 101 1299 bo.
125 1267 159 1298 Si
168 1268 271 1307 servus
278 1267 388 1305 sciente
407 1264 518 1294 domino
526 1261 625 1303 feciffe
642 1262 755 1292 dicetur
767 1283 777 1300 ,
800 1258 929 1291 detrasta

56 1316 140 1341 noxae
156 1308 314 1343 deditione,
333 1306 480 1347 judicium
497 1306 578 1335 dabo.

95 1350 131 1383 In
148 1348 194 1380 his
211 1346 315 1379 verbis
334 1347 493 1387 promittit
510 1345 667 1375 actionem
685 1343 833 1374 noxalem
850 1342 916 1374 Prae

54 1400 126 1430 tor;
144 1390 164 1422 si
184 1389 288 1421 servus
299 1389 428 1420 noxiam
440 1385 626 1418 commifiss'e
640 1384 773 1429 dicetur.
798 1384 870 1416 Nec
885 1393 926 1414 ta-

53 1442 128 1465 men
156 1432 291 1473 ignoro,
314 1438 386 1460 eum
405 1427 515 1460 feciffe
533 1428 626 1458 etiam
643 1425 834 1472 filiifamilias
852 1426 880 1457 ἃ
897 1424 930 1456 fi-

55 1474 239 1505 iiaefamilias
267 1472 483 1503 mentionem:
508 1478 578 1500 nam
597 1470 627 1499 in
645 1467 692 1498 his
715 1477 845 1507 quoque
863 1477 931 1514 perr-

55 1516 139 1547 sonis
153 1515 260 1545 locum
277 1513 389 1544 habuit
403 1511 524 1543 noxalis
541 1510 633 1541 actio.
653 1511 681 1540 ὕι
698 1510 882 1550 exemplum
900 1518 930 1540 in

57 1558 77 1587 l.
96 1566 144 1595 qq.
160 1556 186 1587 h.
203 1559 224 1586 t.
241 1554 323 1585 aliud
340 1552 487 1584 observat
498 1552 538 1583 V.
556 1551 612 1583 CL.
624 1550 657 1582 P.
671 1549 814 1582 Pitlioeus
831 1550 862 1581 in
880 1551 925 1580 tit.

57 1591 206 1630 esculat.
233 1596 305 1636 Leg.
323 1594 445 1634 Mosaic.
465 1593 500 1628 ὦ)
525 1592 608 1623 Rom.
632 1591 659 1633 §.
679 1602 707 1632 3.
730 1592 757 1622 δι
775 1600 927 1630 praeterea

57 1639 78 1669 l.
94 1648 122 1678 3.
146 1637 175 1679 §.
190 1646 218 1676 4.
240 1636 280 1667 D.
296 1637 328 1666 de
343 1636 414 1666 hom.
432 1635 478 1666 lib.
495 1634 591 1666 exbib.
617 1634 679 1678 Setl
697 1632 882 1672 justinianus
898 1632 927 1674 ἓ.

56 1680 111 1711 ult.
131 1676 201 1716 Inft.
216 1678 244 1708 h.
264 1682 285 1708 t.
309 1678 425 1715 docet,
448 1684 564 1707 novam
580 1673 745 1707 hominum
763 1674 926 1706 conversa·

57 1722 181 1752 tionem
206 1717 410 1756 existimasse,
434 1712 611 1757 hujusmodi
629 1717 828 1757 asperitatem
848 1717 933 1748 recte

58 1761 265 1802 respuendam
292 1759 377 1792 ess'e:
401 1759 541 1798 ideoque
566 1757 739 1799 placuisse,
772 1758 802 1790 in
825 1758 932 1790 servos

58 1803 283 1835 tantummodo
301 1801 432 1833 noxales
451 1800 592 1832 actiones
608 1799 669 1832 esse
685 1800 929 1841 proponendas:

58 1853 100 1876 eo
117 1845 215 1884 magis
227 1867 236 1882 ,
260 1843 347 1884 quod
364 1842 446 1883 apud
464 1842 598 1873 Veteres
613 1842 717 1882 legum
734 1849 917 1873 commenta

57 1893 145 1917 tores
164 1886 272 1926 iaepius
290 1886 470 1916 inveniatur
486 1883 623 1922 dictum,
647 1883 730 1923 ipsos
755 1883 918 1916 filiosfami

55 1927 164 1959 Jiarum
180 1936 239 1968 pro
257 1925 315 1958 suis
334 1925 455 1957 delic'tis
474 1924 559 1965 posse
577 1924 742 1957 conveniri
787 1924 857 1957 Hac
874 1925 928 1970 igi—

55 1976 107 1999 tur
120 1968 397 2007 contemplatione
414 1974 541 2007 patere,
553 1966 701 1998 noxaiem
721 1967 879 1999 actionem
896 1976 927 1998 in

54 2007 218 2050 superiore
237 2008 337 2041 Edisti
347 2008 452 2040 forma
471 2016 593 2040 tantum
613 2010 770 2049 proponi,
785 2008 806 2040 si
824 2009 928 2054 servus

54 2051 186 2083 noxiam
201 2049 377 2082 admiserit:
401 2050 500 2081 modo
520 2059 590 2081 eam
607 2049 818 2089 commiserit,
841 2050 928 2082 insci-

56 2100 131 2123 ente
149 2092 292 2124 domino.
329 2091 468 2123 Scientia
486 2100 583 2132 porro
600 2093 676 2130 quid
693 2091 865 2133 significet,
889 2101 930 2123 ex

53 2133 154 2165 Paulo
171 2133 373 2174 intelligitur:
399 2134 451 2173 qui
469 2134 499 2164 in
517 2132 537 2163 l.
554 2143 583 2171 4.
602 2133 630 2163 h.
650 2140 671 2164 t.
695 2133 736 2165 sic
754 2133 876 2165 scribit:
893 2133 928 2165 ln

56 2174 177 2206 delictis
197 2174 360 2206 servorum
376 2174 503 2206 scientia
519 2174 639 2206 domini
658 2176 928 2214 quemadmodum

55 2216 240 2255 accipienda
264 2216 327 2254 est,
352 2224 456 2247 utrum
480 2225 551 2247 cum
573 2215 717 2255 consilio,
741 2227 778 2248 an
800 2217 829 2248 ἀ
846 2217 866 2248 si
886 2217 929 2247 vi-

55 2259 138 2288 derit
155 2267 296 2296 tantum,
321 2259 463 2297 quamvis
487 2257 659 2297 prohibere
677 2267 742 2290 non
760 2258 927 2299 potuerit?

53 2297 130 2337 quid
148 2299 233 2330 enirn
250 2299 271 2330 si
289 2300 328 2330 ad
345 2299 525 2330 libertatem
550 2299 769 2339 proclamans,
794 2301 927 2331 domino

52 2339 174 2371 sciente
193 2341 318 2372 faciat?
334 2348 386 2371 aut
402 2341 477 2380 quid
497 2339 515 2370 si
533 2349 720 2372 contemnat
738 2341 928 2373 dominum?

53 2381 106 2413 vel
122 2391 195 2412 cum
212 2389 297 2413 trans
315 2381 432 2413 flumen
450 2380 485 2413 fit
503 2381 626 2421 sei-vus,
638 2384 769 2415 vidente
786 2383 928 2422 quidem,

52 2421 106 2454 sed
124 2423 227 2454 invito
249 2423 403 2461 domino,
429 2424 557 2454 noxiam
576 2425 719 2456 noceat?
743 2424 856 2457 rectius
873 2424 927 2455 ita·-

54 2472 117 2502 que
132 2464 266 2503 dicitur,
282 2464 443 2496 scientiam
457 2465 519 2504 ejus
530 2466 768 2504 acccipiendum
787 2467 839 2507 qui
854 2475 927 2506 pro-

54 2503 164 2536 hibere
188 2505 311 2546 potest:
335 2507 364 2537 &
384 2506 448 2537 hoc
472 2508 501 2537 in
520 2515 592 2537 toto
610 2506 726 2539 Edicto
745 2508 926 2549 intelligen-

55 2545 129 2576 dum
145 2546 189 2577 est
208 2548 291 2578 circa
309 2546 445 2579 scientiae
464 2548 610 2580 verbum.

95 2584 203 2617 Habet
220 2588 314 2628 igitur
330 2589 452 2621 noxalis
463 2590 546 2620 aetio
559 2590 687 2629 iocum;
703 2590 724 2622 fi
739 2589 864 2628 servus,
880 2590 925 2621 in-

54 2625 174 2657 sciente
191 2627 342 2668 domino,
363 2632 491 2661 noxiam
510 2632 714 2663 commiserit.
737 2631 926 2671 justinianus

55 2676 160 2698 autem
178 2667 206 2708 ὃ.
222 2673 248 2700 1'.
267 2667 338 2708 Inft.
356 2670 383 2701 h.
403 2677 423 2701 t.
439 2673 565 2703 noxiam
584 2673 812 2713 interpretatur
829 2673 926 2710 ipsum

53 2708 313 2742 maleficium&
324 2720 381 2750 pro
400 2714 553 2753 exemplis
570 2716 673 2754 ponit.
693 2715 809 2752 veluti,
826 2714 845 2745 si
863 2713 926 2745 fur-

57 2755 123 2781 tum
142 2749 298 2789 fecerint,
325 2760 378 2782 aut
398 2752 483 2784 bona
505 2756 685 2794 rapuerint,
709 2765 760 2787 aut
778 2757 927 2787 damnum

55 2792 221 2827 dederint,
247 2801 299 2823 aut
323 2793 464 2833 injuriam
486 2795 710 2828 commiserint.
760 2797 805 2829 lta
822 2799 925 2837 probo

55 2832 120 2863 hoc
137 2831 207 2872 Gaii
226 2832 278 2864 lib.
296 2838 325 2864 6.
347 2836 393 2865 Ad
406 2834 478 2874 Leg.
494 2845 565 2867 xii.
582 2836 664 2868 Tzib.
680 2840 790 2870 Noxiae
805 2839 926 2879 appella-

55 2875 132 2904 tione
154 2884 233 2905 omne
258 2874 391 2905 delicium
416 2876 579 2907 continetur
596 2879 614 2909 l.
634 2885 703 2920 238.
721 2880 750 2922 ᾗ.
765 2880 817 2911 ult.
840 2880 878 2911 D.
896 2881 929 2910 cle

56 2917 134 2945 verb.
147 2914 250 2956 signif.
272 2915 377 2947 Noxia
395 2917 479 2948 enim
495 2917 538 2949 est
554 2921 701 2959 generale
718 2931 856 2953 nomen:
882 2921 927 2952 id-

53 2966 118 2995 que
140 2959 170 2988 in
191 2957 266 2988 duas
283 2956 414 2989 discedit
436 2966 558 2998 partes:
583 2961 730 2994 delictum
749 2963 775 2994 δι
794 2964 926 2995 crimen.

53 2998 202 3029 delictum
219 2998 263 3030 est
281 3000 399 3039 privata
416 3003 529 3031 noxia:
544 2999 662 3034 crimen
681 3004 852 3042 publicum.
876 3004 928 3035 de-

50 3039 148 3080 signat
175 3040 268 3080 igitur
294 3042 388 3072 noxia
414 3050 485 3072 cum
510 3042 539 3072 in
569 3041 749 3076 Duodecim
774 3044 926 3081 Tabulis,

52 3085 118 3112 tum
144 3082 174 3112 in
200 3081 333 3120 Editio,
357 3092 454 3113 omne
479 3083 647 3119 deliCtum.
672 3095 735 3117 non
754 3096 850 3117 omne
869 3086 925 3117 cii-

51 3130 134 3152 men.
159 3123 187 3154 &
213 3124 253 3154 ita
284 3123 505 3155 Diocletianus
527 3124 556 3155 δ(
577 3125 787 3158 Maximianus
806 3129 823 3158 s.
842 3138 870 3166 4.
891 3127 923 3158 C.

49 3162 76 3193 h.
93 3169 114 3194 t.
129 3165 223 3196 etiam
244 3164 396 3205 Ulpianus
413 3165 432 3196 l.
453 3165 534 3207 17.§.
549 3171 595 3200 18.
613 3167 653 3197 l).
670 3169 703 3199 de
715 3168 807 3200 AEcii'l.
825 3168 920 3201 Eam.

47 3204 86 3237 ad
105 3214 200 3246 quem
218 3206 325 3240 locum
342 3207 428 3240 forte
445 3207 499 3240 sub
514 3208 571 3241 illo
588 3206 702 3244 Titulo
719 3211 833 3252 aliqua.-

1026 344 1181 390 Ostenso,
1205 349 1335 388 quando
1353 347 1461 382 Iocum
1485 349 1601 383 habeat
1614 352 1739 386 noxalis
1755 352 1857 386 aerios:

982 385 1140 428 sequitur,
1163 388 1309 420 adversus
1328 399 1423 430 quem
1442 393 1545 424 detur.
1568 394 1653 425 hunc
1671 396 1790 427 Praet'or
1806 397 1859 427 dee

981 427 1078 469 signat
1097 429 1144 460 liis
1161 430 1288 461 vei-bis:
1305 431 1384 462 Eum
1402 435 1432 462 in
1448 434 1531 474 cujus
1541 433 1678 475 potestate
1694 439 1758 467 erit.
1781 433 1858 477 quid

981 479 1059 501 vero
1085 469 1149 501 hoc
1172 469 1228 509 fit,
1252 472 1379 513 attingit
1405 473 1517 506 Paulus
1543 477 1560 506 l.
1578 485 1646 517 215.
1668 479 1711 508 l).
1726 479 1759 509 de
1776 471 1858 510 verb.

973 510 1082 553 signif.
1097 510 1138 542 sic
1149 510 1308 544 scribens:
1325 522 1398 546 cum
1416 517 1536 556 agimus
1555 517 1595 548 de
1613 528 1706 549 noxae
1723 520 1859 551 deditio-

979 562 1020 584 ne
1037 561 1110 584 cum
1127 562 1169 583 co
1196 553 1249 593 qui
1273 553 1398 587 servum
1416 566 1479 587 non
1503 557 1668 595 defendit3
1694 560 1858 600 praesentis

979 594 1124 634 corporis
1140 595 1265 634 copiam
1285 594 1538 638 facultatemque
1556 598 1774 637 significamus.
1808 601 1860 634 ln-

980 637 1019 667 de
1037 635 1225 674 justinianus
1244 636 1272 677 §.
1294 647 1320 676 5.
1339 636 1407 678 lust.
1428 641 1453 670 b.
1469 645 1489 670 t.
1508 638 1622 672 Omnis
1635 666 1644 679 ,
1663 641 1783 682 inquit,
1801 650 1858 682 no-

978 677 1056 709 xalis
1073 677 1156 708 actio
1174 686 1270 717 caput
1287 678 1434 719 sequitur.
1459 690 1531 712 nam
1550 681 1570 713 si
1589 681 1693 714 servus
1711 692 1783 715 tuus
1802 693 1860 716 noe

977 728 1049 751 xarn
1061 718 1274 765 commiserit,
1292 724 1443 761 quamdiu
1458 722 1488 753 in
1509 731 1559 754 tua
1576 724 1735 764 potestate
1746 724 1799 763 fit,
1811 733 1859 757 ten

975 770 1048 792 cum
1060 759 1105 791 est
1122 759 1213 792 attio.
1230 761 1370 806 sitautem
1387 764 1417 794 in
1432 764 1560 796 alterius
1576 765 1858 807 potestatemqper-

977 803 1125 833 venerit:
1156 810 1229 834 cuin
1250 803 1311 847 'ilio
1336 805 1448 845 incipit
1466 806 1547 837 acrio
1565 805 1637 838 effe.
1663 813 1695 838 at
1711 806 1731 838 fi
1751 810 1859 841 matiuv

975 842 1080 875 miffus
1098 842 1210 874 fuerit:
1226 843 1349 877 directo
1374 845 1438 886 ipse
1457 855 1602 886 tenetur,
1620 846 1858 890 &extinguitur

974 893 1070 916 noxae
1094 885 1229 916 deditio.
1255 885 1324 930 ‘Ex
1346 886 1473 919 diverso
1490 898 1620 929 quoque
1638 890 1757 922 diresta
1772 890 1858 922 aetio

974 926 1098 958 noxalis
1117 925 1179 957 esse
1199 927 1321 967 incipit.
1349 937 1420 961 nam
1445 929 1465 961 fi
1493 930 1572 962 liber
1596 930 1697 963 homo
1724 933 1858 964 noxiam

974 966 1188 1007 commiserit,
1205 968 1234 999 δι
1251 971 1275 1000 is
1294 967 1398 1000 servus
1415 978 1486 1003 tuus
1497 971 1557 1003 effe
1574 973 1728 1010 coeperit:
1744 972 1858 1015 (quod

976 1009 1166 1049 quibusdam
1198 1009 1318 1042 cafibus
1343 1010 1427 1043 effici
1445 1036 1454 1051 ,
1487 1014 1591 1054 primo
1617 1014 1699 1046 libro
1725 1015 1858 1056 tradidi÷

975 1050 1063 1091 mus)
1080 1051 1192 1091 incipit
1209 1059 1316 1084 tecum
1336 1052 1399 1085 effe
1415 1055 1538 1088 noxalis
1563 1055 1664 1096 actio,
1688 1065 1759 1097 quae
1780 1058 1858 1089 ante

976 1092 1096 1124 diretta
1112 1091 1229 1124 fuisset.
1593 1130 1595 1133 ⁸
1624 1128 1625 1134 ἵ
1671 1128 1674 1134 ν
1788 1121 1792 1125 ,
1839 1132 1841 1135 .

1018 1134 1161 1174 Sequens
1179 1134 1269 1167 locus
1286 1135 1348 1174 est,
1366 1137 1416 1168 cui
1433 1142 1600 1179 competat
1617 1138 1744 1173 noxalis
1760 1139 1855 1172 actio..

977 1175 1027 1207 sed
1052 1185 1125 1207 cum
1149 1176 1242 1208 detur
1260 1178 1303 1207 ob
1327 1180 1476 1211 damnum
1503 1181 1597 1211 noxia
1616 1183 1745 1220 datum;
1768 1183 1856 1214 ultro?

975 1217 1182 1258 intelligitur,
1207 1218 1271 1249 dari
1295 1219 1325 1250 ei
1349 1221 1436 1260 cujus
1456 1221 1604 1260 interest,
1628 1222 1682 1254 sibi
1703 1232 1767 1254 noii
1791 1223 1856 1255 esse

975 1261 1131 1290 nocitum.
1156 1268 1236 1290 unus
1253 1261 1413 1300 excipitur
1430 1263 1595 1294 dominus:
1610 1273 1681 1295 nam
1699 1263 1779 1300 fijiii
1799 1275 1857 1296 no-

972 1302 1055 1332 xiam
1080 1300 1276 1332 commiserit
1303 1301 1426 1342 servus3
1450 1305 1534 1336 nulla
1552 1304 1597 1336 est
1623 1306 1745 1337 noxalis
1762 1305 1857 1338 aetio.

973 1343 1003 1374 δι
1029 1341 1072 1373 est
1098 1344 1194 1373 ratio:
1217 1352 1311 1383 quam
1336 1343 1384 1375 his
1409 1345 1514 1377 verbis
1538 1346 1643 1377 adfert
1668 1347 1857 1386 iustinianus

972 1384 1000 1425 §.
1012 1388 1040 1414 6.
1055 1382 1127 1422 Insb.
1143 1385 1170 1414 h.
1187 1390 1208 1415 t.
1229 1394 1366 1424 namque
1383 1387 1465 1417 inter
1483 1388 1650 1420 dominum
1667 1388 1696 1420 δε
1709 1398 1781 1420 eum
1801 1390 1858 1429 qui

975 1435 1004 1456 in
1024 1425 1183 1466 potestate
1200 1425 1265 1466 ejus
1279 1427 1343 1465 est,
1362 1429 1446 1459 nulla
1465 1429 1620 1470 obligatio
1638 1430 1720 1462 nasci
1740 1430 1857 1470 potest.

976 1468 1116 1507 ideoque
1144 1466 1208 1498 hoc
1233 1469 1341 1506 addit,
1367 1469 1395 1500 ὅ(
1414 1469 1433 1500 si
1456 1470 1486 1500 in
1505 1467 1638 1504 alienarii
1663 1471 1858 1512 potestatem·

976 1508 1080 1540 servus
1098 1509 1302 1553 pervenerit,
1319 1519 1372 1540 aut
1392 1511 1593 1543 manumissus
1609 1513 1724 1546 fuerit:
1749 1518 1857 1554 neque

975 1559 1048 1581 cum
1066 1551 1152 1590 ipiO,
1177 1560 1281 1591 neque
1299 1560 1370 1582 cum
1385 1551 1425 1590 eo
1440 1554 1624 1592 cujusnunc
1643 1555 1674 1586 in
1692 1554 1857 1595 potestate

970 1591 1026 1630 fit,
1048 1591 1095 1632 agi
1114 1591 1229 1631 potest.
1256 1590 1351 1625 Unde
1369 1593 1388 1624 si
1407 1594 1528 1626 alienus
1548 1595 1654 1626 servus
1671 1598 1799 1628 noxiam
1816 1597 1857 1628 ti-

970 1633 1003 1664 bi
1020 1633 1235 1670 commiserit,
1253 1635 1283 1665 &
1304 1634 1328 1665 is
1347 1634 1456 1674 postea
1477 1636 1507 1667 in
1528 1636 1685 1676 potestate
1706 1644 1765 1673 ,tua
1791 1637 1855 1671 effe

975 1675 1134 1713 coepei·it,
1158 1675 1362 1707 interdicitur
1389 1677 1490 1708 aerio:
1514 1680 1586 1718 quia
1611 1679 1639 1710 in
1658 1688 1731 1711 eum
1749 1680 1856 1713 casum'

976 1716 1111 1747 dedufta
1122 1715 1175 1754 sit,
1194 1717 1223 1747 in
1241 1726 1306 1758 quo
1325 1718 1493 1750 consistere
1506 1729 1568 1750 non
1582 1721 1696 1759 potuit.
1713 1720 1855 1762 ideoque

975 1758 1052 1789 licet
1068 1758 1181 1789 exierit
1199 1759 1238 1789 de
1263 1767 1315 1790 tua
1342 1760 1516 1799 potestate,
1539 1771 1633 1803 agere
1658 1772 1722 1794 non
1743 1770 1856 1803 potes,

975 1800 1277 1840 quemadmodumfi
1292 1801 1439 1833 dominus
1455 1803 1485 1833 iii
1498 1803 1619 1835 servum
1632 1803 1716 1836 suum
1734 1803 1856 1845 aliquid

973 1840 1187 1873 commiserit:
1211 1852 1271 1873 nec
1288 1843 1307 1874 si
1325 1844 1524 1876 manumissus
1542 1853 1593 1875 aut
1612 1846 1766 1878 alienatus
1783 1846 1855 1878 fue-

973 1882 1013 1914 rit
1036 1883 1162 1921 servus,
1187 1885 1281 1916 ullam
1306 1885 1465 1917 aaronem
1488 1891 1601 1918 contra
1617 1887 1782 1920 dominum
1801 1889 1855 1920 lia-

973 1925 1051 1957 bere
1068 1924 1183 1966 potest.
1209 1925 1282 1958 Nec
1301 1928 1380 1958 male
1400 1926 1497 1968 Gajus
1514 1928 1532 1958 s.
1545 1936 1593 1960 20.
1615 1932 1661 1960 λ).
1678 1931 1704 1961 h.
1723 1935 1743 1961 t.
1765 1930 1855 1973 Qui5

974 1967 1080 2007 inquit
1092 1990 1101 2006 ‚
1113 1977 1154 1998 ex
1167 1967 1307 2007 pluribus
1326 1970 1430 2000 noxiis
1448 1969 1575 2002 diversis
1585 1971 1786 2011 temporibus
1797 1981 1853 2004 ex·

972 2008 1116 2049 peritur,
1141 2019 1180 2040 ex
1198 2019 1257 2041 una
1281 2012 1379 2041 noxia
1396 2010 1473 2042 servi
1499 2012 1674 2044 dominium
1700 2012 1852 2053 nanetus,

972 2051 1089 2082 nullam
1106 2051 1238 2090 amplius
1255 2051 1413 2084 actionem
1431 2051 1528 2084 habet
1543 2054 1692 2086 adversus
1708 2064 1780 2086 eum
1798 2053 1853 2096 qui

973 2093 1123 2124 dominus
1148 2092 1275 2131 fuerat,
1300 2102 1372 2124 cum
1390 2094 1474 2125 aelio
1493 2096 1615 2127 noxalis
1632 2104 1729 2137 caput
1747 2097 1851 2137 sequa-

973 2141 1032 2165 tur.
1056 2134 1121 2165 atsi
1137 2135 1247 2166 maluit
1266 2134 1413 2167 dominus
1430 2137 1536 2176 priore
1551 2137 1672 2177 judicio
1691 2139 1753 2170 litis
1772 2138 1852 2170 aesli·

973 2177 1147 2207 mationem
1164 2175 1293 2208 sufferre
1314 2176 1363 2207 vel
1380 2178 1503 2215 eidem,
1520 2178 1572 2210 vel
1587 2179 1637 2210 alii
1656 2189 1695 2211 ex
1710 2180 1773 2212 aiio
1789 2189 1853 2212 ma·

973 2216 1081 2248 reficio
1097 2219 1202 2258 agenti
1215 2241 1224 2255 ,
1249 2217 1453 2250 nihilominus
1470 2219 1642 2252 tenebitur.
1850 2256 1852 2258 ,

1018 2258 1186 2299 Reliquum
1212 2258 1277 2294 est.
1300 2261 1338 2291 ad
1356 2259 1430 2300 quid
1450 2262 1543 2292 detur
1561 2261 1683 2292 noxalis
1700 2260 1793 2294 attio.
1817 2261 1851 2295 id

972 2299 1095 2332 Praetor
1112 2300 1249 2332 ostendit
1267 2301 1314 2332 his
1334 2300 1456 2333 verbis:
1480 2301 1638 2345 Quantum
1657 2305 1690 2334 ob
1715 2313 1776 2334 eam
1791 2313 1851 2336 rem

971 2352 1084 2383 aequmn
1102 2343 1206 2373 bonum
1219 2343 1317 2384 judici
1330 2344 1494 2381 videbitur,
1513 2350 1628 2375 tantum
1642 2354 1678 2375 ως
1693 2346 1777 2376 dare·
1798 2355 1851 2376 ηο-

972 2393 1078 2415 xamve
1088 2385 1300 2425 dederejicbebo'.
1313 2383 1395 2416 Haec
1404 2384 1539 2416 clausula
1550 2385 1621 2425 quia
1629 2385 1759 2419 infinitis
1769 2368 1850 2421 iocis

971 2424 1160 2464 adstruitur,
1184 2425 1259 2466 quin
1287 2425 1317 2457 in
1343 2425 1456 2457 Edicto
1482 2425 1603 2466 fuerit,¹
1629 2427 1763 2459 dubitari
1781 2438 1849 2461 non

971 2475 1117 2507 oportet.
1160 2466 1270 2499 Solum
1289 2466 1386 2511 qumi
1403 2467 1484 2505 scio,
1509 2476 1617 2500 noxam
1633 2468 1748 2501 dixerit
1765 2470 1848 2502 Prae-

972 2515 1024 2539 tor
1038 2532 1046 2546 ‚
1061 2518 1099 2541 an
1116 2518 1209 2540 noxe.
1235 2509 1296 2540 Sed
1318 2509 1421 2540 malim
1433 2532 1442 2546 ,
1461 2511 1586 2542 noxam:
1609 2510 1679 2552 quia
1696 2510 1726 2542 in
1745 2511 1847 2544 altero

971 2559 1103 2590 quoque
1124 2549 1223 2581 Edifti
1242 2549 1365 2590 capite,
1383 2554 1470 2590 quod
1489 2552 1532 2582 est
1548 2550 1577 2582 in
1593 2551 1610 2583 l.
1623 2552 1709 2594 21.§
1731 2563 1758 2585 2.
1775 2554 1802 2584 h.
1825 2559 1847 2585 t.

970 2591 1092 2623 Praetor
1106 2590 1193 2623 simili
1209 2590 1373 2623 locutione
1391 2590 1459 2623 usus
1477 2592 1520 2624 eil
1533 2602 1540 2624 :
1555 2593 1709 2632 judicium
1722 2619 1731 2632 ,
1747 2594 1849 2635 inqui-

971 2640 1026 2663 ens
1037 2656 1046 2670 ,
1066 2633 1149 2663 ‹iabo
1162 2631 1226 2670 fine
1243 2642 1324 2663 noxae
1338 2634 1485 2665 deditione.
1501 2643 1652 2674 praeterea
1668 2635 1697 2666 in
1713 2636 1732 2667 l.
1754 2645 1778 2668 1.
1800 2637 1846 2667 D.

971 2675 1004 2704 de
1014 2673 1111 2713 dejest.
1122 2673 1157 2707 {5⁰
1167 2673 1249 2714 effzisL
1261 2674 1301 2705 sic
1311 2673 1351 2704 ait
1363 2698 1372 2712 ,
1385 2674 1542 2713 injudicio
1552 2675 1693 2717 adjiciam
1705 2701 1715 2716 ,
1730 2685 1781 2708 aut
1797 2687 1847 2708 no-

969 2725 1038 2746 xcim
1055 2717 1161 2745 (tedere.
1199 2715 1231 2746 in
1252 2715 1359 2755 primis
1379 2725 1455 2747 vcro
1475 2726 1525 2748 me
1540 2727 1650 2750 movet
1667 2719 1846 2759 Imperator

969 2755 1155 2795 justinianus
1179 2756 1207 2797 §.
1231 2766 1255 2787 1.
1274 2755 1345 2797 Just.
1363 2757 1390 2787 b.
1408 2762 1429 2788 t.
1462 2756 1493 2789 id
1514 2760 1646 2791 verbum
1670 2759 1701 2792 in
1727 2759 1845 2791 Edicto

970 2796 1061 2828 fuisse
1078 2797 1311 2836 comprobans,
1330 2799 1424 2829 etiam
1442 2801 1517 2838 quid
1536 2801 1696 2842 defignet‚
1720 2809 1795 2831 vere
1811 2810 1846 2831 o-

971 2839 1126 2870 stendens.
1155 2837 1255 2869 Datur
1273 2841 1367 2880 igitur
1378 2839 1446 2871 haec
1461 2842 1542 2873 aftio
1559 2846 1596 2873 ad
1610 2844 1690 2879 hoc,
1707 2850 1741 2872 ut
1759 2842 1844 2872 dam-

971 2889 1045 2911 num
1066 2879 1211 2911 sarciatur
1223 2881 1506 2922 arbitriojudicis3
1522 2884 1661 2923 alioquin
1675 2906 1683 2919 ,
1700 2889 1732 2912 ut
1749 2883 1844 2913 deda·

973 2929 1023 2952 tui·
1042 2921 1146 2952 servus
1172 2921 1302 2955 noxalis.
1347 2921 1391 2954 Ut
1415 2931 1538 2961 tamen,
1563 2929 1632 2964 ‘30ae
1652 2923 1695 2954 est
1715 2924 1845 2963 elegans

973 2960 1099 3002 Ulpiani
1124 2962 1323 3002 observatio,
1347 2965 1451 2997 damni
1480 2965 1643 2996 aestimatio
1661 2962 1696 2995 sit
1715 2964 1744 2994 in
1764 2964 1845 2996 aesti-

971 3005 1130 3037 matione:
1147 3014 1239 3036 noxae
1258 3006 1380 3038 deditio
1392 3009 1489 3047 magis
1502 3007 1607 3038 veniat
1623 3015 1662 3036 ex
1679 3004 1844 3036 beneficio

968 3045 1048 3116 {egis
1064 3045 1128 3118 tho.
1146 3046 1173 3088 §.
1193 3056 1218 3079 1.
1240 3047 1281 3079 D.
1303 3049 1336 3080 de
1358 3054 1386 3079 re
1399 3049 1492 3089 judic.
1517 3049 1611 3087 eique
1636 3047 1707 3078 addi
1735 3046 1845 3087 potest

980 3110 988 3117 .
1008 3096 1053 3118 21.
1094 3112 1100 3119 .
1116 3094 1137 3119 t.

1009 3127 1137 3161 Dedere
1165 3138 1262 3171 porro
1288 3131 1409 3164 servum
1435 3129 1498 3167 est,
1527 3137 1597 3160 eum
1616 3125 1732 3161 :itioris
1756 3122 1844 3162 facee·

963 3179 1016 3209 re,
1032 3169 1094 3202 sive
1112 3172 1177 3212 ejus
1195 3174 1370 3205 dominium
1383 3173 1411 3203 in
1425 3172 1562 3202 acroi-em
1575 3170 1754 3203 transferre.
1770 3181 1846 3212 pro-

963 3212 1038 3245 inde
1055 3211 1180 3279 scgvum
1199 3224 1289 3248 noxae
1314 3215 1431 3247 dedere
1447 3212 1530 3247 solus
1549 3211 1656 3254 potest
1673 3213 1849 3286 dominus-g

1077 3271 1103 3284 ..ιν
1125 3264 1144 3295 3
1832 3285 1836 3287 .
