<?xml version="1.0" encoding="UTF-8"?>
<!DOCTYPE html PUBLIC "-//W3C//DTD XHTML 1.0 Transitional//EN"
    "http://www.w3.org/TR/xhtml1/DTD/xhtml1-transitional.dtd">
<html xmlns="http://www.w3.org/1999/xhtml" xml:lang="en" lang="en">
 <head>
  <title>
</title>
<meta http-equiv="Content-Type" content="text/html;charset=utf-8" />
  <meta name='ocr-system' content='tesseract 3.04.00' />
  <meta name='ocr-capabilities' content='ocr_page ocr_carea ocr_par ocr_line ocrx_word'/>
</head>
<body>
  <div class='ocr_page' id='page_1' title='image "./gerardinoodtnovi00nood_0092.png"; bbox 0 0 2052 3487; ppageno 0'>
   <div class='ocr_carea' id='block_1_1' title="bbox 160 160 1050 3309">
    <p class='ocr_par' dir='ltr' id='par_1_1' title="bbox 160 160 1050 3309">
     <span class='ocr_line' id='line_1_1' title="bbox 166 160 1043 205; baseline -0.015 0"><span class='ocrx_word' id='word_1_1' title='bbox 166 173 213 205; x_wconf 83' lang='lat'><em>66</em></span> <span class='ocrx_word' id='word_1_2' title='bbox 733 160 766 195; x_wconf 92' lang='lat' dir='ltr'>G</span> <span class='ocrx_word' id='word_1_3' title='bbox 790 171 811 195; x_wconf 81' lang='lat' dir='ltr'>E</span> <span class='ocrx_word' id='word_1_4' title='bbox 836 169 857 194; x_wconf 85' lang='lat' dir='ltr'>R</span> <span class='ocrx_word' id='word_1_5' title='bbox 882 167 903 192; x_wconf 82' lang='lat' dir='ltr'>A</span> <span class='ocrx_word' id='word_1_6' title='bbox 931 169 952 194; x_wconf 70' lang='lat' dir='ltr'>a</span> <span class='ocrx_word' id='word_1_7' title='bbox 976 165 1000 190; x_wconf 85' lang='lat' dir='ltr'><em>n</em></span> <span class='ocrx_word' id='word_1_8' title='bbox 1027 164 1043 192; x_wconf 83' lang='lat'>1</span> 
     </span>
     <span class='ocr_line' id='line_1_2' title="bbox 164 246 1024 294; baseline -0.012 -6"><span class='ocrx_word' id='word_1_9' title='bbox 164 265 204 288; x_wconf 80' lang='lat' dir='ltr'><em>ex</em></span> <span class='ocrx_word' id='word_1_10' title='bbox 222 253 308 287; x_wconf 68' lang='lat' dir='ltr'><em>facto</em></span> <span class='ocrx_word' id='word_1_11' title='bbox 324 254 344 285; x_wconf 86' lang='lat' dir='ltr'><em>l.</em></span> <span class='ocrx_word' id='word_1_12' title='bbox 378 261 400 284; x_wconf 89' lang='grc' dir='ltr'><em>ῐ.</em></span> <span class='ocrx_word' id='word_1_13' title='bbox 419 252 448 294; x_wconf 80' lang='lat'><em>§.</em></span> <span class='ocrx_word' id='word_1_14' title='bbox 473 261 500 284; x_wconf 83' lang='lat'><em>2.</em></span> <span class='ocrx_word' id='word_1_15' title='bbox 521 251 564 282; x_wconf 91' lang='lat' dir='ltr'><em>D.</em></span> <span class='ocrx_word' id='word_1_16' title='bbox 589 250 621 280; x_wconf 80' lang='lat' dir='ltr'><em>cle</em></span> <span class='ocrx_word' id='word_1_17' title='bbox 648 249 705 280; x_wconf 82' lang='lat' dir='ltr'><em>doli</em></span> <span class='ocrx_word' id='word_1_18' title='bbox 724 248 796 280; x_wconf 86' lang='lat' dir='ltr'><em>mali</em></span> <span class='ocrx_word' id='word_1_19' title='bbox 813 246 849 281; x_wconf 75' lang='lat'><em>&amp;²</em></span> <span class='ocrx_word' id='word_1_20' title='bbox 867 251 957 292; x_wconf 81' lang='lat' dir='ltr'><em>metus</em></span> <span class='ocrx_word' id='word_1_21' title='bbox 974 255 1024 278; x_wconf 86' lang='lat' dir='ltr'><em>ex-</em></span> 
     </span>
     <span class='ocr_line' id='line_1_3' title="bbox 164 287 1025 336; baseline -0.009 -9"><span class='ocrx_word' id='word_1_22' title='bbox 164 299 304 336; x_wconf 74' lang='lat' dir='ltr'><em>ceptione,</em></span> <span class='ocrx_word' id='word_1_23' title='bbox 336 294 398 325; x_wconf 82' lang='lat' dir='ltr'><em>live</em></span> <span class='ocrx_word' id='word_1_24' title='bbox 425 303 465 324; x_wconf 82' lang='lat' dir='ltr'><em>ex</em></span> <span class='ocrx_word' id='word_1_25' title='bbox 494 289 755 328; x_wconf 75' lang='lat' dir='ltr'><em>circumstantiis,</em></span> <span class='ocrx_word' id='word_1_26' title='bbox 792 288 936 335; x_wconf 55' lang='lat' dir='ltr'><em>intelligi.</em></span> <span class='ocrx_word' id='word_1_27' title='bbox 961 287 1025 319; x_wconf 88' lang='lat' dir='ltr'><em>hoc</em></span> 
     </span>
     <span class='ocr_line' id='line_1_4' title="bbox 162 329 1026 372; baseline -0.008 -3"><span class='ocrx_word' id='word_1_28' title='bbox 162 338 358 370; x_wconf 74' lang='lat' dir='ltr'>Hadrianum</span> <span class='ocrx_word' id='word_1_29' title='bbox 372 334 495 365; x_wconf 85' lang='lat' dir='ltr'><em>duobus</em></span> <span class='ocrx_word' id='word_1_30' title='bbox 512 332 666 372; x_wconf 83' lang='lat' dir='ltr'><em>exemplis</em></span> <span class='ocrx_word' id='word_1_31' title='bbox 684 329 869 361; x_wconf 85' lang='lat' dir='ltr'><em>ostendiffe:</em></span> <span class='ocrx_word' id='word_1_32' title='bbox 889 338 1026 368; x_wconf 80' lang='lat' dir='ltr'><em>primum</em></span> 
     </span>
     <span class='ocr_line' id='line_1_5' title="bbox 164 369 1024 418; baseline -0.01 -8"><span class='ocrx_word' id='word_1_33' title='bbox 164 378 246 416; x_wconf 73' lang='lat' dir='ltr'><em>effe,</em></span> <span class='ocrx_word' id='word_1_34' title='bbox 270 378 302 408; x_wconf 85' lang='lat' dir='ltr'><em>Si</em></span> <span class='ocrx_word' id='word_1_35' title='bbox 313 376 447 418; x_wconf 75' lang='lat' dir='ltr'><em>gladium</em></span> <span class='ocrx_word' id='word_1_36' title='bbox 463 371 675 414; x_wconf 65' lang='lat' dir='ltr'><em>strinxerit&amp;</em></span> <span class='ocrx_word' id='word_1_37' title='bbox 693 373 723 402; x_wconf 85' lang='lat' dir='ltr'><em>in</em></span> <span class='ocrx_word' id='word_1_38' title='bbox 740 381 768 402; x_wconf 88' lang='lat' dir='ltr'><em>eo</em></span> <span class='ocrx_word' id='word_1_39' title='bbox 784 369 956 412; x_wconf 76' lang='lat' dir='ltr'><em>percuffi’rit.</em></span> <span class='ocrx_word' id='word_1_40' title='bbox 987 370 1024 402; x_wconf 89' lang='lat' dir='ltr'><em>In</em></span> 
     </span>
     <span class='ocr_line' id='line_1_6' title="bbox 163 412 1026 456; baseline -0.009 -6"><span class='ocrx_word' id='word_1_41' title='bbox 163 430 190 450; x_wconf 71' lang='lat' dir='ltr'><em>eo</em></span> <span class='ocrx_word' id='word_1_42' title='bbox 216 419 296 450; x_wconf 70' lang='lat' dir='ltr'><em>dixit</em></span> <span class='ocrx_word' id='word_1_43' title='bbox 323 427 380 456; x_wconf 86' lang='lat' dir='ltr'><em>pro</em></span> <span class='ocrx_word' id='word_1_44' title='bbox 402 425 452 445; x_wconf 86' lang='lat' dir='ltr'><em>eo:</em></span> <span class='ocrx_word' id='word_1_45' title='bbox 474 414 581 446; x_wconf 77' lang='lat' dir='ltr'><em>ulitata</em></span> <span class='ocrx_word' id='word_1_46' title='bbox 600 413 774 444; x_wconf 67' lang='lat' dir='ltr'><em>,locutione</em></span> <span class='ocrx_word' id='word_1_47' title='bbox 800 422 893 452; x_wconf 84' lang='lat' dir='ltr'><em>quam</em></span> <span class='ocrx_word' id='word_1_48' title='bbox 911 412 1026 443; x_wconf 78' lang='lat' dir='ltr'><em>Salma-</em></span> 
     </span>
     <span class='ocr_line' id='line_1_7' title="bbox 162 452 1027 494; baseline -0.009 -3"><span class='ocrx_word' id='word_1_49' title='bbox 162 460 221 492; x_wconf 79' lang='lat' dir='ltr'><em>fius</em></span> <span class='ocrx_word' id='word_1_50' title='bbox 240 458 393 489; x_wconf 77' lang='lat' dir='ltr'><em>indicavit</em></span> <span class='ocrx_word' id='word_1_51' title='bbox 410 456 449 487; x_wconf 81' lang='lat' dir='ltr'><em>ad</em></span> <span class='ocrx_word' id='word_1_52' title='bbox 467 454 625 487; x_wconf 81' lang='lat' dir='ltr'><em>Trebellii</em></span> <span class='ocrx_word' id='word_1_53' title='bbox 649 453 805 485; x_wconf 73' lang='lat' dir='ltr'><em>Pollionis</em></span> <span class='ocrx_word' id='word_1_54' title='bbox 833 452 968 494; x_wconf 74' lang='lat' dir='ltr'><em>Triginta</em></span> <span class='ocrx_word' id='word_1_55' title='bbox 985 460 1027 494; x_wconf 74' lang='lat' dir='ltr'><em>ty-</em></span> 
     </span>
     <span class='ocr_line' id='line_1_8' title="bbox 163 494 1028 538; baseline -0.007 -7"><span class='ocrx_word' id='word_1_56' title='bbox 163 510 289 538; x_wconf 77' lang='lat' dir='ltr'><em>ranms,</em></span> <span class='ocrx_word' id='word_1_57' title='bbox 311 499 349 529; x_wconf 76' lang='lat' dir='ltr'><em>aci</em></span> <span class='ocrx_word' id='word_1_58' title='bbox 366 498 457 537; x_wconf 83' lang='lat' dir='ltr'><em>finem</em></span> <span class='ocrx_word' id='word_1_59' title='bbox 482 496 542 527; x_wconf 78' lang='lat' dir='ltr'><em>Titi</em></span> <span class='ocrx_word' id='word_1_60' title='bbox 554 503 584 536; x_wconf 81' lang='lat' dir='ltr'><em>p.</em></span> <span class='ocrx_word' id='word_1_61' title='bbox 602 505 671 536; x_wconf 77' lang='lat'><em>344.</em></span> <span class='ocrx_word' id='word_1_62' title='bbox 694 495 745 526; x_wconf 87' lang='lat' dir='ltr'><em>col.</em></span> <span class='ocrx_word' id='word_1_63' title='bbox 768 504 792 526; x_wconf 92' lang='lat'><em>1.</em></span> <span class='ocrx_word' id='word_1_64' title='bbox 819 494 879 526; x_wconf 89' lang='lat' dir='ltr'><em>Cui</em></span> <span class='ocrx_word' id='word_1_65' title='bbox 908 504 970 536; x_wconf 89' lang='lat' dir='ltr'><em>ego</em></span> <span class='ocrx_word' id='word_1_66' title='bbox 992 495 1028 525; x_wconf 93' lang='lat' dir='ltr'><em>il-</em></span> 
     </span>
     <span class='ocr_line' id='line_1_9' title="bbox 162 535 1026 578; baseline -0.008 -5"><span class='ocrx_word' id='word_1_67' title='bbox 162 542 217 573; x_wconf 79' lang='lat' dir='ltr'><em>lud</em></span> <span class='ocrx_word' id='word_1_68' title='bbox 234 541 316 571; x_wconf 81' lang='lat' dir='ltr'><em>addo</em></span> <span class='ocrx_word' id='word_1_69' title='bbox 341 548 382 570; x_wconf 73' lang='lat' dir='ltr'><em>ex</em></span> <span class='ocrx_word' id='word_1_70' title='bbox 401 538 524 577; x_wconf 79' lang='lat' dir='ltr'><em>Apuleji</em></span> <span class='ocrx_word' id='word_1_71' title='bbox 553 538 601 568; x_wconf 77' lang='lat' dir='ltr'><em>lib.</em></span> <span class='ocrx_word' id='word_1_72' title='bbox 628 547 658 578; x_wconf 85' lang='lat'><em>3.</em></span> <span class='ocrx_word' id='word_1_73' title='bbox 683 535 729 567; x_wconf 86' lang='lat' dir='ltr'><em>De</em></span> <span class='ocrx_word' id='word_1_74' title='bbox 755 535 833 574; x_wconf 84' lang='lat' dir='ltr'><em>asino</em></span> <span class='ocrx_word' id='word_1_75' title='bbox 859 545 955 567; x_wconf 77' lang='lat' dir='ltr'><em>aureo.</em></span> <span class='ocrx_word' id='word_1_76' title='bbox 981 536 1026 566; x_wconf 75' lang='lat' dir='ltr'><em>At</em></span> 
     </span>
     <span class='ocr_line' id='line_1_10' title="bbox 163 577 1026 621; baseline -0.007 -8"><span class='ocrx_word' id='word_1_77' title='bbox 163 583 206 613; x_wconf 84' lang='lat' dir='ltr'><em>illi</em></span> <span class='ocrx_word' id='word_1_78' title='bbox 221 581 456 621; x_wconf 67' lang='lat' dir='ltr'><em>barbariprorszts</em></span> <span class='ocrx_word' id='word_1_79' title='bbox 476 578 512 614; x_wconf 61' lang='grc' dir='ltr'><em>ὅ)</em></span> <span class='ocrx_word' id='word_1_80' title='bbox 533 580 671 610; x_wconf 81' lang='lat' dir='ltr'><em>immanes</em></span> <span class='ocrx_word' id='word_1_81' title='bbox 680 578 803 608; x_wconf 82' lang='lat' dir='ltr'><em>homines</em></span> <span class='ocrx_word' id='word_1_82' title='bbox 822 585 910 618; x_wconf 77' lang='lat' dir='ltr'><em>neque</em></span> <span class='ocrx_word' id='word_1_83' title='bbox 911 577 1026 618; x_wconf 82' lang='lat' dir='ltr'><em>fugam</em></span> 
     </span>
     <span class='ocr_line' id='line_1_11' title="bbox 163 620 1025 664; baseline -0.006 -10"><span class='ocrx_word' id='word_1_84' title='bbox 163 622 326 664; x_wconf 75' lang='lat' dir='ltr'><em>copeffnnt,</em></span> <span class='ocrx_word' id='word_1_85' title='bbox 361 620 396 655; x_wconf 54' lang='grc' dir='ltr'><em>ἐξ</em></span> <span class='ocrx_word' id='word_1_86' title='bbox 428 630 491 651; x_wconf 83' lang='lat' dir='ltr'><em>cum</em></span> <span class='ocrx_word' id='word_1_87' title='bbox 517 630 559 650; x_wconf 81' lang='lat' dir='ltr'><em>me</em></span> <span class='ocrx_word' id='word_1_88' title='bbox 582 622 714 650; x_wconf 83' lang='lat' dir='ltr'><em>viderent</em></span> <span class='ocrx_word' id='word_1_89' title='bbox 742 620 774 649; x_wconf 88' lang='lat' dir='ltr'><em>in</em></span> <span class='ocrx_word' id='word_1_90' title='bbox 789 620 894 658; x_wconf 88' lang='lat' dir='ltr'><em>ferro,</em></span> <span class='ocrx_word' id='word_1_91' title='bbox 929 624 1025 649; x_wconf 84' lang='lat' dir='ltr'><em>tamen</em></span> 
     </span>
     <span class='ocr_line' id='line_1_12' title="bbox 163 658 1024 703; baseline -0.006 -8"><span class='ocrx_word' id='word_1_92' title='bbox 163 658 311 699; x_wconf 75' lang='lat' dir='ltr'><em>cczcdaciter</em></span> <span class='ocrx_word' id='word_1_93' title='bbox 333 659 476 703; x_wconf 79' lang='lat' dir='ltr'><em>refistunt.</em></span> <span class='ocrx_word' id='word_1_94' title='bbox 517 659 603 691; x_wconf 73' lang='lat' dir='ltr'><em>&#39;sum</em></span> <span class='ocrx_word' id='word_1_95' title='bbox 621 662 651 691; x_wconf 90' lang='lat' dir='ltr'><em>in</em></span> <span class='ocrx_word' id='word_1_96' title='bbox 674 660 782 700; x_wconf 90' lang='lat' dir='ltr'><em>primis</em></span> <span class='ocrx_word' id='word_1_97' title='bbox 806 659 870 691; x_wconf 89' lang='lat' dir='ltr'><em>hoc</em></span> <span class='ocrx_word' id='word_1_98' title='bbox 888 669 928 691; x_wconf 84' lang='lat' dir='ltr'><em>ex</em></span> <span class='ocrx_word' id='word_1_99' title='bbox 949 660 1024 691; x_wconf 88' lang='lat' dir='ltr'><em>Am-</em></span> 
     </span>
     <span class='ocr_line' id='line_1_13' title="bbox 164 700 1025 742; baseline -0.005 -6"><span class='ocrx_word' id='word_1_100' title='bbox 164 704 270 737; x_wconf 85' lang='lat' dir='ltr'><em>brofio</em></span> <span class='ocrx_word' id='word_1_101' title='bbox 298 705 346 736; x_wconf 81' lang='lat' dir='ltr'><em>lib.</em></span> <span class='ocrx_word' id='word_1_102' title='bbox 375 713 400 734; x_wconf 86' lang='lat'><em>1.</em></span> <span class='ocrx_word' id='word_1_103' title='bbox 427 702 474 734; x_wconf 88' lang='lat' dir='ltr'><em>De</em></span> <span class='ocrx_word' id='word_1_104' title='bbox 491 701 663 742; x_wconf 76' lang='lat' dir='ltr'><em>interpellat.</em></span> <span class='ocrx_word' id='word_1_105' title='bbox 685 700 754 741; x_wconf 75' lang='lat' dir='ltr'><em>Joh.</em></span> <span class='ocrx_word' id='word_1_106' title='bbox 772 711 796 732; x_wconf 89' lang='lat' dir='ltr'><em>c.</em></span> <span class='ocrx_word' id='word_1_107' title='bbox 820 709 844 732; x_wconf 91' lang='lat'><em>1.</em></span> <span class='ocrx_word' id='word_1_108' title='bbox 868 707 936 742; x_wconf 84' lang='lat' dir='ltr'><em>pag.</em></span> <span class='ocrx_word' id='word_1_109' title='bbox 953 705 1025 740; x_wconf 85' lang='lat'><em>604.</em></span> 
     </span>
     <span class='ocr_line' id='line_1_14' title="bbox 164 741 1027 784; baseline -0.006 -6"><span class='ocrx_word' id='word_1_110' title='bbox 164 747 214 778; x_wconf 84' lang='lat' dir='ltr'><em>col.</em></span> <span class='ocrx_word' id='word_1_111' title='bbox 238 757 266 778; x_wconf 66' lang='grc' dir='ltr'><em>ρ.</em></span> <span class='ocrx_word' id='word_1_112' title='bbox 294 745 415 776; x_wconf 67' lang='lat' dir='ltr'><em>chaldaei</em></span> <span class='ocrx_word' id='word_1_113' title='bbox 437 746 628 784; x_wconf 65' lang='lat' dir='ltr'><em>impcyuerunt</em></span> <span class='ocrx_word' id='word_1_114' title='bbox 650 748 707 773; x_wconf 85' lang='lat' dir='ltr'><em>tres</em></span> <span class='ocrx_word' id='word_1_115' title='bbox 723 748 834 774; x_wconf 85' lang='lat' dir='ltr'><em>turmas</em></span> <span class='ocrx_word' id='word_1_116' title='bbox 853 741 889 776; x_wconf 75' lang='lat'><em>&amp;¹</em></span> <span class='ocrx_word' id='word_1_117' title='bbox 907 743 1027 773; x_wconf 80' lang='lat' dir='ltr'><em>circuie-</em></span> 
     </span>
     <span class='ocr_line' id='line_1_15' title="bbox 164 782 1027 824; baseline -0.007 -5"><span class='ocrx_word' id='word_1_118' title='bbox 164 794 235 819; x_wconf 82' lang='lat' dir='ltr'><em>runt</em></span> <span class='ocrx_word' id='word_1_119' title='bbox 260 787 375 817; x_wconf 87' lang='lat' dir='ltr'><em>camelos</em></span> <span class='ocrx_word' id='word_1_120' title='bbox 400 784 436 820; x_wconf 63' lang='grc' dir='ltr'><em>ὃ)</em></span> <span class='ocrx_word' id='word_1_121' title='bbox 462 786 591 824; x_wconf 80' lang='lat' dir='ltr'><em>captivos</em></span> <span class='ocrx_word' id='word_1_122' title='bbox 613 783 745 815; x_wconf 73' lang='lat' dir='ltr'><em>tuleram</em></span> <span class='ocrx_word' id='word_1_123' title='bbox 770 793 832 822; x_wconf 89' lang='lat' dir='ltr'><em>eos,</em></span> <span class='ocrx_word' id='word_1_124' title='bbox 858 782 895 817; x_wconf 75' lang='lat'><em>&amp;³</em></span> <span class='ocrx_word' id='word_1_125' title='bbox 923 790 1027 824; x_wconf 84' lang='lat' dir='ltr'><em>pueros</em></span> 
     </span>
     <span class='ocr_line' id='line_1_16' title="bbox 165 824 1031 868; baseline -0.005 -8"><span class='ocrx_word' id='word_1_126' title='bbox 165 830 370 868; x_wconf 79' lang='lat' dir='ltr'><em>interfecerunt</em></span> <span class='ocrx_word' id='word_1_127' title='bbox 391 828 421 857; x_wconf 84' lang='lat' dir='ltr'><em>in</em></span> <span class='ocrx_word' id='word_1_128' title='bbox 437 826 554 867; x_wconf 74' lang='lat' dir='ltr'><em>gladiis.</em></span> <span class='ocrx_word' id='word_1_129' title='bbox 579 826 633 856; x_wconf 86' lang='lat' dir='ltr'><em>Ait</em></span> <span class='ocrx_word' id='word_1_130' title='bbox 656 825 749 866; x_wconf 78' lang='lat' dir='ltr'><em>igitur</em></span> <span class='ocrx_word' id='word_1_131' title='bbox 775 824 973 863; x_wconf 83' lang='lat' dir='ltr'>Hadrianus,</span> <span class='ocrx_word' id='word_1_132' title='bbox 997 825 1031 856; x_wconf 78' lang='lat' dir='ltr'><em>Si</em></span> 
     </span>
     <span class='ocr_line' id='line_1_17' title="bbox 164 865 1032 910; baseline -0.002 -12"><span class='ocrx_word' id='word_1_133' title='bbox 164 871 292 910; x_wconf 81' lang='lat' dir='ltr'><em>(quis)</em></span> <span class='ocrx_word' id='word_1_134' title='bbox 319 869 450 909; x_wconf 78' lang='lat' dir='ltr'><em>gladium</em></span> <span class='ocrx_word' id='word_1_135' title='bbox 465 865 623 907; x_wconf 71' lang='lat' dir='ltr'><em>strinxerit</em></span> <span class='ocrx_word' id='word_1_136' title='bbox 640 890 650 905; x_wconf 91' lang='lat'><em>,</em></span> <span class='ocrx_word' id='word_1_137' title='bbox 681 865 717 900; x_wconf 49' lang='grc' dir='ltr'><em>ἐξ</em></span> <span class='ocrx_word' id='word_1_138' title='bbox 742 867 774 897; x_wconf 92' lang='lat' dir='ltr'><em>in</em></span> <span class='ocrx_word' id='word_1_139' title='bbox 800 875 829 896; x_wconf 88' lang='lat' dir='ltr'><em>eo</em></span> <span class='ocrx_word' id='word_1_140' title='bbox 843 865 1032 907; x_wconf 83' lang='lat' dir='ltr'><em>percufferit,</em></span> 
     </span>
     <span class='ocr_line' id='line_1_18' title="bbox 164 906 1031 951; baseline -0.003 -9"><span class='ocrx_word' id='word_1_141' title='bbox 164 912 325 942; x_wconf 78' lang='lat' dir='ltr'><em>indubitate</em></span> <span class='ocrx_word' id='word_1_142' title='bbox 340 909 483 939; x_wconf 76' lang='lat' dir='ltr'><em>occidendi</em></span> <span class='ocrx_word' id='word_1_143' title='bbox 491 909 584 938; x_wconf 84' lang='lat' dir='ltr'><em>animo</em></span> <span class='ocrx_word' id='word_1_144' title='bbox 596 909 625 938; x_wconf 78' lang='lat' dir='ltr'><em>ici</em></span> <span class='ocrx_word' id='word_1_145' title='bbox 641 906 813 945; x_wconf 80' lang='lat' dir='ltr'><em>eunzaclnzisi</em></span> <span class='ocrx_word' id='word_1_146' title='bbox 835 907 859 938; x_wconf 85' lang='lat' dir='ltr'><em>&#39;e.</em></span> <span class='ocrx_word' id='word_1_147' title='bbox 879 906 980 951; x_wconf 85' lang='lat' dir='ltr'><em>Quod</em></span> <span class='ocrx_word' id='word_1_148' title='bbox 991 906 1031 939; x_wconf 85' lang='lat' dir='ltr'><em>fic</em></span> 
     </span>
     <span class='ocr_line' id='line_1_19' title="bbox 165 947 1032 992; baseline -0.005 -9"><span class='ocrx_word' id='word_1_149' title='bbox 165 949 335 992; x_wconf 73' lang='lat' dir='ltr'><em>accipe,Si</em></span> <span class='ocrx_word' id='word_1_150' title='bbox 354 950 494 990; x_wconf 75' lang='lat' dir='ltr'>gladium</span> <span class='ocrx_word' id='word_1_151' title='bbox 513 950 597 980; x_wconf 80' lang='lat' dir='ltr'><em>ultro</em></span> <span class='ocrx_word' id='word_1_152' title='bbox 616 949 799 980; x_wconf 84' lang='lat' dir='ltr'><em>strinxit:&amp;</em></span> <span class='ocrx_word' id='word_1_153' title='bbox 826 958 882 979; x_wconf 79' lang='lat' dir='ltr'><em>10c</em></span> <span class='ocrx_word' id='word_1_154' title='bbox 891 947 1032 980; x_wconf 79' lang='lat' dir='ltr'><em>occisum</em></span> 
     </span>
     <span class='ocr_line' id='line_1_20' title="bbox 165 989 1030 1034; baseline -0.003 -10"><span class='ocrx_word' id='word_1_155' title='bbox 165 993 279 1034; x_wconf 80' lang='lat' dir='ltr'><em>sponte</em></span> <span class='ocrx_word' id='word_1_156' title='bbox 298 989 455 1032; x_wconf 78' lang='lat' dir='ltr'><em>aggi-effus</em></span> <span class='ocrx_word' id='word_1_157' title='bbox 476 989 521 1021; x_wconf 87' lang='lat' dir='ltr'><em>est</em></span> <span class='ocrx_word' id='word_1_158' title='bbox 543 1000 633 1021; x_wconf 87' lang='lat' dir='ltr'><em>more</em></span> <span class='ocrx_word' id='word_1_159' title='bbox 660 991 824 1022; x_wconf 81' lang='lat' dir='ltr'><em>lan-ionis:</em></span> <span class='ocrx_word' id='word_1_160' title='bbox 847 999 911 1021; x_wconf 89' lang='lat' dir='ltr'><em>non</em></span> <span class='ocrx_word' id='word_1_161' title='bbox 929 989 950 1021; x_wconf 89' lang='lat' dir='ltr'><strong>fi</strong></span> <span class='ocrx_word' id='word_1_162' title='bbox 974 991 1030 1021; x_wconf 90' lang='lat' dir='ltr'><em>im-</em></span> 
     </span>
     <span class='ocr_line' id='line_1_21' title="bbox 166 1029 1031 1075; baseline -0.001 -11"><span class='ocrx_word' id='word_1_163' title='bbox 166 1043 243 1075; x_wconf 76' lang='lat' dir='ltr'><em>petu</em></span> <span class='ocrx_word' id='word_1_164' title='bbox 261 1032 340 1063; x_wconf 86' lang='lat' dir='ltr'><em>fecit</em></span> <span class='ocrx_word' id='word_1_165' title='bbox 356 1033 386 1063; x_wconf 90' lang='lat' dir='ltr'><em>in</em></span> <span class='ocrx_word' id='word_1_166' title='bbox 406 1033 472 1063; x_wconf 80' lang='lat' dir='ltr'><em>rixa</em></span> <span class='ocrx_word' id='word_1_167' title='bbox 491 1030 627 1063; x_wconf 83' lang='lat' dir='ltr'><em>fortuita</em></span> <span class='ocrx_word' id='word_1_168' title='bbox 650 1039 745 1072; x_wconf 81' lang='lat' dir='ltr'><em>atque</em></span> <span class='ocrx_word' id='word_1_169' title='bbox 771 1029 952 1071; x_wconf 80' lang='lat' dir='ltr'><em>improvisa.</em></span> <span class='ocrx_word' id='word_1_170' title='bbox 976 1031 1031 1063; x_wconf 88' lang='lat' dir='ltr'><em>Ar-</em></span> 
     </span>
     <span class='ocr_line' id='line_1_22' title="bbox 164 1072 1029 1118; baseline -0.005 -11"><span class='ocrx_word' id='word_1_171' title='bbox 164 1083 352 1118; x_wconf 79' lang='lat' dir='ltr'><em>gumentum</em></span> <span class='ocrx_word' id='word_1_172' title='bbox 380 1073 476 1111; x_wconf 81' lang='lat' dir='ltr'><em>mini,</em></span> <span class='ocrx_word' id='word_1_173' title='bbox 501 1074 588 1113; x_wconf 88' lang='lat' dir='ltr'><em>quod</em></span> <span class='ocrx_word' id='word_1_174' title='bbox 613 1072 705 1113; x_wconf 79' lang='lat' dir='ltr'><em>hujus</em></span> <span class='ocrx_word' id='word_1_175' title='bbox 723 1074 860 1113; x_wconf 88' lang='lat' dir='ltr'><em>impetus</em></span> <span class='ocrx_word' id='word_1_176' title='bbox 884 1073 935 1104; x_wconf 86' lang='lat' dir='ltr'><em>vel</em></span> <span class='ocrx_word' id='word_1_177' title='bbox 952 1073 1029 1104; x_wconf 82' lang='lat' dir='ltr'><em>rixae</em></span> 
     </span>
     <span class='ocr_line' id='line_1_23' title="bbox 165 1113 1030 1148; baseline -0.003 0"><span class='ocrx_word' id='word_1_178' title='bbox 165 1118 205 1148; x_wconf 76' lang='lat' dir='ltr'><em>ab</em></span> <span class='ocrx_word' id='word_1_179' title='bbox 226 1115 389 1148; x_wconf 79' lang='lat' dir='ltr'><em>Hadriano</em></span> <span class='ocrx_word' id='word_1_180' title='bbox 421 1115 485 1145; x_wconf 86' lang='lat' dir='ltr'><em>hoc</em></span> <span class='ocrx_word' id='word_1_181' title='bbox 508 1116 539 1145; x_wconf 90' lang='lat' dir='ltr'><em>in</em></span> <span class='ocrx_word' id='word_1_182' title='bbox 568 1113 659 1145; x_wconf 75' lang='lat' dir='ltr'><em>versu</em></span> <span class='ocrx_word' id='word_1_183' title='bbox 689 1114 811 1146; x_wconf 86' lang='lat' dir='ltr'><em>mentio</em></span> <span class='ocrx_word' id='word_1_184' title='bbox 838 1114 923 1146; x_wconf 79' lang='lat' dir='ltr'><em>nulla</em></span> <span class='ocrx_word' id='word_1_185' title='bbox 958 1113 995 1145; x_wconf 84' lang='lat' dir='ltr'><em>fit</em></span> <span class='ocrx_word' id='word_1_186' title='bbox 1013 1113 1030 1145; x_wconf 81' lang='lat'>?</span> 
     </span>
     <span class='ocr_line' id='line_1_24' title="bbox 165 1153 1031 1197; baseline -0.005 -7"><span class='ocrx_word' id='word_1_187' title='bbox 165 1168 237 1193; x_wconf 78' lang='lat' dir='ltr'><em>cum</em></span> <span class='ocrx_word' id='word_1_188' title='bbox 258 1159 286 1188; x_wconf 91' lang='lat' dir='ltr'><em>in</em></span> <span class='ocrx_word' id='word_1_189' title='bbox 308 1156 459 1197; x_wconf 73' lang='lat' dir='ltr'><em>sequente</em></span> <span class='ocrx_word' id='word_1_190' title='bbox 478 1154 569 1187; x_wconf 88' lang='lat' dir='ltr'><em>versu</em></span> <span class='ocrx_word' id='word_1_191' title='bbox 586 1155 636 1188; x_wconf 81' lang='lat' dir='ltr'><em>bis</em></span> <span class='ocrx_word' id='word_1_192' title='bbox 652 1155 716 1187; x_wconf 79' lang='lat' dir='ltr'><em>fiat.</em></span> <span class='ocrx_word' id='word_1_193' title='bbox 736 1165 833 1196; x_wconf 88' lang='lat' dir='ltr'><em>porro</em></span> <span class='ocrx_word' id='word_1_194' title='bbox 852 1155 873 1187; x_wconf 85' lang='lat' dir='ltr'>fi</span> <span class='ocrx_word' id='word_1_195' title='bbox 891 1165 928 1187; x_wconf 83' lang='lat' dir='ltr'><em>ea</em></span> <span class='ocrx_word' id='word_1_196' title='bbox 945 1153 1031 1194; x_wconf 81' lang='lat' dir='ltr'><em>rixa,</em></span> 
     </span>
     <span class='ocr_line' id='line_1_25' title="bbox 163 1197 1032 1237; baseline -0.003 -6"><span class='ocrx_word' id='word_1_197' title='bbox 163 1200 252 1232; x_wconf 83' lang='lat' dir='ltr'><em>fimul</em></span> <span class='ocrx_word' id='word_1_198' title='bbox 280 1198 397 1229; x_wconf 86' lang='lat' dir='ltr'><em>subitus</em></span> <span class='ocrx_word' id='word_1_199' title='bbox 429 1206 525 1237; x_wconf 82' lang='lat' dir='ltr'><em>atque</em></span> <span class='ocrx_word' id='word_1_200' title='bbox 557 1197 745 1237; x_wconf 87' lang='lat' dir='ltr'><em>improvisus</em></span> <span class='ocrx_word' id='word_1_201' title='bbox 777 1197 872 1228; x_wconf 83' lang='lat' dir='ltr'><em>animi</em></span> <span class='ocrx_word' id='word_1_202' title='bbox 905 1204 1032 1236; x_wconf 90' lang='lat' dir='ltr'><em>motus,</em></span> 
     </span>
     <span class='ocr_line' id='line_1_26' title="bbox 164 1238 1032 1282; baseline -0.003 -9"><span class='ocrx_word' id='word_1_203' title='bbox 164 1242 287 1282; x_wconf 85' lang='lat' dir='ltr'><em>liquet:</em></span> <span class='ocrx_word' id='word_1_204' title='bbox 310 1248 374 1270; x_wconf 88' lang='lat' dir='ltr'><em>non</em></span> <span class='ocrx_word' id='word_1_205' title='bbox 395 1239 519 1270; x_wconf 84' lang='lat' dir='ltr'><em>videtur</em></span> <span class='ocrx_word' id='word_1_206' title='bbox 535 1239 823 1279; x_wconf 71' lang='lat' dir='ltr'><em>gladiusintegrare</em></span> <span class='ocrx_word' id='word_1_207' title='bbox 834 1238 1032 1270; x_wconf 86' lang='lat' dir='ltr'><em>voluntatem</em></span> 
     </span>
     <span class='ocr_line' id='line_1_27' title="bbox 166 1280 1031 1321; baseline -0.005 -7"><span class='ocrx_word' id='word_1_208' title='bbox 166 1284 219 1314; x_wconf 88' lang='lat' dir='ltr'><em>cui</em></span> <span class='ocrx_word' id='word_1_209' title='bbox 243 1282 381 1321; x_wconf 75' lang='lat' dir='ltr'><em>impetus</em></span> <span class='ocrx_word' id='word_1_210' title='bbox 400 1280 556 1321; x_wconf 81' lang='lat' dir='ltr'>derogat,</span> <span class='ocrx_word' id='word_1_211' title='bbox 588 1280 617 1311; x_wconf 68' lang='grc' dir='ltr'><em>δε</em></span> <span class='ocrx_word' id='word_1_212' title='bbox 638 1280 754 1311; x_wconf 87' lang='lat' dir='ltr'><em>mentis</em></span> <span class='ocrx_word' id='word_1_213' title='bbox 777 1280 959 1311; x_wconf 81' lang='lat' dir='ltr'><em>occoecatio</em></span> <span class='ocrx_word' id='word_1_214' title='bbox 980 1280 1031 1311; x_wconf 89' lang='lat' dir='ltr'><em>ad-</em></span> 
     </span>
     <span class='ocr_line' id='line_1_28' title="bbox 164 1320 1032 1362; baseline -0.001 -8"><span class='ocrx_word' id='word_1_215' title='bbox 164 1322 324 1354; x_wconf 81' lang='lat' dir='ltr'><em>versatur:</em></span> <span class='ocrx_word' id='word_1_216' title='bbox 351 1330 385 1352; x_wconf 82' lang='lat' dir='ltr'><em>ut</em></span> <span class='ocrx_word' id='word_1_217' title='bbox 416 1321 533 1352; x_wconf 88' lang='lat' dir='ltr'><em>Cicero</em></span> <span class='ocrx_word' id='word_1_218' title='bbox 561 1320 668 1352; x_wconf 86' lang='lat' dir='ltr'><em>censet</em></span> <span class='ocrx_word' id='word_1_219' title='bbox 691 1321 721 1352; x_wconf 91' lang='lat' dir='ltr'><em>in</em></span> <span class='ocrx_word' id='word_1_220' title='bbox 748 1320 876 1362; x_wconf 78' lang='lat' dir='ltr'><em>Topicis,</em></span> <span class='ocrx_word' id='word_1_221' title='bbox 900 1330 974 1353; x_wconf 90' lang='lat' dir='ltr'><em>cum</em></span> <span class='ocrx_word' id='word_1_222' title='bbox 991 1320 1032 1353; x_wconf 87' lang='lat' dir='ltr'><em>fic</em></span> 
     </span>
     <span class='ocr_line' id='line_1_29' title="bbox 165 1363 1032 1404; baseline -0.005 -7"><span class='ocrx_word' id='word_1_223' title='bbox 165 1364 247 1397; x_wconf 85' lang='lat' dir='ltr'><em>infit.</em></span> <span class='ocrx_word' id='word_1_224' title='bbox 274 1364 393 1394; x_wconf 69' lang='lat' dir='ltr'><em>Cadunt</em></span> <span class='ocrx_word' id='word_1_225' title='bbox 417 1364 449 1393; x_wconf 81' lang='lat' dir='ltr'><em>in</em></span> <span class='ocrx_word' id='word_1_226' title='bbox 466 1363 681 1404; x_wconf 76' lang='lat' dir='ltr'><em>ignorantiam,</em></span> <span class='ocrx_word' id='word_1_227' title='bbox 706 1367 792 1403; x_wconf 81' lang='lat' dir='ltr'><em>atque</em></span> <span class='ocrx_word' id='word_1_228' title='bbox 810 1363 1032 1402; x_wconf 77' lang='lat' dir='ltr'><em>imprudentiam</em></span> 
     </span>
     <span class='ocr_line' id='line_1_30' title="bbox 160 1402 1034 1448; baseline -0.002 -12"><span class='ocrx_word' id='word_1_229' title='bbox 160 1405 391 1448; x_wconf 79' lang='lat' dir='ltr'><em>perturbationes</em></span> <span class='ocrx_word' id='word_1_230' title='bbox 414 1404 523 1435; x_wconf 83' lang='lat' dir='ltr'><em>animi.-</em></span> <span class='ocrx_word' id='word_1_231' title='bbox 547 1413 608 1445; x_wconf 69' lang='lat' dir='ltr'><em>quae</em></span> <span class='ocrx_word' id='word_1_232' title='bbox 627 1413 804 1445; x_wconf 78' lang='lat' dir='ltr'><em>quamquam</em></span> <span class='ocrx_word' id='word_1_233' title='bbox 816 1402 878 1442; x_wconf 73' lang='lat' dir='ltr'><em>sint</em></span> <span class='ocrx_word' id='word_1_234' title='bbox 900 1404 1034 1435; x_wconf 83' lang='lat' dir='ltr'><em>volunta-</em></span> 
     </span>
     <span class='ocr_line' id='line_1_31' title="bbox 167 1445 1034 1488; baseline -0.005 -9"><span class='ocrx_word' id='word_1_235' title='bbox 167 1449 218 1479; x_wconf 66' lang='lat' dir='ltr'><em>riae</em></span> <span class='ocrx_word' id='word_1_236' title='bbox 231 1470 242 1486; x_wconf 89' lang='lat'><em>,</em></span> <span class='ocrx_word' id='word_1_237' title='bbox 267 1446 467 1487; x_wconf 80' lang='lat' dir='ltr'><em>objurgatione</em></span> <span class='ocrx_word' id='word_1_238' title='bbox 483 1445 558 1475; x_wconf 77' lang='lat' dir='ltr'><em>enim</em></span> <span class='ocrx_word' id='word_1_239' title='bbox 581 1450 666 1486; x_wconf 86' lang='lat' dir='ltr'><em>atque</em></span> <span class='ocrx_word' id='word_1_240' title='bbox 681 1446 873 1477; x_wconf 82' lang='lat' dir='ltr'><em>admonitione</em></span> <span class='ocrx_word' id='word_1_241' title='bbox 894 1445 1034 1488; x_wconf 82' lang='lat' dir='ltr'><em>dejiciun-</em></span> 
     </span>
     <span class='ocr_line' id='line_1_32' title="bbox 168 1486 1034 1529; baseline -0.002 -9"><span class='ocrx_word' id='word_1_242' title='bbox 168 1495 238 1527; x_wconf 78' lang='lat' dir='ltr'><em>tur,</em></span> <span class='ocrx_word' id='word_1_243' title='bbox 255 1494 351 1520; x_wconf 82' lang='lat' dir='ltr'><em>tamen</em></span> <span class='ocrx_word' id='word_1_244' title='bbox 368 1487 471 1517; x_wconf 80' lang='lat' dir='ltr'><em>habent</em></span> <span class='ocrx_word' id='word_1_245' title='bbox 489 1492 585 1517; x_wconf 83' lang='lat' dir='ltr'><em>tantos</em></span> <span class='ocrx_word' id='word_1_246' title='bbox 601 1492 715 1525; x_wconf 75' lang='lat' dir='ltr'><em>nictus,</em></span> <span class='ocrx_word' id='word_1_247' title='bbox 733 1492 768 1518; x_wconf 81' lang='lat' dir='ltr'><em>ut</em></span> <span class='ocrx_word' id='word_1_248' title='bbox 785 1496 836 1525; x_wconf 81' lang='lat' dir='ltr'><em>eu,</em></span> <span class='ocrx_word' id='word_1_249' title='bbox 851 1496 914 1529; x_wconf 83' lang='lat' dir='ltr'><em>quae</em></span> <span class='ocrx_word' id='word_1_250' title='bbox 930 1486 1034 1518; x_wconf 83' lang='lat' dir='ltr'><em>volun·</em></span> 
     </span>
     <span class='ocr_line' id='line_1_33' title="bbox 168 1526 1037 1570; baseline -0.005 -8"><span class='ocrx_word' id='word_1_251' title='bbox 168 1529 331 1570; x_wconf 78' lang='lat' dir='ltr'><em>tariafitnt</em></span> <span class='ocrx_word' id='word_1_252' title='bbox 344 1551 353 1567; x_wconf 92' lang='lat'><em>,</em></span> <span class='ocrx_word' id='word_1_253' title='bbox 376 1534 428 1559; x_wconf 83' lang='lat' dir='ltr'><em>aut</em></span> <span class='ocrx_word' id='word_1_254' title='bbox 444 1526 597 1568; x_wconf 82' lang='lat' dir='ltr'><em>neceffaria</em></span> <span class='ocrx_word' id='word_1_255' title='bbox 615 1529 777 1567; x_wconf 82' lang='lat' dir='ltr'><em>interdum,</em></span> <span class='ocrx_word' id='word_1_256' title='bbox 801 1533 853 1560; x_wconf 82' lang='lat' dir='ltr'><em>aut</em></span> <span class='ocrx_word' id='word_1_257' title='bbox 868 1533 941 1559; x_wconf 89' lang='lat' dir='ltr'><em>certe</em></span> <span class='ocrx_word' id='word_1_258' title='bbox 955 1529 1037 1569; x_wconf 83' lang='lat' dir='ltr'><em>igno-</em></span> 
     </span>
     <span class='ocr_line' id='line_1_34' title="bbox 165 1568 1035 1610; baseline -0.003 -6"><span class='ocrx_word' id='word_1_259' title='bbox 165 1577 234 1604; x_wconf 84' lang='lat' dir='ltr'><em>rata</em></span> <span class='ocrx_word' id='word_1_260' title='bbox 262 1571 426 1601; x_wconf 82' lang='lat' dir='ltr'><em>videantur.</em></span> <span class='ocrx_word' id='word_1_261' title='bbox 453 1569 504 1600; x_wconf 87' lang='lat' dir='ltr'><em>Sic</em></span> <span class='ocrx_word' id='word_1_262' title='bbox 523 1568 660 1601; x_wconf 85' lang='lat' dir='ltr'><em>Cicero:</em></span> <span class='ocrx_word' id='word_1_263' title='bbox 684 1568 737 1601; x_wconf 88' lang='lat' dir='ltr'><em>sed</em></span> <span class='ocrx_word' id='word_1_264' title='bbox 755 1569 783 1601; x_wconf 72' lang='grc' dir='ltr'><em>ὅ(</em></span> <span class='ocrx_word' id='word_1_265' title='bbox 801 1568 867 1610; x_wconf 86' lang='lat' dir='ltr'><em>ipse</em></span> <span class='ocrx_word' id='word_1_266' title='bbox 884 1568 949 1601; x_wconf 82' lang='lat' dir='ltr'><em>five</em></span> <span class='ocrx_word' id='word_1_267' title='bbox 972 1569 1035 1601; x_wconf 81' lang='lat' dir='ltr'><em>Ha-</em></span> 
     </span>
     <span class='ocr_line' id='line_1_35' title="bbox 166 1609 1032 1653; baseline -0.001 -8"><span class='ocrx_word' id='word_1_268' title='bbox 166 1614 313 1650; x_wconf 83' lang='lat' dir='ltr'><em>drianus,</em></span> <span class='ocrx_word' id='word_1_269' title='bbox 328 1610 392 1642; x_wconf 87' lang='lat' dir='ltr'><em>five</em></span> <span class='ocrx_word' id='word_1_270' title='bbox 411 1609 614 1650; x_wconf 81' lang='lat' dir='ltr'><em>Marcianus,</em></span> <span class='ocrx_word' id='word_1_271' title='bbox 629 1611 662 1642; x_wconf 91' lang='lat' dir='ltr'><em>in</em></span> <span class='ocrx_word' id='word_1_272' title='bbox 678 1609 741 1643; x_wconf 86' lang='lat' dir='ltr'><em>fine</em></span> <span class='ocrx_word' id='word_1_273' title='bbox 752 1613 780 1642; x_wconf 80' lang='lat' dir='ltr'><em>d.</em></span> <span class='ocrx_word' id='word_1_274' title='bbox 796 1610 825 1653; x_wconf 86' lang='lat'><em>§.</em></span> <span class='ocrx_word' id='word_1_275' title='bbox 846 1621 876 1652; x_wconf 84' lang='lat'><em>3.</em></span> <span class='ocrx_word' id='word_1_276' title='bbox 893 1609 1032 1644; x_wconf 88' lang='lat' dir='ltr'><em>scribens</em></span> 
     </span>
     <span class='ocr_line' id='line_1_36' title="bbox 164 1653 1030 1694; baseline -0.005 -7"><span class='ocrx_word' id='word_1_277' title='bbox 164 1654 345 1688; x_wconf 81' lang='lat' dir='ltr'><em>Leniendam</em></span> <span class='ocrx_word' id='word_1_278' title='bbox 364 1659 478 1692; x_wconf 80' lang='lat' dir='ltr'><em>paenam</em></span> <span class='ocrx_word' id='word_1_279' title='bbox 508 1653 570 1693; x_wconf 87' lang='lat' dir='ltr'><em>ejus</em></span> <span class='ocrx_word' id='word_1_280' title='bbox 598 1653 650 1693; x_wconf 84' lang='lat' dir='ltr'><em>qui</em></span> <span class='ocrx_word' id='word_1_281' title='bbox 681 1654 713 1683; x_wconf 86' lang='lat' dir='ltr'><em>in</em></span> <span class='ocrx_word' id='word_1_282' title='bbox 736 1654 805 1684; x_wconf 79' lang='lat' dir='ltr'><em>rixa</em></span> <span class='ocrx_word' id='word_1_283' title='bbox 830 1653 898 1690; x_wconf 82' lang='lat' dir='ltr'><em>casu</em></span> <span class='ocrx_word' id='word_1_284' title='bbox 919 1654 1030 1694; x_wconf 84' lang='lat' dir='ltr'><em>magis,</em></span> 
     </span>
     <span class='ocr_line' id='line_1_37' title="bbox 166 1692 1033 1738; baseline -0.003 -10"><span class='ocrx_word' id='word_1_285' title='bbox 166 1706 255 1738; x_wconf 80' lang='lat' dir='ltr'><em>quam</em></span> <span class='ocrx_word' id='word_1_286' title='bbox 276 1694 428 1725; x_wconf 85' lang='lat' dir='ltr'><em>voluntate</em></span> <span class='ocrx_word' id='word_1_287' title='bbox 453 1693 637 1724; x_wconf 78' lang='lat' dir='ltr'><em>homicidium</em></span> <span class='ocrx_word' id='word_1_288' title='bbox 661 1692 786 1731; x_wconf 80' lang='lat' dir='ltr'><em>admisit.</em></span> <span class='ocrx_word' id='word_1_289' title='bbox 811 1694 918 1726; x_wconf 85' lang='lat' dir='ltr'><em>Animi</em></span> <span class='ocrx_word' id='word_1_290' title='bbox 946 1696 1033 1726; x_wconf 86' lang='lat' dir='ltr'><em>enim</em></span> 
     </span>
     <span class='ocr_line' id='line_1_38' title="bbox 165 1735 1036 1779; baseline -0.002 -10"><span class='ocrx_word' id='word_1_291' title='bbox 165 1737 445 1779; x_wconf 76' lang='lat' dir='ltr'><em>perturbationem</em></span> <span class='ocrx_word' id='word_1_292' title='bbox 463 1744 558 1776; x_wconf 81' lang='lat' dir='ltr'><em>quam</em></span> <span class='ocrx_word' id='word_1_293' title='bbox 573 1735 641 1766; x_wconf 81' lang='lat' dir='ltr'><em>rixa</em></span> <span class='ocrx_word' id='word_1_294' title='bbox 657 1737 762 1767; x_wconf 86' lang='lat' dir='ltr'><em>movit</em></span> <span class='ocrx_word' id='word_1_295' title='bbox 773 1759 782 1774; x_wconf 94' lang='lat'><strong>‚</strong></span> <span class='ocrx_word' id='word_1_296' title='bbox 807 1736 846 1767; x_wconf 87' lang='lat' dir='ltr'><em>ab</em></span> <span class='ocrx_word' id='word_1_297' title='bbox 863 1736 1036 1768; x_wconf 84' lang='lat' dir='ltr'><em>occidendi</em></span> 
     </span>
     <span class='ocr_line' id='line_1_39' title="bbox 166 1775 1037 1818; baseline -0.002 -7"><span class='ocrx_word' id='word_1_298' title='bbox 166 1779 338 1811; x_wconf 80' lang='lat' dir='ltr'><em>voluntate</em></span> <span class='ocrx_word' id='word_1_299' title='bbox 375 1786 470 1817; x_wconf 85' lang='lat' dir='ltr'><em>quarn</em></span> <span class='ocrx_word' id='word_1_300' title='bbox 502 1776 556 1808; x_wconf 85' lang='lat' dir='ltr'><em>lex</em></span> <span class='ocrx_word' id='word_1_301' title='bbox 588 1775 739 1808; x_wconf 86' lang='lat' dir='ltr'><em>Cornelia</em></span> <span class='ocrx_word' id='word_1_302' title='bbox 769 1778 887 1818; x_wconf 90' lang='lat' dir='ltr'><em>punit,</em></span> <span class='ocrx_word' id='word_1_303' title='bbox 926 1785 1037 1818; x_wconf 84' lang='lat' dir='ltr'><em>aperte</em></span> 
     </span>
     <span class='ocr_line' id='line_1_40' title="bbox 167 1817 1038 1860; baseline -0.003 -8"><span class='ocrx_word' id='word_1_304' title='bbox 167 1820 330 1853; x_wconf 87' lang='lat' dir='ltr'><em>discernit.</em></span> <span class='ocrx_word' id='word_1_305' title='bbox 372 1819 400 1851; x_wconf 83' lang='lat' dir='ltr'>A</span> <span class='ocrx_word' id='word_1_306' title='bbox 426 1818 523 1849; x_wconf 83' lang='lat' dir='ltr'><em>ertius</em></span> <span class='ocrx_word' id='word_1_307' title='bbox 541 1825 647 1849; x_wconf 89' lang='lat' dir='ltr'><em>tamen</em></span> <span class='ocrx_word' id='word_1_308' title='bbox 674 1819 698 1849; x_wconf 88' lang='lat' dir='ltr'><em>is</em></span> <span class='ocrx_word' id='word_1_309' title='bbox 724 1818 744 1848; x_wconf 88' lang='lat' dir='ltr'><em>l.</em></span> <span class='ocrx_word' id='word_1_310' title='bbox 772 1827 820 1850; x_wconf 83' lang='lat'><em>11.</em></span> <span class='ocrx_word' id='word_1_311' title='bbox 846 1818 875 1860; x_wconf 82' lang='lat'><em>§.</em></span> <span class='ocrx_word' id='word_1_312' title='bbox 898 1829 926 1850; x_wconf 83' lang='lat'><em>2.</em></span> <span class='ocrx_word' id='word_1_313' title='bbox 944 1817 985 1850; x_wconf 87' lang='lat' dir='ltr'><em>D.</em></span> <span class='ocrx_word' id='word_1_314' title='bbox 1005 1819 1038 1849; x_wconf 81' lang='lat' dir='ltr'><em>cle</em></span> 
     </span>
     <span class='ocr_line' id='line_1_41' title="bbox 163 1857 1035 1905; baseline -0.005 -11"><span class='ocrx_word' id='word_1_315' title='bbox 163 1865 257 1905; x_wconf 77' lang='lat' dir='ltr'><em>poenis</em></span> <span class='ocrx_word' id='word_1_316' title='bbox 289 1862 352 1900; x_wconf 86' lang='lat' dir='ltr'><em>ait,</em></span> <span class='ocrx_word' id='word_1_317' title='bbox 425 1859 535 1900; x_wconf 87' lang='lat' dir='ltr'><em>elinqui</em></span> <span class='ocrx_word' id='word_1_318' title='bbox 564 1865 617 1890; x_wconf 85' lang='lat' dir='ltr'><em>aut</em></span> <span class='ocrx_word' id='word_1_319' title='bbox 640 1857 798 1900; x_wconf 82' lang='lat' dir='ltr'><em>proposito,</em></span> <span class='ocrx_word' id='word_1_320' title='bbox 822 1865 875 1891; x_wconf 80' lang='lat' dir='ltr'><em>aut</em></span> <span class='ocrx_word' id='word_1_321' title='bbox 904 1860 1035 1899; x_wconf 86' lang='lat' dir='ltr'><em>impetu,</em></span> 
     </span>
     <span class='ocr_line' id='line_1_42' title="bbox 168 1899 1045 1942; baseline -0.006 -6"><span class='ocrx_word' id='word_1_322' title='bbox 168 1911 224 1937; x_wconf 83' lang='lat' dir='ltr'><em>aut</em></span> <span class='ocrx_word' id='word_1_323' title='bbox 247 1905 333 1942; x_wconf 78' lang='lat' dir='ltr'><em>casii:</em></span> <span class='ocrx_word' id='word_1_324' title='bbox 355 1899 492 1942; x_wconf 81' lang='lat' dir='ltr'><em>proposito</em></span> <span class='ocrx_word' id='word_1_325' title='bbox 515 1901 678 1941; x_wconf 75' lang='lat' dir='ltr'><em>delinquere</em></span> <span class='ocrx_word' id='word_1_326' title='bbox 702 1900 845 1939; x_wconf 87' lang='lat' dir='ltr'><em>latrones,</em></span> <span class='ocrx_word' id='word_1_327' title='bbox 868 1902 919 1942; x_wconf 84' lang='lat' dir='ltr'><em>qui</em></span> <span class='ocrx_word' id='word_1_328' title='bbox 929 1901 1045 1941; x_wconf 60' lang='lat' dir='ltr'><em>sattim</em></span> 
     </span>
     <span class='ocr_line' id='line_1_43' title="bbox 167 1940 1037 1983; baseline -0.006 -5"><span class='ocrx_word' id='word_1_329' title='bbox 167 1956 234 1978; x_wconf 84' lang='lat' dir='ltr'><em>nem</em></span> <span class='ocrx_word' id='word_1_330' title='bbox 255 1940 375 1976; x_wconf 77' lang='lat' dir='ltr'><em>habent:</em></span> <span class='ocrx_word' id='word_1_331' title='bbox 399 1945 505 1983; x_wconf 84' lang='lat' dir='ltr'><em>impetu</em></span> <span class='ocrx_word' id='word_1_332' title='bbox 523 1948 641 1980; x_wconf 81' lang='lat' dir='ltr'><em>autem,</em></span> <span class='ocrx_word' id='word_1_333' title='bbox 665 1951 730 1973; x_wconf 86' lang='lat' dir='ltr'><em>cum</em></span> <span class='ocrx_word' id='word_1_334' title='bbox 743 1948 797 1982; x_wconf 85' lang='lat' dir='ltr'><em>per</em></span> <span class='ocrx_word' id='word_1_335' title='bbox 813 1944 978 1974; x_wconf 79' lang='lat' dir='ltr'><em>ebrietatem</em></span> <span class='ocrx_word' id='word_1_336' title='bbox 999 1943 1037 1973; x_wconf 85' lang='lat' dir='ltr'><em>ad</em></span> 
     </span>
     <span class='ocr_line' id='line_1_44' title="bbox 168 1983 1037 2025; baseline -0.008 -5"><span class='ocrx_word' id='word_1_337' title='bbox 168 1997 292 2025; x_wconf 72' lang='lat' dir='ltr'><em>ortanus,</em></span> <span class='ocrx_word' id='word_1_338' title='bbox 316 1990 367 2016; x_wconf 84' lang='lat' dir='ltr'><em>aut</em></span> <span class='ocrx_word' id='word_1_339' title='bbox 385 1985 422 2015; x_wconf 77' lang='lat' dir='ltr'><em>ad</em></span> <span class='ocrx_word' id='word_1_340' title='bbox 436 1985 549 2020; x_wconf 76' lang='lat' dir='ltr'><em>ferrum</em></span> <span class='ocrx_word' id='word_1_341' title='bbox 572 1983 709 2014; x_wconf 87' lang='lat' dir='ltr'><em>venitur:</em></span> <span class='ocrx_word' id='word_1_342' title='bbox 731 1983 799 2023; x_wconf 73' lang='lat' dir='ltr'><em>casu</em></span> <span class='ocrx_word' id='word_1_343' title='bbox 814 1993 901 2023; x_wconf 88' lang='lat' dir='ltr'><em>vero,</em></span> <span class='ocrx_word' id='word_1_344' title='bbox 924 1993 989 2013; x_wconf 87' lang='lat' dir='ltr'><em>cum</em></span> <span class='ocrx_word' id='word_1_345' title='bbox 1005 1984 1037 2013; x_wconf 84' lang='lat' dir='ltr'><em>in</em></span> 
     </span>
     <span class='ocr_line' id='line_1_45' title="bbox 170 2023 1035 2065; baseline -0.007 -4"><span class='ocrx_word' id='word_1_346' title='bbox 170 2030 304 2061; x_wconf 80' lang='lat' dir='ltr'><em>venando</em></span> <span class='ocrx_word' id='word_1_347' title='bbox 322 2026 411 2057; x_wconf 76' lang='lat' dir='ltr'><em>telum</em></span> <span class='ocrx_word' id='word_1_348' title='bbox 433 2026 465 2056; x_wconf 83' lang='lat' dir='ltr'><em>in</em></span> <span class='ocrx_word' id='word_1_349' title='bbox 474 2026 576 2065; x_wconf 85' lang='lat' dir='ltr'><em>feram</em></span> <span class='ocrx_word' id='word_1_350' title='bbox 590 2023 702 2065; x_wconf 78' lang='lat' dir='ltr'><em>rmffum</em></span> <span class='ocrx_word' id='word_1_351' title='bbox 718 2024 858 2056; x_wconf 84' lang='lat' dir='ltr'><em>hominem</em></span> <span class='ocrx_word' id='word_1_352' title='bbox 879 2024 1035 2063; x_wconf 83' lang='lat' dir='ltr'><em>interfecit.</em></span> 
     </span>
     <span class='ocr_line' id='line_1_46' title="bbox 168 2064 1035 2107; baseline -0.008 -4"><span class='ocrx_word' id='word_1_353' title='bbox 168 2071 220 2103; x_wconf 87' lang='lat' dir='ltr'><em>Ita</em></span> <span class='ocrx_word' id='word_1_354' title='bbox 238 2068 438 2101; x_wconf 83' lang='lat' dir='ltr'><em>Marcianus:</em></span> <span class='ocrx_word' id='word_1_355' title='bbox 461 2066 602 2107; x_wconf 87' lang='lat' dir='ltr'><em>prorsus,</em></span> <span class='ocrx_word' id='word_1_356' title='bbox 626 2064 681 2098; x_wconf 82' lang='lat' dir='ltr'><em>etsi</em></span> <span class='ocrx_word' id='word_1_357' title='bbox 699 2064 818 2097; x_wconf 89' lang='lat' dir='ltr'><em>ferrum</em></span> <span class='ocrx_word' id='word_1_358' title='bbox 840 2065 1035 2104; x_wconf 87' lang='lat' dir='ltr'><em>intervenit,</em></span> 
     </span>
     <span class='ocr_line' id='line_1_47' title="bbox 170 2107 1034 2153; baseline -0.009 -8"><span class='ocrx_word' id='word_1_359' title='bbox 170 2114 329 2153; x_wconf 86' lang='lat' dir='ltr'><em>impetum</em></span> <span class='ocrx_word' id='word_1_360' title='bbox 353 2119 369 2140; x_wconf 87' lang='lat' dir='ltr'>a</span> <span class='ocrx_word' id='word_1_361' title='bbox 393 2108 575 2149; x_wconf 84' lang='lat' dir='ltr'><em>proposito,</em></span> <span class='ocrx_word' id='word_1_362' title='bbox 599 2107 672 2145; x_wconf 84' lang='lat' dir='ltr'><em>vel,</em></span> <span class='ocrx_word' id='word_1_363' title='bbox 697 2107 786 2146; x_wconf 90' lang='lat' dir='ltr'><em>quod</em></span> <span class='ocrx_word' id='word_1_364' title='bbox 808 2107 913 2145; x_wconf 90' lang='lat' dir='ltr'><em>idem,</em></span> <span class='ocrx_word' id='word_1_365' title='bbox 936 2116 952 2138; x_wconf 87' lang='lat' dir='ltr'>a</span> <span class='ocrx_word' id='word_1_366' title='bbox 977 2108 1034 2138; x_wconf 90' lang='lat' dir='ltr'><em>do-</em></span> 
     </span>
     <span class='ocr_line' id='line_1_48' title="bbox 172 2147 1034 2189; baseline -0.007 -4"><span class='ocrx_word' id='word_1_367' title='bbox 172 2155 206 2186; x_wconf 80' lang='lat' dir='ltr'><em>lo</em></span> <span class='ocrx_word' id='word_1_368' title='bbox 223 2162 260 2184; x_wconf 86' lang='lat' dir='ltr'><em>ac</em></span> <span class='ocrx_word' id='word_1_369' title='bbox 277 2152 463 2189; x_wconf 83' lang='lat' dir='ltr'><em>voluntate,</em></span> <span class='ocrx_word' id='word_1_370' title='bbox 486 2148 640 2189; x_wconf 82' lang='lat' dir='ltr'><em>separans.</em></span> <span class='ocrx_word' id='word_1_371' title='bbox 681 2147 760 2180; x_wconf 88' lang='lat' dir='ltr'><em>Non</em></span> <span class='ocrx_word' id='word_1_372' title='bbox 780 2149 876 2189; x_wconf 73' lang='lat' dir='ltr'><em>igitur</em></span> <span class='ocrx_word' id='word_1_373' title='bbox 893 2148 1034 2186; x_wconf 85' lang='lat' dir='ltr'><em>ferrum,</em></span> 
     </span>
     <span class='ocr_line' id='line_1_49' title="bbox 170 2189 1034 2236; baseline -0.007 -9"><span class='ocrx_word' id='word_1_374' title='bbox 170 2194 226 2227; x_wconf 73' lang='lat' dir='ltr'><em>seu</em></span> <span class='ocrx_word' id='word_1_375' title='bbox 244 2193 364 2236; x_wconf 78' lang='lat' dir='ltr'><em>gladius</em></span> <span class='ocrx_word' id='word_1_376' title='bbox 375 2215 383 2230; x_wconf 96' lang='lat'><em>,</em></span> <span class='ocrx_word' id='word_1_377' title='bbox 396 2190 460 2222; x_wconf 88' lang='lat' dir='ltr'><em>five</em></span> <span class='ocrx_word' id='word_1_378' title='bbox 476 2189 659 2228; x_wconf 78' lang='lat' dir='ltr'><em>Hadriano,</em></span> <span class='ocrx_word' id='word_1_379' title='bbox 673 2189 737 2221; x_wconf 87' lang='lat' dir='ltr'><em>five</em></span> <span class='ocrx_word' id='word_1_380' title='bbox 753 2189 922 2222; x_wconf 75' lang='lat' dir='ltr'><em>Marciano</em></span> <span class='ocrx_word' id='word_1_381' title='bbox 933 2213 943 2228; x_wconf 92' lang='lat'><em>,</em></span> <span class='ocrx_word' id='word_1_382' title='bbox 958 2189 1034 2221; x_wconf 87' lang='lat' dir='ltr'><em>sem-</em></span> 
     </span>
     <span class='ocr_line' id='line_1_50' title="bbox 171 2230 1034 2278; baseline -0.008 -10"><span class='ocrx_word' id='word_1_383' title='bbox 171 2245 231 2278; x_wconf 81' lang='lat' dir='ltr'><em>per</em></span> <span class='ocrx_word' id='word_1_384' title='bbox 249 2242 345 2274; x_wconf 82' lang='lat' dir='ltr'><em>atque</em></span> <span class='ocrx_word' id='word_1_385' title='bbox 369 2231 549 2264; x_wconf 69' lang='lat' dir='ltr'><em>indistinete</em></span> <span class='ocrx_word' id='word_1_386' title='bbox 566 2230 611 2262; x_wconf 89' lang='lat' dir='ltr'><em>est</em></span> <span class='ocrx_word' id='word_1_387' title='bbox 627 2240 685 2270; x_wconf 83' lang='lat' dir='ltr'><em>pro</em></span> <span class='ocrx_word' id='word_1_388' title='bbox 703 2231 824 2262; x_wconf 85' lang='lat' dir='ltr'><em>iudicio</em></span> <span class='ocrx_word' id='word_1_389' title='bbox 842 2232 937 2264; x_wconf 85' lang='lat' dir='ltr'><em>caedis</em></span> <span class='ocrx_word' id='word_1_390' title='bbox 956 2231 1034 2262; x_wconf 89' lang='lat' dir='ltr'><em>dolo</em></span> 
     </span>
     <span class='ocr_line' id='line_1_51' title="bbox 174 2271 1036 2318; baseline -0.008 -8"><span class='ocrx_word' id='word_1_391' title='bbox 174 2285 229 2310; x_wconf 80' lang='lat' dir='ltr'><em>aut</em></span> <span class='ocrx_word' id='word_1_392' title='bbox 244 2274 410 2318; x_wconf 76' lang='lat' dir='ltr'><em>proposito</em></span> <span class='ocrx_word' id='word_1_393' title='bbox 428 2272 580 2305; x_wconf 79' lang='lat' dir='ltr'><em>admiss&#39;ae:</em></span> <span class='ocrx_word' id='word_1_394' title='bbox 605 2272 657 2304; x_wconf 86' lang='lat' dir='ltr'><em>sed</em></span> <span class='ocrx_word' id='word_1_395' title='bbox 674 2279 761 2310; x_wconf 88' lang='lat' dir='ltr'><em>tum,</em></span> <span class='ocrx_word' id='word_1_396' title='bbox 785 2271 806 2304; x_wconf 81' lang='lat' dir='ltr'><em>si</em></span> <span class='ocrx_word' id='word_1_397' title='bbox 823 2272 1036 2305; x_wconf 86' lang='lat' dir='ltr'><em>homicidium</em></span> 
     </span>
     <span class='ocr_line' id='line_1_52' title="bbox 173 2314 1036 2357; baseline -0.008 -6"><span class='ocrx_word' id='word_1_398' title='bbox 173 2319 280 2357; x_wconf 62' lang='lat' dir='ltr'><em>gladio</em></span> <span class='ocrx_word' id='word_1_399' title='bbox 300 2316 419 2348; x_wconf 65' lang='lat' dir='ltr'><em>factum</em></span> <span class='ocrx_word' id='word_1_400' title='bbox 438 2315 577 2355; x_wconf 83' lang='lat' dir='ltr'><em>arguitur</em></span> <span class='ocrx_word' id='word_1_401' title='bbox 591 2337 602 2352; x_wconf 87' lang='lat'><em>,</em></span> <span class='ocrx_word' id='word_1_402' title='bbox 626 2323 731 2354; x_wconf 88' lang='lat' dir='ltr'><em>neque</em></span> <span class='ocrx_word' id='word_1_403' title='bbox 751 2314 910 2355; x_wconf 78' lang='lat' dir='ltr'><em>impetus,</em></span> <span class='ocrx_word' id='word_1_404' title='bbox 931 2323 1036 2354; x_wconf 86' lang='lat' dir='ltr'><em>neque</em></span> 
     </span>
     <span class='ocr_line' id='line_1_53' title="bbox 172 2353 1037 2400; baseline -0.008 -7"><span class='ocrx_word' id='word_1_405' title='bbox 172 2353 264 2399; x_wconf 56' lang='lat' dir='ltr'><em>fixa,</em></span> <span class='ocrx_word' id='word_1_406' title='bbox 287 2364 387 2400; x_wconf 81' lang='lat' dir='ltr'><em>paret.</em></span> <span class='ocrx_word' id='word_1_407' title='bbox 411 2356 488 2388; x_wconf 91' lang='lat' dir='ltr'><em>Hoc</em></span> <span class='ocrx_word' id='word_1_408' title='bbox 519 2356 601 2387; x_wconf 83' lang='lat' dir='ltr'><em>adeo</em></span> <span class='ocrx_word' id='word_1_409' title='bbox 626 2365 737 2388; x_wconf 88' lang='lat' dir='ltr'><em>verum</em></span> <span class='ocrx_word' id='word_1_410' title='bbox 759 2355 823 2394; x_wconf 88' lang='lat' dir='ltr'><em>est,</em></span> <span class='ocrx_word' id='word_1_411' title='bbox 848 2363 883 2387; x_wconf 88' lang='lat' dir='ltr'><em>ut</em></span> <span class='ocrx_word' id='word_1_412' title='bbox 917 2355 938 2387; x_wconf 82' lang='lat' dir='ltr'><em>si</em></span> <span class='ocrx_word' id='word_1_413' title='bbox 966 2365 1037 2396; x_wconf 77' lang='lat' dir='ltr'><em>quis</em></span> 
     </span>
     <span class='ocr_line' id='line_1_54' title="bbox 174 2397 1041 2440; baseline -0.007 -6"><span class='ocrx_word' id='word_1_414' title='bbox 174 2410 289 2434; x_wconf 86' lang='lat' dir='ltr'><em>contra</em></span> <span class='ocrx_word' id='word_1_415' title='bbox 305 2406 418 2440; x_wconf 83' lang='lat' dir='ltr'><em>putet,</em></span> <span class='ocrx_word' id='word_1_416' title='bbox 441 2398 649 2429; x_wconf 89' lang='lat' dir='ltr'><em>homicidium</em></span> <span class='ocrx_word' id='word_1_417' title='bbox 668 2403 790 2429; x_wconf 87' lang='lat' dir='ltr'><em>tantum</em></span> <span class='ocrx_word' id='word_1_418' title='bbox 813 2406 830 2428; x_wconf 82' lang='lat' dir='ltr'>a</span> <span class='ocrx_word' id='word_1_419' title='bbox 848 2397 902 2428; x_wconf 83' lang='lat' dir='ltr'><em>teli</em></span> <span class='ocrx_word' id='word_1_420' title='bbox 924 2406 1041 2438; x_wconf 79' lang='lat' dir='ltr'><em>genere</em></span> 
     </span>
     <span class='ocr_line' id='line_1_55' title="bbox 174 2438 1041 2483; baseline -0.007 -8"><span class='ocrx_word' id='word_1_421' title='bbox 174 2441 428 2483; x_wconf 78' lang='lat' dir='ltr'><em>distinguendum</em></span> <span class='ocrx_word' id='word_1_422' title='bbox 447 2438 510 2471; x_wconf 87' lang='lat' dir='ltr'><em>ess&#39;e</em></span> <span class='ocrx_word' id='word_1_423' title='bbox 529 2463 539 2478; x_wconf 88' lang='lat'><em>,</em></span> <span class='ocrx_word' id='word_1_424' title='bbox 561 2439 586 2471; x_wconf 93' lang='lat' dir='ltr'><em>is</em></span> <span class='ocrx_word' id='word_1_425' title='bbox 604 2440 700 2470; x_wconf 80' lang='lat' dir='ltr'><em>etiam</em></span> <span class='ocrx_word' id='word_1_426' title='bbox 721 2447 794 2470; x_wconf 89' lang='lat' dir='ltr'><em>eum</em></span> <span class='ocrx_word' id='word_1_427' title='bbox 812 2439 864 2478; x_wconf 81' lang='lat' dir='ltr'><em>qui</em></span> <span class='ocrx_word' id='word_1_428' title='bbox 889 2447 961 2470; x_wconf 86' lang='lat' dir='ltr'><em>cum</em></span> <span class='ocrx_word' id='word_1_429' title='bbox 978 2439 1041 2479; x_wconf 79' lang='lat' dir='ltr'><em>gla-</em></span> 
     </span>
     <span class='ocr_line' id='line_1_56' title="bbox 177 2479 1040 2521; baseline -0.008 -4"><span class='ocrx_word' id='word_1_430' title='bbox 177 2486 232 2517; x_wconf 86' lang='lat' dir='ltr'><em>dio</em></span> <span class='ocrx_word' id='word_1_431' title='bbox 262 2483 306 2514; x_wconf 85' lang='lat' dir='ltr'><em>est</em></span> <span class='ocrx_word' id='word_1_432' title='bbox 325 2483 590 2521; x_wconf 81' lang='lat' dir='ltr'><em>qualemcumque</em></span> <span class='ocrx_word' id='word_1_433' title='bbox 606 2479 650 2511; x_wconf 92' lang='lat' dir='ltr'><em>ob</em></span> <span class='ocrx_word' id='word_1_434' title='bbox 665 2479 805 2518; x_wconf 83' lang='lat' dir='ltr'><em>causam,</em></span> <span class='ocrx_word' id='word_1_435' title='bbox 829 2479 969 2511; x_wconf 87' lang='lat' dir='ltr'><em>hominis</em></span> <span class='ocrx_word' id='word_1_436' title='bbox 985 2489 1040 2510; x_wconf 90' lang='lat' dir='ltr'><em>oc-</em></span> 
     </span>
     <span class='ocr_line' id='line_1_57' title="bbox 177 2520 1042 2563; baseline -0.006 -6"><span class='ocrx_word' id='word_1_437' title='bbox 177 2525 306 2558; x_wconf 81' lang='lat' dir='ltr'><em>cidendi</em></span> <span class='ocrx_word' id='word_1_438' title='bbox 325 2522 414 2554; x_wconf 73' lang='lat' dir='ltr'><em>causa</em></span> <span class='ocrx_word' id='word_1_439' title='bbox 431 2532 506 2553; x_wconf 91' lang='lat' dir='ltr'><em>cum</em></span> <span class='ocrx_word' id='word_1_440' title='bbox 526 2522 635 2563; x_wconf 83' lang='lat' dir='ltr'><em>gladio</em></span> <span class='ocrx_word' id='word_1_441' title='bbox 646 2520 728 2560; x_wconf 81' lang='lat' dir='ltr'><em>effe,</em></span> <span class='ocrx_word' id='word_1_442' title='bbox 753 2521 872 2553; x_wconf 87' lang='lat' dir='ltr'><em>&amp;ideo</em></span> <span class='ocrx_word' id='word_1_443' title='bbox 883 2522 954 2563; x_wconf 85' lang='lat' dir='ltr'><em>lege</em></span> <span class='ocrx_word' id='word_1_444' title='bbox 964 2521 1042 2553; x_wconf 89' lang='lat' dir='ltr'><em>Cor-</em></span> 
     </span>
     <span class='ocr_line' id='line_1_58' title="bbox 181 2562 1044 2601; baseline -0.005 -3"><span class='ocrx_word' id='word_1_445' title='bbox 181 2567 265 2598; x_wconf 86' lang='lat' dir='ltr'><em>nelia</em></span> <span class='ocrx_word' id='word_1_446' title='bbox 293 2565 416 2601; x_wconf 87' lang='lat' dir='ltr'><em>teneri,</em></span> <span class='ocrx_word' id='word_1_447' title='bbox 439 2563 581 2595; x_wconf 84' lang='lat' dir='ltr'><em>arbitrari</em></span> <span class='ocrx_word' id='word_1_448' title='bbox 599 2562 732 2595; x_wconf 84' lang='lat' dir='ltr'><em>debeat:</em></span> <span class='ocrx_word' id='word_1_449' title='bbox 755 2563 807 2594; x_wconf 82' lang='lat' dir='ltr'><em>illa</em></span> <span class='ocrx_word' id='word_1_450' title='bbox 830 2564 913 2594; x_wconf 88' lang='lat' dir='ltr'><em>enim</em></span> <span class='ocrx_word' id='word_1_451' title='bbox 936 2563 988 2594; x_wconf 86' lang='lat' dir='ltr'><em>lex</em></span> <span class='ocrx_word' id='word_1_452' title='bbox 1010 2563 1044 2594; x_wconf 90' lang='lat' dir='ltr'><em>il-</em></span> 
     </span>
     <span class='ocr_line' id='line_1_59' title="bbox 181 2604 1046 2648; baseline -0.007 -8"><span class='ocrx_word' id='word_1_453' title='bbox 181 2609 247 2640; x_wconf 83' lang='lat' dir='ltr'><em>lum</em></span> <span class='ocrx_word' id='word_1_454' title='bbox 264 2606 316 2648; x_wconf 88' lang='lat' dir='ltr'><em>qui</em></span> <span class='ocrx_word' id='word_1_455' title='bbox 345 2606 509 2636; x_wconf 83' lang='lat' dir='ltr'><em>hominem</em></span> <span class='ocrx_word' id='word_1_456' title='bbox 526 2604 604 2636; x_wconf 88' lang='lat' dir='ltr'><em>dolo</em></span> <span class='ocrx_word' id='word_1_457' title='bbox 628 2605 712 2635; x_wconf 86' lang='lat' dir='ltr'><em>malo</em></span> <span class='ocrx_word' id='word_1_458' title='bbox 737 2604 880 2643; x_wconf 86' lang='lat' dir='ltr'><em>occidit,</em></span> <span class='ocrx_word' id='word_1_459' title='bbox 904 2605 935 2636; x_wconf 70' lang='grc' dir='ltr'><em>ἃ.</em></span> <span class='ocrx_word' id='word_1_460' title='bbox 963 2605 1046 2634; x_wconf 84' lang='lat' dir='ltr'><em>hunc</em></span> 
     </span>
     <span class='ocr_line' id='line_1_60' title="bbox 180 2644 1046 2691; baseline -0.005 -11"><span class='ocrx_word' id='word_1_461' title='bbox 180 2650 233 2691; x_wconf 85' lang='lat' dir='ltr'><em>qui</em></span> <span class='ocrx_word' id='word_1_462' title='bbox 266 2647 405 2679; x_wconf 85' lang='lat' dir='ltr'><em>hominis</em></span> <span class='ocrx_word' id='word_1_463' title='bbox 435 2646 605 2678; x_wconf 89' lang='lat' dir='ltr'><em>occidendi</em></span> <span class='ocrx_word' id='word_1_464' title='bbox 633 2644 723 2677; x_wconf 77' lang='lat' dir='ltr'><em>causa</em></span> <span class='ocrx_word' id='word_1_465' title='bbox 752 2654 825 2676; x_wconf 88' lang='lat' dir='ltr'><em>cum</em></span> <span class='ocrx_word' id='word_1_466' title='bbox 856 2646 943 2684; x_wconf 88' lang='lat' dir='ltr'><em>telo,</em></span> <span class='ocrx_word' id='word_1_467' title='bbox 966 2644 1046 2683; x_wconf 69' lang='lat' dir='ltr'><em>fuit,</em></span> 
     </span>
     <span class='ocr_line' id='line_1_61' title="bbox 179 2686 1048 2732; baseline -0.006 -10"><span class='ocrx_word' id='word_1_468' title='bbox 179 2690 299 2732; x_wconf 82' lang='lat' dir='ltr'><em>pariter</em></span> <span class='ocrx_word' id='word_1_469' title='bbox 315 2687 524 2729; x_wconf 81' lang='lat' dir='ltr'><em>persequitur.</em></span> <span class='ocrx_word' id='word_1_470' title='bbox 567 2686 630 2718; x_wconf 89' lang='lat' dir='ltr'><em>Sed</em></span> <span class='ocrx_word' id='word_1_471' title='bbox 653 2686 719 2718; x_wconf 87' lang='lat' dir='ltr'><em>hoc</em></span> <span class='ocrx_word' id='word_1_472' title='bbox 744 2696 838 2727; x_wconf 89' lang='lat' dir='ltr'><em>quam</em></span> <span class='ocrx_word' id='word_1_473' title='bbox 861 2696 926 2718; x_wconf 92' lang='lat' dir='ltr'><em>non</em></span> <span class='ocrx_word' id='word_1_474' title='bbox 950 2687 1048 2718; x_wconf 87' lang='lat' dir='ltr'><em>modo</em></span> 
     </span>
     <span class='ocr_line' id='line_1_62' title="bbox 180 2727 1040 2768; baseline -0.007 -4"><span class='ocrx_word' id='word_1_475' title='bbox 180 2731 314 2768; x_wconf 82' lang='lat' dir='ltr'><em>falsum,</em></span> <span class='ocrx_word' id='word_1_476' title='bbox 338 2728 390 2760; x_wconf 89' lang='lat' dir='ltr'><em>sed</em></span> <span class='ocrx_word' id='word_1_477' title='bbox 412 2729 505 2759; x_wconf 86' lang='lat' dir='ltr'><em>etiam</em></span> <span class='ocrx_word' id='word_1_478' title='bbox 528 2728 673 2768; x_wconf 87' lang='lat' dir='ltr'><em>ineptum</em></span> <span class='ocrx_word' id='word_1_479' title='bbox 692 2727 748 2766; x_wconf 86' lang='lat' dir='ltr'><em>fit,</em></span> <span class='ocrx_word' id='word_1_480' title='bbox 773 2727 922 2768; x_wconf 83' lang='lat' dir='ltr'><em>Ulpiani,</em></span> <span class='ocrx_word' id='word_1_481' title='bbox 948 2729 1040 2760; x_wconf 87' lang='lat' dir='ltr'><em>Cice-</em></span> 
     </span>
     <span class='ocr_line' id='line_1_63' title="bbox 180 2769 1041 2812; baseline -0.007 -7"><span class='ocrx_word' id='word_1_482' title='bbox 180 2773 268 2806; x_wconf 83' lang='lat' dir='ltr'><em>ronis</em></span> <span class='ocrx_word' id='word_1_483' title='bbox 294 2773 323 2802; x_wconf 66' lang='lat' dir='ltr'><em>dc</em></span> <span class='ocrx_word' id='word_1_484' title='bbox 350 2770 558 2812; x_wconf 79' lang='lat' dir='ltr'><em>Quintiliani,</em></span> <span class='ocrx_word' id='word_1_485' title='bbox 583 2769 767 2800; x_wconf 82' lang='lat' dir='ltr'><em>testimonio</em></span> <span class='ocrx_word' id='word_1_486' title='bbox 797 2769 938 2801; x_wconf 86' lang='lat' dir='ltr'><em>constat:</em></span> <span class='ocrx_word' id='word_1_487' title='bbox 963 2779 1041 2809; x_wconf 90' lang='lat' dir='ltr'><em>quo-</em></span> 
     </span>
     <span class='ocr_line' id='line_1_64' title="bbox 181 2809 1042 2851; baseline -0.007 -4"><span class='ocrx_word' id='word_1_488' title='bbox 181 2824 251 2847; x_wconf 83' lang='lat' dir='ltr'><em>rum</em></span> <span class='ocrx_word' id='word_1_489' title='bbox 282 2812 439 2851; x_wconf 78' lang='lat' dir='ltr'><em>Ulpianus</em></span> <span class='ocrx_word' id='word_1_490' title='bbox 462 2811 515 2842; x_wconf 85' lang='lat' dir='ltr'><em>lib.</em></span> <span class='ocrx_word' id='word_1_491' title='bbox 540 2821 567 2850; x_wconf 83' lang='lat'><em>7.</em></span> <span class='ocrx_word' id='word_1_492' title='bbox 594 2809 647 2842; x_wconf 82' lang='lat' dir='ltr'><em>De</em></span> <span class='ocrx_word' id='word_1_493' title='bbox 678 2809 787 2841; x_wconf 88' lang='lat' dir='ltr'><em>officio</em></span> <span class='ocrx_word' id='word_1_494' title='bbox 820 2809 1042 2849; x_wconf 86' lang='lat' dir='ltr'><em>Proconsulis,</em></span> 
     </span>
     <span class='ocr_line' id='line_1_65' title="bbox 181 2851 1046 2893; baseline -0.006 -5"><span class='ocrx_word' id='word_1_495' title='bbox 181 2856 236 2888; x_wconf 74' lang='lat' dir='ltr'><em>sub</em></span> <span class='ocrx_word' id='word_1_496' title='bbox 263 2854 378 2886; x_wconf 87' lang='lat' dir='ltr'><em>Titulo</em></span> <span class='ocrx_word' id='word_1_497' title='bbox 405 2852 457 2883; x_wconf 91' lang='lat' dir='ltr'><em>De</em></span> <span class='ocrx_word' id='word_1_498' title='bbox 481 2852 607 2883; x_wconf 74' lang='lat' dir='ltr'><em>Sicanis</em></span> <span class='ocrx_word' id='word_1_499' title='bbox 627 2852 657 2883; x_wconf 70' lang='grc' dir='ltr'><em>δι</em></span> <span class='ocrx_word' id='word_1_500' title='bbox 679 2851 859 2891; x_wconf 86' lang='lat' dir='ltr'><em>Veneficis,</em></span> <span class='ocrx_word' id='word_1_501' title='bbox 884 2853 924 2884; x_wconf 85' lang='lat' dir='ltr'><em>de</em></span> <span class='ocrx_word' id='word_1_502' title='bbox 939 2854 1046 2893; x_wconf 82' lang='lat' dir='ltr'><em>capite</em></span> 
     </span>
     <span class='ocr_line' id='line_1_66' title="bbox 181 2893 1045 2934; baseline -0.006 -6"><span class='ocrx_word' id='word_1_503' title='bbox 181 2898 321 2928; x_wconf 85' lang='lat' dir='ltr'><em>scribens</em></span> <span class='ocrx_word' id='word_1_504' title='bbox 345 2895 467 2934; x_wconf 85' lang='lat' dir='ltr'><em>primo,</em></span> <span class='ocrx_word' id='word_1_505' title='bbox 504 2893 597 2931; x_wconf 83' lang='lat' dir='ltr'><em>Haec,</em></span> <span class='ocrx_word' id='word_1_506' title='bbox 620 2893 724 2932; x_wconf 84' lang='lat' dir='ltr'><em>inquit</em></span> <span class='ocrx_word' id='word_1_507' title='bbox 743 2915 752 2931; x_wconf 93' lang='lat'><em>,</em></span> <span class='ocrx_word' id='word_1_508' title='bbox 777 2894 823 2924; x_wconf 84' lang='lat' dir='ltr'><em>lex</em></span> <span class='ocrx_word' id='word_1_509' title='bbox 839 2903 896 2924; x_wconf 83' lang='lat' dir='ltr'><em>non</em></span> <span class='ocrx_word' id='word_1_510' title='bbox 919 2903 1045 2932; x_wconf 85' lang='lat' dir='ltr'><em>omnem,</em></span> 
     </span>
     <span class='ocr_line' id='line_1_67' title="bbox 185 2935 1046 2980; baseline -0.005 -11"><span class='ocrx_word' id='word_1_511' title='bbox 185 2940 237 2980; x_wconf 79' lang='lat' dir='ltr'><em>qui</em></span> <span class='ocrx_word' id='word_1_512' title='bbox 259 2948 324 2968; x_wconf 87' lang='lat' dir='ltr'><em>cum</em></span> <span class='ocrx_word' id='word_1_513' title='bbox 342 2937 393 2967; x_wconf 81' lang='lat' dir='ltr'><em>telo</em></span> <span class='ocrx_word' id='word_1_514' title='bbox 410 2935 621 2973; x_wconf 77' lang='lat' dir='ltr'><em>ambulaverit,</em></span> <span class='ocrx_word' id='word_1_515' title='bbox 641 2935 749 2974; x_wconf 80' lang='lat' dir='ltr'><em>punit,</em></span> <span class='ocrx_word' id='word_1_516' title='bbox 771 2936 817 2969; x_wconf 84' lang='lat' dir='ltr'><em>led</em></span> <span class='ocrx_word' id='word_1_517' title='bbox 832 2944 896 2965; x_wconf 84' lang='lat' dir='ltr'><em>eum</em></span> <span class='ocrx_word' id='word_1_518' title='bbox 911 2941 1046 2973; x_wconf 81' lang='lat' dir='ltr'><em>tantum,</em></span> 
     </span>
     <span class='ocr_line' id='line_1_68' title="bbox 183 2976 1047 3020; baseline -0.006 -10"><span class='ocrx_word' id='word_1_519' title='bbox 183 2982 234 3020; x_wconf 80' lang='lat' dir='ltr'><em>qni</em></span> <span class='ocrx_word' id='word_1_520' title='bbox 253 2979 373 3010; x_wconf 76' lang='lat' dir='ltr'><em>hominis</em></span> <span class='ocrx_word' id='word_1_521' title='bbox 396 2977 544 3014; x_wconf 80' lang='lat' dir='ltr'><em>necandi,</em></span> <span class='ocrx_word' id='word_1_522' title='bbox 559 2976 683 3015; x_wconf 81' lang='lat' dir='ltr'><em>furtive</em></span> <span class='ocrx_word' id='word_1_523' title='bbox 699 2976 834 3014; x_wconf 87' lang='lat' dir='ltr'><em>faciendi</em></span> <span class='ocrx_word' id='word_1_524' title='bbox 849 2976 935 3012; x_wconf 81' lang='lat' dir='ltr'><em>caula</em></span> <span class='ocrx_word' id='word_1_525' title='bbox 960 2976 1047 3006; x_wconf 81' lang='lat' dir='ltr'><em>telum</em></span> 
     </span>
     <span class='ocr_line' id='line_1_69' title="bbox 183 3015 1048 3062; baseline -0.005 -12"><span class='ocrx_word' id='word_1_526' title='bbox 183 3022 282 3062; x_wconf 84' lang='lat' dir='ltr'><em>gerit,</em></span> <span class='ocrx_word' id='word_1_527' title='bbox 305 3020 425 3056; x_wconf 64' lang='lat' dir='ltr'><em>coercet,</em></span> <span class='ocrx_word' id='word_1_528' title='bbox 450 3017 604 3056; x_wconf 76' lang='lat' dir='ltr'><em>compescit.</em></span> <span class='ocrx_word' id='word_1_529' title='bbox 651 3015 708 3049; x_wconf 80' lang='lat' dir='ltr'><em>Tit,</em></span> <span class='ocrx_word' id='word_1_530' title='bbox 739 3025 764 3048; x_wconf 93' lang='lat'><em>1.</em></span> <span class='ocrx_word' id='word_1_531' title='bbox 790 3016 956 3047; x_wconf 82' lang='lat' dir='ltr'><em>Collationis</em></span> <span class='ocrx_word' id='word_1_532' title='bbox 992 3016 1048 3048; x_wconf 90' lang='lat' dir='ltr'><em>Le-</em></span> 
     </span>
     <span class='ocr_line' id='line_1_70' title="bbox 183 3058 1046 3102; baseline -0.003 -11"><span class='ocrx_word' id='word_1_533' title='bbox 183 3071 255 3102; x_wconf 77' lang='lat' dir='ltr'><em>gum</em></span> <span class='ocrx_word' id='word_1_534' title='bbox 280 3061 475 3096; x_wconf 67' lang='lat' dir='ltr'><em>niomicarum</em></span> <span class='ocrx_word' id='word_1_535' title='bbox 497 3058 533 3093; x_wconf 63' lang='grc' dir='ltr'><em>ὅ)</em></span> <span class='ocrx_word' id='word_1_536' title='bbox 556 3058 765 3089; x_wconf 83' lang='lat' dir='ltr'><em>Romanarum.</em></span> <span class='ocrx_word' id='word_1_537' title='bbox 791 3058 908 3090; x_wconf 91' lang='lat' dir='ltr'><em>Cicero</em></span> <span class='ocrx_word' id='word_1_538' title='bbox 939 3065 1046 3089; x_wconf 82' lang='lat' dir='ltr'><em>autem</em></span> 
     </span>
     <span class='ocr_line' id='line_1_71' title="bbox 189 3099 1049 3141; baseline -0.005 -9"><span class='ocrx_word' id='word_1_539' title='bbox 189 3103 249 3132; x_wconf 80' lang='lat' dir='ltr'><em>,Pro</em></span> <span class='ocrx_word' id='word_1_540' title='bbox 270 3101 389 3132; x_wconf 81' lang='lat' dir='ltr'><em>Milone.</em></span> <span class='ocrx_word' id='word_1_541' title='bbox 412 3100 478 3139; x_wconf 84' lang='lat' dir='ltr'><em>Etsi</em></span> <span class='ocrx_word' id='word_1_542' title='bbox 493 3101 680 3141; x_wconf 64' lang='lat' dir='ltr'><em>persapienter</em></span> <span class='ocrx_word' id='word_1_543' title='bbox 698 3099 734 3132; x_wconf 56' lang='grc' dir='ltr'><em>ὃ)</em></span> <span class='ocrx_word' id='word_1_544' title='bbox 749 3100 947 3140; x_wconf 67' lang='lat' dir='ltr'><em>quodammodo</em></span> <span class='ocrx_word' id='word_1_545' title='bbox 963 3100 1049 3129; x_wconf 79' lang='lat' dir='ltr'><em>tacite</em></span> 
     </span>
     <span class='ocr_line' id='line_1_72' title="bbox 189 3140 1049 3183; baseline -0.006 -9"><span class='ocrx_word' id='word_1_546' title='bbox 189 3144 238 3174; x_wconf 79' lang='lat' dir='ltr'><em>ciat</em></span> <span class='ocrx_word' id='word_1_547' title='bbox 264 3144 322 3181; x_wconf 70' lang='lat' dir='ltr'><em>ipsit</em></span> <span class='ocrx_word' id='word_1_548' title='bbox 345 3143 390 3172; x_wconf 73' lang='lat' dir='ltr'><em>lex</em></span> <span class='ocrx_word' id='word_1_549' title='bbox 406 3140 568 3183; x_wconf 78' lang='lat' dir='ltr'><em>potestatem</em></span> <span class='ocrx_word' id='word_1_550' title='bbox 591 3142 780 3181; x_wconf 78' lang='lat' dir='ltr'><em>defendendi,</em></span> <span class='ocrx_word' id='word_1_551' title='bbox 803 3150 864 3182; x_wconf 78' lang='lat' dir='ltr'><em>qace</em></span> <span class='ocrx_word' id='word_1_552' title='bbox 889 3150 946 3170; x_wconf 83' lang='lat' dir='ltr'><em>non</em></span> <span class='ocrx_word' id='word_1_553' title='bbox 972 3140 1049 3169; x_wconf 74' lang='lat' dir='ltr'><em>mocio</em></span> 
     </span>
     <span class='ocr_line' id='line_1_73' title="bbox 191 3181 1050 3224; baseline -0.005 -9"><span class='ocrx_word' id='word_1_554' title='bbox 191 3184 330 3215; x_wconf 84' lang='lat' dir='ltr'><em>hominem</em></span> <span class='ocrx_word' id='word_1_555' title='bbox 346 3185 432 3214; x_wconf 77' lang='lat' dir='ltr'><em>occidi</em></span> <span class='ocrx_word' id='word_1_556' title='bbox 446 3208 455 3222; x_wconf 89' lang='lat'><em>,</em></span> <span class='ocrx_word' id='word_1_557' title='bbox 470 3184 525 3224; x_wconf 80' lang='lat' dir='ltr'><em>seii</em></span> <span class='ocrx_word' id='word_1_558' title='bbox 540 3182 590 3223; x_wconf 84' lang='lat' dir='ltr'><em>effe</em></span> <span class='ocrx_word' id='word_1_559' title='bbox 615 3192 679 3213; x_wconf 85' lang='lat' dir='ltr'><em>cum</em></span> <span class='ocrx_word' id='word_1_560' title='bbox 702 3182 753 3213; x_wconf 86' lang='lat' dir='ltr'><em>telo</em></span> <span class='ocrx_word' id='word_1_561' title='bbox 769 3182 889 3213; x_wconf 83' lang='lat' dir='ltr'><em>bominis</em></span> <span class='ocrx_word' id='word_1_562' title='bbox 906 3181 1050 3212; x_wconf 82' lang='lat' dir='ltr'><em>occidendi</em></span> 
     </span>
     <span class='ocr_line' id='line_1_74' title="bbox 191 3224 1049 3265; baseline -0.005 -9"><span class='ocrx_word' id='word_1_563' title='bbox 191 3226 277 3263; x_wconf 62' lang='lat' dir='ltr'><em>causo</em></span> <span class='ocrx_word' id='word_1_564' title='bbox 292 3230 389 3253; x_wconf 81' lang='lat' dir='ltr'><em>vetat:</em></span> <span class='ocrx_word' id='word_1_565' title='bbox 405 3232 439 3254; x_wconf 78' lang='lat' dir='ltr'><em>ut</em></span> <span class='ocrx_word' id='word_1_566' title='bbox 451 3248 460 3261; x_wconf 89' lang='lat'>‚</span> <span class='ocrx_word' id='word_1_567' title='bbox 477 3234 539 3255; x_wconf 84' lang='lat' dir='ltr'><em>cum</em></span> <span class='ocrx_word' id='word_1_568' title='bbox 555 3228 640 3265; x_wconf 80' lang='lat' dir='ltr'><em>causa</em></span> <span class='ocrx_word' id='word_1_569' title='bbox 652 3248 661 3262; x_wconf 91' lang='lat'><em>,</em></span> <span class='ocrx_word' id='word_1_570' title='bbox 677 3234 734 3254; x_wconf 87' lang='lat' dir='ltr'><em>non</em></span> <span class='ocrx_word' id='word_1_571' title='bbox 752 3224 837 3255; x_wconf 84' lang='lat' dir='ltr'><em>telum</em></span> <span class='ocrx_word' id='word_1_572' title='bbox 853 3230 1049 3264; x_wconf 59' lang='lat' dir='ltr'><em>(sumeretur,</em></span> 
     </span>
     <span class='ocr_line' id='line_1_75' title="bbox 188 3264 1047 3309; baseline -0.002 -11"><span class='ocrx_word' id='word_1_573' title='bbox 188 3267 238 3309; x_wconf 64' lang='lat' dir='ltr'><em>qni</em></span> <span class='ocrx_word' id='word_1_574' title='bbox 250 3265 302 3307; x_wconf 82' lang='lat' dir='ltr'><em>sai</em></span> <span class='ocrx_word' id='word_1_575' title='bbox 324 3265 492 3305; x_wconf 68' lang='lat' dir='ltr'><em>defendendi</em></span> <span class='ocrx_word' id='word_1_576' title='bbox 507 3266 594 3307; x_wconf 75' lang='lat' dir='ltr'><em>causa</em></span> <span class='ocrx_word' id='word_1_577' title='bbox 610 3266 665 3300; x_wconf 75' lang='lat' dir='ltr'><em>telo</em></span> <span class='ocrx_word' id='word_1_578' title='bbox 685 3265 749 3307; x_wconf 75' lang='lat' dir='ltr'><em>estet</em></span> <span class='ocrx_word' id='word_1_579' title='bbox 769 3265 857 3307; x_wconf 70' lang='lat' dir='ltr'><em>usus,</em></span> <span class='ocrx_word' id='word_1_580' title='bbox 881 3274 938 3298; x_wconf 85' lang='lat' dir='ltr'><em>non</em></span> <span class='ocrx_word' id='word_1_581' title='bbox 957 3264 1047 3298; x_wconf 84' lang='lat' dir='ltr'><em>homi-</em></span> 
     </span>
    </p>
   </div>
   <div class='ocr_carea' id='block_1_2' title="bbox 1113 154 1346 191">
    <p class='ocr_par' dir='ltr' id='par_1_2' title="bbox 1113 154 1346 191">
     <span class='ocr_line' id='line_1_76' title="bbox 1113 154 1346 191; baseline -0.004 0"><span class='ocrx_word' id='word_1_582' title='bbox 1113 154 1346 191; x_wconf 73' lang='lat' dir='ltr'><em>Noonr</em></span> 
     </span>
    </p>
   </div>
   <div class='ocr_carea' id='block_1_3' title="bbox 1062 245 1956 3343">
    <p class='ocr_par' dir='ltr' id='par_1_3' title="bbox 1062 245 1940 825">
     <span class='ocr_line' id='line_1_77' title="bbox 1067 245 1931 288; baseline 0.003 -11"><span class='ocrx_word' id='word_1_583' title='bbox 1067 246 1113 277; x_wconf 81' lang='lat' dir='ltr'><em>nis</em></span> <span class='ocrx_word' id='word_1_584' title='bbox 1146 246 1293 276; x_wconf 77' lang='lat' dir='ltr'><em>occidendi</em></span> <span class='ocrx_word' id='word_1_585' title='bbox 1331 245 1417 287; x_wconf 81' lang='lat' dir='ltr'><em>causa</em></span> <span class='ocrx_word' id='word_1_586' title='bbox 1448 246 1573 288; x_wconf 78' lang='lat' dir='ltr'><em>habniffe</em></span> <span class='ocrx_word' id='word_1_587' title='bbox 1611 247 1698 278; x_wconf 78' lang='lat' dir='ltr'><em>zelam</em></span> <span class='ocrx_word' id='word_1_588' title='bbox 1732 246 1931 288; x_wconf 78' lang='lat' dir='ltr'><em>judicaretur.</em></span> 
     </span>
     <span class='ocr_line' id='line_1_78' title="bbox 1068 286 1934 330; baseline 0.005 -14"><span class='ocrx_word' id='word_1_589' title='bbox 1068 286 1287 329; x_wconf 66' lang='lat' dir='ltr'><em>Quintilianus</em></span> <span class='ocrx_word' id='word_1_590' title='bbox 1303 289 1398 319; x_wconf 86' lang='lat' dir='ltr'><em>etiam</em></span> <span class='ocrx_word' id='word_1_591' title='bbox 1417 287 1548 321; x_wconf 82' lang='lat' dir='ltr'><em>Declam.</em></span> <span class='ocrx_word' id='word_1_592' title='bbox 1564 298 1609 330; x_wconf 81' lang='lat'><em>17.</em></span> <span class='ocrx_word' id='word_1_593' title='bbox 1639 288 1704 327; x_wconf 82' lang='lat' dir='ltr'><em>Ita,</em></span> <span class='ocrx_word' id='word_1_594' title='bbox 1723 289 1845 328; x_wconf 86' lang='lat' dir='ltr'><em>inquit,</em></span> <span class='ocrx_word' id='word_1_595' title='bbox 1864 295 1934 329; x_wconf 86' lang='lat' dir='ltr'><em>par-</em></span> 
     </span>
     <span class='ocr_line' id='line_1_79' title="bbox 1068 328 1936 371; baseline 0.001 -11"><span class='ocrx_word' id='word_1_596' title='bbox 1068 329 1165 360; x_wconf 75' lang='lat' dir='ltr'><em>rzcz&#39;dae</em></span> <span class='ocrx_word' id='word_1_597' title='bbox 1188 336 1390 369; x_wconf 77' lang='lat' dir='ltr'><em>argumentum</em></span> <span class='ocrx_word' id='word_1_598' title='bbox 1405 328 1443 369; x_wconf 69' lang='lat' dir='ltr'><em>ist</em></span> <span class='ocrx_word' id='word_1_599' title='bbox 1470 330 1505 364; x_wconf 66' lang='lat'><em>{5³</em></span> <span class='ocrx_word' id='word_1_600' title='bbox 1524 330 1573 361; x_wconf 79' lang='lat' dir='ltr'><em>hoc</em></span> <span class='ocrx_word' id='word_1_601' title='bbox 1596 332 1687 371; x_wconf 75' lang='lat' dir='ltr'><em>ipsum</em></span> <span class='ocrx_word' id='word_1_602' title='bbox 1711 331 1785 371; x_wconf 76' lang='lat' dir='ltr'><em>quoa</em></span> <span class='ocrx_word' id='word_1_603' title='bbox 1808 328 1936 371; x_wconf 76' lang='lat' dir='ltr'><em>habuisti</em></span> 
     </span>
     <span class='ocr_line' id='line_1_80' title="bbox 1068 371 1936 413; baseline 0.001 -12"><span class='ocrx_word' id='word_1_604' title='bbox 1068 379 1222 401; x_wconf 82' lang='lat' dir='ltr'><em>venenum.</em></span> <span class='ocrx_word' id='word_1_605' title='bbox 1271 371 1431 409; x_wconf 76' lang='lat' dir='ltr'><em>Omnibus,</em></span> <span class='ocrx_word' id='word_1_606' title='bbox 1455 371 1597 411; x_wconf 59' lang='lat' dir='ltr'><em>Judstes,</em></span> <span class='ocrx_word' id='word_1_607' title='bbox 1621 373 1724 413; x_wconf 77' lang='lat' dir='ltr'><em>quibus</em></span> <span class='ocrx_word' id='word_1_608' title='bbox 1743 372 1936 411; x_wconf 76' lang='lat' dir='ltr'><em>adscelerzim</em></span> 
     </span>
     <span class='ocr_line' id='line_1_81' title="bbox 1070 411 1937 455; baseline 0.003 -14"><span class='ocrx_word' id='word_1_609' title='bbox 1070 416 1189 441; x_wconf 84' lang='lat' dir='ltr'><em>conatus</em></span> <span class='ocrx_word' id='word_1_610' title='bbox 1206 411 1370 452; x_wconf 73' lang='lat' dir='ltr'><em>adjuvatur</em></span> <span class='ocrx_word' id='word_1_611' title='bbox 1386 414 1555 444; x_wconf 77' lang='lat' dir='ltr'><em>deteriorum</em></span> <span class='ocrx_word' id='word_1_612' title='bbox 1570 415 1696 455; x_wconf 74' lang='lat' dir='ltr'><em>quotidie</em></span> <span class='ocrx_word' id='word_1_613' title='bbox 1706 413 1849 452; x_wconf 73' lang='lat' dir='ltr'><em>foecunda</em></span> <span class='ocrx_word' id='word_1_614' title='bbox 1865 423 1937 444; x_wconf 87' lang='lat' dir='ltr'><em>mor·</em></span> 
     </span>
     <span class='ocr_line' id='line_1_82' title="bbox 1068 452 1936 495; baseline 0.002 -13"><span class='ocrx_word' id='word_1_615' title='bbox 1068 452 1173 483; x_wconf 83' lang='lat' dir='ltr'><em>talitas</em></span> <span class='ocrx_word' id='word_1_616' title='bbox 1184 475 1194 491; x_wconf 91' lang='lat'><em>,</em></span> <span class='ocrx_word' id='word_1_617' title='bbox 1219 462 1276 484; x_wconf 85' lang='lat' dir='ltr'><em>non</em></span> <span class='ocrx_word' id='word_1_618' title='bbox 1294 455 1368 484; x_wconf 82' lang='lat' dir='ltr'><em>hanc</em></span> <span class='ocrx_word' id='word_1_619' title='bbox 1384 453 1470 492; x_wconf 83' lang='lat' dir='ltr'><em>solam</em></span> <span class='ocrx_word' id='word_1_620' title='bbox 1483 457 1641 495; x_wconf 76' lang='lat' dir='ltr'><em>potentiam</em></span> <span class='ocrx_word' id='word_1_621' title='bbox 1658 460 1767 486; x_wconf 78' lang='lat' dir='ltr'><em>natura</em></span> <span class='ocrx_word' id='word_1_622' title='bbox 1789 453 1936 494; x_wconf 76' lang='lat' dir='ltr'><em>conceffit‚</em></span> 
     </span>
     <span class='ocr_line' id='line_1_83' title="bbox 1070 494 1936 534; baseline 0.002 -11"><span class='ocrx_word' id='word_1_623' title='bbox 1070 494 1102 524; x_wconf 87' lang='lat' dir='ltr'><em>in</em></span> <span class='ocrx_word' id='word_1_624' title='bbox 1119 503 1206 534; x_wconf 81' lang='lat' dir='ltr'><em>quam</em></span> <span class='ocrx_word' id='word_1_625' title='bbox 1223 495 1305 525; x_wconf 85' lang='lat' dir='ltr'><em>malis</em></span> <span class='ocrx_word' id='word_1_626' title='bbox 1331 497 1473 526; x_wconf 76' lang='lat' dir='ltr'><em>mentibus</em></span> <span class='ocrx_word' id='word_1_627' title='bbox 1490 495 1526 530; x_wconf 55' lang='grc' dir='ltr'><em>δ’</em></span> <span class='ocrx_word' id='word_1_628' title='bbox 1547 498 1708 529; x_wconf 85' lang='lat' dir='ltr'><em>nocentium</em></span> <span class='ocrx_word' id='word_1_629' title='bbox 1727 497 1875 527; x_wconf 80' lang='lat' dir='ltr'><em>ducantur</em></span> <span class='ocrx_word' id='word_1_630' title='bbox 1890 497 1936 526; x_wconf 90' lang='lat' dir='ltr'><em>in-</em></span> 
     </span>
     <span class='ocr_line' id='line_1_84' title="bbox 1066 534 1939 578; baseline 0.003 -14"><span class='ocrx_word' id='word_1_631' title='bbox 1066 535 1181 575; x_wconf 79' lang='lat' dir='ltr'><em>geniis;</em></span> <span class='ocrx_word' id='word_1_632' title='bbox 1197 535 1250 576; x_wconf 78' lang='lat' dir='ltr'><em>secl</em></span> <span class='ocrx_word' id='word_1_633' title='bbox 1275 534 1332 567; x_wconf 81' lang='lat' dir='ltr'><em>illis</em></span> <span class='ocrx_word' id='word_1_634' title='bbox 1357 539 1425 572; x_wconf 81' lang='lat' dir='ltr'><em>ulus</em></span> <span class='ocrx_word' id='word_1_635' title='bbox 1439 547 1474 568; x_wconf 66' lang='lat' dir='ltr'><em>ex</em></span> <span class='ocrx_word' id='word_1_636' title='bbox 1501 539 1594 569; x_wconf 81' lang='lat' dir='ltr'><em>animo</em></span> <span class='ocrx_word' id='word_1_637' title='bbox 1610 537 1670 578; x_wconf 64' lang='lat' dir='ltr'><em>est,</em></span> <span class='ocrx_word' id='word_1_638' title='bbox 1702 543 1847 578; x_wconf 77' lang='lat' dir='ltr'><em>totumque</em></span> <span class='ocrx_word' id='word_1_639' title='bbox 1864 538 1939 577; x_wconf 76' lang='lat' dir='ltr'><em>quod</em></span> 
     </span>
     <span class='ocr_line' id='line_1_85' title="bbox 1062 577 1937 621; baseline 0.002 -15"><span class='ocrx_word' id='word_1_640' title='bbox 1062 577 1203 614; x_wconf 82' lang='lat' dir='ltr'><em>faciunt,</em></span> <span class='ocrx_word' id='word_1_641' title='bbox 1226 577 1259 607; x_wconf 83' lang='lat' dir='ltr'><em>de</em></span> <span class='ocrx_word' id='word_1_642' title='bbox 1281 580 1452 613; x_wconf 78' lang='lat' dir='ltr'><em>conscientia</em></span> <span class='ocrx_word' id='word_1_643' title='bbox 1466 577 1627 619; x_wconf 78' lang='lat' dir='ltr'><em>poffidentis</em></span> <span class='ocrx_word' id='word_1_644' title='bbox 1650 579 1806 618; x_wconf 71' lang='lat' dir='ltr'><em>occipiunt.</em></span> <span class='ocrx_word' id='word_1_645' title='bbox 1851 578 1937 621; x_wconf 63' lang='grc' dir='ltr'><em>ῼμίιί</em></span> 
     </span>
     <span class='ocr_line' id='line_1_86' title="bbox 1068 617 1938 661; baseline 0.003 -15"><span class='ocrx_word' id='word_1_646' title='bbox 1068 617 1164 654; x_wconf 84' lang='lat' dir='ltr'><em>enim,</em></span> <span class='ocrx_word' id='word_1_647' title='bbox 1180 617 1208 655; x_wconf 88' lang='lat' dir='ltr'><em>fi</em></span> <span class='ocrx_word' id='word_1_648' title='bbox 1235 618 1373 650; x_wconf 85' lang='lat' dir='ltr'><em>latronem</em></span> <span class='ocrx_word' id='word_1_649' title='bbox 1391 619 1490 660; x_wconf 75' lang='lat' dir='ltr'><em>gladio</em></span> <span class='ocrx_word' id='word_1_650' title='bbox 1513 626 1628 651; x_wconf 81' lang='lat' dir='ltr'><em>tantum</em></span> <span class='ocrx_word' id='word_1_651' title='bbox 1649 619 1774 661; x_wconf 75' lang='lat' dir='ltr'><em>probes?</em></span> <span class='ocrx_word' id='word_1_652' title='bbox 1798 619 1846 650; x_wconf 88' lang='lat' dir='ltr'><em>Sic</em></span> <span class='ocrx_word' id='word_1_653' title='bbox 1874 628 1938 650; x_wconf 84' lang='lat' dir='ltr'><em>mu-</em></span> 
     </span>
     <span class='ocr_line' id='line_1_87' title="bbox 1067 657 1940 702; baseline 0.002 -14"><span class='ocrx_word' id='word_1_654' title='bbox 1067 659 1165 688; x_wconf 83' lang='lat' dir='ltr'><em>nimus</em></span> <span class='ocrx_word' id='word_1_655' title='bbox 1195 657 1231 693; x_wconf 73' lang='lat'><em>&amp;</em></span> <span class='ocrx_word' id='word_1_656' title='bbox 1253 664 1378 699; x_wconf 81' lang='lat' dir='ltr'><em>somnos,</em></span> <span class='ocrx_word' id='word_1_657' title='bbox 1421 660 1536 692; x_wconf 71' lang='lat' dir='ltr'><em>Excute</em></span> <span class='ocrx_word' id='word_1_658' title='bbox 1562 662 1814 702; x_wconf 72' lang='lat' dir='ltr'><em>peregrinantium</em></span> <span class='ocrx_word' id='word_1_659' title='bbox 1836 659 1940 698; x_wconf 81' lang='lat' dir='ltr'><em>finus.-</em></span> 
     </span>
     <span class='ocr_line' id='line_1_88' title="bbox 1069 700 1940 743; baseline 0.002 -14"><span class='ocrx_word' id='word_1_660' title='bbox 1069 700 1176 730; x_wconf 70' lang='lat' dir='ltr'><em>harem</em></span> <span class='ocrx_word' id='word_1_661' title='bbox 1194 700 1250 731; x_wconf 77' lang='lat' dir='ltr'><em>tela</em></span> <span class='ocrx_word' id='word_1_662' title='bbox 1265 701 1403 737; x_wconf 74' lang='lat' dir='ltr'><em>sollicitis.</em></span> <span class='ocrx_word' id='word_1_663' title='bbox 1447 702 1519 733; x_wconf 84' lang='lat' dir='ltr'><em>Non</em></span> <span class='ocrx_word' id='word_1_664' title='bbox 1536 710 1638 734; x_wconf 79' lang='lat' dir='ltr'><em>vetant</em></span> <span class='ocrx_word' id='word_1_665' title='bbox 1657 701 1711 742; x_wconf 75' lang='lat' dir='ltr'><em>isla</em></span> <span class='ocrx_word' id='word_1_666' title='bbox 1726 704 1799 743; x_wconf 81' lang='lat' dir='ltr'><em>leges</em></span> <span class='ocrx_word' id='word_1_667' title='bbox 1810 707 1918 741; x_wconf 78' lang='lat' dir='ltr'><em>parare</em></span> <span class='ocrx_word' id='word_1_668' title='bbox 1929 724 1940 739; x_wconf 91' lang='lat'><em>,</em></span> 
     </span>
     <span class='ocr_line' id='line_1_89' title="bbox 1065 741 1940 783; baseline 0.003 -13"><span class='ocrx_word' id='word_1_669' title='bbox 1065 741 1242 782; x_wconf 70' lang='lat' dir='ltr'><em>prospicere:</em></span> <span class='ocrx_word' id='word_1_670' title='bbox 1266 751 1316 772; x_wconf 88' lang='lat' dir='ltr'><em>nec</em></span> <span class='ocrx_word' id='word_1_671' title='bbox 1335 742 1525 783; x_wconf 79' lang='lat' dir='ltr'><em>instrumenta</em></span> <span class='ocrx_word' id='word_1_672' title='bbox 1544 745 1711 783; x_wconf 81' lang='lat' dir='ltr'><em>prohibent,</em></span> <span class='ocrx_word' id='word_1_673' title='bbox 1732 745 1780 782; x_wconf 74' lang='lat' dir='ltr'><em>sed</em></span> <span class='ocrx_word' id='word_1_674' title='bbox 1797 742 1940 782; x_wconf 68' lang='lat' dir='ltr'><em>(estimant</em></span> 
     </span>
     <span class='ocr_line' id='line_1_90' title="bbox 1071 781 1876 825; baseline 0.002 -13"><span class='ocrx_word' id='word_1_675' title='bbox 1071 783 1149 822; x_wconf 79' lang='lat' dir='ltr'><em>usus.</em></span> <span class='ocrx_word' id='word_1_676' title='bbox 1190 781 1331 815; x_wconf 87' lang='lat' dir='ltr'><em>Tantum</em></span> <span class='ocrx_word' id='word_1_677' title='bbox 1353 786 1393 815; x_wconf 84' lang='lat' dir='ltr'><em>de</em></span> <span class='ocrx_word' id='word_1_678' title='bbox 1410 785 1516 825; x_wconf 88' lang='lat' dir='ltr'><em>priore</em></span> <span class='ocrx_word' id='word_1_679' title='bbox 1538 785 1691 817; x_wconf 77' lang='lat' dir='ltr'><em>Hadriani</em></span> <span class='ocrx_word' id='word_1_680' title='bbox 1712 784 1876 824; x_wconf 80' lang='lat' dir='ltr'><em>exemplo,</em></span> 
     </span>
    </p>

    <p class='ocr_par' dir='ltr' id='par_1_4' title="bbox 1069 823 1952 3332">
     <span class='ocr_line' id='line_1_91' title="bbox 1111 823 1938 864; baseline 0.001 -10"><span class='ocrx_word' id='word_1_681' title='bbox 1111 833 1142 864; x_wconf 80' lang='lat'><em>5.</em></span> <span class='ocrx_word' id='word_1_682' title='bbox 1167 823 1317 864; x_wconf 84' lang='lat' dir='ltr'><em>Sequitur</em></span> <span class='ocrx_word' id='word_1_683' title='bbox 1333 826 1466 857; x_wconf 77' lang='lat' dir='ltr'><em>alterum</em></span> <span class='ocrx_word' id='word_1_684' title='bbox 1489 827 1520 858; x_wconf 87' lang='lat' dir='ltr'><em>in</em></span> <span class='ocrx_word' id='word_1_685' title='bbox 1538 827 1586 857; x_wconf 88' lang='lat' dir='ltr'><em>his</em></span> <span class='ocrx_word' id='word_1_686' title='bbox 1615 827 1738 858; x_wconf 79' lang='lat' dir='ltr'><em>verbis:</em></span> <span class='ocrx_word' id='word_1_687' title='bbox 1763 826 1818 856; x_wconf 78' lang='lat' dir='ltr'><em>Sed</em></span> <span class='ocrx_word' id='word_1_688' title='bbox 1836 824 1864 862; x_wconf 84' lang='lat' dir='ltr'><em>fi</em></span> <span class='ocrx_word' id='word_1_689' title='bbox 1881 825 1938 855; x_wconf 84' lang='lat' dir='ltr'><em>cla-</em></span> 
     </span>
     <span class='ocr_line' id='line_1_92' title="bbox 1072 864 1940 908; baseline 0.002 -14"><span class='ocrx_word' id='word_1_690' title='bbox 1072 864 1105 895; x_wconf 83' lang='lat' dir='ltr'><em>vi</em></span> <span class='ocrx_word' id='word_1_691' title='bbox 1127 865 1280 905; x_wconf 75' lang='lat' dir='ltr'><em>percziJfit,</em></span> <span class='ocrx_word' id='word_1_692' title='bbox 1302 873 1354 897; x_wconf 80' lang='lat' dir='ltr'><em>aut</em></span> <span class='ocrx_word' id='word_1_693' title='bbox 1377 877 1514 898; x_wconf 79' lang='lat' dir='ltr'><em>cuccuma</em></span> <span class='ocrx_word' id='word_1_694' title='bbox 1541 870 1572 898; x_wconf 87' lang='lat' dir='ltr'><em>in</em></span> <span class='ocrx_word' id='word_1_695' title='bbox 1593 870 1678 899; x_wconf 70' lang='lat' dir='ltr'><em>rixa.-</em></span> <span class='ocrx_word' id='word_1_696' title='bbox 1701 867 1836 908; x_wconf 82' lang='lat' dir='ltr'><em>quamvis</em></span> <span class='ocrx_word' id='word_1_697' title='bbox 1854 866 1940 905; x_wconf 82' lang='lat' dir='ltr'><em>ferro</em></span> 
     </span>
     <span class='ocr_line' id='line_1_93' title="bbox 1069 905 1941 946; baseline 0.003 -11"><span class='ocrx_word' id='word_1_698' title='bbox 1069 905 1261 946; x_wconf 81' lang='lat' dir='ltr'><em>percufferit,</em></span> <span class='ocrx_word' id='word_1_699' title='bbox 1286 913 1453 939; x_wconf 82' lang='lat' dir='ltr'><em>tamennon</em></span> <span class='ocrx_word' id='word_1_700' title='bbox 1473 911 1618 940; x_wconf 78' lang='lat' dir='ltr'><em>occidendi</em></span> <span class='ocrx_word' id='word_1_701' title='bbox 1639 911 1754 946; x_wconf 76' lang='lat' dir='ltr'><em>animo,</em></span> <span class='ocrx_word' id='word_1_702' title='bbox 1778 908 1941 939; x_wconf 78' lang='lat' dir='ltr'><em>leniendam</em></span> 
     </span>
     <span class='ocr_line' id='line_1_94' title="bbox 1069 948 1941 991; baseline 0.002 -14"><span class='ocrx_word' id='word_1_703' title='bbox 1069 954 1185 987; x_wconf 83' lang='lat' dir='ltr'><em>poenam</em></span> <span class='ocrx_word' id='word_1_704' title='bbox 1201 948 1282 989; x_wconf 82' lang='lat' dir='ltr'><em>ejus‚·</em></span> <span class='ocrx_word' id='word_1_705' title='bbox 1304 951 1354 990; x_wconf 81' lang='lat' dir='ltr'><em>qui</em></span> <span class='ocrx_word' id='word_1_706' title='bbox 1369 951 1400 980; x_wconf 84' lang='lat' dir='ltr'><em>in</em></span> <span class='ocrx_word' id='word_1_707' title='bbox 1425 952 1491 981; x_wconf 73' lang='lat' dir='ltr'><em>rixa</em></span> <span class='ocrx_word' id='word_1_708' title='bbox 1509 951 1576 990; x_wconf 70' lang='lat' dir='ltr'><em>casii</em></span> <span class='ocrx_word' id='word_1_709' title='bbox 1600 952 1707 991; x_wconf 66' lang='lat' dir='ltr'><em>vulgis,</em></span> <span class='ocrx_word' id='word_1_710' title='bbox 1734 959 1820 991; x_wconf 80' lang='lat' dir='ltr'><em>quam</em></span> <span class='ocrx_word' id='word_1_711' title='bbox 1835 949 1941 979; x_wconf 82' lang='lat' dir='ltr'><em>volun-</em></span> 
     </span>
     <span class='ocr_line' id='line_1_95' title="bbox 1075 989 1940 1035; baseline 0.003 -17"><span class='ocrx_word' id='word_1_712' title='bbox 1075 994 1132 1019; x_wconf 86' lang='lat' dir='ltr'><em>tate</em></span> <span class='ocrx_word' id='word_1_713' title='bbox 1159 989 1341 1020; x_wconf 70' lang='lat' dir='ltr'><em>homicidium</em></span> <span class='ocrx_word' id='word_1_714' title='bbox 1365 990 1493 1028; x_wconf 69' lang='lat' dir='ltr'><em>admifit.</em></span> <span class='ocrx_word' id='word_1_715' title='bbox 1537 990 1624 1035; x_wconf 79' lang='lat' dir='ltr'><em>Quid</em></span> <span class='ocrx_word' id='word_1_716' title='bbox 1648 1002 1678 1022; x_wconf 84' lang='lat' dir='ltr'><em>in</em></span> <span class='ocrx_word' id='word_1_717' title='bbox 1706 991 1756 1022; x_wconf 88' lang='lat' dir='ltr'><em>his</em></span> <span class='ocrx_word' id='word_1_718' title='bbox 1785 991 1862 1021; x_wconf 73' lang='lat' dir='ltr'><em>velit</em></span> <span class='ocrx_word' id='word_1_719' title='bbox 1886 991 1940 1028; x_wconf 87' lang='lat' dir='ltr'><em>id,</em></span> 
     </span>
     <span class='ocr_line' id='line_1_96' title="bbox 1072 1031 1941 1073; baseline 0.003 -14"><span class='ocrx_word' id='word_1_720' title='bbox 1072 1031 1492 1071; x_wconf 72' lang='lat' dir='ltr'><em>quam-visfer-7·opercuffi¹r·it,</em></span> <span class='ocrx_word' id='word_1_721' title='bbox 1516 1042 1580 1063; x_wconf 87' lang='lat' dir='ltr'><em>non</em></span> <span class='ocrx_word' id='word_1_722' title='bbox 1598 1033 1762 1073; x_wconf 79' lang='lat' dir='ltr'><em>intelligo:</em></span> <span class='ocrx_word' id='word_1_723' title='bbox 1786 1039 1941 1063; x_wconf 73' lang='lat' dir='ltr'><em>namante</em></span> 
     </span>
     <span class='ocr_line' id='line_1_97' title="bbox 1073 1070 1941 1112; baseline 0.002 -10"><span class='ocrx_word' id='word_1_724' title='bbox 1073 1070 1157 1102; x_wconf 69' lang='lat' dir='ltr'><em>facta</em></span> <span class='ocrx_word' id='word_1_725' title='bbox 1174 1071 1236 1103; x_wconf 85' lang='lat' dir='ltr'><em>fuit</em></span> <span class='ocrx_word' id='word_1_726' title='bbox 1259 1082 1422 1103; x_wconf 75' lang='lat' dir='ltr'><em>cuccumae</em></span> <span class='ocrx_word' id='word_1_727' title='bbox 1449 1075 1592 1112; x_wconf 73' lang='lat' dir='ltr'><em>menti03</em></span> <span class='ocrx_word' id='word_1_728' title='bbox 1614 1083 1769 1104; x_wconf 77' lang='lat' dir='ltr'><em>cuccuma</em></span> <span class='ocrx_word' id='word_1_729' title='bbox 1792 1082 1870 1104; x_wconf 88' lang='lat' dir='ltr'><em>vero</em></span> <span class='ocrx_word' id='word_1_730' title='bbox 1896 1071 1941 1104; x_wconf 86' lang='lat' dir='ltr'><em>est</em></span> 
     </span>
     <span class='ocr_line' id='line_1_98' title="bbox 1075 1112 1940 1153; baseline 0.001 -10"><span class='ocrx_word' id='word_1_731' title='bbox 1075 1121 1176 1153; x_wconf 78' lang='lat' dir='ltr'><em>genus</em></span> <span class='ocrx_word' id='word_1_732' title='bbox 1196 1112 1271 1145; x_wconf 83' lang='lat' dir='ltr'><em>valis</em></span> <span class='ocrx_word' id='word_1_733' title='bbox 1289 1113 1382 1145; x_wconf 81' lang='lat' dir='ltr'><em>instar</em></span> <span class='ocrx_word' id='word_1_734' title='bbox 1400 1116 1578 1145; x_wconf 75' lang='lat' dir='ltr'><em>cucumeris</em></span> <span class='ocrx_word' id='word_1_735' title='bbox 1595 1138 1604 1153; x_wconf 86' lang='lat'>‚</span> <span class='ocrx_word' id='word_1_736' title='bbox 1639 1114 1702 1146; x_wconf 78' lang='lat' dir='ltr'><em>five</em></span> <span class='ocrx_word' id='word_1_737' title='bbox 1722 1124 1761 1145; x_wconf 80' lang='lat' dir='ltr'><em>ex</em></span> <span class='ocrx_word' id='word_1_738' title='bbox 1778 1114 1865 1145; x_wconf 89' lang='lat' dir='ltr'><em>ferro</em></span> <span class='ocrx_word' id='word_1_739' title='bbox 1885 1113 1940 1152; x_wconf 83' lang='lat' dir='ltr'><em>iit,</em></span> 
     </span>
     <span class='ocr_line' id='line_1_99' title="bbox 1075 1153 1943 1194; baseline 0.001 -10"><span class='ocrx_word' id='word_1_740' title='bbox 1075 1154 1139 1185; x_wconf 81' lang='lat' dir='ltr'><em>five</em></span> <span class='ocrx_word' id='word_1_741' title='bbox 1166 1163 1207 1185; x_wconf 85' lang='lat' dir='ltr'><em>ex</em></span> <span class='ocrx_word' id='word_1_742' title='bbox 1229 1155 1287 1186; x_wconf 78' lang='lat' dir='ltr'><em>alia</em></span> <span class='ocrx_word' id='word_1_743' title='bbox 1307 1156 1454 1194; x_wconf 76' lang='lat' dir='ltr'><em>materia,</em></span> <span class='ocrx_word' id='word_1_744' title='bbox 1479 1164 1512 1186; x_wconf 87' lang='lat' dir='ltr'><em>ut</em></span> <span class='ocrx_word' id='word_1_745' title='bbox 1530 1166 1570 1187; x_wconf 84' lang='lat' dir='ltr'><em>cx</em></span> <span class='ocrx_word' id='word_1_746' title='bbox 1594 1166 1675 1194; x_wconf 67' lang='grc' dir='ltr'><strong>εει-ε,</strong></span> <span class='ocrx_word' id='word_1_747' title='bbox 1698 1163 1751 1186; x_wconf 84' lang='lat' dir='ltr'><em>aut</em></span> <span class='ocrx_word' id='word_1_748' title='bbox 1776 1155 1864 1192; x_wconf 86' lang='lat' dir='ltr'><em>luto,</em></span> <span class='ocrx_word' id='word_1_749' title='bbox 1890 1153 1943 1186; x_wconf 83' lang='lat' dir='ltr'><em>scu</em></span> 
     </span>
     <span class='ocr_line' id='line_1_100' title="bbox 1076 1195 1942 1228; baseline 0.002 -3"><span class='ocrx_word' id='word_1_750' title='bbox 1076 1202 1176 1227; x_wconf 87' lang='lat' dir='ltr'><em>terra:</em></span> <span class='ocrx_word' id='word_1_751' title='bbox 1194 1195 1272 1227; x_wconf 87' lang='lat' dir='ltr'><em>ficut</em></span> <span class='ocrx_word' id='word_1_752' title='bbox 1291 1199 1320 1227; x_wconf 92' lang='lat' dir='ltr'><em>in</em></span> <span class='ocrx_word' id='word_1_753' title='bbox 1333 1196 1553 1228; x_wconf 73' lang='lat' dir='ltr'><em>JlIemorialihzis</em></span> <span class='ocrx_word' id='word_1_754' title='bbox 1565 1198 1728 1228; x_wconf 76' lang='lat' dir='ltr'><em>annotavit</em></span> <span class='ocrx_word' id='word_1_755' title='bbox 1746 1196 1942 1228; x_wconf 82' lang='lat' dir='ltr'><em>Catellianus</em></span> 
     </span>
     <span class='ocr_line' id='line_1_101' title="bbox 1078 1235 1943 1279; baseline 0.002 -12"><span class='ocrx_word' id='word_1_756' title='bbox 1078 1235 1186 1268; x_wconf 77' lang='lat' dir='ltr'><em>Cotta.</em></span> <span class='ocrx_word' id='word_1_757' title='bbox 1232 1237 1434 1279; x_wconf 76' lang='lat' dir='ltr'><em>Quamquam</em></span> <span class='ocrx_word' id='word_1_758' title='bbox 1456 1239 1585 1277; x_wconf 81' lang='lat' dir='ltr'><em>demus,</em></span> <span class='ocrx_word' id='word_1_759' title='bbox 1609 1247 1795 1270; x_wconf 84' lang='lat' dir='ltr'><em>cuccumam</em></span> <span class='ocrx_word' id='word_1_760' title='bbox 1818 1237 1880 1269; x_wconf 85' lang='lat' dir='ltr'><em>effe</em></span> <span class='ocrx_word' id='word_1_761' title='bbox 1902 1246 1943 1269; x_wconf 78' lang='lat' dir='ltr'><em>ex</em></span> 
     </span>
     <span class='ocr_line' id='line_1_102' title="bbox 1075 1276 1943 1320; baseline 0.002 -12"><span class='ocrx_word' id='word_1_762' title='bbox 1075 1276 1184 1309; x_wconf 85' lang='lat' dir='ltr'><em>ferro:</em></span> <span class='ocrx_word' id='word_1_763' title='bbox 1208 1281 1284 1317; x_wconf 82' lang='lat' dir='ltr'><em>quid</em></span> <span class='ocrx_word' id='word_1_764' title='bbox 1302 1278 1410 1318; x_wconf 79' lang='lat' dir='ltr'><em>postea</em></span> <span class='ocrx_word' id='word_1_765' title='bbox 1428 1279 1445 1311; x_wconf 79' lang='lat'><em>⁴?</em></span> <span class='ocrx_word' id='word_1_766' title='bbox 1475 1289 1512 1310; x_wconf 84' lang='lat' dir='ltr'><em>an</em></span> <span class='ocrx_word' id='word_1_767' title='bbox 1531 1290 1571 1310; x_wconf 87' lang='lat' dir='ltr'><em>eo</em></span> <span class='ocrx_word' id='word_1_768' title='bbox 1589 1303 1598 1318; x_wconf 93' lang='lat'><em>,</em></span> <span class='ocrx_word' id='word_1_769' title='bbox 1625 1281 1711 1320; x_wconf 84' lang='lat' dir='ltr'><em>quod</em></span> <span class='ocrx_word' id='word_1_770' title='bbox 1740 1279 1784 1316; x_wconf 79' lang='lat' dir='ltr'><em>est</em></span> <span class='ocrx_word' id='word_1_771' title='bbox 1801 1278 1943 1317; x_wconf 87' lang='lat' dir='ltr'><em>ferrum,</em></span> 
     </span>
     <span class='ocr_line' id='line_1_103' title="bbox 1075 1318 1944 1360; baseline 0.003 -11"><span class='ocrx_word' id='word_1_772' title='bbox 1075 1319 1126 1350; x_wconf 86' lang='lat' dir='ltr'><em>vel</em></span> <span class='ocrx_word' id='word_1_773' title='bbox 1144 1328 1183 1350; x_wconf 84' lang='lat' dir='ltr'><em>ex</em></span> <span class='ocrx_word' id='word_1_774' title='bbox 1201 1318 1290 1351; x_wconf 88' lang='lat' dir='ltr'><em>ferro</em></span> <span class='ocrx_word' id='word_1_775' title='bbox 1307 1320 1444 1358; x_wconf 69' lang='lat' dir='ltr'><em>factum,</em></span> <span class='ocrx_word' id='word_1_776' title='bbox 1468 1320 1533 1352; x_wconf 87' lang='lat' dir='ltr'><em>hoc</em></span> <span class='ocrx_word' id='word_1_777' title='bbox 1550 1321 1570 1352; x_wconf 83' lang='lat' dir='ltr'><em>si</em></span> <span class='ocrx_word' id='word_1_778' title='bbox 1588 1322 1665 1353; x_wconf 78' lang='lat' dir='ltr'><em>alius</em></span> <span class='ocrx_word' id='word_1_779' title='bbox 1689 1322 1886 1360; x_wconf 78' lang='lat' dir='ltr'><em>percutitur,</em></span> <span class='ocrx_word' id='word_1_780' title='bbox 1913 1321 1944 1352; x_wconf 69' lang='lat' dir='ltr'><em>‘St</em></span> 
     </span>
     <span class='ocr_line' id='line_1_104' title="bbox 1076 1360 1944 1403; baseline 0.002 -13"><span class='ocrx_word' id='word_1_781' title='bbox 1076 1360 1254 1399; x_wconf 87' lang='lat' dir='ltr'><em>occiditur,</em></span> <span class='ocrx_word' id='word_1_782' title='bbox 1280 1360 1401 1403; x_wconf 85' lang='lat' dir='ltr'><em>semper</em></span> <span class='ocrx_word' id='word_1_783' title='bbox 1421 1371 1516 1403; x_wconf 78' lang='lat' dir='ltr'><em>atque</em></span> <span class='ocrx_word' id='word_1_784' title='bbox 1540 1361 1718 1394; x_wconf 66' lang='lat' dir='ltr'><em>indistinete</em></span> <span class='ocrx_word' id='word_1_785' title='bbox 1745 1361 1851 1402; x_wconf 85' lang='lat' dir='ltr'><em>potest</em></span> <span class='ocrx_word' id='word_1_786' title='bbox 1871 1371 1944 1402; x_wconf 89' lang='lat' dir='ltr'><em>pro-</em></span> 
     </span>
     <span class='ocr_line' id='line_1_105' title="bbox 1077 1401 1942 1435; baseline 0.002 -3"><span class='ocrx_word' id='word_1_787' title='bbox 1077 1401 1145 1433; x_wconf 77' lang='lat' dir='ltr'><em>bari</em></span> <span class='ocrx_word' id='word_1_788' title='bbox 1174 1403 1344 1434; x_wconf 87' lang='lat' dir='ltr'><em>occidendi</em></span> <span class='ocrx_word' id='word_1_789' title='bbox 1375 1403 1527 1435; x_wconf 74' lang='lat' dir='ltr'><em>animus?</em></span> <span class='ocrx_word' id='word_1_790' title='bbox 1565 1414 1629 1435; x_wconf 91' lang='lat' dir='ltr'><em>non</em></span> <span class='ocrx_word' id='word_1_791' title='bbox 1662 1405 1772 1435; x_wconf 86' lang='lat' dir='ltr'><em>dices:</em></span> <span class='ocrx_word' id='word_1_792' title='bbox 1805 1413 1879 1434; x_wconf 80' lang='lat' dir='ltr'><em>nam</em></span> <span class='ocrx_word' id='word_1_793' title='bbox 1910 1402 1942 1434; x_wconf 70' lang='grc' dir='ltr'><em>ἅ.</em></span> 
     </span>
     <span class='ocr_line' id='line_1_106' title="bbox 1073 1442 1946 1483; baseline 0.002 -10"><span class='ocrx_word' id='word_1_794' title='bbox 1073 1442 1195 1483; x_wconf 83' lang='lat' dir='ltr'><em>gladius</em></span> <span class='ocrx_word' id='word_1_795' title='bbox 1222 1453 1262 1475; x_wconf 84' lang='lat' dir='ltr'><em>ex</em></span> <span class='ocrx_word' id='word_1_796' title='bbox 1283 1443 1371 1476; x_wconf 87' lang='lat' dir='ltr'><em>ferro</em></span> <span class='ocrx_word' id='word_1_797' title='bbox 1399 1445 1467 1476; x_wconf 83' lang='lat' dir='ltr'><em>est:</em></span> <span class='ocrx_word' id='word_1_798' title='bbox 1501 1445 1525 1477; x_wconf 88' lang='lat' dir='ltr'><em>is</em></span> <span class='ocrx_word' id='word_1_799' title='bbox 1552 1454 1657 1477; x_wconf 82' lang='lat' dir='ltr'><em>tamen</em></span> <span class='ocrx_word' id='word_1_800' title='bbox 1680 1444 1701 1476; x_wconf 83' lang='lat' dir='ltr'>fi</span> <span class='ocrx_word' id='word_1_801' title='bbox 1732 1446 1763 1476; x_wconf 93' lang='lat' dir='ltr'><em>in</em></span> <span class='ocrx_word' id='word_1_802' title='bbox 1788 1447 1855 1476; x_wconf 84' lang='lat' dir='ltr'><em>rixa</em></span> <span class='ocrx_word' id='word_1_803' title='bbox 1880 1443 1946 1475; x_wconf 84' lang='lat' dir='ltr'><em>stri-</em></span> 
     </span>
     <span class='ocr_line' id='line_1_107' title="bbox 1076 1483 1944 1526; baseline 0.001 -11"><span class='ocrx_word' id='word_1_804' title='bbox 1076 1483 1144 1515; x_wconf 71' lang='lat' dir='ltr'><em>uus</em></span> <span class='ocrx_word' id='word_1_805' title='bbox 1160 1484 1224 1523; x_wconf 87' lang='lat' dir='ltr'><em>est,</em></span> <span class='ocrx_word' id='word_1_806' title='bbox 1235 1485 1265 1516; x_wconf 72' lang='grc' dir='ltr'><em>δε</em></span> <span class='ocrx_word' id='word_1_807' title='bbox 1280 1494 1321 1517; x_wconf 87' lang='lat' dir='ltr'><em>eo</em></span> <span class='ocrx_word' id='word_1_808' title='bbox 1337 1487 1440 1518; x_wconf 85' lang='lat' dir='ltr'><em>caedes</em></span> <span class='ocrx_word' id='word_1_809' title='bbox 1453 1485 1556 1525; x_wconf 42' lang='lat' dir='ltr'><em>fastra</em></span> <span class='ocrx_word' id='word_1_810' title='bbox 1580 1496 1644 1518; x_wconf 90' lang='lat' dir='ltr'><em>non</em></span> <span class='ocrx_word' id='word_1_811' title='bbox 1661 1493 1771 1526; x_wconf 85' lang='lat' dir='ltr'><em>utique</em></span> <span class='ocrx_word' id='word_1_812' title='bbox 1789 1486 1944 1516; x_wconf 87' lang='lat' dir='ltr'><em>occiden-</em></span> 
     </span>
     <span class='ocr_line' id='line_1_108' title="bbox 1082 1526 1944 1569; baseline 0.001 -13"><span class='ocrx_word' id='word_1_813' title='bbox 1082 1526 1112 1556; x_wconf 89' lang='lat' dir='ltr'><em>di</em></span> <span class='ocrx_word' id='word_1_814' title='bbox 1132 1526 1239 1557; x_wconf 86' lang='lat' dir='ltr'><em>animo</em></span> <span class='ocrx_word' id='word_1_815' title='bbox 1257 1528 1360 1559; x_wconf 84' lang='lat' dir='ltr'><em>caedes</em></span> <span class='ocrx_word' id='word_1_816' title='bbox 1386 1526 1468 1559; x_wconf 59' lang='lat' dir='ltr'><em>faeta</em></span> <span class='ocrx_word' id='word_1_817' title='bbox 1484 1528 1681 1569; x_wconf 80' lang='lat' dir='ltr'><em>intelligitur.</em></span> <span class='ocrx_word' id='word_1_818' title='bbox 1704 1529 1754 1558; x_wconf 90' lang='lat' dir='ltr'><em>cui</em></span> <span class='ocrx_word' id='word_1_819' title='bbox 1781 1527 1826 1558; x_wconf 77' lang='lat' dir='ltr'><em>rei</em></span> <span class='ocrx_word' id='word_1_820' title='bbox 1849 1527 1944 1567; x_wconf 82' lang='lat' dir='ltr'><em>igitur</em></span> 
     </span>
     <span class='ocr_line' id='line_1_109' title="bbox 1079 1566 1946 1610; baseline 0.002 -13"><span class='ocrx_word' id='word_1_821' title='bbox 1079 1566 1133 1598; x_wconf 83' lang='lat' dir='ltr'><em>illa</em></span> <span class='ocrx_word' id='word_1_822' title='bbox 1164 1567 1318 1608; x_wconf 75' lang='lat' dir='ltr'><em>adjectio,</em></span> <span class='ocrx_word' id='word_1_823' title='bbox 1348 1570 1483 1610; x_wconf 85' lang='lat' dir='ltr'><em>quamvis</em></span> <span class='ocrx_word' id='word_1_824' title='bbox 1508 1569 1592 1609; x_wconf 89' lang='lat' dir='ltr'><em>ferro</em></span> <span class='ocrx_word' id='word_1_825' title='bbox 1621 1568 1814 1610; x_wconf 75' lang='lat' dir='ltr'><em>percufferit?</em></span> <span class='ocrx_word' id='word_1_826' title='bbox 1837 1576 1946 1599; x_wconf 85' lang='lat' dir='ltr'><em>utrum</em></span> 
     </span>
     <span class='ocr_line' id='line_1_110' title="bbox 1078 1608 1946 1652; baseline 0.002 -13"><span class='ocrx_word' id='word_1_827' title='bbox 1078 1608 1132 1639; x_wconf 86' lang='lat' dir='ltr'><em>lex</em></span> <span class='ocrx_word' id='word_1_828' title='bbox 1157 1608 1308 1641; x_wconf 86' lang='lat' dir='ltr'><em>Cornelia</em></span> <span class='ocrx_word' id='word_1_829' title='bbox 1335 1611 1374 1642; x_wconf 87' lang='lat' dir='ltr'><em>de</em></span> <span class='ocrx_word' id='word_1_830' title='bbox 1401 1610 1488 1642; x_wconf 87' lang='lat' dir='ltr'><em>ferro</em></span> <span class='ocrx_word' id='word_1_831' title='bbox 1512 1611 1644 1652; x_wconf 81' lang='lat' dir='ltr'><em>loquuta</em></span> <span class='ocrx_word' id='word_1_832' title='bbox 1674 1610 1737 1648; x_wconf 88' lang='lat' dir='ltr'><em>est,</em></span> <span class='ocrx_word' id='word_1_833' title='bbox 1761 1618 1795 1641; x_wconf 90' lang='lat' dir='ltr'><em>ut</em></span> <span class='ocrx_word' id='word_1_834' title='bbox 1818 1608 1946 1641; x_wconf 83' lang='lat' dir='ltr'><em>necesse</em></span> 
     </span>
     <span class='ocr_line' id='line_1_111' title="bbox 1076 1648 1946 1688; baseline 0.001 -8"><span class='ocrx_word' id='word_1_835' title='bbox 1076 1648 1195 1688; x_wconf 84' lang='lat' dir='ltr'><em>fuerit,</em></span> <span class='ocrx_word' id='word_1_836' title='bbox 1220 1650 1279 1682; x_wconf 81' lang='lat' dir='ltr'><em>hac</em></span> <span class='ocrx_word' id='word_1_837' title='bbox 1301 1652 1522 1683; x_wconf 82' lang='lat' dir='ltr'><em>admonitione</em></span> <span class='ocrx_word' id='word_1_838' title='bbox 1540 1653 1630 1684; x_wconf 87' lang='lat' dir='ltr'><em>verbi</em></span> <span class='ocrx_word' id='word_1_839' title='bbox 1650 1652 1813 1684; x_wconf 82' lang='lat' dir='ltr'><em>calumniae</em></span> <span class='ocrx_word' id='word_1_840' title='bbox 1833 1660 1946 1682; x_wconf 87' lang='lat' dir='ltr'><em>occur-</em></span> 
     </span>
     <span class='ocr_line' id='line_1_112' title="bbox 1079 1691 1944 1734; baseline 0.001 -12"><span class='ocrx_word' id='word_1_841' title='bbox 1079 1700 1149 1723; x_wconf 87' lang='lat' dir='ltr'><em>rere</em></span> <span class='ocrx_word' id='word_1_842' title='bbox 1159 1691 1176 1723; x_wconf 71' lang='grc' dir='ltr'><em>ἱ)</em></span> <span class='ocrx_word' id='word_1_843' title='bbox 1199 1701 1237 1723; x_wconf 86' lang='lat' dir='ltr'><em>an</em></span> <span class='ocrx_word' id='word_1_844' title='bbox 1261 1693 1292 1724; x_wconf 90' lang='lat' dir='ltr'><em>in</em></span> <span class='ocrx_word' id='word_1_845' title='bbox 1310 1693 1375 1724; x_wconf 88' lang='lat' dir='ltr'><em>hoc</em></span> <span class='ocrx_word' id='word_1_846' title='bbox 1393 1701 1446 1724; x_wconf 88' lang='lat' dir='ltr'><em>aut</em></span> <span class='ocrx_word' id='word_1_847' title='bbox 1465 1694 1669 1734; x_wconf 83' lang='lat' dir='ltr'><em>praecedente</em></span> <span class='ocrx_word' id='word_1_848' title='bbox 1692 1692 1780 1724; x_wconf 85' lang='lat' dir='ltr'><em>versu</em></span> <span class='ocrx_word' id='word_1_849' title='bbox 1800 1693 1840 1725; x_wconf 89' lang='lat' dir='ltr'><em>de</em></span> <span class='ocrx_word' id='word_1_850' title='bbox 1854 1691 1944 1724; x_wconf 88' lang='lat' dir='ltr'><em>ferro</em></span> 
     </span>
     <span class='ocr_line' id='line_1_113' title="bbox 1080 1732 1945 1775; baseline 0.001 -12"><span class='ocrx_word' id='word_1_851' title='bbox 1080 1732 1198 1765; x_wconf 70' lang='lat' dir='ltr'><em>distum</em></span> <span class='ocrx_word' id='word_1_852' title='bbox 1217 1757 1228 1773; x_wconf 96' lang='lat'><em>,</em></span> <span class='ocrx_word' id='word_1_853' title='bbox 1259 1735 1348 1775; x_wconf 89' lang='lat' dir='ltr'><em>quod</em></span> <span class='ocrx_word' id='word_1_854' title='bbox 1375 1735 1505 1766; x_wconf 87' lang='lat' dir='ltr'><em>homine</em></span> <span class='ocrx_word' id='word_1_855' title='bbox 1531 1736 1561 1766; x_wconf 87' lang='lat' dir='ltr'><em>in</em></span> <span class='ocrx_word' id='word_1_856' title='bbox 1589 1745 1630 1766; x_wconf 91' lang='lat' dir='ltr'><em>eo</em></span> <span class='ocrx_word' id='word_1_857' title='bbox 1649 1734 1794 1775; x_wconf 71' lang='lat' dir='ltr'><em>perculso</em></span> <span class='ocrx_word' id='word_1_858' title='bbox 1819 1742 1945 1774; x_wconf 83' lang='lat' dir='ltr'><em>perem-</em></span> 
     </span>
     <span class='ocr_line' id='line_1_114' title="bbox 1079 1773 1947 1814; baseline 0.001 -10"><span class='ocrx_word' id='word_1_859' title='bbox 1079 1782 1181 1814; x_wconf 89' lang='lat' dir='ltr'><em>ptove</em></span> <span class='ocrx_word' id='word_1_860' title='bbox 1200 1775 1239 1806; x_wconf 85' lang='lat' dir='ltr'><em>ad</em></span> <span class='ocrx_word' id='word_1_861' title='bbox 1255 1776 1514 1808; x_wconf 83' lang='lat' dir='ltr'><em>convincendum</em></span> <span class='ocrx_word' id='word_1_862' title='bbox 1535 1777 1706 1808; x_wconf 88' lang='lat' dir='ltr'><em>occidendi</em></span> <span class='ocrx_word' id='word_1_863' title='bbox 1724 1777 1864 1807; x_wconf 84' lang='lat' dir='ltr'><em>animum</em></span> <span class='ocrx_word' id='word_1_864' title='bbox 1882 1773 1947 1806; x_wconf 87' lang='lat' dir='ltr'><em>suf-</em></span> 
     </span>
     <span class='ocr_line' id='line_1_115' title="bbox 1080 1814 1946 1858; baseline 0.001 -12"><span class='ocrx_word' id='word_1_865' title='bbox 1080 1814 1192 1847; x_wconf 77' lang='lat' dir='ltr'><em>ficiat?</em></span> <span class='ocrx_word' id='word_1_866' title='bbox 1216 1826 1282 1848; x_wconf 88' lang='lat' dir='ltr'><em>non</em></span> <span class='ocrx_word' id='word_1_867' title='bbox 1302 1818 1422 1856; x_wconf 86' lang='lat' dir='ltr'><em>video,</em></span> <span class='ocrx_word' id='word_1_868' title='bbox 1447 1827 1552 1858; x_wconf 85' lang='lat' dir='ltr'><em>neque</em></span> <span class='ocrx_word' id='word_1_869' title='bbox 1572 1825 1721 1858; x_wconf 79' lang='lat' dir='ltr'><em>apparet:</em></span> <span class='ocrx_word' id='word_1_870' title='bbox 1746 1817 1869 1855; x_wconf 84' lang='lat' dir='ltr'><em>minus,</em></span> <span class='ocrx_word' id='word_1_871' title='bbox 1893 1816 1946 1848; x_wconf 87' lang='lat' dir='ltr'><em>cui</em></span> 
     </span>
     <span class='ocr_line' id='line_1_116' title="bbox 1080 1856 1947 1899; baseline 0.003 -13"><span class='ocrx_word' id='word_1_872' title='bbox 1080 1856 1146 1887; x_wconf 90' lang='lat' dir='ltr'><em>hoc</em></span> <span class='ocrx_word' id='word_1_873' title='bbox 1171 1859 1305 1897; x_wconf 82' lang='lat' dir='ltr'><em>quamvis</em></span> <span class='ocrx_word' id='word_1_874' title='bbox 1323 1859 1405 1897; x_wconf 85' lang='lat' dir='ltr'><em>ferro</em></span> <span class='ocrx_word' id='word_1_875' title='bbox 1423 1858 1610 1899; x_wconf 79' lang='lat' dir='ltr'><em>percufferit,</em></span> <span class='ocrx_word' id='word_1_876' title='bbox 1634 1868 1688 1890; x_wconf 76' lang='lat' dir='ltr'><em>aut</em></span> <span class='ocrx_word' id='word_1_877' title='bbox 1711 1857 1792 1899; x_wconf 82' lang='lat' dir='ltr'><em>juste</em></span> <span class='ocrx_word' id='word_1_878' title='bbox 1816 1857 1947 1898; x_wconf 85' lang='lat' dir='ltr'><em>respon-</em></span> 
     </span>
     <span class='ocr_line' id='line_1_117' title="bbox 1080 1898 1945 1941; baseline 0.002 -13"><span class='ocrx_word' id='word_1_879' title='bbox 1080 1898 1171 1937; x_wconf 75' lang='lat' dir='ltr'><em>deat,</em></span> <span class='ocrx_word' id='word_1_880' title='bbox 1195 1907 1249 1929; x_wconf 81' lang='lat' dir='ltr'><em>aut</em></span> <span class='ocrx_word' id='word_1_881' title='bbox 1275 1898 1349 1930; x_wconf 84' lang='lat' dir='ltr'><em>sano</em></span> <span class='ocrx_word' id='word_1_882' title='bbox 1377 1898 1464 1931; x_wconf 75' lang='lat' dir='ltr'><em>sensu</em></span> <span class='ocrx_word' id='word_1_883' title='bbox 1495 1910 1688 1941; x_wconf 87' lang='lat' dir='ltr'><em>opponatur.</em></span> <span class='ocrx_word' id='word_1_884' title='bbox 1733 1899 1798 1931; x_wconf 84' lang='lat' dir='ltr'><em>Nifi</em></span> <span class='ocrx_word' id='word_1_885' title='bbox 1829 1906 1945 1940; x_wconf 82' lang='lat' dir='ltr'><em>putes,</em></span> 
     </span>
     <span class='ocr_line' id='line_1_118' title="bbox 1081 1938 1946 1983; baseline 0.005 -14"><span class='ocrx_word' id='word_1_886' title='bbox 1081 1938 1277 1971; x_wconf 77' lang='lat' dir='ltr'><em>Hadrianum</em></span> <span class='ocrx_word' id='word_1_887' title='bbox 1298 1941 1398 1972; x_wconf 82' lang='lat' dir='ltr'><em>verbo</em></span> <span class='ocrx_word' id='word_1_888' title='bbox 1408 1944 1492 1980; x_wconf 87' lang='lat' dir='ltr'><em>ferro</em></span> <span class='ocrx_word' id='word_1_889' title='bbox 1509 1943 1676 1982; x_wconf 79' lang='lat' dir='ltr'><em>indigitare</em></span> <span class='ocrx_word' id='word_1_890' title='bbox 1698 1942 1839 1983; x_wconf 82' lang='lat' dir='ltr'><em>gladium</em></span> <span class='ocrx_word' id='word_1_891' title='bbox 1857 1941 1946 1981; x_wconf 82' lang='lat' dir='ltr'><em>cujus</em></span> 
     </span>
     <span class='ocr_line' id='line_1_119' title="bbox 1080 1981 1947 2023; baseline 0.002 -13"><span class='ocrx_word' id='word_1_892' title='bbox 1080 1981 1226 2011; x_wconf 85' lang='lat' dir='ltr'><em>meminit</em></span> <span class='ocrx_word' id='word_1_893' title='bbox 1246 1982 1354 2021; x_wconf 87' lang='lat' dir='ltr'><em>priore</em></span> <span class='ocrx_word' id='word_1_894' title='bbox 1376 1982 1474 2014; x_wconf 86' lang='lat' dir='ltr'><em>versu.</em></span> <span class='ocrx_word' id='word_1_895' title='bbox 1517 1982 1559 2013; x_wconf 76' lang='lat' dir='ltr'><em>Et</em></span> <span class='ocrx_word' id='word_1_896' title='bbox 1580 1992 1686 2014; x_wconf 82' lang='lat' dir='ltr'><em>tamen</em></span> <span class='ocrx_word' id='word_1_897' title='bbox 1718 1984 1806 2023; x_wconf 90' lang='lat' dir='ltr'><em>quod</em></span> <span class='ocrx_word' id='word_1_898' title='bbox 1824 1983 1864 2014; x_wconf 87' lang='lat' dir='ltr'><em>de</em></span> <span class='ocrx_word' id='word_1_899' title='bbox 1880 1983 1947 2022; x_wconf 82' lang='lat' dir='ltr'><em>gla-</em></span> 
     </span>
     <span class='ocr_line' id='line_1_120' title="bbox 1080 2021 1948 2064; baseline 0.003 -13"><span class='ocrx_word' id='word_1_900' title='bbox 1080 2021 1134 2052; x_wconf 88' lang='lat' dir='ltr'><em>dio</em></span> <span class='ocrx_word' id='word_1_901' title='bbox 1160 2022 1261 2060; x_wconf 82' lang='lat' dir='ltr'><em>dixit,</em></span> <span class='ocrx_word' id='word_1_902' title='bbox 1288 2032 1353 2054; x_wconf 89' lang='lat' dir='ltr'><em>non</em></span> <span class='ocrx_word' id='word_1_903' title='bbox 1382 2023 1465 2054; x_wconf 85' lang='lat' dir='ltr'><em>hane</em></span> <span class='ocrx_word' id='word_1_904' title='bbox 1485 2024 1607 2055; x_wconf 76' lang='lat' dir='ltr'><em>causam</em></span> <span class='ocrx_word' id='word_1_905' title='bbox 1633 2024 1748 2063; x_wconf 74' lang='lat' dir='ltr'><em>habet,</em></span> <span class='ocrx_word' id='word_1_906' title='bbox 1773 2024 1862 2064; x_wconf 83' lang='lat' dir='ltr'><em>quod</em></span> <span class='ocrx_word' id='word_1_907' title='bbox 1882 2024 1948 2063; x_wconf 86' lang='lat' dir='ltr'><em>gla-</em></span> 
     </span>
     <span class='ocr_line' id='line_1_121' title="bbox 1079 2063 1946 2105; baseline 0.002 -12"><span class='ocrx_word' id='word_1_908' title='bbox 1079 2063 1147 2094; x_wconf 86' lang='lat' dir='ltr'><em>dius</em></span> <span class='ocrx_word' id='word_1_909' title='bbox 1167 2063 1354 2104; x_wconf 79' lang='lat' dir='ltr'><em>plerumque</em></span> <span class='ocrx_word' id='word_1_910' title='bbox 1372 2074 1413 2096; x_wconf 77' lang='lat' dir='ltr'><em>ex</em></span> <span class='ocrx_word' id='word_1_911' title='bbox 1432 2064 1519 2096; x_wconf 84' lang='lat' dir='ltr'><em>ferro</em></span> <span class='ocrx_word' id='word_1_912' title='bbox 1538 2064 1603 2103; x_wconf 80' lang='lat' dir='ltr'><em>est,</em></span> <span class='ocrx_word' id='word_1_913' title='bbox 1628 2066 1756 2105; x_wconf 86' lang='lat' dir='ltr'><em>quodve</em></span> <span class='ocrx_word' id='word_1_914' title='bbox 1772 2064 1946 2096; x_wconf 86' lang='lat' dir='ltr'><em>occidendi</em></span> 
     </span>
     <span class='ocr_line' id='line_1_122' title="bbox 1080 2104 1947 2146; baseline 0.003 -12"><span class='ocrx_word' id='word_1_915' title='bbox 1080 2105 1226 2136; x_wconf 79' lang='lat' dir='ltr'><em>voluntas</em></span> <span class='ocrx_word' id='word_1_916' title='bbox 1244 2104 1369 2136; x_wconf 56' lang='lat' dir='ltr'><em>facilius</em></span> <span class='ocrx_word' id='word_1_917' title='bbox 1389 2116 1428 2137; x_wconf 76' lang='lat' dir='ltr'><em>ex</em></span> <span class='ocrx_word' id='word_1_918' title='bbox 1446 2105 1534 2137; x_wconf 80' lang='lat' dir='ltr'><em>ferro</em></span> <span class='ocrx_word' id='word_1_919' title='bbox 1547 2130 1556 2144; x_wconf 94' lang='lat'><em>,</em></span> <span class='ocrx_word' id='word_1_920' title='bbox 1573 2115 1665 2146; x_wconf 77' lang='lat' dir='ltr'><em>quam</em></span> <span class='ocrx_word' id='word_1_921' title='bbox 1678 2116 1718 2137; x_wconf 82' lang='lat' dir='ltr'><em>ex</em></span> <span class='ocrx_word' id='word_1_922' title='bbox 1737 2116 1817 2145; x_wconf 69' lang='lat' dir='ltr'><em>tere,</em></span> <span class='ocrx_word' id='word_1_923' title='bbox 1833 2106 1947 2146; x_wconf 83' lang='lat' dir='ltr'><em>ligno,</em></span> 
     </span>
     <span class='ocr_line' id='line_1_123' title="bbox 1078 2145 1943 2189; baseline 0.003 -14"><span class='ocrx_word' id='word_1_924' title='bbox 1078 2153 1132 2189; x_wconf 76' lang='lat' dir='ltr'><em>aut</em></span> <span class='ocrx_word' id='word_1_925' title='bbox 1145 2146 1266 2185; x_wconf 80' lang='lat' dir='ltr'><em>lapide,</em></span> <span class='ocrx_word' id='word_1_926' title='bbox 1284 2145 1477 2178; x_wconf 84' lang='lat' dir='ltr'><em>ostenditur.-</em></span> <span class='ocrx_word' id='word_1_927' title='bbox 1494 2147 1546 2178; x_wconf 79' lang='lat' dir='ltr'><em>sed</em></span> <span class='ocrx_word' id='word_1_928' title='bbox 1564 2149 1636 2189; x_wconf 83' lang='lat' dir='ltr'><em>quia</em></span> <span class='ocrx_word' id='word_1_929' title='bbox 1654 2147 1697 2178; x_wconf 91' lang='lat' dir='ltr'><em>ibi</em></span> <span class='ocrx_word' id='word_1_930' title='bbox 1716 2148 1784 2186; x_wconf 87' lang='lat' dir='ltr'><em>quis</em></span> <span class='ocrx_word' id='word_1_931' title='bbox 1803 2148 1943 2185; x_wconf 86' lang='lat' dir='ltr'><em>dicitur,</em></span> 
     </span>
     <span class='ocr_line' id='line_1_124' title="bbox 1077 2187 1946 2232; baseline 0.003 -16"><span class='ocrx_word' id='word_1_932' title='bbox 1077 2187 1172 2232; x_wconf 81' lang='lat' dir='ltr'><em>alium</em></span> <span class='ocrx_word' id='word_1_933' title='bbox 1188 2187 1295 2228; x_wconf 82' lang='lat' dir='ltr'><em>gladio</em></span> <span class='ocrx_word' id='word_1_934' title='bbox 1313 2188 1489 2228; x_wconf 83' lang='lat' dir='ltr'><em>percuffiffe</em></span> <span class='ocrx_word' id='word_1_935' title='bbox 1508 2189 1571 2220; x_wconf 78' lang='lat' dir='ltr'><em>line</em></span> <span class='ocrx_word' id='word_1_936' title='bbox 1595 2190 1660 2220; x_wconf 80' lang='lat' dir='ltr'><em>rixa</em></span> <span class='ocrx_word' id='word_1_937' title='bbox 1671 2188 1819 2220; x_wconf 83' lang='lat' dir='ltr'><em>autfimili</em></span> <span class='ocrx_word' id='word_1_938' title='bbox 1831 2198 1871 2220; x_wconf 81' lang='lat' dir='ltr'><em>ex</em></span> <span class='ocrx_word' id='word_1_939' title='bbox 1880 2197 1946 2228; x_wconf 91' lang='lat' dir='ltr'><em>quo</em></span> 
     </span>
     <span class='ocr_line' id='line_1_125' title="bbox 1077 2229 1948 2270; baseline 0.002 -12"><span class='ocrx_word' id='word_1_940' title='bbox 1077 2229 1181 2259; x_wconf 85' lang='lat' dir='ltr'><em>animi·</em></span> <span class='ocrx_word' id='word_1_941' title='bbox 1196 2230 1335 2268; x_wconf 83' lang='lat' dir='ltr'><em>impetus</em></span> <span class='ocrx_word' id='word_1_942' title='bbox 1358 2239 1394 2261; x_wconf 80' lang='lat' dir='ltr'><em>ac</em></span> <span class='ocrx_word' id='word_1_943' title='bbox 1419 2230 1603 2270; x_wconf 78' lang='lat' dir='ltr'><em>pertubatio</em></span> <span class='ocrx_word' id='word_1_944' title='bbox 1628 2230 1750 2262; x_wconf 84' lang='lat' dir='ltr'><em>moveri</em></span> <span class='ocrx_word' id='word_1_945' title='bbox 1778 2239 1816 2261; x_wconf 81' lang='lat' dir='ltr'><em>ac</em></span> <span class='ocrx_word' id='word_1_946' title='bbox 1832 2230 1948 2270; x_wconf 83' lang='lat' dir='ltr'><em>depre-</em></span> 
     </span>
     <span class='ocr_line' id='line_1_126' title="bbox 1079 2269 1946 2313; baseline 0.003 -14"><span class='ocrx_word' id='word_1_947' title='bbox 1079 2269 1175 2300; x_wconf 88' lang='lat' dir='ltr'><em>hendi</em></span> <span class='ocrx_word' id='word_1_948' title='bbox 1200 2269 1323 2310; x_wconf 76' lang='lat' dir='ltr'><em>posset3</em></span> <span class='ocrx_word' id='word_1_949' title='bbox 1348 2271 1378 2302; x_wconf 72' lang='lat' dir='ltr'><em>dc</em></span> <span class='ocrx_word' id='word_1_950' title='bbox 1407 2272 1490 2302; x_wconf 75' lang='lat' dir='ltr'><em>adeo</em></span> <span class='ocrx_word' id='word_1_951' title='bbox 1525 2272 1603 2311; x_wconf 77' lang='lat' dir='ltr'><em>alia,</em></span> <span class='ocrx_word' id='word_1_952' title='bbox 1627 2281 1721 2313; x_wconf 77' lang='lat' dir='ltr'><em>quam</em></span> <span class='ocrx_word' id='word_1_953' title='bbox 1753 2270 1946 2310; x_wconf 87' lang='lat' dir='ltr'><em>occidendi,</em></span> 
     </span>
     <span class='ocr_line' id='line_1_127' title="bbox 1080 2310 1948 2352; baseline 0.001 -10"><span class='ocrx_word' id='word_1_954' title='bbox 1080 2310 1169 2342; x_wconf 78' lang='lat' dir='ltr'><em>causa</em></span> <span class='ocrx_word' id='word_1_955' title='bbox 1194 2320 1370 2352; x_wconf 74' lang='lat' dir='ltr'><em>appareret.</em></span> <span class='ocrx_word' id='word_1_956' title='bbox 1397 2312 1448 2344; x_wconf 87' lang='lat' dir='ltr'><em>Sic</em></span> <span class='ocrx_word' id='word_1_957' title='bbox 1468 2312 1512 2344; x_wconf 89' lang='lat' dir='ltr'><em>est</em></span> <span class='ocrx_word' id='word_1_958' title='bbox 1528 2336 1537 2352; x_wconf 89' lang='lat'>‚</span> <span class='ocrx_word' id='word_1_959' title='bbox 1562 2322 1634 2344; x_wconf 87' lang='lat' dir='ltr'><em>cum</em></span> <span class='ocrx_word' id='word_1_960' title='bbox 1654 2312 1831 2345; x_wconf 83' lang='lat' dir='ltr'><em>Hadrianus</em></span> <span class='ocrx_word' id='word_1_961' title='bbox 1854 2310 1948 2351; x_wconf 88' lang='lat' dir='ltr'><em>infit,</em></span> 
     </span>
     <span class='ocr_line' id='line_1_128' title="bbox 1075 2351 1947 2394; baseline 0.003 -12"><span class='ocrx_word' id='word_1_962' title='bbox 1075 2353 1128 2393; x_wconf 82' lang='lat' dir='ltr'><em>Jed</em></span> <span class='ocrx_word' id='word_1_963' title='bbox 1148 2351 1170 2386; x_wconf 68' lang='grc' dir='ltr'><em>ἢ</em></span> <span class='ocrx_word' id='word_1_964' title='bbox 1197 2354 1275 2383; x_wconf 84' lang='lat' dir='ltr'><em>clavi</em></span> <span class='ocrx_word' id='word_1_965' title='bbox 1287 2353 1441 2393; x_wconf 83' lang='lat' dir='ltr'><em>percuffit,</em></span> <span class='ocrx_word' id='word_1_966' title='bbox 1464 2360 1516 2385; x_wconf 86' lang='lat' dir='ltr'><em>aut</em></span> <span class='ocrx_word' id='word_1_967' title='bbox 1537 2365 1674 2386; x_wconf 78' lang='lat' dir='ltr'><em>cnccurna</em></span> <span class='ocrx_word' id='word_1_968' title='bbox 1688 2357 1720 2386; x_wconf 92' lang='lat' dir='ltr'><em>in</em></span> <span class='ocrx_word' id='word_1_969' title='bbox 1734 2355 1822 2393; x_wconf 83' lang='lat' dir='ltr'><em>rixa,</em></span> <span class='ocrx_word' id='word_1_970' title='bbox 1845 2363 1947 2394; x_wconf 83' lang='lat' dir='ltr'><em>quam-</em></span> 
     </span>
     <span class='ocr_line' id='line_1_129' title="bbox 1083 2394 1947 2436; baseline 0.003 -12"><span class='ocrx_word' id='word_1_971' title='bbox 1083 2395 1128 2424; x_wconf 85' lang='lat' dir='ltr'><em>vis</em></span> <span class='ocrx_word' id='word_1_972' title='bbox 1137 2395 1220 2434; x_wconf 87' lang='lat' dir='ltr'><em>ferro</em></span> <span class='ocrx_word' id='word_1_973' title='bbox 1231 2394 1420 2435; x_wconf 64' lang='lat' dir='ltr'><em>percusserit,</em></span> <span class='ocrx_word' id='word_1_974' title='bbox 1448 2395 1512 2426; x_wconf 86' lang='lat' dir='ltr'><em>hoc</em></span> <span class='ocrx_word' id='word_1_975' title='bbox 1529 2396 1628 2427; x_wconf 83' lang='lat' dir='ltr'><em>verbo</em></span> <span class='ocrx_word' id='word_1_976' title='bbox 1639 2397 1740 2436; x_wconf 81' lang='lat' dir='ltr'><em>ferro,</em></span> <span class='ocrx_word' id='word_1_977' title='bbox 1763 2405 1830 2427; x_wconf 89' lang='lat' dir='ltr'><em>non</em></span> <span class='ocrx_word' id='word_1_978' title='bbox 1845 2395 1947 2426; x_wconf 89' lang='lat' dir='ltr'><em>ferre-</em></span> 
     </span>
     <span class='ocr_line' id='line_1_130' title="bbox 1084 2435 1949 2477; baseline 0.001 -12"><span class='ocrx_word' id='word_1_979' title='bbox 1084 2445 1134 2466; x_wconf 86' lang='lat' dir='ltr'><em>am</em></span> <span class='ocrx_word' id='word_1_980' title='bbox 1151 2436 1294 2475; x_wconf 79' lang='lat' dir='ltr'><em>clavem,</em></span> <span class='ocrx_word' id='word_1_981' title='bbox 1316 2446 1421 2477; x_wconf 86' lang='lat' dir='ltr'><em>neque</em></span> <span class='ocrx_word' id='word_1_982' title='bbox 1437 2436 1575 2469; x_wconf 87' lang='lat' dir='ltr'><em>ferream</em></span> <span class='ocrx_word' id='word_1_983' title='bbox 1593 2446 1800 2475; x_wconf 87' lang='lat' dir='ltr'><em>cuccumam,</em></span> <span class='ocrx_word' id='word_1_984' title='bbox 1821 2435 1875 2467; x_wconf 88' lang='lat' dir='ltr'><em>sed</em></span> <span class='ocrx_word' id='word_1_985' title='bbox 1884 2436 1949 2477; x_wconf 81' lang='lat' dir='ltr'><em>gla-</em></span> 
     </span>
     <span class='ocr_line' id='line_1_131' title="bbox 1086 2476 1948 2519; baseline 0 -12"><span class='ocrx_word' id='word_1_986' title='bbox 1086 2477 1171 2507; x_wconf 86' lang='lat' dir='ltr'><em>dium</em></span> <span class='ocrx_word' id='word_1_987' title='bbox 1186 2499 1196 2515; x_wconf 97' lang='lat'><em>,</em></span> <span class='ocrx_word' id='word_1_988' title='bbox 1221 2477 1378 2518; x_wconf 75' lang='lat' dir='ltr'><em>designat:</em></span> <span class='ocrx_word' id='word_1_989' title='bbox 1402 2486 1436 2509; x_wconf 89' lang='lat' dir='ltr'><em>ut</em></span> <span class='ocrx_word' id='word_1_990' title='bbox 1462 2479 1493 2510; x_wconf 91' lang='lat' dir='ltr'><em>in</em></span> <span class='ocrx_word' id='word_1_991' title='bbox 1515 2479 1534 2509; x_wconf 89' lang='lat' dir='ltr'><em>l.</em></span> <span class='ocrx_word' id='word_1_992' title='bbox 1558 2490 1589 2519; x_wconf 89' lang='lat'><em>5.</em></span> <span class='ocrx_word' id='word_1_993' title='bbox 1614 2479 1656 2509; x_wconf 91' lang='lat' dir='ltr'><em>D.</em></span> <span class='ocrx_word' id='word_1_994' title='bbox 1680 2479 1731 2510; x_wconf 73' lang='lat' dir='ltr'><em>Aa</em></span> <span class='ocrx_word' id='word_1_995' title='bbox 1748 2478 1834 2519; x_wconf 74' lang='lat' dir='ltr'><em>legem</em></span> <span class='ocrx_word' id='word_1_996' title='bbox 1851 2476 1948 2519; x_wconf 81' lang='lat' dir='ltr'><em>Aqui-</em></span> 
     </span>
     <span class='ocr_line' id='line_1_132' title="bbox 1085 2517 1947 2560; baseline 0 -12"><span class='ocrx_word' id='word_1_997' title='bbox 1085 2518 1155 2549; x_wconf 72' lang='lat' dir='ltr'><em>liam</em></span> <span class='ocrx_word' id='word_1_998' title='bbox 1171 2541 1180 2556; x_wconf 91' lang='lat'>‚</span> <span class='ocrx_word' id='word_1_999' title='bbox 1204 2518 1223 2548; x_wconf 91' lang='lat' dir='ltr'><em>l.</em></span> <span class='ocrx_word' id='word_1_1000' title='bbox 1245 2527 1290 2550; x_wconf 76' lang='grc' dir='ltr'><em>ιι.</em></span> <span class='ocrx_word' id='word_1_1001' title='bbox 1316 2519 1344 2560; x_wconf 83' lang='lat'><em>§.</em></span> <span class='ocrx_word' id='word_1_1002' title='bbox 1370 2529 1397 2550; x_wconf 87' lang='lat'><em>2.</em></span> <span class='ocrx_word' id='word_1_1003' title='bbox 1421 2519 1463 2551; x_wconf 89' lang='lat' dir='ltr'><em>D.</em></span> <span class='ocrx_word' id='word_1_1004' title='bbox 1495 2521 1527 2550; x_wconf 82' lang='lat' dir='ltr'><em>o&#39;e</em></span> <span class='ocrx_word' id='word_1_1005' title='bbox 1552 2522 1663 2560; x_wconf 65' lang='lat' dir='ltr'><em>panis,</em></span> <span class='ocrx_word' id='word_1_1006' title='bbox 1687 2519 1717 2551; x_wconf 69' lang='grc' dir='ltr'><strong>ἂ</strong></span> <span class='ocrx_word' id='word_1_1007' title='bbox 1740 2519 1867 2560; x_wconf 81' lang='lat' dir='ltr'><em>paffim,</em></span> <span class='ocrx_word' id='word_1_1008' title='bbox 1891 2517 1947 2549; x_wconf 90' lang='lat' dir='ltr'><em>ubi</em></span> 
     </span>
     <span class='ocr_line' id='line_1_133' title="bbox 1089 2559 1949 2603; baseline 0.001 -13"><span class='ocrx_word' id='word_1_1009' title='bbox 1089 2560 1129 2590; x_wconf 88' lang='lat' dir='ltr'><em>de</em></span> <span class='ocrx_word' id='word_1_1010' title='bbox 1147 2560 1234 2590; x_wconf 83' lang='lat' dir='ltr'><em>caede</em></span> <span class='ocrx_word' id='word_1_1011' title='bbox 1250 2559 1351 2591; x_wconf 82' lang='lat' dir='ltr'><em>sermo</em></span> <span class='ocrx_word' id='word_1_1012' title='bbox 1371 2560 1435 2600; x_wconf 81' lang='lat' dir='ltr'><em>est,</em></span> <span class='ocrx_word' id='word_1_1013' title='bbox 1455 2560 1768 2599; x_wconf 85' lang='lat' dir='ltr'><em>&amp;ferrimentiofit,</em></span> <span class='ocrx_word' id='word_1_1014' title='bbox 1784 2561 1835 2592; x_wconf 81' lang='lat' dir='ltr'><em>vel</em></span> <span class='ocrx_word' id='word_1_1015' title='bbox 1847 2560 1949 2603; x_wconf 87' lang='lat' dir='ltr'><em>Quin-</em></span> 
     </span>
     <span class='ocr_line' id='line_1_134' title="bbox 1090 2600 1950 2642; baseline 0 -10"><span class='ocrx_word' id='word_1_1016' title='bbox 1090 2601 1201 2632; x_wconf 80' lang='lat' dir='ltr'><em>tiliano</em></span> <span class='ocrx_word' id='word_1_1017' title='bbox 1222 2601 1300 2632; x_wconf 89' lang='lat' dir='ltr'><em>teste</em></span> <span class='ocrx_word' id='word_1_1018' title='bbox 1312 2603 1358 2633; x_wconf 85' lang='lat' dir='ltr'><em>lib.</em></span> <span class='ocrx_word' id='word_1_1019' title='bbox 1384 2600 1504 2642; x_wconf 32' lang='lat' dir='ltr'><em>melosi}</em></span> <span class='ocrx_word' id='word_1_1020' title='bbox 1520 2609 1591 2634; x_wconf 77' lang='lat' dir='ltr'><em>orat.</em></span> <span class='ocrx_word' id='word_1_1021' title='bbox 1611 2613 1633 2633; x_wconf 80' lang='lat' dir='ltr'><em>c.</em></span> <span class='ocrx_word' id='word_1_1022' title='bbox 1657 2612 1682 2633; x_wconf 90' lang='lat'><em>1.</em></span> <span class='ocrx_word' id='word_1_1023' title='bbox 1700 2603 1807 2634; x_wconf 79' lang='lat' dir='ltr'><em>verbis</em></span> <span class='ocrx_word' id='word_1_1024' title='bbox 1818 2601 1950 2642; x_wconf 83' lang='lat' dir='ltr'><em>sequen-</em></span> 
     </span>
     <span class='ocr_line' id='line_1_135' title="bbox 1090 2642 1950 2685; baseline -0.001 -12"><span class='ocrx_word' id='word_1_1025' title='bbox 1090 2643 1184 2674; x_wconf 88' lang='lat' dir='ltr'><em>tibus.</em></span> <span class='ocrx_word' id='word_1_1026' title='bbox 1228 2642 1304 2673; x_wconf 76' lang='lat' dir='ltr'><em>Sunt</em></span> <span class='ocrx_word' id='word_1_1027' title='bbox 1320 2649 1415 2674; x_wconf 67' lang='lat' dir='ltr'><em>(cirtem</em></span> <span class='ocrx_word' id='word_1_1028' title='bbox 1431 2643 1489 2674; x_wconf 78' lang='lat' dir='ltr'><em>cilia</em></span> <span class='ocrx_word' id='word_1_1029' title='bbox 1505 2644 1593 2685; x_wconf 79' lang='lat' dir='ltr'><em>hujus</em></span> <span class='ocrx_word' id='word_1_1030' title='bbox 1611 2650 1739 2681; x_wconf 69' lang='lat' dir='ltr'><em>naturae,</em></span> <span class='ocrx_word' id='word_1_1031' title='bbox 1761 2642 1950 2682; x_wconf 74' lang='lat' dir='ltr'><em>utidempla-</em></span> 
     </span>
     <span class='ocr_line' id='line_1_136' title="bbox 1090 2683 1949 2725; baseline -0.003 -10"><span class='ocrx_word' id='word_1_1032' title='bbox 1090 2685 1171 2715; x_wconf 81' lang='lat' dir='ltr'><em>ribus</em></span> <span class='ocrx_word' id='word_1_1033' title='bbox 1187 2686 1303 2715; x_wconf 62' lang='lat' dir='ltr'><em>vocilius</em></span> <span class='ocrx_word' id='word_1_1034' title='bbox 1320 2685 1480 2722; x_wconf 77' lang='lat' dir='ltr'><em>declarent,</em></span> <span class='ocrx_word' id='word_1_1035' title='bbox 1503 2686 1546 2716; x_wconf 84' lang='lat' dir='ltr'><em>ita</em></span> <span class='ocrx_word' id='word_1_1036' title='bbox 1562 2691 1594 2716; x_wconf 76' lang='lat' dir='ltr'><em>itt</em></span> <span class='ocrx_word' id='word_1_1037' title='bbox 1614 2685 1688 2715; x_wconf 71' lang='lat' dir='ltr'><em>nibil</em></span> <span class='ocrx_word' id='word_1_1038' title='bbox 1702 2683 1949 2725; x_wconf 74' lang='lat' dir='ltr'><em>significationis,</em></span> 
     </span>
     <span class='ocr_line' id='line_1_137' title="bbox 1084 2723 1948 2767; baseline -0.001 -11"><span class='ocrx_word' id='word_1_1039' title='bbox 1084 2735 1138 2767; x_wconf 81' lang='lat' dir='ltr'><em>quo</em></span> <span class='ocrx_word' id='word_1_1040' title='bbox 1150 2727 1246 2766; x_wconf 82' lang='lat' dir='ltr'><em>potius</em></span> <span class='ocrx_word' id='word_1_1041' title='bbox 1263 2727 1374 2764; x_wconf 79' lang='lat' dir='ltr'><em>utaris,</em></span> <span class='ocrx_word' id='word_1_1042' title='bbox 1393 2724 1524 2764; x_wconf 77' lang='lat' dir='ltr'><em>intersit,·</em></span> <span class='ocrx_word' id='word_1_1043' title='bbox 1540 2733 1573 2756; x_wconf 79' lang='lat' dir='ltr'><em>nt</em></span> <span class='ocrx_word' id='word_1_1044' title='bbox 1591 2724 1661 2764; x_wconf 81' lang='lat' dir='ltr'><em>enfis</em></span> <span class='ocrx_word' id='word_1_1045' title='bbox 1680 2725 1716 2760; x_wconf 61' lang='grc' dir='ltr'><em>ὅ)</em></span> <span class='ocrx_word' id='word_1_1046' title='bbox 1730 2725 1856 2766; x_wconf 81' lang='lat' dir='ltr'><em>gladius.</em></span> <span class='ocrx_word' id='word_1_1047' title='bbox 1874 2723 1948 2754; x_wconf 81' lang='lat' dir='ltr'><em>Alia</em></span> 
     </span>
     <span class='ocr_line' id='line_1_138' title="bbox 1085 2765 1947 2808; baseline -0.001 -11"><span class='ocrx_word' id='word_1_1048' title='bbox 1085 2776 1146 2808; x_wconf 75' lang='lat' dir='ltr'><em>quae</em></span> <span class='ocrx_word' id='word_1_1049' title='bbox 1162 2765 1271 2805; x_wconf 78' lang='lat' dir='ltr'><em>etiamst</em></span> <span class='ocrx_word' id='word_1_1050' title='bbox 1286 2769 1406 2808; x_wconf 82' lang='lat' dir='ltr'><em>propria</em></span> <span class='ocrx_word' id='word_1_1051' title='bbox 1423 2777 1519 2798; x_wconf 83' lang='lat' dir='ltr'><em>rerum</em></span> <span class='ocrx_word' id='word_1_1052' title='bbox 1536 2767 1702 2808; x_wconf 78' lang='lat' dir='ltr'><em>aliquarum</em></span> <span class='ocrx_word' id='word_1_1053' title='bbox 1724 2767 1785 2805; x_wconf 77' lang='lat' dir='ltr'><em>fint</em></span> <span class='ocrx_word' id='word_1_1054' title='bbox 1809 2767 1947 2804; x_wconf 81' lang='lat' dir='ltr'><em>nomina,</em></span> 
     </span>
     <span class='ocr_line' id='line_1_139' title="bbox 1087 2808 1949 2849; baseline -0.001 -11"><span class='ocrx_word' id='word_1_1055' title='bbox 1087 2812 1207 2846; x_wconf 67' lang='grc' dir='ltr'><em>τροπικῶς</em></span> <span class='ocrx_word' id='word_1_1056' title='bbox 1230 2814 1326 2840; x_wconf 81' lang='lat' dir='ltr'><em>tamen</em></span> <span class='ocrx_word' id='word_1_1057' title='bbox 1349 2810 1386 2841; x_wconf 79' lang='lat' dir='ltr'><em>ad</em></span> <span class='ocrx_word' id='word_1_1058' title='bbox 1402 2810 1519 2840; x_wconf 77' lang='lat' dir='ltr'><em>eundem</em></span> <span class='ocrx_word' id='word_1_1059' title='bbox 1541 2808 1715 2839; x_wconf 53' lang='lat' dir='ltr'><em>intellectam</em></span> <span class='ocrx_word' id='word_1_1060' title='bbox 1724 2810 1891 2849; x_wconf 82' lang='lat' dir='ltr'><em>feruntur,</em></span> <span class='ocrx_word' id='word_1_1061' title='bbox 1913 2811 1949 2838; x_wconf 68' lang='lat' dir='ltr'><em>ut</em></span> 
     </span>
     <span class='ocr_line' id='line_1_140' title="bbox 1082 2847 1947 2894; baseline -0.001 -15"><span class='ocrx_word' id='word_1_1062' title='bbox 1082 2850 1202 2889; x_wconf 80' lang='lat' dir='ltr'><em>ferrum</em></span> <span class='ocrx_word' id='word_1_1063' title='bbox 1226 2849 1263 2884; x_wconf 53' lang='grc' dir='ltr'><em>ἐξ</em></span> <span class='ocrx_word' id='word_1_1064' title='bbox 1285 2857 1391 2881; x_wconf 76' lang='lat' dir='ltr'><em>mucro.</em></span> <span class='ocrx_word' id='word_1_1065' title='bbox 1436 2849 1523 2894; x_wconf 83' lang='lat' dir='ltr'><em>Quid</em></span> <span class='ocrx_word' id='word_1_1066' title='bbox 1542 2850 1647 2891; x_wconf 76' lang='lat' dir='ltr'><em>ergo?</em></span> <span class='ocrx_word' id='word_1_1067' title='bbox 1672 2860 1736 2882; x_wconf 87' lang='lat' dir='ltr'><em>non</em></span> <span class='ocrx_word' id='word_1_1068' title='bbox 1764 2849 1805 2881; x_wconf 83' lang='lat' dir='ltr'><em>fic</em></span> <span class='ocrx_word' id='word_1_1069' title='bbox 1830 2847 1947 2888; x_wconf 81' lang='lat' dir='ltr'><em>accipi-</em></span> 
     </span>
     <span class='ocr_line' id='line_1_141' title="bbox 1090 2889 1949 2932; baseline -0.002 -10"><span class='ocrx_word' id='word_1_1070' title='bbox 1090 2892 1190 2922; x_wconf 88' lang='lat' dir='ltr'><em>endus</em></span> <span class='ocrx_word' id='word_1_1071' title='bbox 1218 2891 1412 2930; x_wconf 82' lang='lat' dir='ltr'><em>Hadrianus,</em></span> <span class='ocrx_word' id='word_1_1072' title='bbox 1437 2891 1521 2932; x_wconf 76' lang='lat' dir='ltr'><em>quasi</em></span> <span class='ocrx_word' id='word_1_1073' title='bbox 1545 2893 1652 2931; x_wconf 78' lang='lat' dir='ltr'><em>dicat,</em></span> <span class='ocrx_word' id='word_1_1074' title='bbox 1678 2892 1821 2932; x_wconf 84' lang='lat' dir='ltr'><em>quamvis</em></span> <span class='ocrx_word' id='word_1_1075' title='bbox 1849 2889 1949 2921; x_wconf 78' lang='lat' dir='ltr'><em>clavis</em></span> 
     </span>
     <span class='ocr_line' id='line_1_142' title="bbox 1090 2930 1950 2973; baseline -0.003 -10"><span class='ocrx_word' id='word_1_1076' title='bbox 1090 2941 1144 2963; x_wconf 80' lang='lat' dir='ltr'><em>aut</em></span> <span class='ocrx_word' id='word_1_1077' title='bbox 1161 2942 1314 2964; x_wconf 78' lang='lat' dir='ltr'><em>cuccumu</em></span> <span class='ocrx_word' id='word_1_1078' title='bbox 1332 2932 1435 2964; x_wconf 83' lang='lat' dir='ltr'><em>ferrea</em></span> <span class='ocrx_word' id='word_1_1079' title='bbox 1452 2932 1568 2971; x_wconf 84' lang='lat' dir='ltr'><em>fuerit,</em></span> <span class='ocrx_word' id='word_1_1080' title='bbox 1594 2933 1682 2973; x_wconf 87' lang='lat' dir='ltr'><em>quod</em></span> <span class='ocrx_word' id='word_1_1081' title='bbox 1702 2933 1804 2965; x_wconf 82' lang='lat' dir='ltr'><em>voluit</em></span> <span class='ocrx_word' id='word_1_1082' title='bbox 1824 2930 1950 2962; x_wconf 81' lang='lat' dir='ltr'><em>Scholi-</em></span> 
     </span>
     <span class='ocr_line' id='line_1_143' title="bbox 1090 2969 1951 3015; baseline -0.001 -12"><span class='ocrx_word' id='word_1_1083' title='bbox 1090 2973 1169 3004; x_wconf 85' lang='lat' dir='ltr'><em>astes</em></span> <span class='ocrx_word' id='word_1_1084' title='bbox 1195 2973 1328 3005; x_wconf 79' lang='lat' dir='ltr'><em>Graecus</em></span> <span class='ocrx_word' id='word_1_1085' title='bbox 1357 2974 1470 3011; x_wconf 59' lang='lat' dir='ltr'><em>Basilic.</em></span> <span class='ocrx_word' id='word_1_1086' title='bbox 1494 2975 1541 3005; x_wconf 83' lang='lat' dir='ltr'><em>lib.</em></span> <span class='ocrx_word' id='word_1_1087' title='bbox 1570 2978 1620 3007; x_wconf 87' lang='lat'><em>60.</em></span> <span class='ocrx_word' id='word_1_1088' title='bbox 1647 2975 1692 3004; x_wconf 88' lang='lat' dir='ltr'><em>tit.</em></span> <span class='ocrx_word' id='word_1_1089' title='bbox 1720 2983 1769 3015; x_wconf 80' lang='lat'><em>39.</em></span> <span class='ocrx_word' id='word_1_1090' title='bbox 1794 2974 1889 3004; x_wconf 77' lang='lat' dir='ltr'><em>etiam</em></span> <span class='ocrx_word' id='word_1_1091' title='bbox 1907 2969 1951 3003; x_wconf 87' lang='lat' dir='ltr'><em>V.</em></span> 
     </span>
     <span class='ocr_line' id='line_1_144' title="bbox 1091 3012 1950 3056; baseline -0.005 -10"><span class='ocrx_word' id='word_1_1092' title='bbox 1091 3014 1157 3046; x_wconf 79' lang='lat' dir='ltr'><em>CL.</em></span> <span class='ocrx_word' id='word_1_1093' title='bbox 1182 3014 1360 3047; x_wconf 83' lang='lat' dir='ltr'><em>Gulielmus</em></span> <span class='ocrx_word' id='word_1_1094' title='bbox 1385 3017 1538 3054; x_wconf 60' lang='lat' dir='ltr'><em>Budaeus,</em></span> <span class='ocrx_word' id='word_1_1095' title='bbox 1562 3016 1652 3047; x_wconf 85' lang='lat' dir='ltr'><em>Notis</em></span> <span class='ocrx_word' id='word_1_1096' title='bbox 1675 3016 1791 3056; x_wconf 79' lang='lat' dir='ltr'><em>reliquis</em></span> <span class='ocrx_word' id='word_1_1097' title='bbox 1813 3015 1851 3044; x_wconf 81' lang='lat' dir='ltr'><em>ad</em></span> <span class='ocrx_word' id='word_1_1098' title='bbox 1872 3012 1950 3043; x_wconf 89' lang='lat' dir='ltr'><em>Pan-</em></span> 
     </span>
     <span class='ocr_line' id='line_1_145' title="bbox 1090 3052 1949 3097; baseline -0.001 -10"><span class='ocrx_word' id='word_1_1099' title='bbox 1090 3056 1205 3096; x_wconf 63' lang='lat' dir='ltr'><em>deitas,</em></span> <span class='ocrx_word' id='word_1_1100' title='bbox 1223 3057 1253 3088; x_wconf 69' lang='grc' dir='ltr'>ἃ</span> <span class='ocrx_word' id='word_1_1101' title='bbox 1269 3057 1411 3097; x_wconf 79' lang='lat' dir='ltr'><em>plerique</em></span> <span class='ocrx_word' id='word_1_1102' title='bbox 1430 3057 1624 3097; x_wconf 74' lang='lat' dir='ltr'><em>interpretes</em></span> <span class='ocrx_word' id='word_1_1103' title='bbox 1638 3056 1777 3088; x_wconf 82' lang='lat' dir='ltr'><em>arbitrati</em></span> <span class='ocrx_word' id='word_1_1104' title='bbox 1795 3054 1879 3085; x_wconf 88' lang='lat' dir='ltr'><em>sunt:</em></span> <span class='ocrx_word' id='word_1_1105' title='bbox 1897 3052 1949 3086; x_wconf 86' lang='lat' dir='ltr'><em>sed</em></span> 
     </span>
     <span class='ocr_line' id='line_1_146' title="bbox 1092 3097 1950 3139; baseline -0.005 -10"><span class='ocrx_word' id='word_1_1106' title='bbox 1092 3097 1175 3137; x_wconf 75' lang='lat' dir='ltr'><em>quasi</em></span> <span class='ocrx_word' id='word_1_1107' title='bbox 1204 3099 1412 3139; x_wconf 78' lang='lat' dir='ltr'><em>posteriorem</em></span> <span class='ocrx_word' id='word_1_1108' title='bbox 1439 3099 1560 3130; x_wconf 81' lang='lat' dir='ltr'><em>versum</em></span> <span class='ocrx_word' id='word_1_1109' title='bbox 1594 3099 1743 3129; x_wconf 84' lang='lat' dir='ltr'><em>anteriori</em></span> <span class='ocrx_word' id='word_1_1110' title='bbox 1774 3104 1920 3137; x_wconf 80' lang='lat' dir='ltr'><em>opponat</em></span> <span class='ocrx_word' id='word_1_1111' title='bbox 1938 3118 1950 3135; x_wconf 89' lang='lat'><em>,</em></span> 
     </span>
     <span class='ocr_line' id='line_1_147' title="bbox 1095 3136 1952 3180; baseline -0.002 -11"><span class='ocrx_word' id='word_1_1112' title='bbox 1095 3147 1232 3180; x_wconf 84' lang='lat' dir='ltr'><em>totoque</em></span> <span class='ocrx_word' id='word_1_1113' title='bbox 1259 3139 1424 3179; x_wconf 78' lang='lat' dir='ltr'><em>Rescripto</em></span> <span class='ocrx_word' id='word_1_1114' title='bbox 1455 3140 1518 3171; x_wconf 86' lang='lat' dir='ltr'><em>hoc</em></span> <span class='ocrx_word' id='word_1_1115' title='bbox 1544 3148 1614 3180; x_wconf 74' lang='lat' dir='ltr'><em>agat</em></span> <span class='ocrx_word' id='word_1_1116' title='bbox 1641 3147 1781 3177; x_wconf 79' lang='lat' dir='ltr'><em>tantum,</em></span> <span class='ocrx_word' id='word_1_1117' title='bbox 1805 3146 1840 3169; x_wconf 88' lang='lat' dir='ltr'><em>ut</em></span> <span class='ocrx_word' id='word_1_1118' title='bbox 1864 3136 1952 3168; x_wconf 86' lang='lat' dir='ltr'><em>hunc</em></span> 
     </span>
     <span class='ocr_line' id='line_1_148' title="bbox 1093 3179 1950 3221; baseline -0.001 -10"><span class='ocrx_word' id='word_1_1119' title='bbox 1093 3180 1196 3212; x_wconf 80' lang='lat' dir='ltr'><em>casum</em></span> <span class='ocrx_word' id='word_1_1120' title='bbox 1215 3183 1245 3212; x_wconf 93' lang='lat' dir='ltr'><em>in</em></span> <span class='ocrx_word' id='word_1_1121' title='bbox 1270 3190 1334 3221; x_wconf 90' lang='lat' dir='ltr'><em>quo</em></span> <span class='ocrx_word' id='word_1_1122' title='bbox 1358 3183 1396 3212; x_wconf 79' lang='lat' dir='ltr'><em>ad</em></span> <span class='ocrx_word' id='word_1_1123' title='bbox 1414 3191 1522 3213; x_wconf 81' lang='lat' dir='ltr'><em>manus</em></span> <span class='ocrx_word' id='word_1_1124' title='bbox 1540 3182 1590 3212; x_wconf 83' lang='lat' dir='ltr'><em>vel</em></span> <span class='ocrx_word' id='word_1_1125' title='bbox 1612 3181 1650 3211; x_wconf 83' lang='lat' dir='ltr'><em>ad</em></span> <span class='ocrx_word' id='word_1_1126' title='bbox 1673 3179 1791 3211; x_wconf 85' lang='lat' dir='ltr'><em>ferrum</em></span> <span class='ocrx_word' id='word_1_1127' title='bbox 1817 3186 1950 3210; x_wconf 82' lang='lat' dir='ltr'><em>ventum</em></span> 
     </span>
     <span class='ocr_line' id='line_1_149' title="bbox 1093 3220 1950 3262; baseline -0.004 -10"><span class='ocrx_word' id='word_1_1128' title='bbox 1093 3221 1137 3252; x_wconf 86' lang='lat' dir='ltr'><em>est</em></span> <span class='ocrx_word' id='word_1_1129' title='bbox 1154 3230 1211 3262; x_wconf 85' lang='lat' dir='ltr'><em>per</em></span> <span class='ocrx_word' id='word_1_1130' title='bbox 1229 3223 1328 3254; x_wconf 81' lang='lat' dir='ltr'><em>rixam</em></span> <span class='ocrx_word' id='word_1_1131' title='bbox 1346 3223 1374 3254; x_wconf 84' lang='lat'>&amp;</span> <span class='ocrx_word' id='word_1_1132' title='bbox 1392 3222 1602 3259; x_wconf 76' lang='lat' dir='ltr'><em>inconsultam</em></span> <span class='ocrx_word' id='word_1_1133' title='bbox 1623 3221 1715 3252; x_wconf 82' lang='lat' dir='ltr'><em>animi</em></span> <span class='ocrx_word' id='word_1_1134' title='bbox 1736 3220 1950 3259; x_wconf 81' lang='lat' dir='ltr'><em>perturbatio-</em></span> 
     </span>
     <span class='ocr_line' id='line_1_150' title="bbox 1091 3260 1952 3332; baseline -0.005 -36"><span class='ocrx_word' id='word_1_1135' title='bbox 1091 3271 1184 3303; x_wconf 86' lang='lat' dir='ltr'><em>nem,</em></span> <span class='ocrx_word' id='word_1_1136' title='bbox 1208 3264 1247 3296; x_wconf 82' lang='lat' dir='ltr'><em>ab</em></span> <span class='ocrx_word' id='word_1_1137' title='bbox 1265 3274 1306 3297; x_wconf 87' lang='lat' dir='ltr'><em>eo</em></span> <span class='ocrx_word' id='word_1_1138' title='bbox 1335 3263 1501 3306; x_wconf 80' lang='lat' dir='ltr'><em>distinguat</em></span> <span class='ocrx_word' id='word_1_1139' title='bbox 1522 3265 1554 3296; x_wconf 90' lang='lat' dir='ltr'><em>in</em></span> <span class='ocrx_word' id='word_1_1140' title='bbox 1573 3272 1638 3304; x_wconf 82' lang='lat' dir='ltr'><em>quo</em></span> <span class='ocrx_word' id='word_1_1141' title='bbox 1663 3262 1785 3304; x_wconf 74' lang='lat' dir='ltr'><em>gladius</em></span> <span class='ocrx_word' id='word_1_1142' title='bbox 1802 3260 1952 3332; x_wconf 70' lang='lat' dir='ltr'><em>finesrixa</em></span> 
     </span>
    </p>

    <p class='ocr_par' dir='ltr' id='par_1_5' title="bbox 1875 3311 1956 3343">
     <span class='ocr_line' id='line_1_151' title="bbox 1875 3311 1956 3343; baseline 0 0"><span class='ocrx_word' id='word_1_1143' title='bbox 1875 3311 1956 3343; x_wconf 73' lang='grc' dir='ltr'>ΡΟΠ·</span> 
     </span>
    </p>
   </div>
  </div>
 </body>
</html>
