2036 3495
184 136 254 182 376
601 125 634 162 G
665 135 686 160 r.
719 132 742 157 a
778 130 798 157 A
828 130 851 157 it
883 128 908 155 i>
940 127 955 154 κ

188 232 230 254 ne
253 220 428 263 praecludi:
465 217 507 249 ita
524 238 535 255 ‚
566 221 601 246 ut
625 221 691 244 non
716 207 1059 255 solummodolsponte

189 263 316 304 prodire
340 271 402 293 non
427 257 581 294 audeant,
603 253 657 285 sed
681 263 722 285 ne
747 253 850 283 vocati
880 249 1009 291 quidem
1027 258 1059 280 in

189 305 343 344 judicium
368 302 477 332 venire
509 303 677 337 cogantur.
716 294 816 328 Iidem
848 292 1060 338 Imperatores

190 344 281 378 simili
303 343 426 374 ratione
457 337 608 369 Tertullo
633 336 759 368 cuidam
783 333 960 367 rescribunt
983 331 1003 362 l.
1024 334 1058 362 6.

190 392 338 425 parentes
363 382 392 413 ἃ
416 380 536 412 liberos
558 378 699 410 ‘invicem
720 375 867 408 adversus
883 374 913 405 se
930 381 991 405 nec
1006 381 1061 405 vo-

192 427 292 457 lentes
308 423 347 455 ad
362 421 578 453 testimonium
597 419 815 451 admittendos
829 415 904 448 effe.
950 455 957 461 ι

229 465 327 497 Nunc
336 463 508 495 videndum
521 463 560 493 de
575 469 709 493 numero
718 459 852 491 testium.
864 457 894 488 δε
904 454 1033 496 quidem
1044 452 1064 485 si

192 506 263 538 Lex
281 512 405 536 certum
415 502 569 535 desiderat
585 508 842 534 numerumznon
851 497 898 529 est
916 496 1066 534 dubium,

216 548 266 579 uin
284 547 310 578 is
325 545 363 578 sit
378 542 696 577 observanduszutin
716 539 909 573 testamentis
924 537 1044 582 septem
1055 557 1065 573 ‚

190 556 222 630 ξ.
240 598 269 629 3.
288 585 361 628 Inft.
379 588 412 618 de
427 583 535 626 testam.
558 585 651 616 ordin.
683 583 715 614 in
741 580 902 625 codicillis
925 586 1066 624 quinque

191 632 212 660 l.
225 630 278 660 ult.
290 629 318 671 §.
329 628 383 660 ult.
395 627 429 659 C.
445 629 478 658 de
493 626 612 658 codiciil.
627 626 771 664 itemque
786 622 831 661 est
842 631 872 652 in
890 620 961 652 casu
977 619 997 650 l.
1017 623 1065 664 ¹8:

192 670 228 702 C.
239 671 267 702 b.
276 675 299 702 t.
318 669 520 702 Caeterumin
536 667 555 698 l.
574 672 624 700 12.
638 666 677 697 D.
690 666 717 696 b.
730 670 750 696 r.
767 662 993 702 aitUlpianus‚
1011 660 1065 690 ubi

190 720 341 744 numerus
358 710 483 742 testium
501 717 566 741 non
589 707 751 747 adjicitur,
774 706 870 736 etiam
888 704 969 734 duos
988 699 1065 731 suffi-

193 762 287 785 cere:
318 751 478 786 causatus,
501 747 657 791 pluralem
685 747 905 778 elocutionem
931 743 1065 774 duorum

193 797 330 827 numero
340 798 531 825 contentam
547 788 620 821 effe.
668 788 737 819 lane
761 796 858 824 unus,
880 784 944 816 sive
968 783 1064 829 fingii3

193 836 267 867 laris
284 830 388 871 testis,
412 842 469 874 pro
492 830 582 862 nullo
608 830 647 861 ha
672 836 753 860 etur.
777 829 858 859 adeo
876 834 949 857 eum
966 825 1065 855 audiri

194 883 285 909 vetat
301 873 544 911 Constantinus,
567 870 624 911 etsi
648 870 806 911 praeclarae
830 868 924 913 curiae
941 866 1067 912 honore

194 915 385 958 praefulgeat
400 915 419 946 l.
437 923 466 950 9.
484 913 514 955 §.
537 922 564 945 i.
592 911 627 944 C.
650 912 679 943 b.
706 916 729 942 t.
753 909 864 950 estque
878 907 1003 952 insignis
1020 915 1064 936 er·

194 963 251 990 ror
273 956 506 997 Interpretum,
537 951 804 989 existimantium,
834 958 908 981 eum
934 947 1065 992 quidem

194 1008 264 1031 non
288 997 396 1030 facere
417 997 545 1037 plenam
572 994 819 1036 probationem,
842 1000 912 1030 quae
933 987 1065 1034 sufficiat

195 1041 238 1072 ad
255 1035 643 1073 condemnationem3sed
662 1034 883 1079 semiplenam,
900 1039 969 1072 quae
984 1037 1064 1075 jure-

195 1082 331 1123 jurando
346 1077 486 1121 iudiciali
504 1088 545 1110 ex
567 1077 701 1109 decreto
715 1074 835 1114 judicis
859 1072 992 1114 suppleri
1010 1070 1063 1100 de·

195 1124 284 1154 beat.
300 1122 350 1154 sed
366 1121 449 1153 hane
467 1118 653 1151 sententiam
674 1117 736 1158 jam
752 1113 892 1148 refutavi
910 1113 998 1155 supra
1015 1109 1071 1142 sub

198 1162 316 1197 Titulo
327 1186 339 1203 ,
360 1162 409 1194 Dc
420 1163 489 1204 jure
497 1160 637 1203 jurando.
804 1196 820 1203 η

238 1206 291 1238 Ad
302 1201 441 1236 sormam
451 1201 641 1244 perhibendi
651 1199 822 1231 testimonii
832 1195 948 1242 spe-ctat
957 1217 967 1234 ,
981 1193 1072 1234 quod

205 1248 239 1280 in
258 1245 454 1279 testamentis
472 1251 535 1275 non
554 1242 661 1274 valent
677 1240 772 1272 testes
790 1238 936 1275 fortuiti,
954 1235 1010 1282 ‘sed
1026 1245 1073 1266 ro-

202 1288 269 1329 gati
293 1287 436 1319 Authenc.
464 1285 575 1327 Rogati
597 1284 631 1315 C.
657 1282 686 1314 h.
711 1288 734 1313 ι.
749 1281 787 1312 ad
805 1279 901 1312 fidem
917 1287 962 1324 rei
974 1276 1073 1324 *gestae

200 1328 383 1361 faciendam
403 1326 497 1359 etiam
513 1334 579 1356 non
597 1332 723 1365 rogatus
743 1321 829 1363 testis
846 1320 1034 1361 intelligitur
1050 1317 1070 1348 l.

203 1380 256 1404 Π.
274 1370 320 1401 D.
338 1369 367 1400 b.
384 1373 407 1399 t.
432 1366 582 1399 Similiter
604 1365 721 1405 spectat
744 1364 784 1395 ad
801 1361 956 1398 sormam,
986 1358 1076 1399 quod

202 1411 296 1448 testi,
319 1409 375 1442 nisi
394 1409 519 1450 jurato,
550 1416 613 1437 non
640 1405 789 1437 creditur.
828 1402 949 1434 Seneca
973 1401 1021 1431 lib.
1045 1409 1074 1431 2.

204 1449 259 1485 De
273 1453 319 1483 ira
332 1461 359 1482 c.
377 1459 427 1486 29.
446 1450 498 1480 De
510 1447 641 1488 parvula
654 1446 771 1486 siimma
781 1445 950 1486 judicaturo
964 1443 1016 1473 tibi·
1033 1450 1077 1472 rer

200 1494 264 1534 fine
281 1487 347 1533 leste
370 1495 428 1521 no'n
447 1490 626 1529 probaretur.
650 1485 726 1526 testis
736 1484 800 1523 fine
811 1484 1003 1526 jurejurando
1020 1491 1078 1512 non

200 1530 323 1567 valeret.
347 1529 572 1563 Constantinus
587 1528 606 1559 l.
633 1536 666 1564 9.
683 1527 717 1558 C.
741 1527 771 1557 b.
790 1531 812 1558 t.
833 1526 896 1556 boc
912 1524 980 1565 plus
998 1520 1072 1555 defi-

1013 118 1279 155 Nooui-

1351 120 1566 157 Coun.

1102 206 1185 255 Nec*
1196 207 1326 252 dubito,
1350 210 1426 250 quin
1451 211 1535 243 idem
1555 209 1673 249 spectet
1688 211 1753 243 hoc
1769 209 1897 244 Asconii
1917 210 1974 245 Pe·

1103 250 1187 281 diani
1204 258 1235 280 in
1253 256 1324 282 orat.
1344 252 1489 284 Ciceronis
1505 254 1536 283 in
1551 251 1689 292 Verrem,
1728 255 1760 284 de
1775 258 1896 293 proetur.
1922 264 1973 285 ur-

1104 292 1217 362 bana?
1244 300 1294 339 9.4·
1321 293 1437 338 Jurati
1457 292 1538 334 testes
1548 295 1672 333 produci
1677 293 1789 332 solent,
1814 304 1871 326 non
1882 295 1975 333 solum

1103 341 1139 362 ne
1191 332 1230 371 sa
1238 333 1469 372 dicant,verum
1485 336 1590 373 etiam,
1614 344 1648 366 ne
1667 344 1731 375 quae
1747 345 1816 366 vera
1830 339 1920 374 lunt,
1932 342 1975 368 tci-

1103 379 1198 403 ceant.
1216 373 1443 419 quodfacilius
1460 375 1599 408 facimus
1618 376 1758 407 creditur
1771 378 1974 418 jurejurando

1104 412 1176 455 post
1186 414 1435 455 depositionem,
1452 426 1544 458 quam
1560 426 1652 456 ante,
1670 416 1818 457 praestito.
1863 419 1975 451 Solent

1107 463 1206 495 porro
1228 453 1322 487 testes
1339 458 1514 490 testimonia
1532 459 1615 498 apud
1630 457 1773 497 judicem
1791 459 1977 500 deponere,

1109 495 1262 543 prasente
1275 503 1412 540 utroque
1435 499 1601 541 litigatore.
1626 499 1704 542 Quo
1732 501 1854 533 modo?
1878 501 1975 533 Asco-

1110 546 1179 569 nius
1206 536 1361 568 Pedianus
1376 562 1385 577 ‚
1408 539 1482 571 Not.
1499 543 1529 571 iri
1546 547 1618 572 orat.
1649 542 1791 572 Ciceronis
1807 543 1837 573 in
1855 542 1976 574 Verrem

1110 579 1157 626 De
1168 583 1296 622 praetun
1309 579 1374 609 urb.
1387 585 1416 619 p.
1434 589 1483 625 ῃ.
1499 580 1627 613 Tenere
1638 606 1647 621 ,
1663 582 1784 622 inquit,
1801 584 1976 624 debemus,

1110 627 1231 651 intento
1257 627 1379 651 ationes
1403 620 1527 652 testium
1549 623 1581 653 dt
1605 624 1794 655 accusatoris
1817 625 1846 656 ἂ
1862 625 1977 657 defen-

1110 660 1186 692 soris
1210 670 1228 691 e
1255 669 1291 697 e,
1315 660 1345 691 ἀ
1369 660 1433 700 ejus
1459 661 1512 700 qui
1535 663 1701 703 producit,
1727 665 1756 696 ὅ(
1780 665 1843 704 ejus
1860 675 1976 698 contra

1109 710 1203 747 quem
1229 701 1457 740 producuntur.
1483 701 1571 746 Iydem
1593 703 1661 748 post
1680 711 1748 746 pag.
1773 715 1823 747 93.
1850 706 1975 748 Loqui,

1110 741 1166 774 nisi
1190 750 1406 783 interrogac,
1430 742 1500 773 testi
1524 751 1590 774 non
1616 743 1741 776 licebat.
1764 748 1976 789 interrogatur

1110 791 1215 814 autem
1240 782 1268 813 &
1285 783 1324 814 ab
1341 793 1381 814 eo
1393 788 1505 815 contra
1524 792 1619 825 quern
1636 786 1813 823 productus.
1829 788 1903 821 Hoc
1919 791 1976 832 igi-

1112 833 1162 855 tur
1180 825 1279 856 inodo
1305 825 1527 865 accipiendum
1541 848 1550 863 ‚
1572 825 1660 865 quod
1683 824 1869 864 Justinianus
1885 831 1903 861 l.
1925 836 1972 866 18.

1112 866 1145 896 C.
1163 868 1195 896 de
1204 864 1265 905 fide
1275 864 1407 904 instrum.
1419 866 1516 905 dicit,
1529 866 1739 907 depositiones
1749 865 1815 898 fieri
1833 868 1885 900 sub
1901 879 1976 911 pre·

1110 906 1207 938 sentia
1234 908 1398 945 utriusque
1420 908 1529 947 partis.
1560 906 1633 945 nisi,
1664 908 1752 947 quod
1775 909 1975 950 addendum,

1110 948 1208 978 altera
1227 955 1296 987 pars
1312 947 1389 980 absit
1406 957 1461 988 per
1482 948 1726 980 contumaciam.
1744 956 1810 980 turn
1826 951 1909 981 enim
1925 961 1981 992 po-

1109 988 1168 1019 test
1185 987 1307 1028 judex,
1337 990 1485 1020 alterutra
1503 996 1592 1029 parte
1608 990 1778 1029 praesente,
1803 990 1981 1024 testimonia

1107 1038 1234 1070 capere.
1258 1036 1280 1060 t.
1304 1039 1348 1066 ¹9-
1365 1031 1398 1060 C.
1415 1031 1441 1061 b.
1459 1035 1481 1062 t.
1500 1030 1580 1062 Satis
1595 1030 1665 1062 haec
1680 1030 1810 1071 liquent.
1826 1032 1856 1063 dt
1875 1040 1980 1066 tamen

1112 1074 1306 1115 receperunt
1329 1066 1549 1104 difficultatem
1573 1082 1590 1104 a
1615 1072 1634 1104 l.
1664 1081 1709 1112 14.
1739 1072 1772 1103 C.
1788 1073 1815 1104 b.
1832 1079 1854 1104 t.
1870 1073 1902 1105 in
1920 1084 1982 1114 qua

1114 1112 1249 1150 dicitur-3
1272 1113 1361 1152 quod
1387 1112 1472 1145 testis
1492 1113 1590 1145 debet
1609 1113 1781 1155 judicantis
1802 1114 1919 1146 intrare
1936 1117 1983 1156 se-

1115 1158 1234 1183 cretum.
1259 1153 1324 1184 Sed
1352 1154 1509 1186 secretum
1535 1164 1600 1186 noti
1624 1153 1778 1196 significat
1802 1156 1940 1196 locum;
1963 1166 1982 1188 a

1114 1203 1183 1233 quo
1199 1202 1366 1226 arceantur
1390 1195 1583 1236 litigatores:
1604 1195 1656 1227 sed
1682 1196 1788 1228 locum
1805 1196 1835 1228 in
1854 1206 1919 1237 quo
1934 1198 1979 1238 ju-

1116 1236 1199 1267 dicia
1215 1243 1405 1268 exercentur
1420 1236 1554 1269 admissis
1569 1237 1798 1278 litigatoribus:
1821 1247 1916 1278 quem
1934 1240 1982 1271 lo-

1115 1285 1189 1308 cum
1203 1278 1387 1314 secretarium
1404 1278 1574 1318 appellari,
1598 1278 1784 1319 intelligitur
1805 1289 1846 1311 ex
1863 1280 1880 1311 l.
1895 1290 1922 1321 3.
1934 1288 1982 1321 pr.

1117 1317 1154 1352 ὅ)
1169 1317 1197 1359 §.
1216 1318 1270 1349 ult.
1289 1319 1322 1349 C.
1345 1318 1405 1350 Ubi
1421 1319 1553 1351 Senator.
1572 1319 1619 1350 vel
1636 1319 1740 1361 clarzff.
1756 1329 1772 1350 a
1789 1320 1884 1352 Paulo
1901 1328 1919 1352 ι.
1930 1331 1981 1359 40.

1118 1359 1161 1390 D.
1180 1361 1213 1390 de
1229 1361 1285 1390 reb.
1304 1361 1377 1391 cred.
1397 1368 1530 1391 vocatur
1543 1362 1729 1391 auditorium.
1746 1361 1839 1392 Ratio
1855 1370 1981 1402 autem,

1118 1409 1175 1431 cur
1192 1400 1345 1439 secretum,
1368 1401 1635 1441 velsecretaritcm‚
1658 1402 1799 1439 dicatur,
1823 1402 1892 1434 liaec
1918 1403 1982 1437 est:

1119 1443 1203 1481 quod
1218 1442 1296 1473 olim
1312 1441 1341 1473 in
1359 1441 1431 1473 foro
1446 1443 1494 1482 jus
1509 1443 1671 1474 dicebatur
1688 1443 1740 1474 sub
1756 1443 1808 1474 dio
1821 1467 1830 1482 ‚
1851 1444 1985 1484 praesen·

1119 1490 1153 1514 te
1167 1483 1299 1524 populo.
1323 1482 1433 1523 postea
1448 1483 1571 1523 judiciis
1588 1484 1627 1514 ad
1645 1483 1786 1515 Basilicas
1806 1486 1960 1517 translatis
1972 1509 1983 1524 ‚

1119 1524 1227 1563 (quod
1244 1523 1360 1556 factum
1378 1522 1478 1555 refert
1492 1523 1603 1555 auctor
1613 1523 1739 1565 Dialogi
1753 1525 1797 1555 De
1812 1525 1903 1568 coasts
1922 1536 1983 1557 cor-

203 1578 312 1613 derat3
336 1580 370 1604 ut
386 1570 472 1603 testis
488 1570 591 1610 juret,
613 1575 782 1607 antequam
799 1565 948 1597 testetur:
972 1564 1071 1606 Juris-
1115 1570 1210 1605 ruptae
1236 1565 1401 1606 eloquentioe
1423 1575 1447 1596 c.
1471 1570 1521 1605 38.
1549 1564 1585 1598 &³
1609 1566 1681 1605 39.)
1705 1566 1778 1612 inde
1792 1566 1934 1606 secretum
1952 1568 1983 1599 ὅς

199 1617 342 1661 jurandi,
365 1612 512 1658 inquiens
538 1610 671 1657 religione
686 1606 783 1649 restes,
805 1608 890 1654 prins
910 1616 998 1653 quani
1008 1613 1071 1647 per·
1106 1606 1296 1652 secretariam
1311 1607 1504 1649 appellatum
1514 1614 1607 1648 ‚quia
1621 1615 1730 1647 paucis
1744 1607 1807 1647 Jam
1824 1607 1984 1649 praesemj.

205 1659 318 1691 hibeani
334 1653 542 1696 testimonium,
553 1661 618 1693 jam
631 1651 741 1683 dudum
757 1648 867 1682 arnan
875 1654 1073 1695 praecepimus.
1116 1647 1193 1690 bus,
1215 1647 1406 1693 lingebatur.

890 1714 1250 1761 Treuiris.

1301 1721 1366 1759 Vi.

843 1792 894 1830 De
908 1794 993 1841 juris
1008 1784 1050 1833 ὃ*
1057 1791 1146 1839 fabii
1167 1792 1354 1838 ignorantia.

207 1858 435 1943 Traflatus
450 1860 505 1896 De
520 1862 594 1904 iuris
610 1861 640 1895 &
663 1860 740 1894 facti
762 1860 958 1904 ignorantia,
983 1869 1078 1902 quern

323 1906 459 1948 praesens
490 1903 630 1937 Rubrica
667 1904 838 1944 pollicetur
853 1926 862 1942 ,
892 1902 1043 1943 superiori
1071 1924 1081 1941 ,

206 1942 264 1982 De
278 1945 519 1990 probationibus
535 1945 565 1978 ἀ
581 1944 898 1987 praesumptionibus,
914 1942 998 1984 quasi
1016 1943 1082 1984 ejus

204 1999 281 2030 pars
299 1988 356 2029 sit,
377 1997 442 2020 non
464 1986 546 2019 male
573 1987 726 2029 jungitur.
749 1995 844 2026 quarn
867 1993 973 2018 autem
991 1985 1081 2023 igno-

205 2031 341 2064 rantiam
357 2036 454 2062 vocat
478 2027 637 2067 Rubrica,
660 2027 850 2069 Papinianus
867 2027 897 2059 in
916 2026 935 2058 l.
953 2036 981 2067 7.
999 2024 1036 2061 δ’
1052 2029 1081 2061 8.

207 2080 353 2105 errorem
365 2069 520 2111 appellat:
530 2069 585 2102 etsi
595 2078 684 2101 error
693 2091 703 2107 ,
711 2077 778 2101 rem
788 2067 1058 2112 considerantibus
1068 2089 1079 2106 ,

205 2113 255 2146 est
271 2112 441 2145 credulitas
452 2134 462 2149 ,
485 2109 605 2143 causam
628 2110 737 2142 sortita
751 2119 793 2142 ex
809 2110 876 2142 veri
891 2110 1077 2151 ignorantia.

207 2154 312 2186 sedin
337 2151 502 2193 proposito
528 2160 587 2191 pro
613 2152 726 2184 iisdem
751 2150 968 2191 accipiuntur:
991 2158 1079 2181 com-

206 2195 368 2236 prehenso
394 2193 447 2225 sub
477 2200 615 2233 utroque
641 2193 772 2224 nomine
795 2191 926 2224 defefitu
943 2190 1078 2222 necessa-

209 2238 263 2268 riae
286 2236 318 2267 in
343 2235 438 2267 rebus
454 2233 582 2275 agendis
598 2233 746 2265 scientiae.
770 2232 850 2265 Eam
868 2233 1078 2274 ignorantiam

210 2276 325 2309 Paulus
348 2277 367 2308 l.
394 2284 420 2308 1.
451 2274 529 2306 facit
556 2275 739 2314 duplicem,
767 2275 857 2306 aliam
872 2274 966 2314 juris,
989 2273 1080 2305 aliam

210 2317 296 2350 faeti.
314 2318 410 2350 altera
429 2316 492 2355 est,
515 2315 637 2347 nescire
658 2315 801 2348 moribus
817 2324 854 2347 ac
871 2315 992 2354 legibus
1007 2323 1082 2345 con-

211 2359 336 2390 stituta:
361 2359 459 2390 altera
475 2356 538 2395 est,
555 2356 671 2388 nescire
689 2365 777 2395 rem,
801 2365 835 2388 ut
850 2356 934 2397 gesta
950 2355 1014 2394 est,
1031 2362 1084 2386 aut

211 2400 359 2441 contigit.
373 2398 449 2431 Non
466 2397 615 2430 arcessam
630 2398 795 2438 exempla:
819 2397 1038 2439 compluribus
1054 2397 1085 2427 ἃ

210 2441 303 2472 claris
319 2440 443 2473 aPaulo
460 2439 595 2479 proditis
610 2440 638 2470 d.
653 2439 672 2471 Ι.
687 2448 713 2472 1.
724 2438 754 2480 §.
774 2448 800 2470 1.
826 2438 889 2471 Sed
905 2447 969 2470 non
986 2437 1084 2469 silebo

210 2480 395 2522 sequentem
411 2480 535 2513 Neratii
554 2480 811 2512 observationem
828 2489 869 2511 ex
884 2480 902 2510 l.
914 2489 940 2511 2.
959 2479 995 2510 In
1011 2480 1087 2509 omni

207 2528 295 2564 parte
320 2532 397 2553 error
415 2524 447 2554 in
457 2523 526 2563 jure
548 2530 605 2553 non
622 2521 786 2560 codembloco
795 2531 849 2562 quo
861 2520 1084 2560 fabiiignoran·

214 2564 259 2595 tia
273 2563 369 2594 haberi·
385 2564 498 2594 debebit.
539 2572 578 2594 ua
592 2562 740 2594 ratione?
757 2562 838 2594 hanc
854 2561 996 2602 subjicit,
1014 2561 1086 2592 Cum

211 2605 263 2647 jus
279 2602 402 2643 finitum
419 2603 455 2638 ὅ*
467 2571 550 2645 poffit
565 2603 618 2645 effe
634 2603 671 2639 δ’
693 2605 809 2634 debeat:
819 2604 901 2643 fabii
917 2604 1086 2643 intorpreta-

213 2647 255 2677 τέο
266 2645 433 2686 plerumque
448 2647 531 2676 etiam
541 2644 771 2685 prudentiffimos
781 2644 885 2684 fallat.
910 2643 973 2674 Sed
995 2645 1083 2683 igno·

213 2685 323 2718 1·antiae
345 2683 418 2715 facti
437 2685 528 2724 (inde
553 2688 638 2718 enim
659 2685 829 2726 incipiam)
847 2694 910 2717 non
928 2693 987 2715 una
1007 2693 1083 2714 con-

216 2727 299 2759 ditio
314 2725 377 2757 est:
398 2733 452 2755 auc
477 2727 559 2758 enim
574 2727 619 2759 est
636 2727 756 2768 proprii
779 2725 873 2765 facti,
904 2732 958 2757 aut
980 2724 1084 2756 alieni.

214 2768 306 2810 prior
321 2764 589 2807 reprehensibilis,
612 2767 770 2808 posterior
793 2766 985 2804 tolerabilis,
1015 2774 1086 2796 cen-

215 2810 303 2841 setur
320 2809 340 2840 l.
355 2818 386 2848 5.
406 2805 442 2841 ὅ)
460 2814 486 2837 1.
498 2806 549 2852 D.
564 2808 620 2839 Pro
629 2810 695 2848 suo.
720 2808 774 2841 nisi
791 2808 909 2840 summa
925 2806 1085 2848 negligen-

217 2851 264 2882 tia
288 2849 470 2890 objiciatur.
499 2847 574 2888 quid
597 2851 679 2881 enim
701 2849 722 2882 fi
747 2859 860 2882 omnes
893 2851 927 2881 in
956 2849 1088 2879 civitate

215 2889 423 2935 sciant—quod
459 2885 512 2934 ille
534 2886 616 2919 solus
638 2892 783 2928 ignorat?
822 2891 928 2932 supina
965 2890 1017 2922 illa
1044 2889 1089 2920 di.

219 2935 305 2965 citur
330 2936 536 2973 ignorantia3
571 2929 621 2967 dt,
659 2938 693 2959 ut
714 2933 865 2972 Ulpianus
895 2932 939 2963 ait
959 2931 979 2963 ι,
1005 2934 1036 2967 σ,
1061 2930 1090 2961 h.

220 2980 244 3006 τ,
268 2983 330 3005 non
366 2971 528 3003 ferenda:
564 2977 599 3000 ut
628 2978 687 3001 nec
726 2972 901 3013 scrupulosa
930 2970 1089 3012 inquisitio

222 3014 391 3057 exigenda.
415 3018 505 3053 putat
522 3010 633 3052 igitur,
655 3007 813 3044 scientiam
826 3014 1034 3055 ,ignorantiae
1049 3012 1090 3044 de

223 3065 286 3096 qua
308 3054 493 3094 quaerimus,
527 3051 706 3089 adversam,
737 3050 767 3082 δι
796 3054 825 3084 in
851 3055 945 3086 rebus
962 3053 1091 3096 agendis

224 3095 444 3132 necessariam,
463 3095 523 3124 hoc
540 3094 640 3124 modo
655 3092 866 3124 aestimandam
883 3095 963 3127 esse:
987 3102 1020 3126 ut
1035 3104 1084 3125 ne·

223 3141 288 3177 que
304 3136 496 3176 negligentia
511 3133 627 3173 craffa,
654 3141 705 3165 aut
730 3134 827 3165 nimia
853 3134 998 3166 securitas
1016 3135 1086 3166 satis

223 3178 372 3218 expe-:lita
386 3177 441 3215 fit,
462 3185 565 3216 neque
586 3174 738 3207 delatoria
756 3173 915 3206 curiositas
933 3176 1085 3215 exigatur.

224 3218 354 3252 Eodem
374 3217 474 3253 modo
499 3216 632 3257 Labeo,
655 3217 685 3250 &
709 3216 764 3259 (ut
784 3214 898 3252 Paulus
924 3214 944 3248 l.
967 3224 996 3253 9.
1011 3215 1041 3257 §.
1057 3226 1086 3250 2.

1124 1860 1151 1890 d.
1170 1864 1191 1890 t.
1208 1857 1335 1899 censet)
1349 1855 1435 1891 recle
1451 1858 1580 1898 definit,
1604 1857 1764 1891 scientiam
1781 1867 1886 1902 neque
1901 1857 1984 1894 curie-

1124 1899 1265 1939 cummi,
1288 1908 1394 1940 neque
1410 1900 1684 1942 negligentissimi,
1708 1901 1846 1934 hominis
1872 1902 1991 1942 accipi-

1126 1941 1258 1987 endam:
1282 1950 1390 1974 verum
1407 1942 1474 1983 ejus
1492 1942 1545 1982 qui
1569 1951 1638 1974 eam
1663 1951 1729 1974 rem
1753 1942 1921 1984 diligenter
1943 1944 1992 1976 iix-

1125 1983 1281 2028 quirendo
1305 1990 1417 2015 notam
1449 1983 1566 2021 habere
1589 1983 1691 2025 poslit.
1720 1983 1865 2016 Breviter
1887 1983 1988 2016 refert·

1124 2023 1320 2064 Pomponius
1347 2024 1367 2057 l.
1393 2034 1421 2066 3.
1447 2024 1477 2066 §.
1506 2033 1531 2056 1.
1557 2025 1586 2056 d.
1613 2030 1633 2055 z.
1658 2034 1698 2056 ex
1722 2025 1874 2057 Sabini&
1891 2024 1987 2057 Caffii
2009 2043 2011 2046 -

1121 2064 1297 2103 sententia,
1320 2066 1527 2106 ignorantiam
1553 2064 1763 2105 accipiendam
1788 2075 1852 2097 non
1877 2067 1989 2108 deper-

1123 2107 1180 2138 diti
1197 2106 1227 2137 &
1244 2105 1374 2138 nimium
1393 2106 1490 2138 securi
1505 2106 1651 2139 hominis.
1675 2106 1789 2139 Talem
1807 2107 1881 2139 faeti
1900 2108 1993 2148 ignee

1122 2149 1254 2179 tantiam
1271 2156 1335 2179 non
1351 2156 1485 2192 nocere,
1500 2148 1543 2179 ait
1560 2148 1672 2180 Paulus
1681 2148 1826 2189 d.l.9.pr.
1838 2148 1905 2181 usus
1917 2148 1992 2185 figu·
2021 2179 2025 2182 .

1121 2198 1153 2221 ra
1169 2188 1344 2220 Rhetorica
1360 2189 1468 2221 Poetis
1492 2187 1656 2227 familiari,
1673 2198 1735 2220 nec
1758 2198 1862 2222 tamen
1880 2189 1991 2222 nostris

1123 2229 1256 2261 insolita.
1281 2229 1407 2261 Litotes
1424 2230 1617 2270 appellatur:
1636 2239 1696 2271 qua
1713 2231 1881 2267 aliquando
1900 2231 1988 2271 plus,

1123 2271 1294 2311 aliquando
1311 2271 1412 2302 minus
1427 2271 1561 2309 dicitur,
1573 2281 1666 2310 quam
1681 2271 1989 2312 significatur.postea

1124 2314 1188 2344 rius
1203 2311 1264 2343 hoc
1279 2312 1354 2344 loco
1374 2313 1495 2344 mavult
1513 2312 1638 2345 Paulus.
1657 2322 1727 2344 nain
1743 2322 1814 2344 cum
1833 2320 1890 2350 ait,
1902 2321 1986 2350 regua

1126 2353 1185 2384 lam
1202 2353 1272 2394 effe,
1291 2353 1372 2393 fabii
1386 2354 1582 2394 ignorantiam
1606 2363 1662 2385 non
1679 2363 1792 2384 nocere:
1814 2361 1875 2383 non
1892 2352 1987 2383 solim

1127 2394 1215 2431 vult,
1226 2403 1290 2426 non
1301 2393 1407 2425 obeffe
1422 2396 1568 2431 cuiquam
1580 2394 1653 2433 ,sed
1668 2394 1805 2433 hocplus
1823 2392 1967 2433 indigitat
1978 2415 1988 2430 ,

1127 2436 1274 2467 omnibus
1290 2434 1442 2475 prodesse.
1486 2435 1560 2477 Ejus
1582 2435 1849 2473 interpretationis
1873 2434 1995 2464 causam

1128 2476 1210 2508 hanc
1226 2476 1347 2508 habeo:
1366 2477 1453 2517 quod
1470 2478 1498 2508 ἃ
1511 2479 1626 2508 damno
1641 2475 1830 2507 liberatfafti
1849 2475 1996 2515 ignoran-

1129 2518 1190 2555 tia,
1214 2518 1243 2550 ἃ,
1260 2519 1300 2550 ad
1315 2518 1436 2550 lucrum
1453 2517 1579 2557 prodest
1594 2518 1613 2548 l.
1629 2526 1660 2556 5.
1678 2516 1718 2547 D.
1738 2515 1808 2551 [5⁹11.
1826 2525 1856 2555 4.
1875 2516 1906 2545 C.
1923 2515 1954 2547 h.
1968 2520 1991 2550 t,

1170 2558 1321 2600 Exposita
1344 2558 1388 2589 est
1411 2558 1508 2596 fasti,
1531 2558 1668 2597 sequitur
1687 2557 1781 2596 juris,
1805 2557 1991 2597 ignorantia.

1130 2597 1171 2631 de
1187 2608 1249 2640 qua
1271 2600 1311 2631 sic
1332 2598 1444 2631 Paulus
1469 2599 1497 2630 d.
1515 2598 1535 2629 l.
1557 2607 1587 2634 9.
1609 2597 1721 2639 Regula
1745 2597 1802 2638 est,
1822 2598 1898 2638 juris
1913 2599 1995 2639 igno-

1127 2642 1255 2672 rantiam
1269 2641 1372 2681 cuique
1385 2648 1487 2670 nocere.
1511 2639 1624 2671 Paulus
1641 2639 1760 2677 verbo,
1784 2639 1914 2676 Nocere,
1938 2639 1992 2670 ali·

1128 2689 1176 2712 ter
1198 2681 1254 2712 hac
1285 2689 1373 2721 parte
1395 2680 1510 2719 utitur,
1541 2688 1634 2719 quam
1657 2679 1843 2720 superiore:
1875 2681 1995 2719 quippe

1128 2722 1194 2754 illic
1218 2721 1334 2760 minus,
1358 2720 1410 2752 hic
1426 2721 1496 2760 plus
1522 2721 1619 2759 dicit,
1643 2730 1736 2761 quain
1755 2722 1912 2761 intelligit.
1931 2731 1995 2754 non

1130 2772 1211 2804 opus
1231 2762 1363 2794 verbis:
1405 2771 1478 2793 cum
1502 2763 1561 2800 ait,
1592 2762 1667 2802 juris
1692 2762 1900 2803 ignorantiam
1933 2762 1995 2794 cui-

1131 2813 1194 2844 que
1219 2812 1353 2842 nocere;
1383 2803 1460 2834 nihil
1483 2803 1565 2835 aliud
1589 2804 1779 2841 denunciat,
1811 2813 1903 2843 quam
1931 2813 1996 2836 non

1133 2844 1275 2886 prodesse
1298 2844 1446 2876 omnibus
1484 2843 1560 2876 Hoc
1585 2844 1690 2876 suadet
1714 2844 1908 2884 Pomponius
1928 2846 1936 2874 l
1964 2854 1995 2884 4.

1132 2887 1163 2918 b.
1182 2892 1202 2916 t.
1217 2886 1258 2917 sic
1274 2884 1429 2917 scribens:
1452 2884 1540 2925 Juris
1561 2886 1756 2927 ignorantiam
1780 2888 1810 2916 in
1827 2886 2000 2926 usucapione

1133 2933 1259 2969 negatur
1269 2926 1403 2966 prodeffi».
1427 2926 1529 2958 Mitto
1556 2927 1782 2967 Pomponium:
1806 2927 1871 2965 ipse
1890 2928 2002 2959 Paulus

1133 2969 1161 3000 d.
1179 2969 1198 2999 l.
1217 2978 1243 3005 9.
1259 2967 1287 3009 §.
1304 2977 1332 3008 3.
1345 2969 1374 2998 in
1391 2969 1539 2999 eumdem
1550 2969 1686 3005 sensum,
1703 2967 1859 3007 Sediuris,
1875 2967 1997 3006 inquit,
2035 2987 2036 2992 ,

1133 3011 1328 3049 ignorantiam
1338 3018 1398 3040 non
1411 3008 1568 3049 prodesse,
1580 3010 1673 3040 Labeo
1681 3009 1723 3039 ita
1732 3011 1926 3049 accipiendum
1935 3009 1998 3039 cxi-
2035 3015 2036 3053 l

1130 3050 1239 3093 stimat.
1264 3049 1375 3081 Paulus
1392 3050 1466 3091 juris
1489 3051 1697 3091 ignorantiam
1721 3059 1813 3089 quam
1838 3051 1928 3080 initio
1945 3058 1997 3080 ca-

1134 3093 1208 3133 pitis
1224 3091 1302 3123 dixit
1325 3092 1441 3131 cuique
1456 3101 1593 3128 nocere,
1616 3099 1700 3122 nunc
1725 3090 1814 3121 dicit.
1843 3099 1906 3121 non
1923 3099 1998 3130 pro»-

1130 3132 1225 3165 desse.
1251 3132 1298 3164 Sit
1313 3133 1406 3174 igitur
1423 3133 1486 3163 hoc
1503 3132 1681 3173 proximum
1700 3131 1817 3172 signum
1831 3154 1839 3168 ‚
1866 3131 1998 3163 Paulum

1129 3174 1316 3216 indigitare,
1346 3174 1421 3214 juris
1438 3173 1644 3215 ignorantiam
1668 3173 1765 3212 magis
1784 3181 1847 3203 non
1876 3171 1999 3212 prodes-

1130 3215 1190 3255 se,
1228 3224 1488 3257 quamnocere:
1518 3214 1750 3254 consequenter
1773 3222 1843 3246 non
1871 3213 1996 3286 adfelrre

1961 3263 1991 3285 Q·
