2036 3495
813 80 837 98 N

547 124 610 163 An
635 127 729 161 Lrss.
757 125 798 160 X.
835 126 929 162 ΤΠ.
958 127 1000 162 Π.
1036 127 1176 163 Furnilr'ae
1190 127 1379 175 ercifitmdae.

73 218 203 258 demes,
225 219 335 250 [vivims
353 217 452 257 accipi
471 226 528 258 pro
548 216 595 248 his
613 214 666 256 qui
685 214 854 256 praesentes
872 226 946 248 con-

74 263 245 294 tradicunt.
268 269 375 301 patere
398 260 508 300 igitur,
533 267 591 299 pro
605 258 808 298 praesentibus,
834 260 943 297 reponi

72 305 252 342 absentibus:
276 310 308 332 ut
325 303 353 332 in
372 301 390 332 l.
409 304 457 332 26.
479 299 520 331 D.
536 301 569 330 de
585 308 642 339 reg.
655 299 736 340 juris
751 299 942 340 conjungen-

75 348 114 377 da
139 354 210 376 cum
234 345 261 374 d.
285 343 302 372 l.
319 352 375 383 43:
401 341 527 381 quando
546 348 678 380 utraque
696 340 740 370 est
758 350 797 371 ex
816 339 943 379 Ulpiani

75 388 121 418 lib.
141 396 189 428 30.
216 384 266 416 Aa
283 384 441 414 Sabinum.-
465 390 498 413 ut
516 391 554 412 ex
570 380 780 421 inscriptione
795 383 940 422 intelligi-

76 437 136 459 tur.
159 428 274 468 Igitur,
291 432 325 455 nt
344 426 424 455 hanc
440 431 641 464 pertexamus
659 423 771 459 telam,
790 424 879 454 datin·
897 427 938 454 l‘a-

73 470 167 501 vmilite
183 466 373 500 erciscundae
383 464 465 495 attio
480 466 560 495 inter
577 464 682 504 plures
700 464 839 504 ejusdem
854 467 939 495 here-

74 511 181 542 ditatis
192 508 377 539 coheredes.
395 507 462 547 plus
478 506 579 537 dicam
592 529 600 543 ‚
618 505 806 546 poll‘eetiam
820 508 859 537 de
876 507 940 547 plu-

74 552 161 583 ribus
175 549 398 582 hereditatibus
409 570 417 586 ,
432 546 514 577 inter
525 550 657 577 eosdem
669 548 844 579 coheredes
855 557 940 578 com·

74 593 239 630 munibus,
256 599 349 621 unum
367 589 441 620 suini
455 587 580 619 familiae
591 588 941 629 ei·cileiindaejudiciuin

74 634 96 666 l.
115 644 161 675 25.
180 632 208 674 §.
226 642 254 673 3.
269 640 300 667 4.
315 641 343 669 5.
363 631 390 661 h.
409 636 428 660 ι.
448 628 524 661 licut
541 630 561 661 si
584 632 688 669 plures
707 631 789 662 inter
812 631 941 661 eosdem

72 676 133 707 sint
158 674 350 705 societates:
375 681 469 702 unum
495 671 600 711 potest
624 671 766 704 sufficere
788 672 941 712 judicium

73 717 93 748 l.
107 720 154 755 65.
171 715 197 756 ἓ.
220 723 263 752 14.
288 713 324 744 D.
342 712 399 744 Pro
420 713 499 745 socio.

115 757 256 795 Sequens
274 755 365 786 locus
384 753 446 793 est,
463 755 500 785 ad
519 755 592 794 quid
604 755 696 786 detur
713 755 794 785 inter
809 754 943 785 cohere-

74 799 129 830 des
146 797 225 828 afflo
238 794 574 827 familiaeercil‘cundae.
590 807 653 827 non
673 805 703 827 te
720 796 862 827 differam
880 795 942 826 diu.

72 839 214 871 indicant
229 839 292 869 hoc
310 838 470 877 sequentia
488 837 585 869 Edisti
600 838 712 868 verba:
727 838 880 868 Arbitrum
894 838 943 867 cla-

75 883 126 913 bo:
150 887 183 911 ut
199 881 259 922 ejus
274 881 420 910 arbitratu
436 889 480 909 res
502 878 814 920 bereditariesingulis
829 878 943 920 adjudi-

75 928 191 954 centur:
207 928 289 958 item,
299 919 327 958 fi
342 922 411 961 quid
426 921 525 951 darum*
542 922 639 951 datum
650 919 803 958 subitumve
824 923 896 958 eriz,
905 918 944 956 si-

74 974 110 996 ve
128 965 199 1005 quid
215 972 242 993 eo
260 964 371 993 nomine
388 963 475 992 aberit
492 962 597 1000 alicui,
612 968 665 992 aur
681 964 717 992 ad
732 971 794 992 eum
806 968 943 1002 pervene-

74 1008 131 1043 rit,
156 1011 188 1035 ut
203 1006 231 1035 id
243 1002 404 1045 praefletur.
451 1001 529 1033 Haec
551 1003 646 1034 verba
670 1004 734 1034 duo
757 1004 943 1034 continent:

75 1049 231 1088 primum,
257 1054 290 1076 ut
307 1055 356 1076 res
373 1053 559 1077 communes
575 1044 771 1076 hereditariae
788 1045 871 1076 inter
887 1043 942 1075 fin-

76 1089 168 1130 gulos
186 1087 363 1118 coheredes
386 1087 584 1118 dividantur:
606 1086 740 1125 deinde,
765 1093 799 1117 ut
822 1085 843 1117 fi
859 1084 947 1125 quod

77 1131 223 1162 damnum
236 1129 400 1160 lucrumve
410 1128 448 1159 ad
458 1128 594 1168 aliquem
604 1127 799 1159 coheredum
810 1136 849 1158 ex
860 1135 946 1157 com-

75 1171 229 1203 munione
255 1170 456 1209 pervenerit,
480 1168 653 1209 praestetur.
684 1168 837 1209 Ulpianus
862 1168 880 1199 l.
898 1177 945 1199 22.

77 1211 106 1254 §.
120 1223 148 1251 4.
164 1213 191 1243 b.
208 1217 227 1243 t.
244 1211 285 1243 fic
301 1211 466 1252 exprimit:
482 1210 617 1241 Familiae
634 1209 946 1250 erciscundaejudici-

77 1263 131 1285 um
147 1263 186 1284 ex
202 1253 326 1284 duobus
342 1251 484 1284 constat:
509 1252 540 1283 id
558 1250 621 1290 est,
646 1252 739 1282 rebus
755 1259 852 1292 atque
870 1260 946 1292 prae-

77 1295 264 1327 stationibus
282 1303 350 1334 quae
368 1292 435 1324 sunt
451 1293 630 1334 personales
646 1292 795 1324 aCtiones.

117 1337 169 1367 Sic
185 1343 333 1375 apparet,
350 1331 410 1365 esse
423 1334 575 1365 veriffirne
586 1333 759 1365 tradituma
775 1333 947 1373 justiniano

76 1378 107 1409 in
125 1377 153 1419 §.
177 1387 224 1408 πο.
247 1374 316 1414 hist.
331 1377 364 1406 de
381 1375 558 1413 aaronitas,
582 1374 739 1406 actionem
757 1374 883 1406 familiae
901 1385 948 1406 er·

77 1419 231 1450 cilcundae
248 1417 309 1450 else
327 1417 478 1455 mixtam,
502 1417 614 1457 pai-tim
632 1418 662 1448 in
680 1426 765 1455 rem,
788 1416 900 1457 partim
915 1417 946 1447 in

76 1460 255 1501 personam.
274 1458 306 1489 In
320 1467 385 1489 rem
398 1481 407 1497 ,
425 1467 579 1498 quatenus
595 1459 644 1489 illa
661 1468 755 1499 agens
764 1458 860 1496 dicit,
877 1467 947 1489 eam

76 1502 288 1533 hereditatem
313 1509 371 1540 pro
389 1508 476 1540 parte
501 1499 582 1530 suam
601 1498 679 1530 esse:
706 1500 837 1539 perinde
862 1500 945 1530 utin

79 1542 238 1583 petitione
255 1540 449 1572 hereditatis.
466 1540 565 1572 solum
579 1540 726 1579 interest,
743 1542 830 1580 quod
848 1541 878 1572 iri
894 1541 946 1572 illa

77 1585 167 1624 {iubet
186 1583 306 1621 Judex,
321 1590 441 1622 partem
457 1582 577 1613 restitui
594 1591 651 1622 pro
668 1581 820 1614 indiviso:
845 1583 874 1613 in
893 1582 947 1613 ista

82 1633 142 1665 pro
161 1623 259 1655 diviso
276 1623 332 1663 lq.
352 1623 392 1654 D.
412 1623 445 1654 Si
456 1631 526 1664 pars
536 1624 627 1654 hered.
640 1629 768 1664 petatur.
786 1623 839 1655 Est
855 1625 948 1665 igitur

81 1665 211 1697 familiae
236 1665 424 1696 erciscundae
445 1664 596 1704 judiciuin
615 1665 644 1696 in
663 1675 729 1696 rem
751 1665 852 1697 aelio:
876 1667 950 1705 quia

81 1706 247 1738 subnixum
265 1705 310 1737 est
325 1706 392 1746 jure
408 1706 438 1737 in
455 1715 497 1737 re.
523 1705 596 1737 Nec
606 1715 646 1737 eo
656 1705 757 1739 minus
774 1706 818 1738 est
833 1708 863 1738 in
882 1716 950 1747 per-

82 1747 199 1779 sonam.
243 1747 308 1788 Qui
334 1746 460 1787 potest‘.2
483 1748 566 1779 nulla
589 1748 672 1779 inter
686 1748 861 1780 coheredes
879 1755 951 1779 nata

84 1790 301 1830 obligatione:
328 1788 565 1827 animadverso,
589 1799 644 1821 eos
668 1799 732 1821 non
753 1799 792 1821 ex
810 1797 949 1821 conven-

82 1829 172 1862 tione
189 1831 218 1861 in
243 1832 503 1861 communionem
524 1831 649 1869 venire,
673 1830 724 1862 sed
748 1831 778 1862 in
796 1840 863 1863 eam
880 1830 950 1862 casu

82 1868 233 1903 incidere.
252 1872 518 1911 quemadmodum
529 1880 632 1903 autem
644 1872 704 1903 [ine
714 1872 864 1904 consensu
874 1882 949 1904 con-

85 1913 165 1944 trahi
183 1915 307 1944 videtur
326 1912 500 1953 obligatio,
525 1913 552 1943 &
573 1914 601 1944 in
620 1913 783 1953 personam
800 1914 881 1945 acrio
897 1923 949 1945 na-

84 1953 150 1985 sci?
176 1954 236 1984 Sed
255 1962 419 1994 putemus,
436 1953 665 1995 obligationem
685 1954 714 1986 in
735 1955 898 1996 proposito
917 1965 951 1987 re

83 1995 190 2026 induci
210 1994 272 2025 sine
297 1996 526 2026 conventione.
557 2004 628 2027 nam
645 2004 678 2026 ut
695 1997 734 2027 de
751 1997 949 2028 communio-

83 2045 124 2069 ne
147 2036 266 2067 nullum
285 2037 366 2067 inter
392 2037 569 2068 coheredes
593 2038 802 2069 intervenerit
827 2038 950 2079 negoti-

82 2087 135 2109 um
149 2101 158 2114 ,
182 2076 350 2108 deficiente
367 2077 536 2116 consensu;
553 2077 572 2109 li
591 2086 694 2110 tamen
714 2081 898 2112 communio
915 2079 950 2111 fit

82 2121 113 2150 in
131 2118 238 2156 causa,
261 2125 294 2149 ut
312 2119 424 2159 aliquis
441 2128 481 2150 ex
502 2129 538 2150 ea
551 2118 604 2151 fibi
623 2121 771 2152 damnum
787 2121 951 2153 lucrumve

82 2159 183 2192 ferat:
206 2159 337 2200 perinde
353 2159 489 2191 nascitur
504 2161 586 2192 inter
603 2162 779 2194 coheredes
795 2162 951 2204 obligatio

83 2201 167 2241 quasi
184 2210 226 2232 ex
243 2201 428 2241 contractu,
441 2211 477 2232 ac
493 2201 515 2233 fi
531 2201 640 2242 aliquis
657 2203 839 2235 conti-astus
854 2205 950 2235 inter-

84 2242 228 2273 veniffet.
254 2243 295 2273 ita
319 2242 396 2283 lmp.
418 2242 604 2281 Justinianus
629 2244 655 2286 §.
673 2254 700 2284 4.
725 2243 794 2286 lnft.
820 2246 853 2276 de
869 2245 949 2287 oblig.

82 2294 144 2326 quae
160 2283 242 2325 qnasi
255 2293 291 2314 ex
310 2284 447 2315 comm&-
462 2284 539 2322 nafis.

123 2324 174 2356 De
192 2325 315 2365 singulis
333 2325 501 2357 videamus.
519 2328 652 2366 primum
672 2326 795 2358 constat
812 2328 893 2359 acrio
908 2327 952 2359 fa·

81 2366 172 2398 milia:
190 2366 380 2398 erciscundae
398 2376 438 2397 ex
459 2368 553 2398 rebus
577 2370 604 2399 d.
623 2368 640 2401 l.
658 2378 704 2400 22.
727 2369 754 2410 §.
770 2378 798 2406 4.
815 2370 841 2400 h.
858 2375 877 2401 t.
901 2369 954 2400 sed

82 2408 221 2450 quibus?
246 2407 395 2440 universis
420 2417 489 2448 qua:
517 2409 573 2440 sint
597 2419 637 2441 ex
667 2410 854 2441 hereditate.
879 2411 953 2441 inde

83 2449 315 2487 observandum
340 2449 461 2489 judici,
487 2458 520 2480 ut
545 2450 620 2482 nihil
640 2452 775 2482 omnino
795 2452 952 2492 relinquat

81 2490 246 2522 indivisum
263 2491 282 2521 i.
298 2501 346 2530 25.
362 2490 390 2532 §.
408 2501 454 2522 20.
474 2491 501 2522 h.
522 2496 542 2522 t.
561 2492 590 2523 ἁ
614 2491 649 2523 fit
674 2493 732 2523 hac
755 2492 896 2531 aCtione,
920 2501 954 2524 ut

85 2531 215 2570 amplius
228 2554 237 2569 ,
250 2541 342 2572 quam
361 2533 453 2563 remei
466 2556 476 2571 ,
491 2534 537 2574 agi
556 2542 710 2573 nequeat3
728 2534 754 2564 ἀ
772 2534 791 2565 fi
809 2536 953 2574 quaedam

82 2572 250 2611 manserint
268 2572 413 2604 indivisa:
437 2583 533 2615 magis
558 2576 672 2606 debeat
690 2576 852 2606 communi
874 2576 953 2607 divi-

85 2614 192 2644 dundo
206 2613 321 2652 judicio
331 2637 340 2652 ,
357 2614 447 2654 quam
459 2614 586 2647 familiae
597 2615 787 2648 erciscundae
798 2616 863 2658 agi:
881 2619 954 2656 quia

87 2653 158 2693 post
171 2653 297 2685 divisam
309 2655 515 2687 hereditatem
528 2680 536 2695 ,
547 2658 608 2696 jam
624 2667 686 2689 non
704 2658 882 2690 communis
898 2658 953 2689 he·

87 2694 248 2733 reditatls,
266 2695 314 2725 sed
333 2698 508 2728 communis
528 2700 591 2737 rei,
616 2699 794 2730 dividendae
813 2700 859 2740 agi
876 2708 952 2730 con-

87 2737 184 2766 venit.
201 2736 292 2775 plane
307 2737 475 2776 aliquando
492 2738 599 2780 saepius
614 2740 715 2780 agitur
733 2740 791 2771 hac
808 2741 953 2778 actione,

87 2776 175 2808 causa
193 2777 322 2817 cognita
337 2777 357 2808 l.
373 2787 418 2809 20.
436 2777 465 2819 §.
481 2789 509 2818 4.
528 2783 554 2811 b.
574 2787 596 2812 t.
616 2781 651 2812 fit
669 2781 750 2820 hoc,
768 2781 789 2813 si
806 2783 896 2812 dolus
910 2782 954 2812 in-

88 2820 280 2849 tervenerit:
304 2819 375 2858 quia
394 2828 476 2850 enirn
494 2819 538 2851 est
555 2821 622 2852 hzcc
645 2822 739 2853 bonae
758 2822 831 2853 fidei
853 2822 955 2860 actim

87 2860 202 2891 nullius
225 2860 379 2890 momenti
403 2859 447 2891 est
463 2860 571 2892 divisio
589 2863 619 2893 in
637 2872 697 2903 qua
714 2872 843 2905 apparet
863 2864 954 2895 dolus

87 2901 194 2932 malus.
220 2900 401 2940 exemplum
414 2901 476 2932 tale
491 2902 510 2932 l.
526 2907 554 2936 8.
571 2903 604 2933 C.
619 2905 651 2933 de
668 2905 873 2936 collationibus.
899 2905 954 2944 igi-

91 2950 141 2972 tur
155 2941 278 2973 constat
294 2942 357 2972 hoc
371 2942 523 2980 judicium
539 2943 631 2975 rebus
650 2944 860 2977 hereditariis.
905 2947 954 2976 An

89 2984 120 3015 dc
136 2983 230 3015 aliis?
253 2992 317 3014 non
336 2984 470 3023 opinor:
494 2985 651 3024 ideoque,
667 2985 688 3017 fi
705 2997 772 3027 quae
791 2997 840 3018 res
858 2986 893 3018 fit
907 2987 952 3026 ju-

90 3026 193 3055 dicata
218 3033 281 3055 non
301 3025 460 3065 pertinere
479 3026 517 3055 ad
536 3026 761 3060 hereditatem:
786 3038 851 3060 non
867 3029 956 3058 venit

89 3065 122 3097 in
140 3065 221 3096 hanc
238 3065 394 3096 actionem
411 3065 431 3097 l.
450 3075 497 3105 25.
515 3065 542 3107 §.
559 3071 586 3100 8.
602 3067 628 3097 b.
644 3073 666 3098 t.

132 3106 221 3138 Idem
237 3107 426 3145 dicendum,
451 3107 470 3138 fi
486 3117 534 3138 res
551 3106 585 3138 fit
604 3108 808 3148 hereditaria,
831 3120 896 3141 non
913 3117 958 3140 ta-

89 3155 164 3179 men
193 3148 371 3179 communis
395 3148 411 3177 l.
436 3157 464 3184 9.
493 3148 524 3179 C.
549 3149 698 3180 Cominun.
722 3153 845 3192 utriusq.
864 3151 956 3191 judic.

92 3188 285 3228 Exemplum
302 3189 321 3220 l.
334 3199 383 3230 54.
403 3189 444 3220 D.
460 3190 487 3220 h.
504 3196 525 3220 t.
544 3190 593 3220 Ex
611 3190 787 3222 hereditate
802 3191 840 3223 L.
856 3191 956 3231 Titii,

91 3229 167 3300 mipj
185 3230 213 3260 δι
232 3231 290 3303 [Ιίιῖἰ
307 3231 488 3270 communi,
512 3230 644 3263 alienavi
661 3241 762 3264 meam
781 3232 870 3266 fundi
886 3243 957 3275 pnr-

157 3280 209 3302 Om.
275 3296 283 3304 .

1796 135 1863 176 187

990 225 1064 249 tem.
1082 218 1198 249 deinde
1215 226 1385 259 acceptum
1405 218 1449 250 est
1463 218 1546 251 inter
1564 224 1622 251 nos
1637 218 1764 251 fa'miliae
1782 221 1860 252 erei-

988 258 1110 290 scundae
1124 260 1285 299 judicium.
1310 270 1346 291 an
1365 270 1434 300 pars
1451 269 1521 301 quae
1538 270 1607 292 mea
1622 261 1701 299 fuit,
1720 269 1771 292 aut
1787 271 1857 302 quae

987 308 1037 330 tua
1057 300 1118 337 est,
1136 303 1164 331 in
1183 300 1246 330 hoc
1263 302 1350 332 venit
1363 302 1542 341 judicium?
1561 301 1693 334 Neratio
1712 305 1859 335 neutrum

985 341 1121 372 videtur.
1140 342 1274 380 primum
1294 351 1406 382 negat,
1433 352 1552 382 partem
1574 353 1675 375 meam
1700 344 1729 376 in
1746 345 1860 385 judici·

983 392 1034 413 um
1054 383 1182 414 venire:
1200 392 1240 412 eo
1259 387 1345 421 quod
1362 385 1496 415 alienata
1515 385 1603 416 desiit
1622 385 1683 417 ess'e
1700 385 1857 417 heredita-

983 425 1035 454 ria.
1053 423 1169 454 deinde
1184 424 1245 461 ait,
1264 433 1323 454 nee
1340 434 1424 456 tuam
1443 427 1549 457 venire
1562 427 1591 458 in
1609 427 1854 468 hocjudicium:

983 465 1053 504 quia
1066 464 1154 502 haec,
1172 472 1206 494 ut
1223 473 1347 495 maneat
1363 466 1393 496 in
1413 466 1618 507 pristinojure
1630 492 1639 506 ,
1657 469 1858 499 hereditaria-

983 516 1045 546 que
1062 506 1116 536 fit:
1141 505 1332 536 alienatione
1348 508 1442 546 partis
1467 517 1544 538 meae
1570 510 1608 539 de
1626 511 1855 541 communione

983 548 1071 578 exiit.
1110 546 1161 577 Sic
1186 546 1352 579 Neratius:
1376 548 1405 579 ὅ(
1427 549 1533 587 addit,
1560 551 1646 589 quod
1670 551 1708 581 de
1727 561 1791 582 uno
1809 552 1854 582 di-

985 590 1068 620 Ctum
1080 612 1087 624 ,
1103 588 1196 618 etiam
1210 586 1238 618 in
1259 588 1398 627 pluribus
1416 589 1574 620 obtinere.
1594 600 1664 622 narn
1682 593 1708 622 dt
1721 592 1739 623 [i
1752 593 1856 632 plures

985 630 1051 661 suas
1067 630 1273 660 alienaverint
1290 638 1414 668 partes:
1439 630 1569 661 rationis
1586 631 1664 669 esse;
1686 643 1726 663 ne
1742 634 1857 664 aliena-

987 680 1024 702 tae
1044 672 1171 702 veniant
1196 671 1225 700 in
1245 670 1309 701 hoc
1324 670 1491 711 judicium:
1515 672 1587 711 quia
1603 671 1743 705 {imiliter
1759 674 1857 705 delie-

986 722 1058 744 runt
1075 712 1136 743 effe
1152 721 1350 743 communes.
1374 716 1461 752 quod
1477 713 1496 744 si
1514 715 1565 753 qui
1587 713 1651 744 suas
1671 723 1775 754 partes
1792 724 1858 747 non

985 753 1209 790 alienaverint,
1227 755 1307 784 inter
1324 764 1379 786 eos
1390 755 1464 794 quin
1482 764 1526 785 eae
1544 756 1673 786 veniant
1688 756 1717 787 in
1737 755 1800 787 hoc
1813 756 1859 796 ju-

986 796 1122 832 dicium,
1146 794 1279 826 dubitari
1299 804 1363 827 non
1383 804 1524 836 oportet.

1025 836 1186 876 Superiori
1206 837 1357 876 exemplo
1377 838 1489 868 addam
1514 837 1572 869 alia
1597 838 1661 869 duo
1678 838 1695 870 l.
1717 848 1765 879 25.
1784 838 1813 880 §.
1832 848 1857 870 1.

985 878 1011 908 h.
1035 883 1055 908 t.
1080 878 1165 917 prius
1190 876 1252 908 est:
1276 877 1399 909 similes
1423 881 1503 910 duos
1521 879 1688 911 instituerit
1706 879 1859 912 heredes:

987 928 1082 950 unum
1095 919 1253 949 bonorum
1270 919 1467 951 castrensium
1480 944 1488 960 ,
1506 921 1638 952 alterum
1656 930 1861 953 caeterorum.

987 960 1156 1001 quaeritur,
1172 969 1209 990 an
1221 959 1254 990 sit
1266 970 1346 1001 opus
1364 961 1626 994 aetionefamiliae
1643 962 1862 995 erciscundae?

986 1010 1083 1043 negat
1101 1001 1229 1032 Paulus:
1247 1002 1275 1032 ἅ
1294 1002 1390 1033 recte.
1407 1004 1478 1042 quia
1496 1013 1561 1035 non
1578 1003 1623 1035 est
1639 1014 1720 1044 opus
1737 1004 1862 1035 divisso-

987 1053 1027 1074 ne
1045 1042 1226 1083 patrimonii
1244 1052 1299 1083 per
1322 1043 1577 1078 Constitutiones
1596 1046 1659 1086 jam
1675 1055 1692 1076 a
1711 1046 1862 1077 testatore

989 1084 1096 1116 divisi:
1119 1094 1210 1116 certo
1235 1084 1342 1116 militis
1372 1085 1559 1127 privilegi03
1585 1088 1672 1126 quod
1697 1088 1778 1119 nuda
1796 1088 1863 1127 ejus

989 1126 1136 1157 voluntas
1163 1125 1274 1157 sufficit
1299 1128 1335 1157 ad
1360 1127 1538 1159 faciendam
1560 1130 1719 1160 bonorum
1737 1128 1865 1161 suorum

989 1167 1204 1199 divisioneml.
1221 1177 1246 1198 1.
1259 1167 1300 1198 D.
1319 1169 1353 1198 de
1369 1167 1477 1209 testam.
1495 1169 1580 1200 milit.
1600 1171 1740 1202 Alterum
1757 1179 1866 1202 exem*-

991 1210 1076 1250 plum
1097 1210 1140 1240 est
1158 1209 1189 1240 in
1215 1208 1416 1241 nominibus:
1442 1220 1513 1242 nam
1531 1221 1591 1242 nec
1612 1212 1663 1243 illa
1683 1213 1814 1243 veniunt
1830 1211 1864 1242 in

989 1250 1116 1282 familiae
1136 1249 1513 1291 erciscundaejudicium:
1537 1253 1610 1292 quia
1631 1252 1716 1293 Lege
1731 1252 1865 1285 Duode-

990 1293 1052 1324 cim
1067 1292 1262 1324 Tabularum
1281 1292 1427 1332 ipsojure
1440 1293 1507 1324 sunt
1525 1294 1606 1325 inter
1624 1294 1802 1325 coheredes
1819 1295 1864 1325 di-

989 1333 1053 1366 visa
1071 1335 1100 1365 in
1119 1334 1285 1373 portiones
1305 1334 1508 1366 hereditarias
1525 1335 1542 1366 l.
1553 1339 1581 1366 6.
1595 1335 1695 1366 C.h.r.
1716 1334 1863 1374 Tamen,

990 1375 1009 1407 fi
1029 1376 1168 1415 legatum
1192 1376 1243 1406 uni
1260 1384 1299 1406 ex
1326 1375 1494 1407 heredibus
1512 1375 1548 1408 fit
1567 1386 1704 1415 nomen3
1729 1378 1752 1408 is
1771 1378 1864 1408 heres

990 1417 1021 1448 id
1035 1416 1155 1456 judicio
1171 1415 1298 1448 familiae
1310 1417 1502 1448 erciscundae
1513 1417 1719 1457 consequitur
1735 1418 1752 1449 i.
1764 1429 1793 1458 4.
1803 1419 1830 1450 h.
1841 1426 1864 1450 τ.

990 1459 1065 1489 item
1079 1482 1088 1496 ‚
1111 1458 1131 1489 fi
1160 1458 1378 1497 stipulationes
1399 1459 1591 1500 interpositae
1609 1459 1746 1499 fuerint,
1767 1461 1806 1492 de
1822 1460 1867 1492 dia

992 1498 1110 1531 visione
1121 1509 1250 1537 eorum,
1269 1507 1303 1530 ut
1323 1499 1418 1530 stetur
1429 1501 1456 1531 ei
1468 1524 1477 1538 ,
1495 1501 1569 1531 &nt
1586 1502 1664 1532 alter
1674 1502 1763 1534 alteri
1779 1511 1867 1534 man-

991 1541 1044 1572 det
1064 1542 1222 1579 actiones,
1235 1549 1544 1582 procuratoremque
1560 1551 1632 1574 eum
1650 1541 1680 1574 in
1699 1552 1763 1574 rem
1782 1543 1867 1575 suain

991 1582 1106 1621 faciat,
1125 1582 1254 1613 stabitur
1267 1582 1408 1614 divifioni
1429 1583 1447 1613 l.
1465 1593 1493 1614 2.
1510 1583 1537 1624 §.
1556 1584 1609 1614 ult.
1626 1585 1652 1614 h.
1669 1590 1688 1614 t.
1713 1583 1790 1615 Non
1810 1585 1868 1616 mi·-

992 1633 1050 1655 nus
1066 1626 1102 1654 ad
1113 1623 1254 1655 officium
1270 1623 1388 1663 Judicis
1404 1634 1642 1665 nonnumquam
1658 1625 1816 1665 pertinet,
1831 1633 1868 1657 ut

994 1666 1101 1697 debita
1127 1666 1156 1696 ἃ
1180 1665 1301 1696 credita
1318 1664 1445 1706 singulis
1464 1675 1520 1706 pro
1545 1665 1645 1697 solido
1662 1666 1727 1698 aliis
1745 1667 1804 1698 alia
1822 1674 1869 1698 at-

993 1707 1125 1738 tribuat:
1149 1709 1221 1747 quia
1247 1705 1327 1746 saepe
1347 1707 1376 1738 ἃ
1402 1706 1518 1739 solutio
1542 1707 1570 1739 &
1589 1707 1712 1739 exactio
1730 1708 1870 1749 partium

992 1757 1057 1780 non
1076 1748 1204 1780 minima
1218 1748 1424 1780 incommoda
1440 1749 1546 1780 habet.
1571 1748 1757 1781 Nectamen
1770 1749 1871 1781 efficit

993 1790 1063 1821 haec
1078 1788 1264 1827 attributio,
1290 1797 1325 1820 ut
1348 1791 1418 1829 quis
1436 1790 1517 1821 solus
1535 1799 1638 1823 totum
1657 1791 1791 1830 debeat,
1815 1791 1870 1823 vel

995 1839 1099 1863 totum
1118 1831 1210 1862 alicui
1233 1830 1288 1862 soli
1315 1832 1486 1864 debeatur:
1509 1831 1559 1863 sed
1579 1840 1612 1863 ut
1629 1832 1691 1864 five
1709 1832 1871 1873 agendum

994 1872 1048 1911 fit,
1072 1872 1185 1913 partim
1204 1871 1277 1911 suo,
1300 1873 1411 1912 partim
1430 1874 1669 1913 procuratorio,
1694 1873 1823 1906 nomine
1838 1883 1873 1905 a-

994 1923 1065 1955 gat3
1088 1913 1151 1946 sive
1169 1923 1239 1945 cum
1259 1924 1298 1944 eo
1316 1923 1441 1955 agatur,
1458 1917 1570 1955 partim
1588 1915 1738 1956 proprio,
1755 1916 1873 1956 partim

994 1957 1218 1996 procuratorio
1229 1979 1238 1994 ,
1256 1964 1385 1986 nomme
1396 1955 1617 1987 conveniatur.
1633 1966 1704 1988 narn
1717 1957 1792 1988 licet
1804 1966 1873 1988 cre-

994 1997 1151 2029 ditoribus
1171 1997 1267 2028 libera
1284 2005 1408 2028 maneat
1425 1997 1564 2037 potestas
1581 2007 1654 2029 curn
1671 1998 1798 2038 lingulis
1816 2007 1871 2029 ex-

995 2039 1159 2079 periundi,
1184 2046 1287 2069 tamen
1307 2038 1333 2069 &
1351 2038 1399 2070 his
1418 2039 1515 2070 libera
1533 2039 1671 2079 potestas
1689 2040 1734 2071 est
1752 2038 1807 2070 suo
1823 2039 1872 2070 lo—

994 2090 1036 2111 co
1054 2080 1258 2111 substituendi
1276 2089 1332 2111 eos
1349 2080 1379 2110 in
1396 2089 1477 2120 quos
1494 2090 1592 2112 onera
1610 2080 1743 2113 aetionis
1760 2080 1871 2112 officio

993 2120 1110 2162 Judicis
1129 2120 1273 2152 transsata
1295 2120 1363 2152 sunt
1380 2121 1398 2152 l.
1413 2132 1442 2162 3.
1461 2122 1487 2158 h.
1504 2128 1525 2153 t.

1038 2162 1169 2193 Caeterae
1186 2172 1235 2193 res
1246 2172 1357 2194 omnes
1370 2186 1378 2200 ‚
1396 2171 1510 2202 praeter
1527 2164 1674 2202 nomina,
1693 2164 1825 2195 veniunt
1837 2164 1872 2196 in

994 2205 1059 2236 hoc
1076 2204 1226 2243 judicium
1239 2204 1401 2239 ci.l.a.h.t.
1418 2205 1513 2244 idque
1531 2206 1622 2236 variis
1639 2205 1795 2245 exemplis
1816 2205 1872 2237 de-

996 2245 1187 2278 monstratur
1212 2245 1231 2276 i.
1252 2250 1280 2279 8.
1305 2245 1332 2286 §.
1360 2254 1383 2276 1.
1407 2244 1444 2280 &³
1461 2256 1477 2277 2
1512 2248 1577 2277 irem
1592 2247 1611 2278 l.
1630 2257 1657 2283 9,
1676 2247 1696 2277 l.
1722 2255 1766 2277 10.
1784 2247 1803 2277 l.
1822 2254 1869 2278 112

995 2288 1013 2318 l.
1035 2287 1107 2319 12.l.
1130 2286 1204 2326 13.l.
1220 2295 1264 2325 14.
1280 2286 1298 2316 l.
1313 2295 1356 2326 15.
1375 2286 1439 2321 &i
1459 2291 1500 2318 16.
1516 2288 1575 2318 Μ.
1596 2289 1643 2318 An
1664 2287 1789 2319 &mala
1804 2297 1872 2319 me-

996 2329 1195 2366 dicamenta,
1212 2329 1240 2358 ἃ
1257 2328 1403 2359 venena?
1422 2328 1491 2359 sunt
1507 2329 1591 2360 enim
1608 2329 1660 2359 illa
1676 2338 1807 2369 quoque
1817 2329 1874 2361 he-

997 2371 1147 2402 reditatis.
1171 2369 1266 2410 igitur
1276 2370 1318 2400 ait
1330 2368 1483 2410 Ulpianus
1493 2371 1520 2400 d.
1538 2369 1629 2411 l.4.§
1660 2379 1684 2402 1.
1701 2369 1789 2402 Mala
1806 2380 1873 2402 me-

998 2412 1176 2443 dicamenta
1193 2411 1221 2441 o'z
1241 2420 1361 2442 venena
1385 2411 1494 2442 venire
1511 2412 1641 2450 quidem
1660 2412 1689 2442 in
1702 2411 1873 2451 judicium:

996 2452 1049 2484 sed
1067 2453 1172 2490 addit,
1198 2452 1286 2491 quod
1303 2451 1403 2490 Judex
1422 2452 1554 2482 omnino
1571 2453 1600 2483 in
1620 2451 1667 2483 his
1683 2451 1871 2493 interpone-z

997 2504 1030 2526 re
1047 2493 1076 2525 se
1092 2502 1158 2525 non
1170 2494 1278 2524 debet.
1302 2493 1399 2533 magis
1414 2501 1545 2533 oportet
1561 2503 1633 2524 eum
1652 2493 1742 2536 fungi
1760 2494 1872 2526 officio

997 2536 1056 2566 viri
1068 2536 1143 2566 boni
1161 2534 1190 2565 ἂ
1204 2535 1386 2565 innocentis
1398 2545 1405 2566 :
1417 2533 1495 2565 soliti
1507 2544 1556 2565 res
1574 2535 1724 2567 humanas
1739 2535 1871 2576 juvare,

999 2586 1064 2608 non
1081 2577 1235 2616 perdere:
1252 2583 1285 2605 ut
1303 2575 1445 2615 pluribus
1463 2575 1605 2615 ostendi,
1621 2577 1668 2608 lib.
1685 2587 1714 2618 3.
1732 2579 1869 2609 Probabi-

997 2618 1069 2648 lium
1079 2627 1101 2648 c.
1113 2627 1140 2648 2.
1161 2615 1377 2647 Tantumdem
1396 2616 1503 2647 facere
1522 2626 1593 2649 eum
1612 2618 1749 2657 debere,
1764 2618 1870 2659 inquit

997 2657 1153 2698 Ulpianus
1165 2659 1191 2688 ci.
1208 2658 1226 2687 l.
1246 2667 1274 2694 4.
1294 2658 1323 2687 in
1337 2657 1420 2689 libris
1433 2658 1791 2698 improbataeleftionis,
1808 2669 1871 2690 mas

997 2701 1076 2741 gicis
1086 2699 1190 2736 forte,
1208 2700 1258 2729 vel
1269 2698 1316 2730 his
1325 2698 1492 2731 similibus:
1510 2700 1670 2732 haecenim
1683 2702 1789 2732 omnia
1800 2710 1871 2741 pro·

999 2742 1082 2772 tinus
1099 2741 1334 2779 corrumpenda
1352 2739 1423 2771 esse.
1443 2739 1583 2782 Quando
1602 2742 1794 2782 potiffimum
1807 2741 1870 2771 Ro-

999 2791 1057 2813 mae
1082 2782 1217 2821 coeperit
1241 2790 1309 2812 mos
1325 2781 1525 2821 improbandi
1546 2784 1665 2822 libros,
1691 2785 1720 2815 &
1738 2783 1872 2813 combu-

999 2823 1087 2854 rendi
1106 2822 1324 2861 improbatos,
1346 2822 1390 2854 est
1407 2825 1550 2865 egregius
1568 2825 1658 2856 locus
1675 2825 1756 2862 apud
1772 2823 1872 2853 Sene·

999 2873 1068 2895 cam
1088 2863 1210 2894 Patrem
1226 2864 1254 2894 in
1273 2864 1407 2895 Proaemi'o
1422 2866 1470 2896 lib.
1482 2876 1513 2905 5.
1534 2866 1713 2905 Controversj
1728 2864 1870 2895 laudatus

998 2915 1013 2935 a
1025 2904 1130 2945 Lipfio
1147 2906 1183 2935 ad
1202 2904 1294 2936 Tacit.
1309 2906 1392 2942 lilari.
1404 2907 1514 2937 Animi.
1528 2917 1610 2946 2335.
1623 2907 1650 2936 ἀ
1667 2906 1725 2946 legi
1744 2905 1868 2943 dignus.

1000 2945 1051 2977 De
1067 2947 1196 2987 magicis
1213 2955 1310 2986 porro
1322 2947 1407 2979 libris
1419 2950 1506 2988 quod
1524 2949 1562 2978 ab
1576 2947 1712 2985 Ulpiano
1730 2945 1870 2985 politum

998 2986 1042 3018 est
1059 2990 1084 3017 d.
1102 2987 1122 3018 l.
1139 2997 1166 3026 4.
1185 2987 1314 3019 testatur
1331 2989 1426 3020 etiam
1442 2988 1551 3019 Paulus
1566 2989 1611 3017 lib.
1626 2997 1654 3026 5.
1670 2986 1799 3018 Seniani.
1818 2988 1867 3019 tits

998 3038 1044 3069 23.
1065 3028 1092 3070 §.
1112 3033 1156 3062 18.
1180 3029 1221 3059 At
1238 3031 1290 3069 qui
1302 3030 1346 3061 illi
1364 3031 1406 3061 his
1420 3028 1548 3067 fimiles?
1561 3029 1694 3067 opinor,
1711 3028 1814 3059 Sacrae
1831 3029 1868 3060 li-

999 3078 1091 3107 terae,
1116 3079 1157 3100 ex
1182 3069 1311 3112 Ulpiani
1326 3081 1416 3102 aevo:
1439 3072 1478 3101 de
1495 3079 1558 3107 quo
1576 3069 1755 3101 Lactantius
1771 3069 1820 3101 lib.
1837 3081 1867 3110 ς(

999 3109 1106 3142 Divin.
1134 3109 1203 3151 Inst.
1222 3122 1245 3143 c.
1265 3121 1317 3144 11:
1341 3113 1370 3143 ἃ
1393 3112 1476 3143 clare
1493 3110 1533 3140 fic
1550 3109 1760 3150 Prudentius,
1784 3110 1869 3143 Peri-

991 3150 1169 3193 stephanon,
1195 3153 1314 3195 Hymno
1328 3164 1357 3192 5.
1378 3153 1529 3183 Vincentio
1547 3150 1691 3192 Martyri.

1038 3204 1044 3207 ·
1165 3194 1272 3226 Saltem
1287 3195 1405 3225 latentes
1417 3193 1542 3232 paginas

1157 3235 1314 3277 Librosque
1330 3239 1435 3274 opertos
1451 3235 1565 3274 detege,

1152 3286 1209 3307 512

1802 3275 1869 3318 ρμο
