2036 3495
575 143 932 178 GERARnr
988 139 1028 175 N

136 151 183 197 06

136 237 264 276 stratui,
279 242 334 267 aut
351 231 461 273 Equiti
481 229 607 263 illustri:
626 239 668 261 ne
684 229 789 261 voluit
805 228 954 270 quidem,
973 236 1019 260 ta-

138 280 185 311 les
204 288 272 308 earn
288 278 423 311 intrare,
448 271 477 302 se
495 272 622 312 ignaro:
645 271 785 311 ideoque
802 271 833 302 in
851 279 920 302 eam
937 270 1018 302 misit

139 320 292 359 Equitem
311 324 375 346 non
394 314 564 345 illustrem:
587 312 625 344 ad
649 311 886 349 similitudinem
912 319 1018 343 tamen

137 357 360 393 Proconsulis;
386 354 582 393 vocavitque
605 362 679 384 eum
696 353 886 386 Praefectum
914 354 1020 394 Augu-

142 400 260 432 stalem.
283 405 379 438 atque
396 404 432 427 ut
448 395 480 427 id
494 394 564 435 jure
579 393 692 435 fieret3
709 395 803 435 (i'olis
820 395 905 428 enim
922 395 1020 427 Sena-

1063 151 1084 176 o
1119 149 1140 175 ο
1172 146 1203 177 n
1230 140 1394 176 TJjC'oi
1422 145 1517 177 istst.

1061 230 1192 262 toribus
1203 231 1448 271 permittebatur
1461 229 1659 270 jurisdic‘lio)
1675 229 1747 271 lege
1765 240 1845 272 opus
1863 234 1940 267 suis⁹

1061 270 1112 309 se,
1127 271 1236 312 auCtor
1252 273 1297 305 est
1314 272 1450 304 Tacitus
1467 272 1513 302 lio.
1531 282 1575 303 12.
1594 272 1705 303 Amial.
1725 282 1748 301 c.
1763 277 1813 304 60.
1832 274 1859 305 ἀ
1872 277 1940 315 plu-

1062 312 1149 345 ribus
1173 310 1294 355 Lipfius
1314 311 1357 346 ihi
1375 314 1502 347 Excurl.
1528 313 1561 344 B.
1589 312 1641 344 Dc
1659 312 1816 344 Praefeeto
1835 316 1938 356 Augu-

1062 352 1146 435 aa}
1159 355 1255 388 etiam
1288 356 1432 395 quaedam
1460 353 1622 386 Rcinesius
1656 356 1695 386 ad
1723 354 1857 395 lrzscript.
1890 360 1939 389 26,

1074 412 1078 415 “
1099 405 1115 425 α
1141 419 1150 427 ι
1169 405 1197 429 2·
1643 419 1648 423 ¹
1912 405 1915 408 Δ

748 478 783 513 Τ
815 489 828 513 1
860 489 884 513 ‘r
919 491 943 515 u
977 490 995 514 L
1024 489 1048 513 u
1081 491 1097 514 s
1157 452 1343 516 XVIIIJ

860 556 911 591 De
930 545 1043 600 Officio
1063 543 1219 606 Praefidis.
1265 533 1268 550 ζ
1322 543 1328 548 ³

138 646 271 723 D1x1
290 646 330 678 de
339 644 497 688 AEgypto.
521 645 553 677 in
569 652 701 677 eaeteras
714 643 842 677 Caelaris
857 645 1020 685 provinci-

234 699 267 721 as
285 688 363 720 miffi
381 698 397 719 a
413 686 534 720 Caesare
551 686 643 718 suere
661 686 822 718 Praesides.
851 685 895 717 est
911 694 1019 719 autem

139 730 282 765 Praefidis
298 738 416 761 nomen
433 729 599 770 generale:
618 737 725 769 eoque
743 728 773 760 &
791 727 1018 768 Proconsules,

142 774 173 805 ἂ
192 772 303 813 Legati
314 771 443 802 Caesaris
455 794 464 809 ,
477 770 507 801 ὅ(
525 779 639 802 omnes
650 770 832 810 provincias
850 777 1000 811 regentes
1011 793 1021 809 ,

140 816 218 848 licet
232 814 405 846 Senatores
421 812 499 850 sint,
524 810 673 843 Przefides
690 811 900 852 appellantur.
946 811 1021 842 Pro-

138 855 278 888 consulis
294 854 469 894 appellatio
487 852 631 893 specialis
648 852 694 884 est
707 854 726 884 l.
747 862 772 884 1.
791 853 820 884 b.
841 859 861 884 t.
887 852 952 895 Qui
970 862 1022 884 au-

139 906 206 930 tem
223 896 402 936 specialiter
417 895 595 935 appellatur
610 894 727 927 Praeses
738 917 748 934 ‚
764 895 789 926 is
806 901 840 926 ut
857 893 902 926 est
919 893 1020 936 Lega-

140 947 191 972 tus
207 936 336 971 Caesaris
357 943 518 974 tamquam
537 935 760 973 Proconsulis,
783 944 819 967 ut
841 936 905 968 dixi
930 935 1021 976 supe-

138 982 224 1014 riore
247 978 389 1010 Titulo:
419 976 461 1009 stc
485 978 638 1018 exemplo
662 976 776 1018 Legati
799 977 1020 1017 Proconsulis,

140 1023 270 1054 demum
291 1021 461 1060 imperium
477 1018 564 1051 suum
581 1019 761 1059 accipiebat
777 1018 927 1060 ingressus
946 1019 1020 1051 Pro⁴

138 1065 296 1101 vinciam,
319 1061 569 1102 deponebatque
588 1061 621 1092 id
638 1061 758 1100 statim,
783 1067 880 1100 atque
896 1061 1022 1092 intelle·

140 1107 207 1145 xit,
223 1102 433 1136 successorem
444 1101 620 1134 advenisse:
638 1102 768 1134 auctore
787 1100 896 1133 Dione
911 1101 1019 1144 lib.53.

140 1149 171 1179 &
187 1148 207 1178 l.
225 1148 304 1178 unic.
323 1144 365 1176 D.
383 1146 416 1176 cle
432 1143 506 1185 offic.
523 1143 651 1184 praefeft.
667 1141 826 1185 Augustali.
843 1144 921 1174 item
938 1144 957 1174 l.
974 1153 1019 1184 17.

140 1189 168 1220 b.
179 1194 199 1220 t.
220 1188 281 1219 Sed
293 1187 361 1218 haec
379 1186 409 1217 δε
425 1187 484 1216 alia
502 1185 650 1226 Cujacius
665 1185 713 1216 lib.
729 1195 776 1217 20.
791 1184 911 1225 Observ.
931 1195 955 1216 c.
967 1195 1020 1226 537,

143 1232 172 1262 ἂ
194 1229 315 1270 Lipfius
332 1227 458 1266 Est-cars:
478 1227 525 1258 M.
540 1228 578 1258 ad
596 1227 645 1258 lib.
665 1237 689 1258 1.
709 1225 821 1257 Annal.
842 1225 946 1257 Taciti.

180 1271 261 1313 Quae
280 1278 378 1311 porro
390 1269 420 1300 &
431 1277 547 1308 quanta
564 1267 661 1300 fuerit
677 1268 742 1308 ejus
755 1267 895 1308 potestas
905 1292 914 1307 ,
929 1268 1022 1299 intel-

139 1313 247 1354 ligitur
265 1322 304 1343 εκ
320 1311 337 1341 ἰ.
361 1320 405 1342 10.
425 1319 473 1341 11:
487 1310 523 1344 &³
544 1320 589 1341 12.
606 1310 632 1340 h.
642 1316 662 1340 t.
680 1310 835 1347 inquibus
851 1309 894 1341 fic
913 1317 1020 1342 extat:

139 1355 194 1386 De
205 1354 353 1385 omnibus
370 1351 466 1383 caufis
477 1352 516 1383 de
533 1351 646 1391 quibus
663 1351 712 1382 vel
731 1350 902 1382 Praeseftus
920 1349 1020 1390 Urbi,

139 1396 193 1427 vel
216 1394 389 1427 Praefectus
417 1392 572 1424 Praetorio
588 1416 598 1431 ,
622 1393 766 1432 itemque
794 1392 967 1430 Consules,
990 1393 1020 1424 ὅτ.

140 1438 318 1474 Praetores,
345 1434 519 1474 caeterique
535 1433 646 1465 Rornae
665 1433 884 1474 cognoscunt,
907 1434 1021 1466 Corre-

142 1479 265 1510 {torum
278 1478 305 1508 δε
318 1475 485 1508 Praefidum
494 1475 736 1506 Provinciarum
745 1475 839 1506 notio
850 1474 905 1508 est.
914 1477 1021 1507 omnia

141 1521 226 1551 enim
243 1516 451 1559 provincialia
468 1515 620 1547 desideria
636 1525 706 1557 quae
718 1515 828 1548 Romae
848 1517 953 1548 varios
967 1516 1019 1556 Ju-

140 1562 227 1592 dices
238 1560 377 1597 habent,
388 1558 427 1589 ad
438 1557 580 1589 officium
596 1556 765 1590 Praefidum
779 1558 951 1596 pertinent.
968 1557 1021 1589 sed

141 1603 217 1634 licet
227 1602 252 1634 is
270 1602 323 1642 qui
334 1599 511 1641 provinciae
527 1598 658 1640 praeest,
670 1601 816 1633 omnium
828 1599 938 1632 Romae
950 1599 1019 1632 Ma-

779 1683 815 1718 T
848 1694 861 1718 1
896 1695 919 1718 T
951 1694 975 1719 U
1009 1693 1029 1717 L

626 1760 676 1796 De
695 1756 809 1806 Officio
829 1760 1043 1795 Procuratoris

179 1862 203 1885 N
221 1850 360 1884 Rubi-ica
371 1859 442 1893 quae
458 1847 504 1881 est
521 1848 568 1882 De
582 1848 691 1890 Officio
711 1849 913 1880 Procuratorz's
931 1849 1022 1890 Caesa-

139 1854 175 1930 I
201 1895 243 1926 ris
262 1893 309 1924 vel
332 1892 517 1930 Rationalis,
543 1891 650 1931 potest
667 1893 804 1928 vocula,
829 1891 895 1927 vel,
918 1892 1022 1931 accipi

140 1941 200 1976 pro
217 1937 247 1967 id
262 1932 321 1976 est,
345 1941 534 1975 argumento
551 1932 616 1963 hoc
640 1932 834 1973 Lampridii,
858 1932 1019 1964 Alea-amr.

141 1977 242 2008 Sever.
261 1986 285 2009 c.
305 1986 356 2016 45.
375 1975 599 2013 Procuratores,
616 1974 646 2004 icl
662 1973 718 2014 est,
733 1974 890 2005 rationales
905 1976 1021 2005 ordina·

140 2027 181 2050 re.
229 2017 389 2049 Eumdem
407 2016 502 2048 etiam
526 2015 588 2047 effe
607 2014 828 2055 Rationalem,
853 2015 883 2046 <St
902 2015 1022 2047 Procu—

140 2064 282 2092 ratorem
302 2058 449 2096 Caesaris,
474 2056 613 2089 ostendit
641 2055 845 2089 Casaubonus
868 2057 905 2088 ad
922 2058 949 2088 d.
968 2057 1020 2089 loc.

142 2101 174 2133 ὅ(
189 2101 228 2132 acl
247 2101 465 2140 Capitolinum
491 2098 655 2130 Maximin.
674 2098 757 2129 duob.
782 2108 805 2129 c.
826 2107 873 2139 14.
895 2097 1020 2130 Institu-

142 2148 193 2174 tus
209 2143 235 2174 is
254 2141 446 2173 Procurator
463 2140 545 2179 fuit,
571 2148 607 2171 ut
625 2138 854 2172 administraret
870 2149 919 2171 res
936 2140 1022 2179 fisci,

141 2184 281 2225 praedia,
304 2183 393 2215 verbi
420 2182 537 2224 gratia,
562 2182 704 2221 locaret,
726 2182 804 2213 item
828 2181 969 2220 reditus,
992 2182 1023 2213 ὅτ

142 2220 252 2258 debita
267 2224 334 2257 fisci
351 2224 514 2265 exigeret,
537 2222 626 2255 fimul
643 2231 851 2264 acceptorum
868 2221 1022 2264 expenso-

142 2276 280 2307 rumque
291 2267 433 2298 rationes
443 2264 631 2298 conficeret.
654 2265 774 2297 indicat
789 2265 859 2296 haec
875 2264 963 2296 Dion
975 2265 1021 2296 lib.

142 2316 191 2350 53.
207 2315 275 2350 pag.
294 2317 363 2349 579.
381 2308 552 2348 additque,
569 2307 647 2338 tales
664 2305 772 2339 miffos
789 2306 852 2338 esse
869 2307 899 2338 in
910 2316 1024 2339 omnes

142 2351 345 2390 provincias,
369 2350 484 2391 partim
508 2358 549 2380 ex
566 2347 756 2389 Equitibus‚
781 2349 896 2388 partim
914 2357 954 2380 ex
971 2347 1023 2379 Li-

142 2392 251 2424 bertis.
288 2391 363 2423 Nec
381 2391 516 2429 dubito,
540 2390 616 2431 quin
634 2399 651 2421 a
667 2389 878 2422 conficiendis
894 2390 1023 2421 rationi·

144 2433 203 2464 bus
219 2433 320 2465 dictus
338 2432 375 2464 fit
393 2431 586 2471 Rationalis;
611 2431 640 2463 ἃ
657 2432 745 2472 quod
764 2431 828 2463 fisci
849 2432 901 2463 vel
923 2431 1024 2462 Caefa-

143 2475 186 2506 ris
212 2484 261 2506 res
287 2482 432 2513 curaret,
456 2474 652 2506 Procurator
667 2471 751 2512 fisci,
770 2474 854 2516 ⁴item
872 2473 1023 2506 Procura-

146 2523 199 2547 tor
215 2515 363 2555 Caesaris,
386 2517 416 2547 δι
435 2515 573 2547 Curator
596 2514 726 2547 Caesaris
742 2515 759 2546 1.
778 2525 805 2555 3.
823 2515 849 2546 h.
867 2520 887 2546 t.

186 2555 243 2588 Est
259 2557 354 2598 igitur
364 2558 429 2598 ejus
439 2556 582 2588 officium
594 2579 604 2595 ,
620 2557 728 2597 (quod
746 2555 893 2588 observat
911 2556 1022 2597 Ulpia-

143 2607 203 2631 nus
220 2597 238 2629 l.
259 2607 282 2630 1.
301 2598 327 2629 b.
343 2599 384 2638 t.)
407 2607 474 2630 rein
492 2597 622 2630 Caesaris
645 2598 816 2639 diligenter
835 2607 967 2639 gerere:
990 2598 1022 2629 id

142 2639 189 2671 est
201 2662 210 2678 ,
232 2639 466 2678 administrare,
484 2638 695 2678 conservare,
720 2640 812 2671 tueri.
836 2640 925 2680 quod
943 2638 963 2671 fi
980 2639 1024 2670 fa-

144 2680 248 2713 ctum:
264 2680 307 2711 ait
324 2679 499 2720 Ulpianus,
515 2690 584 2721 quae
595 2680 663 2713 aesta
679 2680 766 2722 gesta
783 2680 868 2720 sunt,
884 2680 927 2712 fic
936 2690 1024 2712 com-

142 2722 295 2764 probari,
317 2728 413 2762 atque
430 2722 457 2753 ‘si
479 2732 496 2753 a
521 2722 643 2757 Caesare
658 2722 744 2764 gesta
761 2722 871 2754 ess'ent.
897 2723 985 2763 quod
1001 2721 1023 2754 fi

144 2773 214 2797 rem
230 2761 360 2795 Caesaris
376 2764 479 2794 tradat
498 2764 582 2804 quasi
600 2773 667 2796 rem
685 2765 866 2805 propriam:
882 2773 947 2796 non
965 2773 1022 2804 pu-

148 2811 196 2838 tat
212 2805 386 2846 Ulpianus,
409 2813 481 2835 eum
499 2806 675 2837 dominium
693 2805 883 2838 transferre:
908 2805 1022 2847 praefa-

146 2854 220 2886 tus,
243 2846 332 2887 quod
355 2853 431 2876 tunc
456 2845 625 2886 transfert,
647 2856 721 2879 cum
739 2848 906 2889 negotium
925 2847 1024 2880 Caesa-

145 2889 190 2921 ris
199 2897 332 2930 gerens,
347 2885 501 2918 consensu
516 2886 608 2927 ipfius
620 2890 730 2920 tradit:
741 2889 881 2930 denique
892 2912 901 2928 ,
917 2888 937 2921 fi
950 2898 1023 2920 ven-

146 2930 298 2968 ditionis,
314 2927 532 2973 transactionis
543 2950 553 2966 ,
570 2929 621 2959 vel
638 2930 821 2962 donationis
839 2929 929 2961 causa
945 2930 1022 2970 quid

144 2980 238 3014 agat3
259 2970 340 3003 nihil
358 2969 436 3012 agit:
461 2978 534 3009 quia
555 2977 619 3000 non
635 2971 772 3003 alienare
791 2974 820 3003 ei
838 2982 906 3004 rem
925 2971 1022 3004 Caesa·

143 3016 206 3052 ris,
230 3012 302 3051 sed,
328 3019 363 3043 ut
387 3011 469 3050 dixi,
494 3010 664 3051 diligenter
689 3021 800 3052 gerere
825 3013 1023 3045 commissum

145 3055 201 3086 est.
227 3053 383 3094 Ulpianus
399 3056 460 3091 ait,
472 3051 505 3083 ¹&
522 3051 589 3082 hoc
607 3051 668 3082 ess'e
679 3056 892 3093 praecipuum,
909 3056 939 3087 id
958 3055 1021 3094 est,

144 3096 318 3136 singulare,
335 3095 366 3126 in
379 3094 590 3126 Procuratore
601 3092 752 3126 Caesaris:
771 3097 860 3134 quod
879 3097 944 3136 ejus
958 3098 1022 3137 jus-

142 3137 178 3168 su
198 3137 303 3169 servus
322 3136 451 3169 Caesaris
468 3135 555 3166 adire
579 3134 789 3165 hereditatem
809 3139 924 3175 potest.
948 3147 1020 3170 nam

144 3178 305 3210 hereditas
327 3179 396 3218 jure
420 3176 582 3209 communi
601 3184 659 3216 per
684 3175 926 3209 Procuratorem
944 3180 1021 3211 adiri

142 3229 210 3251 non
230 3218 335 3260 potest
345 3220 362 3250 l.
378 3229 426 3256 oo.
447 3218 487 3250 D.
503 3219 537 3250 de
552 3219 615 3259 adq.
633 3218 724 3249 hereti.
748 3216 900 3248 Similiter
915 3218 935 3249 fi
950 3219 1018 3250 Cae-

141 3261 187 3296 sar
203 3260 296 3296 heres
311 3260 510 3301 instituentium
533 3259 695 3293 miscendo
714 3258 744 3292 se
756 3259 918 3300 opulentae
931 3260 1020 3292 here·

1062 643 1248 685 gistratuurn
1268 644 1340 676 vice
1366 645 1396 677 ὅ(
1414 646 1523 679 officio
1544 646 1636 687 fungi
1655 645 1784 677 debeat:
1809 653 1875 677 non
1894 652 1942 677 ta-

1063 694 1138 717 men
1162 684 1368 726 spectandum
1392 687 1436 718 est
1454 711 1463 727 ,
1488 689 1564 729 quid
1589 688 1700 720 Romae
1726 686 1844 719 facium
1876 687 1943 726 est,

1064 735 1158 767 quam
1186 728 1262 766 quid
1292 725 1359 759 fieri
1379 728 1497 761 debeat
1512 731 1531 761 l.
1553 739 1598 771 13·
1620 730 1646 760 h.
1665 736 1685 760 t.
1720 728 1830 760 Habet
1848 730 1943 770 igitur·

1064 769 1162 808 majus
1193 769 1362 809 imperium
1391 771 1423 800 in
1448 780 1485 802 ea
1509 772 1676 811 provincia
1699 771 1848 802 omnibus
1872 769 1945 811 post

1065 809 1246 850 Principem
1263 810 1281 841 l.
1299 820 1328 849 4.
1344 810 1371 841 h.
1383 816 1402 841 t.
1420 813 1605 844 maximein
1622 812 1683 843 suae
1695 812 1869 852 provinciae
1887 813 1946 842 ho-

1065 852 1185 884 mines:
1202 851 1232 883 ἀ
1250 851 1333 890 hoc,
1353 853 1427 883 duni
1449 853 1480 884 in
1497 854 1662 894 provincia
1678 853 1741 885 est:
1765 863 1836 885 nam
1852 853 1872 885 si
1890 862 1944 884 ex-

1064 893 1208 932 cesserit,
1230 894 1372 933 privatus
1395 893 1448 925 est.
1476 894 1573 925 habet
1589 895 1748 926 interdum
1773 896 1943 936 imperium
1992 912 1996 916 -

1064 933 1212 967 adversus
1235 943 1407 966 extraneos
1434 935 1606 968 homines:
1643 935 1665 967 fi
1690 937 1765 977 quid
1792 938 1823 968 in
1847 936 1945 967 alium

1064 986 1160 1009 manu
1180 976 1409 1008 commiserint.
1441 987 1513 1008 narn
1537 978 1616 1008 &in
1640 977 1804 1009 Mandatis
1824 977 1945 1009 Princi-

1064 1026 1139 1058 pum
1152 1017 1216 1056 est3
1235 1026 1270 1049 ut
1287 1026 1378 1049 curet
1393 1019 1418 1050 is
1438 1020 1490 1058 qui
1507 1018 1685 1050 Provinciae
1702 1018 1829 1059 praeest,
1855 1019 1945 1051 malis

1064 1059 1249 1092 hominibus
1264 1069 1398 1100 purgare
1416 1059 1635 1092 Provinciam:
1650 1070 1713 1092 nec
1723 1059 1943 1101 distinguitur,

1064 1103 1149 1133 unde
1166 1100 1224 1132 fint
1241 1101 1261 1131 l.
1273 1110 1302 1141 3.
1320 1104 1348 1132 l).
1360 1107 1383 1132 t.
1410 1101 1444 1133 In
1460 1100 1665 1133 Decuriones
1683 1109 1789 1133 tamen
1807 1100 1836 1133 ὅ(
1855 1101 1945 1133 Prin-

1064 1143 1183 1183 cipalcs
1209 1143 1375 1174 civitatum
1394 1166 1404 1181 ,
1436 1142 1457 1174 fi
1479 1144 1648 1184 capitalem
1673 1143 1847 1174 meruerint
1873 1151 1944 1183 ρω-

1065 1193 1160 1222 nam,
1183 1192 1238 1215 aut
1263 1183 1444 1216 admiserint
1467 1185 1587 1225 aliquid
1609 1193 1743 1225 propter
1760 1185 1945 1225 quadrele·

1067 1227 1159 1267 gandi
1185 1226 1372 1265 videantur,
1397 1226 1473 1257 nihil
1499 1227 1636 1258 statuere
1659 1226 1774 1263 debet,
1799 1225 1854 1256 nisi
1870 1235 1946 1257 con-

1065 1267 1154 1299 sensu
1177 1266 1332 1308 Principis
1357 1268 1378 1298 l.
1398 1277 1447 1307 27.
1474 1268 1503 1308 §.
1525 1277 1551 1298 1.
1571 1267 1610 1301 &³
1629 1279 1656 1299 2.
1677 1268 1708 1298 I)
1741 1269 1891 1307 ciepaem's.
1909 1269 1944 1300 iu

1065 1309 1150 1340 hunc
1169 1308 1287 1340 sensum
1305 1309 1494 1349 explicanda
1514 1310 1556 1340 ibi
1577 1309 1735 1350 synchysis
1754 1318 1847 1347 quam
1864 1308 1945 1340 indi,

1065 1351 1135 1381 cavi
1152 1350 1199 1381 lib.
1213 1360 1240 1381 9..
1255 1350 1375 1387 Observ.
1388 1360 1412 1380 c.
1429 1354 1477 1381 26.
1497 1351 1578 1382 Illud
1595 1352 1692 1382 etiam
1704 1350 1946 1382 observandum

1064 1391 1129 1430 cst,
1146 1393 1174 1423 ei
1193 1394 1244 1430 qui
1263 1392 1581 1432 provinciamregit,
1595 1401 1647 1429 ne
1663 1390 1743 1423 fines
1763 1391 1830 1431 ejus
1849 1396 1946 1422 exce·

1064 1435 1136 1471 dat,
1160 1432 1215 1464 nisi
1241 1434 1311 1464 voti
1334 1432 1479 1465 solvendi
1496 1432 1603 1472 causa,
1627 1433 1702 1465 dum
1722 1441 1828 1464 tamen
1845 1433 1945 1463 abno-

1064 1475 1148 1506 &are
1174 1477 1203 1506 ei
1223 1483 1289 1506 non
1304 1475 1399 1507 liceat
1414 1475 1434 1505 l.
1456 1483 1501 1514 15.
1518 1476 1547 1505 b.
1564 1482 1586 1506 t.
1604 1475 1795 1515 Papinianus
1811 1483 1944 1514 quoque

1063 1517 1111 1548 lib.
1134 1526 1160 1548 r.
1181 1516 1387 1557 Responfhrum
1401 1515 1443 1547 fic
1466 1516 1611 1548 scribit‘l.
1631 1526 1679 1548 20.
1697 1517 1726 1547 h.
1746 1521 1767 1547 t.
1805 1515 1945 1555 Legatus

1064 1557 1209 1597 Caesaris,
1229 1559 1261 1589 id
1275 1557 1337 1596 est,
1355 1556 1471 1590 Praeses
1488 1558 1539 1588 vel
1558 1556 1732 1589 corrector
1747 1558 1944 1598 provinciae,

1064 1600 1244 1631 abdicando
1262 1598 1292 1630 se
1311 1609 1377 1632 nou
1394 1599 1512 1631 amittit
1527 1598 1708 1640 imperium

1200 1684 1307 1719 XIX.

1064 1759 1193 1808 Caesaris
1208 1761 1258 1795 vel
1272 1760 1459 1796 Rationalis.

1069 1694 1092 1718 U
1125 1696 1140 1719 S

1065 1850 1156 1881 ditati
1181 1857 1373 1890 procurator
1395 1849 1549 1881 heredem
1570 1848 1729 1881 Caesarem
1745 1848 1835 1881 facit.
1858 1849 1947 1889 quod

1064 1892 1084 1923 si
1101 1902 1136 1923 ea
1156 1891 1241 1922 bona
1253 1899 1293 1922 ex
1310 1891 1426 1931 quibus
1446 1891 1623 1931 Imperator
1640 1892 1731 1923 heres
1746 1891 1945 1928 instituatur,

1065 1933 1223 1964 solvendo
1241 1942 1306 1964 non
1325 1932 1405 1971 iint3
1428 1942 1462 1964 re
1486 1932 1667 1973 perspecta,
1691 1933 1866 1965 consulitur
1885 1931 1946 1963 Irn-
1971 1931 1975 1936 '

1065 1983 1205 2015 perator.
1233 1974 1358 2006 heredis
1369 1974 1454 2005 enim
1471 1973 1602 2005 instituti
1615 1974 1645 2004 in
1664 1974 1818 2005 adeundis
1833 1974 1881 2004 vel
1897 1983 1945 2004 re-

1064 2016 1233 2058 pudiandis
1255 2015 1434 2056 hujusmodi
1463 2015 1695 2047 hereditatibus
1722 2015 1872 2046 voluntas
1889 2024 1944 2046 ex-

1064 2059 1220 2099 ploranda
1237 2056 1282 2089 est
1300 2059 1325 2088 ιι.
1341 2057 1359 2088 l.
1381 2066 1402 2088 t.
1419 2056 1458 2091 &³
1475 2066 1501 2088 2.
1519 2057 1545 2087 h.
1563 2062 1583 2087 t.

1108 2099 1198 2131 Sicut
1213 2099 1309 2141 igitur
1325 2099 1520 2130 Procurator
1536 2096 1666 2130 Caesaris
1684 2098 1868 2139 accipiebat
1881 2097 1950 2138 ejus

1063 2141 1212 2174 mandata
1238 2141 1278 2172 ad
1296 2140 1555 2171 administrandas
1579 2138 1700 2171 fiscales
1727 2140 1831 2172 causas
1848 2148 1948 2179 pecu-

1062 2183 1196 2215 niarias:
1218 2182 1261 2213 ita
1278 2182 1387 2220 litem,
1407 2181 1430 2212 fi
1451 2190 1525 2222 quae
1543 2182 1583 2212 de
1601 2181 1649 2212 his
1669 2181 1844 2219 incideret,
1867 2181 1947 2213 olim

1066 2224 1207 2257 debebat
1231 2222 1375 2264 persequi
1400 2223 1484 2262 apud
1510 2222 1721 2254 Proconsules
1747 2223 1777 2254 &
1798 2221 1948 2255 Praefides

1065 2274 1203 2306 quorum
1222 2272 1289 2296 erat
1302 2264 1492 2305 jurisdictio.
1516 2263 1581 2304 ipse
1598 2265 1683 2296 enim
1708 2264 1791 2296 hanc
1807 2273 1874 2296 non
1894 2263 1948 2295 ha·

1066 2308 1183 2339 bebat:
1203 2315 1395 2347 quamquam
1412 2313 1540 2346 poterat
1557 2308 1713 2337 coercere
1732 2305 1858 2337 servitia
1875 2304 1948 2337 Cae-

1065 2348 1160 2380 saris:
1183 2348 1335 2389 exemplo
1352 2348 1487 2379 aliorum
1504 2347 1753 2379 procuratorum
1778 2348 1893 2388 quibus
1909 2356 1947 2378 ea

1066 2389 1208 2432 potestas
1224 2399 1241 2421 a
1261 2390 1400 2421 dominis
1417 2388 1564 2420 concessa
1582 2397 1661 2420 erat.
1685 2396 1813 2428 poterat
1832 2396 1946 2428 praete-

1066 2442 1126 2465 reav
1142 2431 1252 2472 (quod
1268 2431 1312 2462 ait
1323 2429 1516 2463 Callistratus
1533 2430 1551 2461 l.
1564 2440 1593 2470 3.
1611 2430 1641 2471 §.
1657 2439 1683 2461 1.
1700 2431 1728 2461 b.
1740 2430 1782 2470 t.)
1805 2431 1946 2469 aliquem

1068 2473 1152 2515 quafi
1169 2471 1399 2505 tumultuosum
1418 2472 1469 2504 vel
1494 2471 1674 2511 injurioium
1691 2470 1837 2502 adversus
1854 2472 1945 2502 colo-

1066 2525 1126 2548 nos
1152 2513 1300 2552 Caesaris,
1325 2513 1499 2553 prohibere
1523 2514 1553 2543 in
1572 2513 1687 2551 praedia
1706 2512 1878 2544 Caesariana
1894 2521 1945 2542 ae-

1066 2558 1192 2589 cedere.
1210 2564 1282 2587 nam
1299 2554 1329 2586 &
1345 2555 1414 2586 haec
1430 2555 1558 2594 privatae
1575 2552 1736 2584 facultatis
1752 2554 1831 2585 sunt.
1855 2553 1945 2594 quod

1065 2599 1086 2631 fi
1103 2597 1228 2639 longius
1244 2597 1324 2636 iret,
1343 2595 1523 2636 usurpando
1541 2595 1605 2626 vim
1625 2595 1793 2627 Pr'aetoris:
1809 2595 1873 2626 fine
1889 2595 1948 2626 du-

1065 2641 1121 2671 bio
1144 2638 1329 2671 excedebat
1352 2637 1432 2669 fines
1465 2637 1621 2668 mandatae
1651 2636 1944 2668 administrationis.

1066 2681 1144 2713 Non
1173 2679 1321 2712 arcessam
1347 2687 1542 2719 argumenta.
1566 2677 1679 2709 sufficit
1696 2677 1833 2709 Tacitus
1849 2679 1897 2709 tib.
1914 2687 1944 2716 4.

1066 2722 1183 2755 Annal.
1199 2732 1221 2752 ε.
1243 2731 1276 2762 15
1292 2729 1298 2751 :
1322 2721 1431 2752 dicens
1442 2743 1451 2758 ‚
1469 2720 1687 2751 Procuratorem
1701 2719 1779 2755 Alite
1797 2718 1946 2751 Lucilimn

1068 2766 1251 2806 Capitonem,
1267 2762 1420 2802 accusante
1431 2762 1587 2802 provincia
1597 2785 1606 2800 ‚
1622 2761 1739 2801 causam
1749 2760 1869 2802 dixrffe‚
1885 2771 1945 2792 ma·

1065 2816 1127 2849 gna
1143 2815 1208 2836 cnm
1223 2804 1426 2845 affeveratz'one
1444 2803 1610 2843 Principis,
1626 2803 1698 2834 Non
1707 2807 1741 2844 Je
1753 2800 1895 2844 jaspm'fi
1907 2803 1943 2832 in

1057 2848 1186 2888 servitia
1203 2846 1239 2881 ὅ)
1251 2848 1390 2886 pecunias
1404 2844 1575 2885 familiares
1597 2844 1718 2885 dediffe:
1739 2845 1813 2886 quod
1830 2842 1860 2883 fi
1880 2845 1943 2874 vim

1066 2890 1208 2921 Praecoris
1227 2886 1405 2928 usurpaffet‚
1420 2888 1609 2928 ”renibusque
1626 2887 1753 2917 militum
1771 2885 1942 2925 ususforet,

1056 2932 1159 2973 spreta
1177 2931 1209 2961 in
1224 2939 1252 2959 eo
1269 2931 1410 2960 mandata
1417 2929 1487 2967 sita.
1513 2927 1555 2959 Et
1570 2928 1658 2959 addit
1675 2926 1809 2959 Tacitus
1820 2950 1830 2965 ,
1854 2925 1944 2965 quod

1066 2982 1138 3004 reus
1149 2973 1262 3013 cognito
1273 2972 1382 3011 negotio
1396 2972 1551 3001 damnatus
1562 2967 1610 3010 eft.
1636 2968 1713 3000 Hoc
1729 2969 1767 3000 ab
1783 2968 1877 2999 initio
1892 2967 1941 3006 jus

1067 3013 1178 3052 fuiffe,
1203 3022 1266 3054 prae
1290 3021 1342 3044 me
1367 3012 1458 3043 fero:
1483 3010 1534 3043 sed
1552 3010 1667 3042 deinde
1685 3017 1839 3041 mutatum
1852 3008 1886 3037 in
1900 3004 1943 3037 fi-

1065 3056 1138 3087 scali
1163 3055 1345 3095 pecuniaria
1368 3052 1614 3093 causa,2dubito
1630 3075 1639 3090 ,
1663 3061 1701 3082 an
1726 3059 1767 3081 ex
1793 3048 1941 3093 Senatus-

1066 3096 1217 3129 consulto
1244 3095 1421 3127 Claudiano
1439 3096 1479 3126 de
1496 3103 1562 3135 quo
1579 3092 1711 3135 pulchre
1727 3090 1757 3121 &
1774 3089 1836 3120 late
1853 3089 1940 3119 idem

1064 3138 1201 3170 Tacitus
1218 3138 1266 3169 lib.
1291 3148 1335 3169 12.
1354 3137 1466 3168 Annal.
1486 3145 1510 3167 c.
1529 3139 1580 3167 60.
1604 3134 1711 3172 Atque
1728 3133 1771 3161 ita
1785 3129 1849 3161 est:
1867 3128 1941 3168 post

1065 3181 1130 3217 hyoc
1155 3178 1489 3215 Senatusconsultum,
1513 3175 1613 3215 coepit
1629 3173 1820 3204 Procurator
1842 3170 1942 3202 Caesa.

1064 3223 1106 3252 ris
1124 3223 1155 3253 in
1174 3220 1268 3252 fiscali
1286 3219 1375 3251 causa
1391 3218 1570 3258 pecuniaria
1587 3214 1732 3246 eamdem
1747 3212 1865 3244 habere
1883 3221 1939 3251 po-

1065 3262 1232 3300 testatem,
1256 3270 1350 3301 quam
1369 3260 1401 3291 in
1417 3268 1454 3291 ea
1468 3265 1546 3290 ante
1571 3255 1627 3288 soli
1644 3255 1818 3287 habuerant
1835 3252 1940 3325 Migrgoi-
