2036 3495
338 73 370 109 A
382 86 403 110 n
432 74 521 108 Ltn.
549 56 662 107 XIV.'
681 67 780 105 TIT.
808 66 873 104 V1.
911 67 963 104 De
979 64 1246 113 Senatuscorfiilto
1263 66 1495 111 ZlIaceci'oni'cmo.

28 165 126 201 valteri
152 175 208 207 pei·
234 165 366 196 alterum
392 169 560 194 noceatur:
584 157 747 205 sed-quoti
771 157 850 188 actio
874 156 905 189 in

36 208 169 252 persona
195 208 283 239 unius
309 205 483 243 infirmata,
506 212 546 233 ne
565 201 654 232 alteri
677 199 805 244 quidem
832 209 904 239 pro-

40 249 124 283 desse
148 248 261 290 potest.
303 247 353 278 Sic
384 243 552 285 Ulpianus:
578 242 606 273 &
623 241 816 271 oblervanda
836 242 904 285 haec

43 292 109 332 ejus
125 291 265 322 locutio:
289 288 420 319 Severius
439 287 586 316 <licendum
599 281 666 329 est:
690 291 761 327 cum
779 282 903 328 praeler-

40 333 97 364 tim
123 332 263 368 indicet,
289 330 453 369 Ulpianum
482 326 559 358 sicut
580 324 676 368 alias,
708 323 749 353 iic
776 322 846 367 liic,
871 332 902 354 in

38 371 306 406 senatusconsulti
328 368 560 409 explicatione,
572 364 763 410 severiorem
781 365 903 409 lenten-

38 416 114 446 tiam
143 413 225 453 sequi
253 414 330 443 odio
353 410 605 441 foeneratorum:
635 405 921 451 quibus-minime,

40 455 142 488 faveri
158 454 258 486 voluit
276 452 425 488 Senatus,
439 456 629 494 quamquam
647 448 788 486 alioquin
805 445 904 490 passu-

40 507 73 530 ra
88 506 151 528 non
166 496 307 526 videatur
321 491 450 531 aequitas
464 491 554 521 alten
572 497 628 528 pei·
639 489 772 532 alterurn
784 497 904 519 noceri.

52 566 54 568 ,
87 537 165 568 Vice
193 534 292 572 versa,
324 540 476 572 ponamus
503 531 582 561 duos
609 528 827 561 filiosfamilias
853 529 905 560 de·

39 579 138 610 bendi
154 585 225 608 reos
248 575 384 615 ejusdem
415 573 557 613 pecuniae
583 572 731 602 creditae:
756 570 785 615 ὃς
803 570 905 601 credi-

40 619 104 652 tori
132 615 222 650 unius
240 616 458 647 conditionem
482 612 668 649 innotuiffe,
694 613 820 644 alterius
839 619 904 656 non

42 658 220 693 innotuisse.
248 666 283 687 an
308 664 441 695 uterque
466 654 517 686 vel
542 654 592 685 hic
617 654 764 685 liberatus
786 652 905 684 censeri

45 698 224 734 debet2Ex
243 697 394 729 sententia
407 697 630 736 Ulpiani(quae
649 694 693 726 est
715 694 746 741 in
764 694 782 724 l.
796 704 822 734 7.
837 693 905 735 §.8.

42 743 85 775 D.
102 743 128 773 h.
147 741 189 779 t.)
213 737 361 777 interest,
385 739 423 769 ad
441 746 536 775 quem
554 744 737 777 pervenerit
754 744 906 774 pecunia:

41 792 111 816 nam
127 782 147 813 fi
167 781 238 812 data
260 779 295 812 sit
322 779 349 810 ei
375 788 468 819 quein
493 780 632 810 creditor
657 777 745 808 seivit
762 775 905 808 filiumfa-

40 823 138 857 milias
154 822 232 853 elle:
256 823 299 853 ait
319 821 488 862 Ulpianus,
504 819 783 852 Senatiisconsulto
801 818 906 861 locum

41 865 120 898 effe:
143 863 214 903 quia
240 863 351 903 utique
369 864 503 902 pecunia
528 860 728 892 filiofamilias
746 858 790 890 est
808 860 908 889 credi-

42 914 93 946 ta;
119 906 258 944 ideoque
279 913 343 935 non
361 912 456 934 unum
473 904 590 941 modo,
610 902 661 932 led
678 901 810 946 alterum
829 908 906 939 quo-

42 957 124 990 que,
150 947 283 977 liberari.
309 946 392 985 quod
421 943 441 975 fi
465 943 594 984 pecunia
617 943 653 974 fit
671 943 741 974 data
766 951 795 972 ei
813 950 907 985 quem

44 987 185 1021 creditor
203 988 346 1028 ignoret,
373 984 603 1016 filiumfamilias
627 983 707 1022 esse3
728 984 789 1024 Jam
809 991 907 1028 magis

44 1029 125 1067 esse,
149 1036 184 1060 ut
206 1036 340 1068 uterque
366 1035 528 1058 teneatur:
552 1036 622 1057 nam
644 1033 780 1056 errorem
805 1026 907 1069 cred-1-

45 1071 127 1103 toris
146 1068 283 1101 excusari
307 1068 350 1099 ob
367 1077 438 1099 eum
456 1067 507 1108 qui
528 1068 692 1107 pecuniam
711 1074 854 1105 accepit3
878 1073 910 1095 in

43 1113 146 1144 altero
162 1111 238 1142 nihil
258 1109 323 1141 fieri
341 1117 452 1140 conti-a
470 1110 666 1141 voluntatem
683 1107 833 1138 Senatus:
856 1115 912 1137 no-

45 1153 139 1186 lentis
150 1152 335 1191 ,pecuniam
351 1149 555 1182 filiofamilias
570 1160 587 1181 a
599 1149 717 1181 sciente
733 1147 912 1188 dai-izquod

46 1195 99 1227 hie
116 1193 231 1225 fastum
250 1201 314 1223 non
332 1191 386 1223 est.

90 1236 229 1275 Apparet
260 1232 374 1273 igitur,
405 1232 630 1273 exceptionem
655 1242 671 1264 a
698 1231 814 1263 Senatu
842 1238 911 1270 per-

46 1276 130 1310 mitti
155 1274 301 1306 adverl'us
323 1274 480 1305 actionem
499 1296 508 1311 ,
533 1274 787 1313 petitionemque
810 1271 913 1316 foene-

46 1317 160 1350 rator-is
176 1339 186 1355 ,
218 1323 357 1346 mutuam
383 1315 549 1355 pecuniam
573 1313 777 1346 filiofamilias
802 1313 913 1344 dantis.

46 1360 196 1398 idemque
213 1355 441 1387 observandum
458 1355 489 1387 in
508 1354 731 1387 successoribus
748 1355 914 1394 ejus:nam

47 1400 78 1431 δι
94 1398 141 1430 his
159 1398 375 1438 denegandam
392 1397 547 1428 actionem
566 1395 646 1435 effe,
668 1395 823 1437 Ulpianus
841 1403 914 1426 cen-

47 1440 94 1473 set
118 1440 137 1471 l.
154 1450 181 1479 7.
205 1439 231 1480 §.
247 1442 274 1469 6.
299 1437 338 1469 D.
357 1437 384 1468 h.
400 1443 421 1468 c.
464 1437 623 1472 Caeterum
647 1438 697 1469 cui
722 1437 828 1482 danda.
847 1436 916 1481 haec

48 1480 199 1520 exceptio
216 1479 272 1519 fit,
296 1488 360 1510 non
378 1479 495 1510 indicat
512 1479 654 1510 Senatus.
695 1477 805 1510 Potest
822 1485 916 1519 igitur

49 1524 170 1559 videri,
193 1530 260 1552 earn
283 1521 314 1552 in
337 1529 404 1551 rem
422 1519 554 1552 dedisse:
578 1519 828 1552 existimantibus
853 1519 916 1551 Ve-

51 1563 193 1600 teribus,
215 1563 317 1602 legem
332 1559 450 1600 aliquid
467 1560 530 1592 fine
547 1560 759 1601 defignatione
775 1560 916 1600 personae

52 1604 217 1644 jubentem
240 1610 463 1640 vetantemve,
486 1602 517 1634 in
546 1611 633 1641 rem,
655 1603 687 1633 id
705 1601 766 1640 est,
789 1611 918 1642 genera-

54 1644 278 1685 liter,'jubei·e
296 1643 346 1674 vel
363 1650 480 1674 vetare.
495 1643 602 1674 notavi
622 1643 693 1674 talia
711 1643 764 1675 sub
778 1642 915 1682 Titulis,

56 1685 144 1729 Quod
165 1690 255 1716 metus
278 1684 382 1722 caula,
408 1684 484 1715 item
509 1682 555 1715 De
572 1686 704 1725 peticione
732 1685 916 1723 hereditatis,

31 1728 86 1759 >&
113 1726 162 1757 Ad
182 1726 380 1764 exbiberidwn.
428 1724 548 1757 Horum
579 1726 728 1766 exemplo
753 1725 802 1757 hic
828 1733 917 1766 pute-

53 1767 379 1807 mus‚excepti0netn
396 1776 412 1797 a
430 1766 546 1798 Senatu
564 1768 752 1808 generaliter
769 1768 833 1799 dari
851 1777 917 1799 om-

54 1808 146 1842 nibus
162 1806 307 1839 adversus
324 1817 422 1848 quos,
445 1808 562 1848 absque
577 1808 856 1841 Senatusconsulto
872 1818 918 1840 es-

55 1848 122 1886 set,
145 1849 227 1881 attio
253 1849 379 1881 daretur
401 1859 441 1881 ex
462 1857 573 1881 mutuo
598 1849 799 1881 filiofamilias
827 1849 916 1881 dato:

56 1900 122 1923 non
140 1890 226 1931 quod
243 1891 283 1921 de
301 1890 347 1922 his
365 1891 465 1930 palam
485 1891 634 1931 loquutus
649 1891 683 1923 fit
700 1891 845 1923 Senatus:
866 1890 917 1922 sed

56 1933 145 1972 quod
171 1931 305 1963 Veteres
328 1941 369 1963 ex
392 1931 445 1963 usu
464 1931 539 1971 Juris
564 1932 759 1972 interpretati
785 1933 918 1964 Senatus

55 1973 153 2004 verba
162 1995 177 2015 ³.
196 1982 232 2003 ea
249 1972 289 2003 iic
304 1981 517 2012 acceperunt,
542 1973 626 2014 quasi
645 1974 919 2013 comprehendant

56 2023 168 2045 omnes
190 2013 304 2053 quibus
329 2022 532 2055 competeret
557 2015 659 2054 attio,
683 2015 736 2047 nili
760 2016 803 2048 eis
828 2015 918 2047 Sena-

55 2053 243 2086 tusconsulti
260 2054 425 2087 severitate
442 2056 660 2095 denegaretur.
701 2056 773 2088 Hac
795 2058 918 2088 ratione

56 2095 97 2127 de
120 2096 236 2127 herede
263 2095 420 2128 consentit
442 2096 596 2138 Ulpianus
613 2120 622 2136 ‚
657 2097 677 2129 fi
701 2097 918 2129 filiusfamilias

57 2136 222 2168 decefferit
238 2137 484 2177 patei-familiam
505 2138 534 2170 &
557 2139 596 2170 de
621 2148 731 2179 patre,
754 2138 775 2170 fi
792 2138 921 2170 filiusfa-

56 2177 158 2210 milias
182 2177 346 2209 decesserit
373 2179 392 2210 l.
410 2188 437 2219 7.
463 2179 490 2220 §.
510 2189 554 2211 10.
580 2179 620 2211 D.
640 2180 677 2214 ὅ)
699 2181 717 2211 l.
738 2184 766 2212 6.
792 2181 823 2212 C.
847 2181 874 2211 h.
897 2186 918 2211 t.

57 2216 130 2250 Plus
149 2219 192 2249 ait
210 2217 364 2259 Ulpianus
387 2220 406 2250 l.
422 2229 450 2256 9.
475 2220 503 2261 §.
521 2230 550 2261 3.
579 2221 617 2251 D.
640 2222 698 2253 eorl.
723 2223 818 2253 etiam
844 2221 920 2253 fide-

54 2259 161 2300 jiiss'ori
185 2259 215 2291 δε
236 2260 409 2291 mandatori
434 2262 578 2293 adversus
596 2264 788 2294 creditorem
806 2272 923 2303 excep-

57 2301 148 2332 tione
166 2300 439 2333 Senatusconsulti
464 2301 609 2334 succurri.
632 2304 762 2343 utique,
785 2304 806 2335 fi
823 2306 851 2334 a&
867 2303 921 2344 ipsi

56 2341 194 2374 habeant
217 2351 258 2374 ex
277 2344 427 2374 mandato
452 2343 621 2384 regi-essum
644 2345 791 2376 adversus
808 2343 920 2377 filium-

55 2382 198 2415 familias.
229 2392 299 2415 nam
325 2383 346 2415 fi
371 2385 510 2416 donandi
535 2384 641 2416 animo
665 2385 922 2418 intercefferunt:

57 2431 154 2462 tunc,
185 2422 260 2465 quia
283 2434 346 2456 non
374 2425 492 2457 habent
518 2426 711 2466 regressum,
743 2436 807 2458 non
833 2435 922 2467 putat

57 2464 165 2497 locum
189 2465 306 2497 habere
322 2466 645 2500 Senatusconsultum.
688 2468 740 2499 Sic
758 2467 922 2509 Ulpianus.

60 2504 126 2536 Cur
143 2513 206 2537 tam
231 2508 331 2540 varie:
362 2517 434 2539 cum
459 2507 639 2549 simpliciter
663 2509 811 2550 loquatur
835 2509 927 2541 Sena-

61 2552 110 2577 tus
127 2546 143 2577 2
173 2545 349 2588 Nimirum,
374 2548 513 2581 creditor
539 2557 649 2589 petens
680 2560 695 2581 a
727 2550 925 2590 fidejussore,

60 2586 230 2631 regress'um
258 2588 394 2621 habente
424 2591 569 2623 adversus
600 2591 835 2623 filiumfamilias
868 2601 926 2632 pro

63 2637 128 2668 quo
144 2629 332 2666 interceffit‚
351 2630 381 2661 vi
398 2631 459 2672 ipsa
475 2633 556 2672 petit
573 2642 589 2662 a
607 2631 825 2664 filiofamilias:
838 2634 928 2673 quip-

59 2677 102 2709 pe
120 2677 192 2700 cum
208 2668 365 2709 fidejussor
380 2670 512 2704 solutum
532 2673 674 2705 debitum
691 2684 705 2704 a
724 2673 927 2706 filiofamilias

62 2711 180 2749 repetit
197 2711 333 2742 mandati
348 2712 493 2752 aQione3
516 2723 580 2746 tion
598 2716 695 2746 refert
715 2714 925 2754 filiifamilias,

61 2757 165 2795 utrum
191 2750 379 2791 fidejussori,
402 2763 439 2784 an
458 2757 628 2791 creditori,
654 2756 752 2787 solvat
770 2757 925 2788 debitum.

61 2789 140 2822 Non
155 2799 198 2822 ita
216 2791 279 2830 est,
302 2793 353 2823 ubi
370 2792 525 2833 fideiussor
540 2804 595 2835 pro
611 2796 814 2828 filiofamilias
832 2799 926 2829 inter-

63 2833 152 2863 venit
169 2833 306 2865 donandi
323 2835 449 2872 animo,
475 2845 578 2874 eoque
597 2838 762 2879 regrell‘um
779 2838 926 2869 adversus

63 2882 137 2905 eum
154 2882 219 2905 non
239 2874 343 2918 habet.
367 2877 438 2913 quia
454 2877 620 2915 praesertim
638 2881 700 2920 agit
716 2880 868 2911 Senatus:
892 2887 927 2910 ut

64 2914 161 2954 patris
179 2913 332 2947 securitati
352 2918 508 2948 conlulat:
531 2919 626 2958 idque
648 2923 743 2952 etiam
768 2920 928 2952 obtinebit

64 2962 150 2993 tum,
174 2964 246 2987 cum
265 2955 420 2987 aetionein
441 2959 588 2990 creditori
607 2962 761 3000 pei-mittit
783 2961 928 2993 adversus

63 2994 276 3036 fidejussorem
291 3007 343 3028 aut
361 2999 595 3039 maiidatorern3
611 3003 662 3041 qui
681 3002 928 3040 filiumfamilias,

63 3036 170 3077 ejusve
188 3045 326 3077 patrem,
352 3039 528 3071 heredesve
545 3050 688 3082 repetere
709 3054 773 3075 non
792 3042 907 3084 potest.

107 3077 270 3118 Vidimus,
295 3081 423 3119 quando
442 3081 591 3120 Senatus,
613 3092 630 3113 a
648 3084 842 3115 foeneratore
860 3085 931 3116 data

63 3117 268 3152 filiofamilias
297 3128 404 3153 mutua
428 3122 580 3161 pecunia,
603 3133 674 3156 eum
701 3128 853 3156 coerceat
877 3135 929 3157 ex-

62 3160 378 3235 ςειᾶξίοηεΙῗάνεῐὼε
401 3163 467 3204 ejus
485 3163 640 3198 actionem
658 3167 925 3209 petitionemque.

129 3210 181 3234 om.
240 3225 249 3234 .

1757 72 1826 114 267

949 158 1045 188 etiam
1074 156 1219 188 videmus
1244 157 1366 197 aliquot
1395 156 1480 188 casus
1502 155 1616 197 quibus
1646 161 1822 196 temperata

948 208 988 229 ex
1005 206 1113 229 mente
1138 199 1271 231 Senatus
1297 199 1334 230 iit
1358 209 1395 230 ea
1411 199 1567 230 severitas.
1593 197 1708 229 restant
1728 200 1820 238 pauci

948 240 1015 270 inl.
1035 250 1062 270 2.
1083 240 1116 270 C.
1133 241 1160 270 h.
1181 245 1200 270 t.
1218 242 1401 272 annotandi.
1428 239 1495 272 sunt
1513 247 1618 271 autem
1635 240 1677 271 illi
1697 242 1820 276 recepti

946 281 1105 311 interdum
1125 290 1164 311 ex
1183 281 1314 319 persona
1336 283 1450 322 patris,
1474 279 1631 313 interdum
1657 291 1694 312 ex
1712 280 1820 320 perso·

947 329 985 352 na
1003 320 1208 352 filiifamilias:
1231 331 1301 353 nam
1327 325 1366 354 de
1395 323 1563 355 creditoris
1580 329 1668 363 parte
1683 330 1757 353 ante
1775 322 1821 353 di·

946 361 1030 392 ctum
1056 362 1109 392 est.
1140 372 1156 392 a
1180 371 1268 401 parte
1294 365 1389 402 patris
1423 366 1485 395 duo
1510 371 1706 396 occurrunt:
1739 373 1819 396 unus

947 403 1011 439 cll,
1036 401 1055 432 si
1073 404 1208 442 pecunia
1225 402 1427 436 filiofamilias
1445 407 1540 443 patris
1559 407 1726 436 voluntate
1751 414 1820 436 cre-

948 443 1012 474 dita
1030 442 1076 474 fit.
1100 446 1197 481 alter,
1219 443 1239 474 fi
1271 444 1356 475 versa
1380 444 1416 476 fit
1440 447 1470 476 in
1490 456 1556 478 rem
1575 447 1679 485 patris.
1704 447 1819 478 utrius-

948 493 1010 518 que
1033 484 1109 524 justa
1127 486 1206 515 ratio
1224 484 1288 516 est:
1312 486 1375 516 sola
1400 486 1532 518 Senatus
1550 497 1643 526 cura,
1668 498 1707 519 ne
1729 497 1819 528 pater

949 525 1063 556 habeat
1080 535 1096 556 a
1115 525 1179 556 filio
1198 534 1339 557 metuere
1357 528 1594 568 injuriamzquae
1614 530 1736 561 volenti
1755 539 1821 561 non

949 566 992 597 fit.
1014 567 1078 607 jam
1097 565 1117 598 fi
1136 568 1269 607 pecunia
1287 577 1302 598 a
1320 566 1522 600 filiofamilias
1549 579 1659 601 intituo
1677 572 1819 609 sumpta,

950 609 980 638 iii
1005 618 1071 638 rtm
1090 609 1184 647 patris
1211 611 1361 640 vertitur:
1385 609 1429 640 est
1450 610 1501 640 liic
1517 612 1641 648 exitus;
1664 622 1696 642 ut
1716 621 1820 651 neque

950 649 1061 680 vitium
1080 649 1327 690 liabeat,iieque
1344 651 1373 681 in
1392 651 1524 682 Senatus
1541 652 1822 692 reprehensionem

950 692 1051 722 cadat.
1082 699 1207 731 aequuin
1232 692 1326 732 igitur
1350 692 1415 730 est,
1446 692 1584 724 ceffante
1608 693 1822 725 Senatuscon-

951 730 1020 762 sulti
1052 734 1195 769 ratione,
1219 732 1335 764 cess'nl‘e
1369 735 1434 773 ejus
1459 733 1669 766 severitatem.
1714 735 1765 766 De
1791 745 1823 767 u-

951 781 1062 813 traque
1087 774 1247 805 videamus
1274 774 1390 814 specie.
1415 775 1502 815 prior
1527 775 1624 807 habet
1648 777 1746 816 patris
1764 786 1821 807 vo-

951 813 1116 845 luntatem.
1142 814 1210 845 haec
1226 815 1292 855 ejus
1312 817 1460 848 mandato
1478 825 1530 848 aut
1546 817 1624 857 juffu
1643 816 1822 858 perficitur3

950 864 1010 886 nec
1028 856 1128 886 minus
1153 857 1253 886 tacito
1276 857 1428 889 consensu
1448 857 1589 896 scientis,
1616 859 1644 889 &
1667 868 1739 890 cum
1766 869 1823 899 po-

950 895 1027 936 test,
1053 905 1114 928 non
1132 897 1333 936 prohibentis
1349 899 1368 929 l.
1386 908 1413 938 7.
1430 899 1458 940 §.
1480 909 1528 932 11,
1545 900 1564 930 l.
1586 909 1632 931 12.
1649 900 1668 931 l.
1691 905 1736 931 16.
1754 901 1781 931 l).
1800 907 1824 931 c.

949 939 999 969 An
1027 938 1054 968 ot
1083 938 1309 969 ratihabitione
1328 939 1344 970 ἓ)
1371 939 1504 973 Veteres
1529 942 1738 973 dubitarunt:
1771 941 1825 973 sed

950 978 1123 1018 justiniano
1140 980 1159 1010 l.
1179 980 1231 1010 ult.
1252 980 1284 1010 C.
1302 980 1329 1011 h.
1344 986 1364 1011 t.
1387 981 1503 1019 visum,
1516 983 1609 1022 patris
1627 982 1826 1014 ratihabitio-

953 1030 1025 1052 nem
1046 1021 1097 1052 vel
1116 1020 1279 1061 principali
1298 1022 1393 1059 patris
1410 1025 1558 1055 mandato
1571 1048 1579 1062 ‚
1598 1026 1644 1056 vel
1664 1025 1728 1064 ejus
1747 1034 1824 1055 con-

954 1060 1050 1092 sensui
1077 1071 1141 1093 non
1165 1062 1226 1093 effe
1249 1062 1447 1104 absimilem3
1479 1065 1508 1096 δι
1534 1067 1607 1097 ideo
1632 1066 1825 1107 generaliter

955 1103 1124 1134 retrotrahi
1154 1112 1192 1134 ac
1215 1103 1395 1136 confirmari
1418 1116 1454 1136 ea
1471 1115 1541 1147 quae
1559 1108 1597 1137 ab
1614 1108 1705 1139 initio
1723 1106 1825 1138 subse-

955 1150 1052 1183 quuta
1073 1144 1150 1176 sunt.
1173 1144 1215 1176 fic
1242 1155 1320 1177 vero
1337 1146 1489 1187 fignificat
1505 1171 1514 1186 ,
1538 1149 1774 1188 praecedentem
1792 1147 1829 1179 fi-

955 1186 987 1217 lii
1015 1185 1244 1227 obligationem
1284 1186 1436 1228 sequente
1471 1191 1566 1229 patris
1600 1190 1827 1221 ratihabitione

955 1226 1155 1265 confirmari,
1186 1237 1259 1260 cum
1282 1228 1429 1260 adversus
1452 1239 1595 1270 patrem,
1619 1238 1684 1263 turn
1715 1232 1828 1262 adver-

956 1268 1003 1300 sus
1030 1268 1285 1308 filiumfamilias,
1306 1270 1437 1311 ejusque
1462 1270 1654 1311 fidejussores
1675 1283 1683 1304 ι
1713 1273 1827 1311 quibus

958 1309 1129 1350 exceptio,
1152 1311 1273 1352 absque
1301 1312 1528 1344 ratihabitione
1546 1313 1652 1351 foret,
1677 1322 1767 1344 certo
1782 1314 1830 1353 ju-

958 1360 992 1382 re
1018 1351 1242 1391 eompetiisset.
1294 1353 1392 1391 Atqui
1415 1355 1570 1395 exceptio
1596 1353 1828 1395 fidejussoribus

959 1392 1135 1432 adquisita,
1166 1403 1230 1425 non
1263 1394 1368 1434 potest
1391 1395 1428 1426 iis
1458 1394 1565 1427 invitis
1592 1395 1719 1428 auferri.
1765 1395 1830 1427 Sed

959 1433 1126 1474 postquam
1150 1434 1291 1466 obtinuit
1308 1459 1318 1474 ‚
1348 1436 1607 1470 ratihabitionem
1638 1437 1833 1476 retrotrahi,

958 1476 1091 1516 perinde
1110 1475 1172 1507 effe
1189 1477 1308 1517 coepit,
1330 1486 1368 1508 ae
1391 1476 1413 1509 fi
1439 1478 1594 1519 obligatio
1614 1478 1736 1520 semper
1751 1488 1833 1510 con-

960 1516 1108 1555 stitiffet3
1139 1527 1199 1549 nec
1224 1519 1377 1559 exceptio
1410 1527 1559 1559 umquam
1590 1521 1739 1552 adversus
1761 1529 1834 1553 eam

961 1557 1184 1599 competiisset.
1229 1558 1389 1592 Caeterum
1408 1561 1575 1600 quomodo
1605 1559 1660 1592 fiat
1687 1560 1836 1593 ratihabi-

962 1598 1024 1639 tio,
1050 1600 1172 1639 palam,
1195 1610 1232 1632 an
1258 1601 1354 1632 tacite
1370 1625 1381 1641 ,
1412 1610 1522 1642 parum
1546 1601 1655 1634 refert.
1679 1603 1832 1642 exemplo

960 1650 1009 1672 res
1030 1642 1112 1672 clara
1136 1641 1156 1673 l.
1175 1651 1202 1680 7.
1222 1642 1249 1684 §.
1272 1652 1315 1683 15.
1341 1642 1384 1675 D.
1408 1644 1434 1673 h.
1452 1650 1472 1674 t.
1498 1652 1557 1675 nec
1583 1653 1665 1684 opus
1692 1645 1835 1684 explica-

961 1684 1058 1714 tione.
1100 1681 1155 1714 Est
1185 1683 1214 1714 ἃ
1237 1683 1294 1715 alia
1311 1706 1322 1723 ‚
1353 1692 1467 1725 praeter
1492 1684 1684 1725 superiorem
1701 1709 1710 1724 ,
1742 1685 1834 1717 causa

962 1724 1156 1765 denegandae
1179 1726 1397 1766 exceptionis:
1423 1726 1444 1757 si
1465 1728 1599 1767 pecunia
1626 1735 1733 1758 mutua
1760 1728 1833 1759 data

961 1764 1165 1798 filiofamilias
1190 1766 1228 1796 ab
1255 1776 1295 1797 eo
1315 1767 1399 1798 versa
1416 1767 1451 1798 sit
1473 1767 1501 1799 in
1521 1777 1586 1800 rem
1605 1770 1702 1808 patris
1719 1769 1746 1799 d.
1765 1768 1782 1799 l.
1802 1778 1833 1800 2.

962 1807 993 1837 C.
1012 1808 1040 1838 h.
1060 1813 1080 1838 t.
1104 1806 1179 1838 five
1193 1817 1261 1839 eain
1286 1808 1348 1839 hoc
1373 1810 1479 1840 animo
1503 1811 1643 1848 accepit,
1667 1810 1746 1841 utin
1764 1818 1833 1841 rem

961 1849 1026 1887 ejus
1043 1856 1202 1884 verteret;
1228 1849 1290 1880 sive
1306 1850 1344 1881 ab
1362 1851 1452 1882 initio
1471 1860 1534 1882 non
1555 1850 1596 1882 lic
1611 1849 1755 1892 accepit,
1782 1850 1836 1882 sed

960 1889 1070 1930 postea
1094 1891 1122 1921 in
1151 1899 1217 1921 rem
1235 1890 1329 1929 patris
1350 1893 1465 1923 vertit:
1490 1901 1560 1923 nam
1579 1893 1606 1923 <St
1628 1900 1694 1924 tum
1720 1891 1836 1923 intelli-

959 1931 1098 1971 gendum
1116 1930 1179 1970 est,
1203 1932 1242 1963 ab
1265 1932 1356 1963 initio
1375 1933 1548 1973 accepisse,
1574 1933 1653 1965 utin
1677 1943 1742 1965 rem
1765 1943 1837 1965 xer·

961 1980 1054 2004 teret.
1100 1972 1198 2015 Quod
1215 1972 1236 2004 fi
1253 1981 1393 2006 mutuam
1414 1975 1579 2013 pecuniam
1598 1983 1761 2015 acceptam
1779 1984 1832 2015 pa-

961 2015 999 2045 tri
1018 2013 1109 2045 solvit
1127 2024 1155 2045 in
1176 2016 1339 2054 proprium
1359 2016 1521 2053 debitum,
1538 2026 1602 2048 non
1623 2017 1748 2048 videtur
1766 2026 1836 2047 ver-

960 2054 1046 2086 tiffe:
1071 2055 1100 2086 &
1124 2056 1198 2087 ideo
1224 2055 1245 2087 fi
1271 2065 1361 2097 pater
1380 2057 1557 2098 ignoravit,
1581 2057 1683 2089 adhue
1703 2059 1762 2089 erit
1780 2057 1836 2089 Se-

960 2096 1202 2128 natusconsulto
1226 2098 1315 2130 locus
1341 2099 1367 2129 α’.
1386 2100 1404 2129 l.
1422 2109 1449 2138 7.
1465 2098 1492 2140 §.
1512 2109 1557 2131 12.
1605 2100 1703 2131 Aliter
1720 2100 1836 2130 dicitur

962 2139 994 2169 in
1016 2148 1073 2176 eo,
1098 2139 1150 2178 qui
1170 2137 1343 2170 studiorum
1360 2140 1449 2171 causa
1470 2140 1600 2180 absens,
1626 2150 1768 2172 mutuum
1786 2149 1837 2171 ac-

963 2186 1110 2219 ceperat:
1136 2181 1265 2220 utique,
1289 2180 1309 2212 fi
1327 2181 1527 2221 probabilem
1547 2184 1696 2219 modum,
1722 2183 1753 2213 id
1769 2181 1834 2220 est,

963 2219 1173 2262 quantitatem
1198 2231 1214 2252 a
1240 2230 1329 2262 patre
1353 2222 1474 2254 solitam
1501 2223 1740 2262 subministrari,
1771 2232 1838 2254 non

964 2262 1095 2293 cxceffit
1124 2263 1151 2293 d.
1178 2262 1198 2293 l.
1216 2272 1245 2302 7.
1272 2263 1364 2304 §.13.
1397 2264 1546 2295 Similiter
1571 2264 1664 2295 cell‘at
1690 2265 1837 2296 Senatus-

965 2304 1099 2334 conlulti
1125 2304 1295 2343 exceptio,
1320 2304 1341 2336 fi
1368 2305 1450 2336 filius
1474 2307 1600 2346 accepit
1624 2313 1763 2337 mutuam
1782 2315 1837 2346 pe-

965 2344 1108 2382 cuniam,
1132 2352 1167 2375 ut
1184 2345 1329 2377 liberaret
1344 2355 1432 2377 eum:
1448 2347 1501 2386 qui
1518 2347 1538 2378 fi
1557 2355 1699 2387 peteret,
1717 2349 1836 2388 excep-

966 2385 1055 2417 tione
1073 2395 1136 2417 non
1154 2386 1394 2418 submoveretur
1419 2389 1437 2418 d
1466 2387 1483 2418 l.
1502 2398 1529 2428 7.
1545 2389 1572 2430 §.
1593 2398 1637 2428 14.
1681 2388 1791 2431 Quid,
1817 2388 1836 2419 li

965 2428 1128 2466 acceperit
1148 2435 1286 2458 mutuam
1311 2430 1497 2468 pecuniam,
1522 2438 1556 2461 ut
1576 2440 1645 2461 eam
1670 2439 1728 2471 pro
1749 2429 1836 2461 soro-

969 2478 1003 2499 re
1022 2468 1071 2499 sua
1090 2469 1178 2499 daret
1194 2469 1224 2499 in
1243 2469 1377 2500 dotem?
1401 2469 1443 2500 ait
1460 2469 1571 2502 Paulus
1587 2471 1607 2502 l.
1635 2480 1678 2512 12.
1695 2475 1721 2502 h.
1742 2476 1763 2501 t.
1783 2481 1836 2511 pa-

970 2517 1050 2540 trem
1068 2510 1167 2540 teneri
1186 2510 1311 2541 :ie-‘lione
1334 2511 1373 2541 de
1398 2511 1428 2541 in
1453 2521 1518 2542 rem
1536 2511 1642 2544 vei-so:
1667 2512 1837 2552 praefaum,

969 2550 1023 2590 ipsi
1041 2558 1164 2596 mortua
1180 2553 1211 2581 in
1228 2551 1431 2583 matrimonio
1450 2553 1554 2593 puella
1572 2554 1655 2586 dotis
1671 2555 1838 2595 repetitio-

969 2601 1041 2623 nem
1061 2595 1136 2622 dari.

1013 2634 1054 2664 At
1072 2642 1136 2664 non
1160 2640 1281 2665 tantum
1306 2643 1347 2665 ex
1370 2633 1503 2675 persona
1527 2637 1643 2676 patris,
1665 2637 1717 2669 sed
1742 2638 1836 2668 etiam

970 2683 1010 2705 ex
1029 2673 1160 2713 persona
1176 2674 1249 2713 filii,
1274 2675 1369 2706 cessat
1390 2676 1712 2710 Senatusconsultum.
1738 2679 1767 2709 δι
1792 2677 1838 2707 est

970 2716 1152 2755 exemplum
1178 2716 1207 2746 in
1225 2718 1251 2746 d.
1268 2716 1287 2746 l.
1307 2726 1336 2748 2.
1359 2715 1379 2748 fi
1397 2716 1478 2749 filius
1498 2717 1556 2749 suae
1577 2719 1738 2759 potestatis
1762 2727 1838 2749 con-

968 2756 1112 2793 stitutus,
1137 2755 1232 2788 fidem
1258 2756 1340 2788 suam
1366 2758 1518 2800 obligavit
1548 2759 1627 2792 facta
1653 2759 1835 2792 novatione.

969 2807 1030 2837 qua
1048 2797 1194 2828 ratione?
1219 2798 1290 2837 quia
1309 2799 1369 2837 jam
1393 2809 1456 2832 non
1475 2810 1582 2832 manet
1607 2810 1696 2832 vetus
1714 2801 1835 2836 obliga-

971 2840 1016 2869 tio
1044 2847 1139 2879 quam
1170 2839 1251 2870 fecit
1283 2839 1524 2882 filiusfamilias,
1556 2842 1748 2880 prohibente
1780 2841 1836 2871 Se·

971 2887 1074 2918 natu3
1111 2879 1162 2911 sed
1197 2879 1241 2912 est
1273 2890 1383 2921 nova,
1420 2881 1504 2914 faeta
1536 2893 1552 2914 a
1582 2881 1805 2922 patrefamilias
1824 2904 1835 2919 ‚

972 2929 1066 2959 quam
1088 2921 1219 2953 Senatus
1250 2931 1352 2960 neque
1385 2932 1497 2961 vetat,
1533 2933 1636 2963 neque
1668 2922 1838 2961 improbat.

972 2961 1078 2999 ldem,
1101 2961 1122 2993 fi
1145 2961 1363 2995 filiusfamilias
1388 2964 1487 2996 faetus
1524 2963 1746 3004 paterfamilias
1764 2987 1773 3002 ‚
1805 2973 1836 2994 a·

973 3003 1018 3034 lio
1049 3012 1251 3044 quocumque
1273 3006 1371 3037 modo
1404 3004 1552 3045 agnoscat
1578 3005 1737 3036 debitum:
1764 3014 1837 3037 nam

973 3043 1014 3075 sic
1039 3044 1169 3085 perinde
1193 3045 1350 3084 habetur,
1388 3056 1424 3077 ac
1449 3045 1468 3076 fi
1499 3055 1514 3074 a
1541 3044 1764 3083 patrefiiinilias
1789 3056 1837 3078 es·

973 3084 1019 3115 set
1050 3086 1244 3119 contractum
1263 3098 1270 3119 :
1311 3091 1381 3124 quia
1418 3096 1434 3116 a
1472 3084 1673 3117 filiofamilias
1712 3095 1838 3118 contra-

973 3126 1056 3158 &um
1073 3149 1082 3166 ,
1114 3129 1143 3159 ἃ
1177 3138 1193 3159 a
1218 3128 1442 3167 patrefamilias
1469 3125 1634 3165 impletum
1659 3126 1836 3170 solutione,

969 3167 1068 3241 verbi
1078 3170 1198 3210 gratia,
1219 3171 1248 3201 iii
1267 3176 1390 3206 totum,
1415 3167 1464 3201 vel
1485 3176 1542 3207 pro
1567 3176 1675 3210 parte,
1698 3178 1715 3201 a
1733 3179 1838 3240 pfifff‘ss'

1078 3211 1086 3241 l
1108 3220 1126 3242 2
1762 3220 1836 3242 aiiii·
