2036 3495
614 116 971 151 GERARDI
1030 112 1068 148 N

191 204 221 244 st
236 207 300 248 quis
314 215 397 247 ergo,
421 211 454 235 ut
477 203 520 235 est
540 203 570 234 in
590 203 758 235 pandectis
776 202 989 240 Florentinis,
1013 203 1074 233 Ac·

199 247 289 278 cui-fii
307 247 470 285 exemplar
486 245 601 282 habet,
620 244 646 282 fi
664 254 723 285 qua
740 253 823 285 ergo:
845 244 922 275 item
941 249 1074 282 notetur,

197 297 278 328 pro.
294 289 452 318 notabitur.
469 285 520 316 sed
537 286 619 317 nulla
635 295 717 325 opus
730 285 926 317 mutatione:
946 285 1073 325 cumja-

199 328 243 360 stu
260 328 297 359 fit
313 328 437 359 locutio
454 325 632 358 Florentini
651 327 801 364 Codicis,
816 325 845 364 fi
860 327 926 367 quir
940 336 1013 367 ergo.

242 369 317 399 Dixi
334 369 375 399 de
392 367 478 399 luftu
495 368 659 400 viduarum
677 369 854 400 mulierum.
880 369 920 399 de
933 377 1074 399 Virorum

198 410 285 441 luftu
300 410 412 449 quaeris
425 409 442 441 ἶ)
466 417 498 440 at
515 409 656 448 Seneca,
674 408 768 450 Epist.
786 413 838 450 63.
862 410 1006 448 Annum,
1028 410 1072 440 in-

199 452 288 490 quit,
306 451 441 491 staminis
455 451 661 491 attingendum
677 449 846 492 constituere
861 451 980 492 majores
991 474 1000 489 ,
1018 460 1075 481 non

197 497 233 522 ut
249 498 308 523 tum
323 494 376 523 (tiu
393 493 543 534 lugerent,
562 491 614 534 sed
628 503 663 524 ne
678 494 798 524 diutius.
821 493 896 523 viris
910 493 1024 523 mulum
1040 492 1075 521 le-

193 534 331 574 gitimum
350 540 458 575 tempus
474 533 532 574 esi,
556 535 626 575 quia
642 534 754 565 nulium
773 531 929 573 honestum.
975 533 1075 564 Recte

196 575 294 614 igitur
311 575 422 607 Paulus
439 575 458 607 l.
474 586 503 612 9.
520 575 563 606 D.
582 576 610 607 h.
628 582 650 608 t.
697 575 811 607 Uxores
827 577 886 606 vz'ri
904 575 1001 616 lugere
1018 584 1076 605 uon

194 618 404 656 compellentur.

236 657 416 691 Difficultas
430 659 473 690 est
490 659 574 691 circa
591 658 709 690 ructum
729 665 895 698 parentum
912 658 942 689 Gt
960 657 1075 689 libero-

194 709 285 740 rum,
309 709 566 741 caeterorumque
590 710 776 740 agnatorum
803 701 832 731 &
850 707 1073 740 cognatorum.

194 740 270 772 Nec
296 750 399 774 tamen
426 741 533 782 spec'to
557 742 596 773 ad
620 743 638 772 l.
661 751 707 772 11.
726 742 753 772 b.
772 747 793 772 t.
819 742 849 772 in
868 750 928 781 qua
945 740 986 772 fic
1003 740 1073 772 infit

195 781 370 823 Ulpianus:
390 784 561 815 Liberorum
576 789 674 814 autern
690 783 726 817 {5⁹
736 789 892 824 parentum
909 782 1004 813 luctas
1021 784 1072 813 im-

187 827 352 864 pedimento
369 828 480 866 nuptiis
490 835 548 857 non
563 823 611 865 est.
635 824 696 856 Me
715 833 827 856 vexat:
844 825 930 864 quod
948 828 977 855 in
995 824 1012 854 i.
1024 834 1073 864 23.

195 867 221 896 h.
236 873 257 897 t.
274 867 359 898 idern
371 867 493 899 scribit:
510 868 648 899 Parentes
659 866 787 900 &liberi
802 868 955 907 utriusque
963 865 1071 906 *sexum

191 917 314 939 necnon
332 907 368 942 ἐξ)
385 910 480 940 eceteri
497 910 600 951 agnati
614 908 661 939 vel
678 909 813 948 cognati,
833 909 991 947 secuudum
1012 909 1071 947 pie-

192 951 263 980 tatis
278 951 438 989 rationem,
463 950 499 985 &³
517 952 608 982 animi
615 951 667 990 sui
682 951 874 991 patientiam,
894 956 980 989 prout
997 950 1073 990 quir-

191 1000 247 1031 quo
270 991 394 1022 voluerit
407 1015 416 1030 ,
440 992 560 1034 lugendi
574 992 668 1032 suut.-
692 992 743 1032 qui
762 997 858 1022 autem
880 1000 922 1021 eos
939 1000 996 1021 uon
1013 990 1072 1020 elu-

191 1034 236 1062 :rit
247 1055 255 1069 ,
272 1042 329 1063 non
346 1039 466 1064 notatur
476 1035 612 1070 infamia.
632 1032 753 1064 Contra
763 1033 846 1064 enirn
862 1032 1028 1064 Pauluslib.
1044 1041 1068 1062 1.

192 1074 323 1105 Sentent.
354 1077 399 1106 tit.
425 1075 477 1106 ult.
504 1075 531 1117 §
556 1084 601 1116 13.
635 1074 794 1112 Parentes,
817 1075 941 1113 inquit,
965 1072 1073 1112 &ficii

190 1116 379 1156 nmjuressex
394 1119 481 1147 annis
491 1140 500 1155 ,
515 1127 590 1148 cinno
606 1116 698 1156 lugeri
708 1115 840 1156 poffunt,
856 1117 979 1145 minores
995 1124 1070 1144 ruen-

183 1159 236 1196 Je,
261 1161 384 1188 maritus
401 1160 493 1189 decem
519 1157 677 1197 rnenfibus‚
703 1157 739 1191 {5⁹
756 1157 871 1197 cognati
886 1156 1071 1197 proxinzioris

187 1200 301 1239 gratius
317 1198 386 1230 ouo.
412 1202 462 1241 qui
479 1201 709 1240 contrafecerit.
726 1199 883 1238 infamium
894 1207 1009 1228 numero
1021 1198 1070 1228 ha-

190 1242 282 1271 betur.
308 1240 361 1271 Sic
376 1241 436 1272 illi:
452 1251 512 1272 nec
529 1240 573 1272 est
590 1241 718 1272 dubium
732 1263 740 1278 ,
758 1240 832 1279 quin
850 1239 889 1270 ab
907 1240 1008 1271 altero
1026 1239 1071 1269 di-

189 1281 274 1312 Ctum
293 1281 403 1313 falsum
416 1281 469 1314 fit:
487 1292 558 1313 cum
576 1291 712 1321 Uterque
728 1282 844 1312 eodem
861 1281 977 1311 vixerit
993 1287 1070 1311 tem-

188 1331 280 1360 pore.
307 1324 434 1355 interim
449 1333 514 1363 quo
532 1325 641 1355 tollam
657 1323 896 1360 difficultatem,
911 1321 976 1362 ipse
992 1321 1070 1352 nihil

186 1364 314 1402 habeo3
333 1364 385 1396 nisi
403 1366 508 1404 placet
525 1367 612 1405 quod
634 1364 872 1404 D.anaciolib.
886 1373 932 1395 21.
946 1362 1066 1400 Observ.

187 1415 210 1435 c.
234 1415 287 1443 12,
319 1405 492 1446 Ulpianum
510 1416 526 1437 a
542 1406 746 1437 Triboniano
766 1404 828 1436 csse
846 1404 998 1436 inflexum
1015 1404 1068 1435 vel

186 1447 252 1486 ejus
271 1447 442 1486 arbitratu,
461 1449 513 1478 vel
530 1449 568 1479 ad
586 1448 637 1478 sua
657 1455 823 1487 tempora:
847 1455 920 1477 cum
939 1445 1066 1486 ptaeser-

186 1495 242 1518 tim
262 1488 373 1519 Paulus
391 1489 537 1520 videatur
561 1489 698 1529 adjuvari
725 1489 924 1528 aliquatenus
941 1496 957 1518 a
973 1486 1065 1527 Papi-

184 1530 281 1560 niano
297 1529 316 1560 l.
333 1529 385 1560 ult.
407 1529 446 1560 D.
464 1530 491 1561 h.
511 1536 532 1561 t.

222 1570 373 1609 Sequitur
391 1571 520 1603 ultimus
544 1570 648 1602 Edi&
673 1570 800 1610 versus,
825 1570 989 1615 Quivesuo
1011 1580 1060 1601 no-

184 1612 259 1642 mine
269 1621 327 1642 non
338 1611 423 1653 juffu
438 1613 500 1655 ejus
517 1613 549 1644 iu
562 1613 644 1655 cujus
652 1611 789 1654 potrfiate
805 1614 888 1655 effet:
902 1613 1000 1655 ejusve
1011 1621 1062 1649 nof

850 1697 1198 1733 T1Tutvs

1105 121 1296 146 oonr
1355 113 1573 149 Cottrr.

1119 203 1192 232 mine
1209 211 1292 243 quem
1307 212 1431 244 quamve
1447 203 1477 233 iu
1490 200 1627 243 potestate
1644 202 1756 234 baberet
1767 228 1777 241 ,
1800 206 1867 237 bina
1878 205 1996 248 ffionfiz·

1118 243 1176 280 lia,
1200 246 1315 274 hinusve
1334 246 1452 284 nuptias
1467 245 1499 274 in
1516 246 1609 275 eodem
1627 250 1745 284 tempore
1762 245 1930 286 constitutus
1943 250 1994 280 lm.-
2032 282 2036 284 ,

1117 285 1220 315 buerit.
1266 284 1363 316 Hunc
1383 285 1505 317 versum
1525 287 1625 327 tangit
1644 286 1797 327 Ulpianus
1812 289 1832 319 Ι.
1852 290 1900 330 13.
1918 290 1946 330 §.
1969 299 1994 322 1.

1118 335 1147 356 2.
1161 335 1192 397 ἓ.
1209 325 1246 360 <⁶5⁹
1260 336 1289 363 4.
1311 326 1351 358 D.
1373 327 1400 358 h.
1418 333 1438 358 t.

1177 366 1302 408 ‘xpol'ui
1326 367 1475 400 Praetoris
1500 368 1671 406 Edictum,
1694 370 1739 400 uti
1765 376 1854 400 extat
1874 369 1905 401 in
1929 371 1947 401 l.
1967 379 1992 403 1.

1118 409 1146 439 b.
1167 414 1188 438 t.
1226 410 1321 440 etiam
1346 410 1452 441 addidi
1474 411 1620 449 quaedam
1643 410 1684 440 ibi
1705 410 1835 449 omiffa3
1859 410 1914 442 etsi
1931 421 1995 445 non

1119 451 1232 480 omnia.
1260 449 1350 481 fuiffe
1368 452 1452 482 enim
1470 453 1633 492 aliquanto
1655 452 1759 492 plura,
1777 453 1852 483 mihi
1872 453 1994 493 persua-

1120 491 1202 528 deo3
1219 492 1290 522 sane
1308 500 1396 523 extat
1417 503 1487 533 pars
1505 495 1537 524 in
1558 493 1577 523 l.
1592 503 1637 532 ¹5·
1653 498 1696 526 16.
1713 503 1757 534 17.
1771 493 1807 528 ὅ)
1821 498 1866 527 18.
1885 493 1921 524 D.
1932 494 1960 526 h.
1972 502 1994 528 t.

1160 531 1212 562 De
1235 532 1391 572 sepulchri
1419 535 1528 566 violati
1554 534 1679 565 actione
1703 536 1797 575 posfit
1814 535 1993 568 deliberari.

1120 582 1191 618 nam
1210 573 1291 604 hanc
1302 575 1451 607 damnato
1464 576 1625 607 infamiam
1644 578 1800 618 irrogare,
1823 576 1924 608 refert
1943 576 1995 609 Ul-

1120 623 1229 655 pianus
1247 615 1265 645 l.
1282 624 1307 645 1.
1330 614 1371 646 D.
1391 618 1424 646 de
1433 617 1579 658 sepulchro
1597 619 1713 649 violato.
1739 618 1790 649 secl
1808 627 1872 649 non
1889 618 1994 658 addit;

1117 665 1222 686 utrum
1241 665 1313 687 eum
1325 658 1512 700 nominatim
1530 660 1647 690 notarit
1662 661 1799 697 Praetor3
1814 669 1850 690 an
1869 660 1993 699 placue-

1117 698 1176 734 rit,
1189 697 1345 736 sepulchri
1362 699 1470 730 violati
1485 701 1604 731 crimen
1621 700 1682 732 esse
1700 701 1836 742 speciem
1853 700 1928 732 furti
1945 709 1997 734 aut

1116 739 1254 779 injuria
1273 739 1327 769 sub
1344 739 1445 779 iisque
1456 740 1559 773 Edicti
1577 742 1732 774 sententia
1748 743 1992 782 comprehendi.

1158 781 1274 812 Similis
1290 780 1443 819 inspectio
1460 781 1495 813 fit
1510 784 1594 814 circa
1612 784 1770 816 aaronem
1791 783 1868 815 servi
1887 794 1995 815 corru-

1117 823 1181 861 pti:
1206 831 1300 862 quam
1328 831 1418 862 aeque
1446 825 1589 861 turpibus
1612 826 1790 857 actionibus
1808 834 1995 857 annumerat

1117 863 1229 895 Paulus
1244 864 1262 894 l.
1279 867 1330 904 56.
1350 863 1392 895 D.
1412 863 1470 895 Pro
1479 863 1566 905 socio.

1156 904 1191 936 In
1209 905 1333 936 afflone
1352 906 1440 945 quod
1457 915 1560 937 metus
1578 906 1666 938 causa
1678 907 1760 940 aliud
1779 908 1906 940 censeo.
1922 918 1996 940 nus-

1115 955 1208 986 quam
1228 948 1313 978 enim
1333 948 1448 978 dicitur
1465 947 1595 979 famosa.
1612 958 1803 989 quamquam
1823 950 1841 981 fl
1860 951 1900 981 tle
1915 951 1994 982 dolo

1115 997 1225 1028 agatur
1243 988 1286 1019 ob
1304 989 1425 1020 illatum
1443 998 1585 1021 metum:
1602 991 1710 1030 (quod
1728 990 1797 1022 fieri
1816 992 1921 1030 poste,
1939 1001 1992 1032 ap·

1114 1038 1204 1070 paret
1221 1039 1260 1061 ex
1279 1030 1298 1061 l.
1323 1040 1369 1069 14.
1387 1030 1416 1071 ᾗ.
1438 1039 1482 1071 13.
1505 1030 1547 1064 D.
1566 1031 1654 1074 Quod
1670 1038 1760 1063 metus
1774 1031 1882 1072 cutclu)
1904 1034 1993 1064 dubi·
2018 1070 2021 1073 ,

1114 1080 1166 1102 um
1186 1081 1250 1103 non
1270 1071 1333 1110 est,
1353 1073 1428 1112 quin
1449 1073 1501 1112 qui
1519 1081 1640 1104 metum
1657 1074 1783 1111 intulit,
1803 1075 1898 1105 etiam
1916 1074 1993 1106 iufa-

1114 1114 1175 1144 mia
1193 1122 1335 1144 notetur.
1351 1114 1405 1144 sed
1422 1121 1489 1145 tum
1500 1114 1639 1154 pertinet
1656 1115 1693 1146 ad
1711 1115 1796 1146 illam
1806 1114 1911 1147 Edicti
1924 1125 1992 1156 par-

1115 1162 1180 1186 tem
1197 1164 1268 1193 quae
1287 1162 1377 1186 notat
1394 1155 1576 1187 damnatum
1595 1156 1661 1187 doli
1680 1157 1762 1188 mali.

1153 1196 1185 1227 ln
1203 1196 1281 1227 Fisci
1301 1196 1396 1228 caufis
1409 1196 1490 1237 pacti
1508 1206 1580 1229 cum
1599 1197 1815 1237 delatoribus,
1833 1207 1892 1238 pro
1913 1208 1991 1230 con-

1113 1237 1197 1268 feffis
1219 1237 1393 1277 habentur,
1417 1238 1438 1269 fi
1464 1239 1564 1270 modo
1588 1239 1727 1280 pretium
1751 1239 1804 1270 vel
1827 1241 1995 1273 modicum

1113 1280 1272 1310 dederint.
1318 1279 1369 1310 Sic
1396 1278 1551 1319 Ulpianus
1569 1280 1588 1311 l.
1605 1290 1634 1318 4.
1658 1279 1700 1311 D.
1727 1281 1840 1323 dejure
1853 1281 1928 1322 fisci.
1952 1291 1989 1313 ac

1113 1320 1165 1350 vix
1185 1321 1331 1361 ambigo3
1351 1321 1427 1362 quin
1441 1321 1536 1358 velit,
1555 1320 1617 1352 esse
1634 1321 1779 1354 infames.
1803 1322 1848 1353 est
1864 1323 1947 1355 enim
1965 1325 1990 1355 is

1112 1361 1203 1393 locus
1222 1372 1261 1393 ex
1279 1363 1362 1394 libro
1383 1363 1509 1402 Ulpiani
1524 1366 1554 1393 6.
1582 1364 1629 1394 Ad
1648 1362 1816 1402 Edictum3
1840 1373 1906 1404 quo
1924 1364 1989 1395 hoc

1109 1402 1259 1435 Edictum
1283 1404 1442 1444 expoluit.
1477 1411 1581 1435 utrum
1602 1412 1708 1436 tamen
1729 1406 1792 1443 illi,
1816 1413 1854 1436 an
1870 1404 1991 1437 Rescri-

1109 1452 1187 1484 pto,
1209 1445 1260 1477 illa
1277 1445 1406 1476 infamia
1423 1445 1596 1484 debeatur,
1620 1454 1685 1477 non
1704 1446 1834 1477 definio.

1150 1485 1254 1518 Etiam
1268 1486 1394 1518 infamis
1408 1486 1452 1518 est
1468 1487 1732 1527 publicojudicio
1744 1488 1908 1520 damnatus
1927 1488 1945 1518 l.
1957 1499 1987 1528 7.

1108 1526 1152 1559 D.
1170 1529 1203 1558 de
1216 1528 1322 1568 public.
1337 1529 1430 1568 judic.
1464 1529 1551 1568 quod
1569 1527 1709 1559 ostendit
1727 1529 1879 1568 Ulpianus
1896 1531 1915 1560 i.
1936 1540 1987 1570 32.

1106 1569 1150 1600 D.
1168 1571 1201 1599 de
1211 1572 1305 1610 pcenis
1321 1578 1392 1609 quae
1409 1569 1454 1600 est
1471 1578 1602 1610 quoque
1625 1579 1666 1600 ex
1690 1569 1744 1602 lib.
1762 1573 1793 1602 6.
1838 1571 1887 1602 Ad
1914 1570 1988 1603 Edi-

1105 1611 1200 1643 aum.
1225 1610 1279 1642 sed
1296 1611 1377 1643 hanc
1396 1610 1492 1652 supra*
1502 1611 1655 1652 explicui.

1257 1698 1328 1732 111.

779 1772 829 1812 De
839 1775 1088 1823 procuratoribus
1108 1772 1150 1813 ὅ)
1164 1773 1382 1821 defensoribus.

177 1863 437 1937 Orruit-suun
460 1867 514 1898 1116
537 1865 697 1906 subjicitur
719 1864 850 1898 Titulus
871 1865 923 1897 De
941 1873 1056 1906 procu-

277 1909 435 1940 ratoribus
456 1909 485 1939 &
505 1907 745 1947 defensoribus,
770 1908 843 1949 quia
868 1907 1057 1948 pcragendae

177 1948 249 1986 liti,
273 1957 388 1989 praeter
406 1951 603 1988 advocatos,
628 1950 667 1981 de
693 1950 807 1990 quibus
832 1949 987 1987 vidimus,
1012 1948 1054 1979 so·

178 1990 247 2021 lent
272 1991 367 2022 etiam
393 1991 535 2023 adhiberi
560 2000 785 2030 procuratores
804 1991 832 2022 <Sc
849 1989 1056 2027 defensores,

177 2040 259 2070 quos
284 2033 367 2072 ipsos
391 2042 452 2064 nec
477 2032 613 2064 infames
638 2032 700 2064 css'e
716 2032 909 2072 oportebat,
934 2039 969 2062 ut
985 2030 1056 2071 post

176 2073 311 2103 dicetur.
335 2074 474 2105 Sumitur
492 2082 598 2105 autem
617 2083 806 2114 procurator
824 2074 995 2114 aliquando
1014 2073 1054 2104 la-

178 2121 229 2151 te,
254 2122 288 2144 ut
311 2116 542 2155 complestatur
570 2124 683 2146 omnes
708 2116 761 2155 qui
781 2115 910 2146 alterius
926 2116 1055 2155 negotia

177 2164 380 2196 quacumque
403 2158 527 2188 ratione
550 2164 690 2188 tuentur.
714 2156 759 2188 est
782 2157 897 2196 etiam,
921 2156 974 2187 ubi
991 2155 1054 2186 stri-

177 2197 257 2228 ctius
280 2205 381 2237 patet.
416 2199 465 2229 vel
492 2198 664 2230 Rubricarn
691 2199 776 2230 vide.
810 2205 1054 2238 procuratorem

175 2239 313 2278 opponit
331 2238 503 2270 defensori.
528 2239 638 2279 estque
655 2239 719 2271 hoc
733 2241 834 2271 modo
846 2246 1053 2280 procurator,

175 2281 230 2320 qui
254 2281 354 2311 aliena
379 2281 509 2322 negotia
534 2282 683 2312 mandatu
709 2281 829 2312 domini
861 2279 1056 2312 administrat

174 2322 192 2351 l.
212 2331 239 2353 1.
259 2321 300 2353 D.
320 2323 347 2353 l).
372 2329 392 2353 t.
424 2322 574 2354 defensor
591 2323 644 2363 qui
665 2322 727 2354 fine
744 2323 895 2354 mandato
914 2323 1053 2354 interve-

172 2363 221 2394 nit
239 2372 298 2404 pro
318 2373 387 2395 reo.
412 2363 493 2396 Usus
512 2365 676 2404 utriusque
696 2364 773 2395 olim
793 2364 856 2395 fuit
873 2364 965 2395 valde
986 2364 1053 2394 exi-

173 2413 264 2444 guus.
297 2405 459 2436 auctorem
479 2406 543 2446 ejus
562 2407 650 2446 quod
668 2406 761 2444 dico,
786 2405 892 2436 habeo
910 2404 1050 2444 justinia-

171 2455 248 2476 num
263 2453 307 2486 pr.
324 2445 396 2487 Inst.
411 2447 457 2478 De
473 2448 508 2477 iis
522 2454 573 2487 per
589 2457 658 2487 quos
674 2447 829 2489 ugenpoff.
847 2448 889 2478 ait
905 2447 948 2485 is,
966 2455 1051 2477 nunc

173 2495 267 2527 agere
284 2488 372 2527 posse
389 2489 567 2527 quemlibet
594 2489 757 2520 hominem
775 2497 828 2519 aut
847 2487 902 2520 suo
919 2488 1050 2519 nomine

171 2536 226 2558 aut
242 2529 356 2561 alieno.
381 2530 504 2569 alieno3
529 2531 626 2561 veluti
644 2530 868 2570 procuratorio
881 2553 890 2568 ,
910 2530 1050 2568 tutoriO,

172 2572 352 2602 curatorio:
377 2581 449 2603 cum
473 2572 550 2603 olim
575 2573 605 2602 in
628 2571 682 2602 usu
699 2571 824 2610 fuiffet,
848 2572 974 2602 alterius
992 2580 1050 2602 no-

170 2611 259 2642 mine
283 2620 375 2651 agere
398 2622 462 2644 non
487 2613 594 2653 posse,
618 2613 671 2644 niii
690 2622 749 2653 pro
767 2612 913 2652 Populo,
936 2621 995 2649 pro
1017 2612 1049 2643 li-

169 2651 298 2682 bei-tate
311 2674 320 2689 ,
338 2661 396 2691 pro
417 2656 525 2686 tutela.
550 2662 704 2695 praeterea
722 2662 788 2685 erat
805 2652 895 2695 Lege
913 2653 1048 2685 Hostilia

168 2691 351 2732 permissum
365 2717 374 2731 ,
397 2694 472 2726 furti
498 2705 592 2736 agere
615 2705 726 2727 eorum
745 2697 877 2727 nomine
894 2696 946 2735 qui
964 2695 1048 2735 apud

170 2733 279 2780 hostes
296 2733 414 2772 css'ent,
430 2737 480 2767 vel
498 2737 680 2777 reipublicae
698 2737 787 2768 causa
802 2736 962 2775 abess'ent,
980 2736 1047 2776 qui-

168 2785 211 2806 ve
230 2784 260 2806 1n
280 2784 391 2806 eorum
410 2777 496 2816 cujus
513 2779 611 2810 tutela
628 2778 737 2810 ess'ent.
770 2787 921 2810 caeterurn
940 2778 1046 2809 alieno

168 2818 303 2849 nornine
328 2825 431 2857 neque
457 2827 549 2858 agere
566 2843 576 2857 ,
614 2829 720 2860 neque
742 2821 892 2860 excipere
916 2819 1044 2851 licebat.

168 2857 427 2890 Fundamentum
447 2857 550 2890 hisce:
574 2862 661 2900 quod
679 2863 708 2892 in
728 2860 911 2892 Duodecim
932 2860 1043 2892 Tabu-

168 2900 228 2939 lis,
253 2900 335 2940 apud
360 2899 397 2930 A.
423 2898 564 2931 Gellium
588 2903 634 2932 lib.
664 2912 710 2942 17.
737 2902 827 2934 Νοὲἶ.
854 2903 948 2934 Attic.
972 2913 995 2933 c.
1012 2912 1041 2934 2.

169 2940 214 2973 fic
239 2940 387 2972 extabat:
414 2940 487 2972 Cum
511 2947 647 2980 perorant
669 2945 748 2974 (unbo
773 2946 934 2984 praesentes.
979 2943 1041 2982 Et,

170 2980 241 3023 Post
256 2982 401 3013 meridiem
412 2983 548 3023 praeseuti
555 2980 666 3022 stlitem
682 2986 816 3016 acidicito.
862 2986 913 3017 Ab
931 2986 1042 3017 eadem

168 3026 296 3055 ratione
316 3033 427 3055 omnes
447 3022 540 3061 Legis
564 3023 704 3055 attiones
720 3034 795 3061 quas
810 3027 957 3066 placebat
975 3036 1042 3057 cer-

168 3073 216 3096 tas
233 3064 455 3105 solemnesque
470 3064 531 3098 effe
548 3064 567 3094 l.
584 3075 612 3095 2.
631 3064 660 3105 ἓ.
676 3069 707 3095 6.
727 3066 767 3096 1).
786 3068 818 3097 de
833 3069 938 3108 origin.
951 3069 1041 3108 juris.

168 3106 212 3138 fic
227 3114 396 3145 conceptae
412 3106 522 3145 fuere,
545 3113 579 3136 ut
600 3107 814 3145 unusquisque
835 3109 937 3147 poss'et
954 3116 1041 3149 pete-

169 3158 204 3180 re
222 3149 310 3188 quod
326 3146 413 3179 suum
431 3147 526 3186 effet‚
542 3155 594 3178 aut
610 3145 666 3178 fibi
684 3147 874 3179 deberetur:
891 3158 1041 3181 caeterum

168 3197 206 3221 ut
219 3197 345 3230 peteret
361 3190 430 3228 quis
447 3189 536 3230 quod
550 3189 677 3220 alterius
695 3187 772 3218 ess'et
784 3211 792 3223 ,
812 3196 864 3217 aut
881 3191 969 3221 alteri
988 3193 1038 3222 de-

169 3232 318 3270 beretur,
340 3231 424 3265 nulla
447 3228 659 3272 proditafuit
673 3228 747 3270 Jure
764 3228 859 3262 Civili
882 3230 973 3264 attio.
997 3232 1040 3263 ita

1102 1865 1286 1905 percrebuit
1304 1865 1409 1906 regula
1421 1888 1430 1904 ,
1457 1863 1564 1896 Nemo
1585 1863 1691 1897 alieno
1709 1865 1841 1898 nomine
1865 1866 1935 1907 lege
1952 1876 1982 1898 a·

1100 1915 1175 1947 gere
1192 1907 1296 1947 potest
1313 1907 1332 1937 l.
1353 1916 1421 1948 123.
1442 1906 1482 1938 D.
1501 1907 1533 1937 de
1549 1906 1639 1948 regul.
1652 1907 1715 1947 jur.
1734 1907 1882 1940 Servatus
1900 1910 1925 1939 is
1941 1910 1980 1940 ri*

1101 1957 1160 1988 gor
1170 1947 1231 1979 fuit
1248 1948 1331 1979 bene
1350 1949 1447 1989 longo
1465 1955 1623 1988 tempore.
1647 1950 1764 1980 deiude
1783 1957 1980 1990 temperatus

1102 1989 1228 2021 sensim:
1253 1998 1286 2022 ut
1302 1989 1404 2022 solent
1421 1999 1489 2030 quae
1510 1990 1652 2021 moribus
1672 1998 1846 2022 mutantur.
1869 1999 1940 2021 nam
1957 1989 1979 2022 fl

1100 2032 1252 2070 morbus,
1276 2039 1329 2062 aut
1346 2039 1438 2069 astas,
1463 2031 1493 2061 ἃ
1519 2040 1596 2062 mox
1615 2031 1782 2062 necessaria
1801 2032 1979 2072 peregrina·

1100 2073 1165 2110 tio,
1190 2081 1242 2103 aut
1265 2074 1323 2104 alia
1341 2072 1419 2112 justa
1441 2071 1549 2110 causa,
1575 2072 1808 2112 impedimento
1831 2072 1907 2103 esset
1923 2073 1981 2103 ho-

1099 2114 1331 2154 minibus,quo
1348 2115 1450 2145 minus
1467 2112 1522 2153 ipsi
1540 2122 1606 2145 rem
1625 2113 1708 2145 suam
1720 2122 1976 2154 exequerentur,

1098 2163 1266 2195 coeperunt
1284 2165 1340 2196 per
1356 2163 1582 2195 procuratores
1598 2155 1739 2196 litigare:
1755 2154 1841 2187 facili
1857 2155 1977 2186 Praeto-
2000 2181 2005 2185 ,

1097 2205 1131 2227 re
1143 2220 1152 2234 ,
1169 2197 1199 2228 &
1214 2198 1302 2237 quod
1317 2196 1467 2227 suadebat
1481 2196 1716 2236 aequibonique
1731 2198 1831 2236 ratio,
1849 2206 1908 2238 pro
1924 2196 1976 2228 sua
1997 2214 2002 2225 .

1097 2237 1312 2277 humanitate,
1336 2238 1534 2278 indulgente.
1579 2236 1686 2269 Testis
1712 2237 1848 2276 Cicero,
1873 2238 1921 2269 lib.
1942 2247 1972 2269 2.

1097 2279 1148 2310 Ao
1159 2279 1343 2311 Herennium
1353 2290 1376 2311 c.
1391 2289 1442 2321 53.
1459 2279 1565 2310 verbis
1586 2278 1803 2320 sequentibus.
1826 2279 1879 2311 Ex
1894 2289 1972 2320 «equo

1097 2319 1134 2355 ἐξ
1152 2322 1220 2352 bono
1232 2322 1284 2363 jus
1299 2319 1427 2362 constat,
1442 2321 1517 2362 quod
1532 2321 1570 2352 ud
1584 2321 1738 2353 veritatem
1756 2320 1793 2355 ἐξ
1811 2321 1971 2352 utilitatem

1097 2372 1271 2394 communem
1287 2364 1405 2394 videtur
1415 2364 1570 2403 pertinere.
1599 2364 1675 2403 quod
1686 2371 1802 2401 genus,
1825 2367 1859 2393 ut
1877 2362 1971 2403 major

1096 2404 1367 2445 annitfhxaginta,
1384 2403 1477 2438 &cui
1493 2405 1605 2434 morbus
1620 2402 1706 2444 cuusc'z
1722 2400 1781 2443 est,
1797 2404 1971 2444 cognitorem

1095 2447 1150 2476 det.
1195 2445 1246 2476 Ex
1263 2455 1290 2476 eo
1310 2455 1417 2476 novum
1429 2446 1481 2486 jus
1497 2443 1632 2484 constitui
1646 2445 1780 2475 convenit
1799 2454 1836 2475 ex
1851 2449 1974 2484 tempore

1096 2486 1131 2521 &³
1147 2497 1183 2518 ex
1198 2488 1320 2518 hominis
1335 2487 1490 2527 (lignitate.
1538 2485 1614 2517 Hoc
1630 2484 1768 2524 Cicero,
1792 2485 1822 2516 ὅ(
1839 2486 1970 2526 attingit

1095 2537 1227 2568 quoque
1243 2527 1432 2568 justinianus
1450 2528 1541 2568 d.pr.
1571 2526 1652 2558 illud
1669 2526 1971 2564 demonstrandum,

1094 2570 1263 2607 quomodo
1287 2570 1452 2609 potuerint
1477 2568 1602 2599 admitti
1627 2576 1877 2608 procuratores:
1901 2566 1971 2599 refi-
2018 2573 2021 2575 ’

1092 2610 1249 2642 fientibus
1265 2611 1426 2642 afflonum
1445 2609 1593 2641 formulis
1611 2610 1706 2641 certis
1724 2618 1761 2640 ac
1776 2609 1970 2641 solennibus.

1091 2651 1177 2683 Mihi
1195 2661 1273 2683 vero
1292 2652 1419 2683 videtur
1429 2650 1492 2683 huc
1512 2652 1630 2682 ducere
1647 2651 1858 2691 interrogatio
1875 2659 1968 2690 quam

1091 2694 1123 2724 in
1137 2693 1205 2734 jure
1221 2692 1416 2724 adhibebant
1428 2692 1574 2724 Veteres.
1599 2692 1738 2724 formula
1756 2700 1840 2731 erat3
1859 2691 1964 2736 Quan-

1091 2736 1124 2765 do
1143 2744 1169 2765 te
1184 2735 1290 2776 injure
1307 2732 1444 2775 conspicio
1455 2757 1464 2773 ,
1483 2732 1612 2775 postulo,
1637 2743 1712 2766 anne
1722 2733 1782 2773 fias
1799 2733 1908 2766 austor.
1934 2733 1966 2764 id

1091 2776 1155 2815 est,
1180 2785 1262 2807 anne
1277 2775 1314 2807 fis
1332 2776 1384 2807 ille
1399 2785 1417 2806 a
1434 2785 1500 2817 quo
1515 2779 1563 2815 jus
1587 2785 1693 2807 meum
1711 2776 1845 2807 debeam
1862 2772 1966 2816 perse-

1089 2818 1153 2857 qui.
1187 2826 1254 2848 eam
1279 2816 1450 2849 formulam
1469 2816 1614 2848 Valerius
1634 2817 1757 2849 Probus
1773 2817 1847 2848 Not.
1865 2815 1964 2848 Veter.

1089 2859 1136 2891 his
1153 2859 1378 2900 complectitur
1393 2858 1497 2899 Siglis.
1522 2858 1564 2900 Q.
1589 2857 1633 2890 T.
1657 2858 1679 2890 I.
1697 2858 1721 2890 1.
1746 2858 1783 2890 C.
1807 2858 1842 2890 P.
1867 2857 1903 2888 A.
1926 2856 1963 2888 F.

1086 2900 1125 2932 A.
1150 2910 1211 2931 nec
1226 2900 1359 2939 dubito,
1378 2901 1454 2941 quin
1472 2901 1510 2932 ad
1526 2900 1610 2931 hanc
1624 2899 1773 2940 respiciat
1790 2899 1854 2930 hoc
1870 2898 1963 2930 Cice-

1085 2942 1171 2973 ronis
1186 2942 1242 2973 Pro
1259 2942 1391 2980 Caecina,
1414 2951 1438 2972 c.
1461 2951 1511 2979 19.
1529 2941 1615 2972 Actio
1632 2939 1670 2981 est
1688 2943 1719 2973 in
1736 2941 1877 2972 auuorem
1889 2946 1963 2980 prce-

1079 2983 1190 3024 Jentem
1215 2984 1259 3014 his
1280 2985 1392 3022 verbis,
1417 2983 1662 3027 Quandoquidem
1686 2989 1712 3014 te
1729 2984 1759 3013 in
1770 2983 1839 3023 jure
1854 2980 1961 3020 conspi-

1086 3026 1136 3056 cio.
1185 3024 1237 3055 Sic
1255 3023 1411 3056 Veterum
1444 3026 1597 3057 librorum
1620 3024 1684 3056 fide
1701 3024 1732 3055 in
1750 3023 1801 3053 sua
1819 3022 1959 3052 editione

1087 3065 1244 3098 νει-11111116
1269 3067 1394 3107 recepit
1411 3067 1551 3107 optimus
1567 3075 1656 3097 meus
1673 3065 1832 3105 quondam
1850 3061 1960 3107 Colle-

1085 3116 1123 3147 ga
1138 3131 1148 3146 ,
1179 3108 1209 3139 &
1232 3108 1363 3139 Amicus
1386 3108 1555 3139 carissimus
1571 3130 1580 3145 ,
1610 3106 1770 3146 johannes
1787 3102 1959 3149 'Georgius

1085 3148 1248 3187 Graevius,
1282 3148 1322 3180 V.
1344 3149 1404 3180 CL.
1429 3159 1503 3180 cum
1518 3158 1534 3179 a
1557 3149 1654 3180 Petro
1674 3145 1818 3176 vittono
1835 3144 1865 3173 &
1883 3143 1957 3190 ‘aliis

1083 3190 1226 3222 Eruditis
1242 3189 1327 3222 Viris
1342 3190 1430 3222 nullo
1447 3191 1597 3220 ederetur
1612 3185 1697 3218 sensu
1708 3208 1718 3222 ,
1734 3184 1806 3216 attio
1823 3182 1861 3224 est
1877 3194 1909 3214 tn
1924 3194 1957 3215 α-

1084 3231 1184 3264 &orem
1204 3232 1377 3274 presentem.
1421 3229 1527 3264 Etiam
1550 3237 1650 3269 nuper
1672 3227 1785 3259 lubens
1810 3225 1954 3296 intentati
