2036 3495
163 143 233 178 aaa
995 122 1036 159 N

164 219 229 253 ei?
257 219 295 255 ἑῇ*
321 218 487 260 ecnstquens
509 214 567 255 est,
598 220 632 246 ut
649 214 798 246 ciuitatem
820 221 877 244 non
901 212 1039 252 adipisea·

168 264 228 292 tur.
273 260 319 291 lta
335 261 437 291 editur
452 256 633 288 Florentiae.
659 254 710 286 sed
734 253 857 295 praestat
879 254 1039 295 conjectu-

168 311 201 334 ra
221 301 260 333 V.
278 300 337 333 Cr..
363 297 517 331 Francisci
540 295 686 328 Balduini
710 295 758 327 De
779 295 940 335 jurisprud.
965 293 1039 326 Mu-

160 344 255 374 ,ciana
266 349 335 383 pag.
349 350 400 380 43.
423 337 637 370 emendantis:
659 336 717 368 Eos
733 338 785 377 qui
803 337 838 368 ab
854 334 977 375 hostibus
991 345 1038 367 ca-

162 384 306 424 piuntur,
331 389 380 410 nec
394 378 517 418 hostibus
533 379 700 416 deduntur,
717 378 788 420 jure
804 375 972 417 postliminii
994 387 1037 407 re-

166 425 266 461 verti,
289 421 454 460 antiquitus
466 420 591 460 placuit.
633 417 770 459 Optimo
788 417 892 450 sensu:
911 418 961 450 Ab
979 418 1036 449 ho-

166 464 263 496 stibus
288 468 421 501 captos,
450 470 524 493 cum
546 468 768 500 revertuntur,
793 459 912 490 habere
931 460 1038 500 postli-

168 503 326 542 minium3
356 501 455 534 modo
478 502 553 534 visti
576 502 689 539 armis,
721 501 751 533 se
778 501 898 541 privata
918 500 1038 540 pactio-

166 553 207 577 ne
228 553 294 582 non
321 543 523 575 dediderunt.
547 551 608 583 qua
632 543 779 574 ratione?
813 551 943 582 nempe,
967 541 1040 577 Quia

166 584 257 625 pasta
272 583 352 616 inter
369 583 475 623 hostes
492 583 619 621 valent,
643 583 672 614 ἂ
688 583 770 614 facta
792 581 943 614 servanda
969 581 1038 613 sunt

160 626 232 666 J'ure
255 626 412 666 gentium.
454 625 546 665 Juvat
568 624 631 655 hoc
657 623 742 656 Pauli
765 624 784 654 l.
811 632 856 664 17.
874 625 902 654 d.
919 630 941 654 t.
959 621 1039 664 Post-

163 669 279 706 lz'minio
300 672 419 705 carent,
441 667 492 708 qui
506 667 594 698 armis
609 663 682 696 ‘visti
699 663 822 705 hostibus
830 664 876 706 se*
888 666 1038 696 dederunt.

166 705 312 741 Tantum
329 709 370 740 dc
395 709 503 747 priore
527 705 702 738 Modestini
725 705 826 737 versu.
869 705 957 748 Quid
981 715 1038 746 po-

167 750 306 783 sterior‘?
331 749 370 781 sic
387 749 495 787 sonat,
518 747 572 778 An
595 747 647 788 qui
669 743 792 786 hostibus
813 747 926 778 deditus
945 755 1040 778 rever-

162 792 237 832 sus,
260 801 311 822 nec
327 801 346 821 a
359 791 437 821 nobis
452 795 599 829 receptus,
622 788 695 818 civis
714 787 862 818 Romanus
878 786 941 826 fit,
965 788 1040 818 inter

170 833 299 866 Brutum
315 831 352 867 ἐξ
367 829 521 872 Scaevolam
535 830 617 860 varie
632 827 791 860 tractatum
804 826 868 869 est?
890 828 927 863 ἐξ
951 831 1040 864 conle-

170 883 260 921 quens
274 871 332 914 est,
354 876 388 903 ut
400 872 550 902 civitatem
574 879 632 901 non
654 871 840 911 adipiscatur.
884 869 945 901 Vel
967 870 1041 901 huic

167 916 346 955 Icripturae‚
370 911 426 944 etfi
449 911 474 943 F
477 911 663 950 lorentinae‚
696 909 945 943 controverfiam
973 920 1040 942 mo-

169 957 217 988 vit
242 953 412 987 Balduinus
430 959 500 995 pag.
517 957 567 992 48.
592 961 648 992 pro
669 961 719 983 nec
748 963 766 983 a
794 954 872 983 nobis
894 959 1040 993 receptus,

170 995 374 1032 substituens,
397 1004 448 1025 nec
463 995 499 1026 ab
515 995 554 1025 eis
569 1000 709 1033 receptus.
755 992 795 1024 Et
810 994 841 1024 in
861 993 923 1025 hoc
948 993 1038 1024 multi

168 1037 327 1072 Balduino
345 1034 562 1077 suffragantur.
605 1034 670 1067 Sed
688 1034 764 1066 mihi
781 1034 870 1065 lubet
886 1032 1039 1076 experiri;

168 1090 208 1113 an
231 1077 419 1111 Modestino
444 1076 556 1109 servari
578 1076 672 1117 possit
694 1082 786 1107 vetus
810 1074 924 1114 lectio,
952 1084 1002 1106 nec
1022 1085 1040 1106 a

167 1123 248 1154 nobis
264 1116 415 1161 receptus?
440 1117 483 1150 Et
498 1120 637 1159 poteritr
660 1117 734 1148 dum
745 1139 756 1156 ,
770 1126 788 1148 a
802 1117 899 1155 nobis,
917 1117 1037 1154 valeat,

168 1164 325 1205 quatenus
358 1161 396 1192 ad
420 1169 479 1192 nos
500 1160 625 1191 attinet.
675 1157 769 1190 Hanc
799 1158 949 1198 loquendi
974 1156 1040 1188 for-

171 1213 274 1241 mam,
307 1209 460 1243 quantum
487 1200 551 1233 scio
568 1224 577 1239 ‚
608 1209 706 1232 nemo
730 1198 783 1230 hic
805 1199 1036 1231 animadvertit.

173 1244 235 1278 Sed
266 1243 396 1276 similem
427 1243 500 1274 alibi
531 1241 664 1282 pulchre
694 1239 874 1271 observavit
898 1239 1039 1271 Andreas

169 1287 311 1320 Alciatus
327 1285 377 1317 lib.
393 1288 423 1315 6.
443 1284 561 1325 Parerg.
579 1293 601 1314 c.
621 1292 670 1314 21.
696 1282 725 1314 δι
741 1280 918 1314 Fridcricus
932 1279 1040 1312 Taub-

169 1336 303 1362 mannus
321 1327 359 1357 ad
376 1326 521 1358 Plautum
546 1324 661 1365 Epidio.
684 1333 707 1355 1.
726 1333 752 1355 2.
771 1326 819 1355 26.
860 1321 1039 1354 Secundum

169 1370 260 1408 hcc,
284 1377 335 1399 me
351 1367 543 1406 interprete,
568 1366 637 1398 talis
654 1365 715 1397 crit
732 1363 905 1396 Modestini
922 1363 1039 1395 sensus:

171 1412 223 1445 An
243 1409 296 1450 qui
314 1408 456 1441 hostibus
480 1407 625 1445 deditus,
649 1405 757 1446 postea
781 1406 911 1437 domum
936 1414 1040 1437 rever-

170 1451 240 1490 sus,
264 1451 373 1483 necin
389 1450 571 1485 civitatem,
593 1454 748 1486 quatenus
768 1448 808 1478 ad
827 1456 885 1478 nos
909 1446 1042 1484 attinet,

172 1499 323 1533 receptus
337 1514 346 1529 ,
370 1489 438 1531 ipso
451 1490 520 1529 jure
539 1488 618 1519 civis
633 1487 795 1520 Romanus
812 1486 872 1520 fit?
894 1486 958 1519 Res
975 1488 1039 1518 evi·

176 1535 276 1571 dens;
311 1531 361 1564 sed
388 1538 422 1562 ut
444 1529 625 1561 evidentior
649 1528 721 1567 fiat,
754 1528 884 1560 addam:
914 1528 1000 1569 quod
1024 1537 1042 1559 a

172 1572 360 1609 Modestino
375 1571 561 1613 indigitatur
586 1569 610 1601 F
613 1569 659 1602 ori
682 1569 852 1609 disputatio
875 1570 907 1602 in
930 1579 963 1601 re
985 1570 1042 1600 ob·

168 1617 257 1650 scura
274 1615 303 1646 &
322 1612 445 1646 difficili
460 1612 544 1653 apud
566 1611 703 1645 Veteres
725 1610 814 1643 solita
828 1610 981 1643 adhiberi.
1003 1610 1045 1642 de

172 1667 211 1691 ea
226 1657 276 1698 egi
293 1655 391 1698 saepe,
415 1654 444 1687 δι
462 1654 494 1685 in
513 1654 622 1694 primis
644 1652 691 1684 lib.
709 1661 734 1684 1.
758 1654 804 1684 tit.
824 1661 851 1684 1.
868 1652 914 1683 De
928 1649 1045 1693 justitia

173 1698 291 1746 &jure
306 1699 344 1728 ad
354 1695 413 1736 fin.
454 1694 504 1727 Ex
521 1694 586 1726 hoc
608 1703 699 1726 more
720 1694 753 1725 in
775 1702 811 1725 ea
834 1692 984 1733 quaefit03
1005 1702 1045 1724 an

175 1749 230 1781 qui
253 1737 396 1770 hostibus
420 1736 568 1774 deditus,
600 1735 643 1767 ob
668 1743 782 1776 pacem
796 1733 906 1775 injuffu
931 1733 1046 1775 Populi

173 1781 314 1818 factam,
339 1779 471 1811 domum
489 1776 650 1815 reversus,
673 1783 830 1817 quatenus
845 1776 885 1807 ad
908 1784 967 1807 nos
1000 1782 1046 1805 at-

173 1823 259 1856 tinet
273 1844 283 1861 ,
306 1822 338 1852 in
358 1820 521 1852 civitatem
544 1818 672 1859 publice
695 1826 760 1849 non
792 1824 940 1856 receptus
962 1824 1048 1861 nova

173 1865 265 1907 lege,
294 1861 361 1901 ipso
382 1862 451 1902 jure
476 1860 556 1892 civis
582 1859 743 1891 Romanus
765 1858 825 1890 fit?
856 1858 956 1889 Bruto
981 1856 1046 1896 pla-

173 1914 261 1944 cuit,
285 1903 346 1934 effe
362 1905 489 1934 civem:
514 1900 640 1944 Quinto
662 1899 777 1932 Mucio
799 1899 844 1940 (is
860 1898 1046 1930 Modestino

178 1945 324 1979 Scoevola
342 1943 475 1984 dicitur)
500 1949 633 1981 contra,
656 1951 717 1973 non
745 1940 816 1972 effe.
858 1939 919 1977 Et,
939 1948 975 1971 ut
999 1940 1046 1970 in-

178 1988 290 2027 telligo
317 1996 359 2017 ex
381 1983 562 2025 Pomponio
585 1984 605 2015 l.
631 1983 685 2014 ult.
712 1982 754 2014 D.
780 1983 813 2013 de
837 1981 1047 2022 legationibus,

176 2028 367 2062 Modestiuo
389 2025 511 2057 ass'entit
535 2024 677 2067 Quintus
701 2023 831 2055 Mucius
849 2023 896 2053 his
921 2022 1045 2054 verbis:

177 2070 220 2104 Et
236 2071 403 2110 consequens
419 2065 457 2106 eJl
468 2089 476 2105 ‚
500 2072 532 2098 ut
557 2067 704 2097 civitatem
720 2074 779 2095 non
796 2064 992 2104 adipiscatur:
1016 2063 1047 2094 id

180 2112 242 2149 est,
266 2110 464 2151 consequens
479 2106 542 2147 est,
558 2114 593 2138 ut
608 2115 677 2138 eam
694 2104 761 2145 ipso
773 2105 844 2147 jure
856 2128 865 2144 ‚
882 2105 966 2136 ultro
983 2113 1048 2135 non

179 2151 376 2192 adipiscatur.
420 2149 465 2180 lta
481 2148 545 2180 est:
561 2147 624 2179 fuit
642 2147 710 2178 haec
724 2146 894 2178 secundum
913 2146 1051 2184 Pompo-

180 2196 265 2227 nium
285 2194 367 2225 clara
383 2190 498 2232 Quinti
519 2189 619 2221 Mucii
638 2188 807 2220 sententia:
830 2186 882 2218 sed
904 2196 968 2218 non
988 2186 1051 2217 sola

183 2237 252 2269 hac
268 2233 348 2273 fuit;
370 2242 410 2264 ne
430 2240 530 2272 putes.
553 2230 687 2270 amplius
708 2229 812 2261 voluit
835 2227 1052 2268 Pomponius,

184 2277 270 2318 quod
295 2274 456 2316 przevaluit
473 2273 524 2304 illa
540 2271 653 2313 Quinti
670 2270 773 2301 Mucii
791 2269 963 2300 sententia:
986 2269 1053 2299 sub-

183 2320 255 2351 nixa
271 2318 389 2357 quippe
405 2313 555 2355 suffragiis
579 2312 713 2352 plurium
735 2309 1052 2351 jurisconsultorum:

147 2359 150 2360 ⁷
186 2368 310 2398 eoque,
333 2366 367 2388 ut
384 2355 479 2388 moris
497 2363 584 2392 erat,
606 2353 669 2385 fuit
688 2360 818 2393 recepta
835 2361 891 2392 pro
906 2351 986 2391 Juris
1007 2361 1054 2382 re·

185 2400 276 2440 gula;
291 2400 320 2430 dt
335 2407 394 2438 pro
413 2397 463 2428 tali
483 2406 499 2427 a
517 2394 705 2426 Modestino
721 2394 861 2434 (indicio
875 2392 1055 2432 Inscriptio-

187 2440 234 2472 nis
257 2442 284 2470 d.
302 2440 321 2470 l.
339 2450 368 2477 4.
393 2437 593 2478 praeferentis
615 2436 680 2476 ejus
705 2436 760 2467 lib.
784 2444 813 2475 3.
841 2433 1053 2473 Regularum)

184 2482 268 2514 inter
285 2480 354 2517 iuris
374 2479 494 2520 regulas
513 2478 620 2509 relata.
645 2476 739 2508 Forte
758 2475 850 2516 poffit
867 2476 905 2506 ab
924 2485 960 2505 ea
974 2484 1053 2514 quo-

184 2532 248 2563 que
267 2520 353 2551 causa
372 2519 548 2559 profectum
573 2517 684 2556 fuiss'e,
709 2517 796 2557 quod
812 2518 852 2548 de
878 2517 912 2548 P.
933 2515 1054 2547 Rutilio

187 2564 239 2596 M.
256 2561 287 2593 F.
303 2560 449 2591 Tribuno
466 2561 571 2592 Plebis
589 2560 619 2590 in
638 2561 722 2590 hunc
737 2560 868 2590 modum
891 2557 1055 2589 memoriae

191 2604 334 2647 prodidit
359 2601 473 2632 Cicero
493 2602 538 2632 De
561 2601 687 2633 Oratore
709 2600 756 2631 lib.
779 2608 801 2630 1.
825 2609 848 2630 c.
864 2608 915 2636 40.
939 2598 1055 2629 Etenim

184 2645 229 2686 fic
251 2645 284 2676 C.
310 2642 503 2680 Mancinum,
526 2639 725 2682 nobiliffimum
749 2648 836 2681 atque
853 2641 988 2680 optimam
1007 2641 1053 2670 vi-

189 2697 255 2720 rum
271 2694 304 2716 ac
319 2683 510 2720 consularem,
533 2693 598 2713 cum
613 2692 675 2712 eum
688 2688 804 2722 propter
819 2682 962 2711 invidiam
986 2680 1055 2711 Nu-

191 2726 317 2761 mantini
331 2724 445 2762 foederis
457 2729 536 2762 pater
550 2729 685 2764 patratus
700 2732 735 2752 ex
751 2723 783 2753 S.
805 2721 838 2753 C.
855 2721 1055 2753 Numantinis

191 2766 354 2807 dedidisset,
384 2773 501 2805 eumque
523 2764 566 2794 ilii
597 2774 654 2795 non
682 2763 868 2804 recepiffiut,
905 2760 1056 2803 posteaque

192 2811 358 2844 Mancinus
375 2806 487 2837 domum
507 2805 670 2845 reveniffet,
693 2814 782 2845 neque
803 2806 834 2834 in
857 2805 996 2834 Senatum
1012 2805 1056 2834 in-

192 2853 280 2885 zroire
302 2846 470 2887 dubitassem
497 2845 530 2876 P.
549 2845 680 2876 Rutilius
705 2846 752 2877 M.
770 2845 802 2877 F.
823 2845 968 2876 Tribunus
994 2844 1058 2875 Ple-

193 2895 234 2926 bis
251 2895 282 2923 cle
302 2890 411 2921 Senatu
424 2884 507 2928 juffit
530 2887 626 2916 educi:
648 2889 721 2926 quod
745 2897 809 2917 eum
829 2888 920 2917 civem
942 2891 1058 2926 negaret

191 2934 263 2976 effe:
287 2932 356 2973 quiri
379 2928 513 2960 memoria
534 2925 578 2963 fic
594 2925 656 2965 effet
676 2930 818 2965 proditum
837 2951 846 2965 ‚
875 2937 959 2968 quem
978 2932 1059 2966 pater

183 2979 260 3018 suus
290 2979 341 3003 aut
369 2969 501 3010 Populus
521 2965 712 3006 vendidisset,
748 2976 799 2998 aut
822 2974 904 3008 pater
922 2974 1059 3009 patratus

194 3013 337 3053 dedidiffet
349 3036 357 3051 ‚
375 3014 399 3042 ei
417 3011 531 3042 nullum
548 3008 598 3048 effe
607 3005 822 3048 postliminium.

234 3056 331 3091 Dixi,
355 3054 431 3093 quid
456 3051 485 3082 in
506 3050 577 3081 Fori
597 3049 809 3089 disputatione
830 3050 1004 3081 obtinuerit
1020 3059 1061 3081 ex

193 3096 380 3130 auctoritate
399 3093 510 3136 Quinti
530 3090 643 3122 Mucri.
669 3088 841 3135 Nondum,
863 3091 937 3135 quid
953 3090 1062 3131 postca

194 3134 368 3170 insecutum
386 3135 431 3166 lit.
475 3135 522 3163 Ad
541 3133 604 3163 hoc
621 3131 831 3170 Pomponium
857 3131 913 3160 tibi
935 3132 1060 3171 delega-

196 3172 241 3212 bo
256 3179 274 3210 l.
289 3178 343 3208 ult.
363 3176 402 3207 D.
420 3177 452 3206 cle
474 3175 662 3215 legationibus
681 3181 721 3202 ex
741 3171 793 3201 lib.
811 3179 861 3211 37.
887 3172 933 3201 Ad
958 3172 1058 3211 Quin.

195 3219 263 3255 tum
279 3217 427 3252 Mucium
447 3218 490 3249 ita
506 3214 711 3257 loquentem:
738 3212 771 3245 Si
786 3213 849 3254 quis
868 3212 995 3254 legatum
1012 3213 1058 3245 bo·

587 122 932 164 Gexsan't

1069 128 1252 159 00:³1·
1309 122 1518 158 Gonu.

1074 204 1169 248 stium
1187 209 1323 256 pulsaffet
1339 233 1351 250 ,
1381 218 1480 243 contra
1494 211 1547 253 jm
1566 213 1697 253 gentium
1716 213 1747 245 id
1771 213 1942 257 commffum

1081 248 1134 295 effe
1154 249 1356 289 existimatur:
1391 254 1461 294 quia
1480 251 1581 293 sancti
1603 254 1743 286 habemur
1763 256 1876 297 legati:
1904 257 1943 292 ἃ

1081 292 1141 320 ideo
1152 289 1182 327 fi
1203 301 1268 322 cum
1288 292 1376 334 legati
1396 295 1475 333 apud
1503 303 1553 324 nos
1575 293 1661 334 effent
1680 298 1777 337 gentis
1800 297 1945 339 alicujus,

1080 330 1183 362 bellum
1199 342 1264 363 cum
1277 334 1318 364 eis
1339 334 1482 366 indictum
1491 334 1559 373 fit?
1582 337 1740 378 responsum
1762 337 1800 379 est
1815 361 1824 377 ,
1847 340 1947 371 liberos

1079 380 1124 419 eos
1146 381 1282 404 manere:
1309 375 1341 405 id
1362 377 1436 407 enim
1451 377 1517 418 juri
1536 378 1669 418 gentium
1689 382 1858 411 conveniens
1879 380 1949 421 effe.-

1080 419 1122 444 tta
1140 422 1178 459 'ue
1194 423 1258 460 eunt
1271 416 1324 456 qui
1336 416 1462 458 legatum
1482 417 1635 459 pulsaffet,
1670 418 1802 463 Quintus
1824 420 1949 453 Mucius

1080 455 1113 484 de
1134 463 1144 484 z
1168 452 1309 495 hostibus,
1331 466 1453 498 quorum
1474 466 1558 491 eram
1586 460 1692 501 legati,
1713 460 1820 501 solitus
1842 460 1882 501 est
1903 471 1949 493 re·

1072 496 1221 535 spondere.
1243 505 1326 543 quem
1350 496 1437 538 hostes
1452 499 1482 537 fi
1506 509 1563 532 non
1584 501 1763 543 recepzffent,
1797 501 1947 544 qutefitum

1080 533 1119 576 est
1134 557 1144 574 ‚
1167 545 1207 582 an
1221 546 1296 568 civis
1313 537 1463 571 Romanus
1486 543 1633 575 maneret‘ss>
1654 544 1824 584 quibusdam
1849 542 1948 586 exilii-

1080 578 1228 623 mantibus
1244 588 1377 618 manere,
1400 580 1465 612 aliis
1481 589 1598 614 contra:
1618 586 1688 627 quia
1703 594 1786 625 quem
1793 586 1880 626 semel
1899 593 1950 627 po·

1076 618 1165 658 pulus
1175 616 1298 660 Juffiffi⁶
1315 621 1379 652 decli
1392 643 1402 659 ,
1424 631 1461 654 ex
1475 624 1595 671 civitate
1616 625 1764 666 expulfiffe
1778 627 1927 657 videretur
1935 636 1948 656 .-

1075 657 1153 697 ficut
1164 665 1295 707 jaceret,
1317 670 1384 692 cum
1398 672 1475 709 aqua
1491 663 1605 736 &ffli
1627 667 1816 699 interdiceret.
1838 670 1869 700 in
1890 677 1949 710 qua

1073 702 1361 740 sententiabvzdetur
1381 702 1505 735 Publius
1567 706 1649 737 ucius
1674 707 1769 748 fuiffle.
1800 709 1831 740 id
1853 714 1950 740 autern

1081 742 1208 788 maa-iniq
1221 741 1370 789 quesitum
1383 741 1422 784 est
1437 745 1469 775 in
1485 744 1609 786 Hostilio
1625 746 1766 780 Mancino
1780 759 1862 791 quem
1879 749 1950 782 Nu-

1081 787 1207 812 mantini
1220 781 1278 820 fibi
1294 784 1423 816 deditum
1443 795 1501 817 non
1522 793 1711 827 acceperunt:
1731 790 1766 820 de
1780 800 1834 831 quo
1851 797 1948 823 tamen

1082 823 1129 853 lex
1144 822 1241 863 postea
1255 824 1317 856 lata
1332 823 1390 866 est,
1412 832 1447 857 ut
1468 826 1531 867 effit
1546 830 1620 859 civis
1638 828 1805 870 Romanus,
1828 831 1864 866 δᾶ
1877 838 1952 873 proe-

1083 869 1180 894 turam
1194 873 1305 912 quoque
1315 866 1422 907 geffiffe
1436 869 1551 901 dicitur.
1563 869 1691 902 Summa
1708 871 1777 903 haec
1794 871 1838 903 est
1848 873 1952 912 :quod

1084 914 1158 951 cum
1184 905 1337 950 Hostilius
1354 908 1546 950 Mancinus,
1568 911 1610 941 ob
1632 910 1783 944 invidiam
1807 911 1951 946 Numan-

1083 953 1141 976 tim
1158 945 1311 993 foedens,
1335 947 1539 983 Numantinis
1554 951 1630 983 esset
1649 952 1729 993 Juss'u
1745 953 1859 995 Populi
1885 954 1953 987 Ro·

1082 995 1165 1017 mani
1195 987 1340 1027 deditus,
1368 998 1433 1022 non
1454 999 1558 1024 tamen
1581 992 1621 1024 ab
1644 994 1704 1026 illis
1727 1003 1875 1036 receptus
1889 1018 1899 1036 ‚
1921 997 1953 1028 dt

1082 1027 1192 1068 postea
1216 1029 1348 1062 domum
1377 1033 1528 1072 reverso,
1559 1033 1775 1075 dubitaretur;
1806 1045 1843 1068 an
1873 1037 1952 1069 civis

1082 1069 1245 1116 Romanus
1263 1071 1433 1117 maniiss'et:
1455 1073 1628 1107 institutam
1649 1076 1731 1109 inter
1745 1076 1953 1117 Jurisconsul·

1083 1118 1134 1141 tos
1149 1110 1249 1157 'fuisse
1269 1111 1341 1144 Fori
1363 1113 1619 1160 disputationem.
1648 1118 1679 1150 in
1702 1127 1764 1159 qua
1780 1126 1853 1151 cum
1874 1118 1953 1151 esset

1083 1153 1123 1182 de
1145 1161 1212 1191 Jure
1236 1153 1417 1200 quaesitum,
1439 1154 1531 1189 fuisse
1553 1160 1729 1191 variatum:
1758 1160 1843 1198 aliis,
1868 1161 1951 1193 inter

1083 1202 1165 1239 quos
1186 1193 1306 1234 Bruto,
1329 1195 1596 1238 existimantibus,
1620 1201 1724 1232 civem
1743 1201 1900 1233 mansisse:
1923 1211 1954 1233 a·

1082 1236 1130 1266 liis
1148 1243 1276 1282 contrat,
1290 1246 1354 1269 non
1371 1237 1529 1285 manfisse3
1555 1241 1583 1272 ἀ
1597 1241 1637 1273 ab
1656 1241 1703 1273 his
1718 1239 1952 1287 stetiss‘e'Quin·

1082 1276 1498 1325 tumI-Muciumsejtusque
1522 1280 1708 1315 senteutiam
1731 1284 1867 1324 plurium
1892 1284 1953 1316 suf-

1081 1317 1190 1358 fragiis
1214 1319 1423 1365 przwalursse,
1448 1330 1572 1362 proque
1587 1324 1695 1364 regula
1711 1332 1893 1366 receptam:
1916 1325 1952 1357 fi-

1082 1367 1136 1404 cut
1151 1369 1174 1406 'a
1197 1359 1387 1406 'Mod-estmo
1411 1370 1542 1406 quoque
1570 1364 1651 1395 inter
1674 1366 1796 1405 regulas
1821 1367 1952 1399 relatam

1082 1401 1171 1433 fuisse
1194 1402 1316 1433 ludicro
1343 1400 1559 1443 Inscriptionis
1589 1404 1608 1436 l.
1626 1414 1657 1443 4.
1681 1406 1727 1438 D.
1753 1407 1787 1437 de
1806 1409 1949 1447 captivis,

1082 1443 1179 1515 gaulo
1205 1450 1278 1473 ante
1301 1441 1503 1475 observatum
1535 1443 1590 1477 est.
1639 1444 1798 1478 Caeterum
1823 1447 1952 1489 Populo

1113 1492 1230 1515 omano
1245 1482 1354 1523 postea
1369 1483 1459 1527 aliter
1477 1483 1601 1516 sedisse:
1624 1495 1695 1517 narn
1712 1487 1783 1527 lege
1806 1488 1868 1520 lata
1889 1489 1954 1529 jus-

1083 1525 1149 1558 fiss'e
1164 1546 1174 1563 ,
1198 1532 1233 1555 ut
1249 1532 1320 1562 quae
1334 1523 1425 1555 Brun
1442 1523 1595 1556 sententia
1611 1525 1672 1557 fuit
1685 1548 1696 1565 ‚
1718 1527 1890 1560 Mancinus
1905 1538 1954 1561 es-

1084 1567 1128 1598 Iet
1148 1566 1227 1596 civis
1255 1564 1440 1596 Romanus:
1463 1565 1494 1596 δι
1521 1574 1582 1604 pro
1600 1566 1653 1597 tali
1676 1567 1818 1600 habiturn
1839 1567 1953 1607 fuiss'e3

1084 1617 1120 1639 ac
1136 1606 1306 1638 Praeturam
1321 1614 1449 1646 quoque
1464 1606 1594 1647 geffiffe.
1637 1606 1725 1651 Quid
1745 1608 1843 1641 inde?
1865 1617 1957 1650 pute-

1086 1657 1173 1685 mus,
1202 1647 1244 1679 fic
1265 1646 1425 1679 evanuiffe
1454 1649 1593 1688 regulam
1622 1647 1739 1692 Quinti
1765 1649 1895 1689 Mucii,
1925 1650 1957 1683 &

1087 1688 1177 1722 Bruti
1198 1687 1385 1721 sententiam
1401 1688 1590 1729 obtinuiffe,
1614 1698 1773 1731 tamquam
1791 1690 1959 1732 benignio-

1088 1740 1154 1763 rem
1170 1753 1180 1768 ‚
1211 1738 1312 1769 eaque
1333 1730 1458 1762 ratione
1484 1729 1579 1762 etiam
1603 1739 1761 1764 retentam
1783 1741 1800 1764 a
1826 1732 1959 1764 Cicero-

1088 1782 1129 1847 }ike
1153 1772 1211 1804 Pro
1234 1770 1367 1811 Catina,
1390 1771 1421 1804 &
1446 1771 1479 1803 in
1504 1769 1634 1815 Topicis,
1657 1781 1692 1805 ut
1715 1772 1804 1816 supra
1826 1772 1959 1808 demon-

1117 1821 1227 1845 ratum.

1130 1854 1196 1889 Diu
1211 1863 1262 1886 me
1279 1862 1417 1887 moratus
1431 1854 1477 1887 est
1492 1854 1546 1887 hic
1561 1856 1719 1889 tractatus.
1738 1856 1834 1889 liceat
1850 1863 1958 1890 tamen

1088 1897 1133 1930 illi
1149 1898 1214 1928 duo
1230 1896 1378 1936 adjicere.
1421 1896 1529 1929 Unum
1546 1896 1610 1936 est,
1633 1898 1719 1939 quod
1741 1898 1959 1939 Pomponius,

1089 1939 1142 1970 De
1163 1947 1218 1979 quo
1236 1943 1349 1977 tamen,
1372 1937 1537 1978 inquiens,
1567 1938 1615 1971 lex
1633 1937 1727 1980 postea
1750 1939 1811 1971 lata
1834 1937 1892 1980 esi,
1921 1945 1958 1970 ut

1089 1979 1153 2020 effet
1181 1980 1256 2010 civis
1278 1978 1448 2018 Romanus,
1471 1978 1509 2014 ὅ)
1527 1986 1685 2021 praturam
1711 1989 1822 2022 quoque
1847 1978 1955 2021 geffiffe

1089 2022 1213 2059 dicitur,
1236 2020 1302 2059 eius
1318 2020 1400 2051 hanc
1415 2020 1512 2052 habet
1527 2020 1701 2053 rationem:
1726 2024 1814 2062 quod
1830 2020 1925 2053 motis
1941 2030 1961 2053 e

1090 2062 1209 2094 Senatu
1227 2060 1309 2093 Viris
1326 2061 1551 2093 Consul-aribus
1566 2069 1619 2094 aut
1634 2062 1854 2101 Praetoriis,ut
1868 2061 1963 2094 Man·

1092 2104 1167 2134 cino
1194 2103 1395 2143 contigerat,
1424 2103 1453 2134 in
1471 2102 1622 2135 Senatum
1645 2103 1799 2136 redeundi
1822 2104 1872 2135 via
1894 2110 1964 2135 erat

1092 2154 1149 2185 per
1172 2145 1355 2176 Praeturam.
1399 2142 1473 2184 Ejus
1495 2144 1554 2175 viae
1580 2144 1724 2177 meminit
1748 2144 1862 2177 Paulus
1890 2143 1967 2176 Ma-

1096 2185 1199 2217 nutius
1210 2208 1219 2223 ,
1237 2185 1289 2216 De
1304 2185 1432 2217 civitate
1448 2185 1581 2217 Romana
1589 2192 1660 2228 pag.
1679 2195 1729 2228 35.
1747 2186 1777 2218 δι
1793 2186 1838 2218 est
1855 2194 1964 2218 exem-

1094 2227 1181 2268 plum
1200 2227 1283 2266 apud
1299 2225 1441 2258 Dionem
1459 2227 1506 2258 lib.
1524 2235 1573 2267 37.
1592 2233 1662 2269 pag.
1679 2236 1729 2266 49.
1753 2227 1850 2259 verba
1872 2227 1964 2258 sunt:

1096 2268 1137 2300 Et
1154 2268 1293 2299 Publium
1312 2267 1473 2299 Lentulum
1496 2269 1547 2309 qui
1568 2267 1631 2309 posi
1651 2267 1763 2309 gestum
1784 2268 1963 2305 consulatum

1095 2310 1207 2340 Senatu
1223 2310 1385 2340 exciderat:
1406 2318 1441 2340 ac
1454 2309 1612 2340 Senatoriae
1625 2310 1777 2351 dignitatis
1794 2316 1962 2349 recuperan-

1097 2353 1138 2382 dae
1165 2351 1256 2388 causa
1282 2351 1446 2381 Praetumm
1474 2356 1545 2381 tunc
1557 2352 1684 2392 gerebat.
1729 2349 1809 2383 Item
1835 2350 1882 2380 lib·
1907 2358 1962 2387 42·

1092 2398 1161 2434 pag.
1178 2395 1249 2432 236.
1274 2394 1304 2423 in
1328 2391 1531 2432 sequentibus
1550 2393 1672 2424 verbis:
1686 2391 1733 2424 Ab
1749 2392 1791 2422 his
1808 2388 1962 2430 Sallustius

1098 2434 1169 2474 (qui
1190 2438 1224 2464 ut
1255 2433 1436 2463 Senatorium
1469 2434 1639 2474 dignitatem
1670 2436 1869 2473 recuperaret,
1900 2437 1964 2461 tum

1096 2475 1206 2507 Praetor
1232 2473 1332 2511 fabius
1355 2474 1437 2514 erat)
1468 2476 1665 2515 propemodum
1697 2473 1813 2511 occisus.
1854 2471 1965 2503 Altera

1095 2514 1272 2547 observatio
1290 2515 1462 2547 versabitur
1478 2516 1562 2546 circa
1577 2515 1644 2546 haec
1661 2513 1829 2553 Pomponii
1846 2512 1965 2551 verba,

1099 2557 1136 2589 In
1150 2566 1207 2598 qua
1221 2556 1362 2594 sententia
1376 2556 1493 2587 videtur
1507 2555 1630 2587 Publius
1645 2554 1769 2586 Mucius
1781 2552 1883 2595 suiffe.
1926 2553 1964 2586 In

1098 2599 1144 2629 his
1173 2597 1328 2637 suspectus
1353 2596 1429 2628 mihi
1461 2595 1506 2627 est
1536 2595 1660 2627 Publius
1692 2595 1825 2627 Mucius.
1869 2594 1967 2634 Scio,

1096 2637 1188 2670 fuisse
1216 2636 1477 2678 jurisconsultum
1501 2637 1687 2676 celebrem,
1716 2645 1753 2668 ac
1786 2636 1967 2674 laudatum,

1097 2680 1194 2711 etiam
1218 2678 1384 2719 allegatum
1412 2678 1442 2708 in
1467 2677 1487 2708 l.
1504 2681 1554 2709 66.
1580 2678 1628 2709 D.
1645 2678 1737 2709 Solut.
1760 2679 1888 2710 matrim.
1912 2677 1965 2709 sed

1097 2727 1224 2758 metuo.,
1246 2728 1287 2751 ne
1303 2718 1356 2750 hic
1373 2717 1526 2749 debeatur
1542 2718 1758 2760 incogitantiae
1775 2718 1967 2759 Pomponii:

1098 2762 1128 2793 &
1144 2770 1203 2801 pro
1218 2769 1259 2792 eo
1273 2760 1441 2801 ponendus
1459 2759 1494 2791 fit
1510 2759 1642 2803 Quintus
1665 2759 1799 2792 Mucius.
1821 2759 1969 2792 observa-

1100 2803 1132 2833 vi
1153 2802 1313 2843 complura
1328 2802 1393 2841 eius
1411 2801 1535 2842 generis
1551 2802 1625 2833 vitia
1643 2802 1727 2840 apud
1754 2801 1890 2833 Veteres
1916 2801 1966 2831 lib.

1101 2853 1129 2876 1.
1150 2843 1345 2875 Probabilium
1360 2852 1385 2873 c.
1401 2852 1430 2878 9.
1446 2841 1483 2876 ὅ)
1497 2842 1542 2884 seq
1564 2866 1571 2874 .
1596 2844 1626 2874 in
1642 2841 1785 2882 praesenti
1802 2852 1881 2875 vero
1909 2841 1968 2873 mi-

1099 2884 1132 2916 hi
1152 2885 1213 2915 tale
1230 2884 1411 2923 persuadet,
1434 2884 1519 2923 quod
1536 2852 1735 2922 ssomponius
1757 2883 1852 2924 paulo
1876 2890 1972 2921 ante,

1102 2927 1130 2957 dt
1149 2925 1277 2965 quidem
1294 2925 1360 2963 bis,
1384 2933 1450 2956 non
1471 2923 1571 2956 Publii
1595 2923 1699 2956 Mucii
1727 2925 1894 2963 meminit,
1917 2923 1969 2956 sed

1103 2967 1215 3009 Quinti
1235 2966 1347 2997 Mucii.
1370 2974 1522 3006 praeterea
1537 2964 1584 2997 est
1601 2965 1676 2997 mihi
1692 2973 1881 3004 argumento
1902 2966 1971 3005 loci,

1102 3007 1285 3049 Inscriptio,
1310 3007 1482 3047 Porrzponius
1502 3007 1552 3038 lib.
1575 3015 1625 3048 37.
1647 3006 1698 3038 Aa
1722 3006 1869 3050 Quintum
1894 3004 1967 3036 Mu·-

1103 3051 1199 3087 cium,
1230 3058 1270 3079 eo
1308 3048 1389 3080 libro
1414 3047 1572 3079 contineri
1599 3047 1769 3087 Pomponii
1793 3046 1898 3078 Notas
1927 3046 1968 3077 ad

1104 3089 1261 3131 Quintum
1285 3088 1454 3121 Mucium:
1484 3089 1583 3129 inque
1613 3088 1661 3120 his
1683 3089 1844 3120 tractatam
1869 3096 1909 3117 ex
1931 3087 1970 3117 il-

1104 3132 1135 3163 lo
1160 3133 1241 3162 inter
1270 3131 1344 3162 alias
1371 3130 1555 3168 praesentem
1591 3129 1654 3161 ess'e
1685 3129 1904 3169 quaestionem:
1934 3127 1970 3159 fi·

1102 3174 1183 3210 mul,
1208 3181 1281 3204 cum
1299 3170 1352 3211 qui
1376 3171 1427 3202 hic
1485 3171 1589 3202 uintus
1612 3178 1764 3208 vocatur,
1796 3171 1826 3201 in
1844 3170 1871 3200 d.
1891 3169 1910 3200 l.
1936 3178 1967 3208 4.

1102 3214 1151 3248 D.
1175 3215 1208 3246 de
1233 3213 1358 3255 captivis
1382 3212 1533 3254 appelari
1555 3211 1729 3247 Scaevolam
1748 3234 1759 3252 ‚
1795 3211 1870 3244 licet
1892 3209 1968 3254 alio-

1892 3258 1968 3291 qum
