2036 3495
430 203 818 256 LIBER

905 205 959 255 Τ

988 207 1038 255 E
1078 205 1129 257 R
1178 206 1233 256 T
1273 205 1303 256 1
1345 208 1397 258 o
1424 208 1473 273 5

743 314 1094 351 TiTutus
1156 315 1181 350 I.

827 391 878 426 De
893 390 958 438 17¹st
963 392 1084 428 alaneio.

56 482 445 527 ᾒὲζὲῖξ-,ἳξὲζΟεΤρΠΛΜ
461 480 492 527 in
507 480 556 521 J'us
580 487 712 512 ventum
731 480 775 512 est
799 481 837 511 ad
854 481 932 513 Ρη·-

55 529 94 567 33<
228 527 265 565 ἢ
282 533 405 556 torem:
428 531 501 563 qnia
518 531 568 568 res
587 531 651 554 non
667 531 796 568 poterat
813 532 933 568 conve-

54 571 96 611 εἷς
149 561 182 608 Ρ
227 568 265 609 ξζζξε
281 566 347 597 nire
373 567 452 596 intra
478 572 620 603 privatos
646 572 800 604 parietes:
826 564 867 595 1111
886 575 932 594 re-

54 616 93 653 p<
227 614 264 650 »51
279 607 356 645 stat,
379 605 434 637 11111
454 613 487 636 ut
504 605 581 637 fiant
598 605 840 646 postulationes.
878 604 933 652 Eli:

53 654 260 695 ζῆςξῗξζςγ
279 657 384 680 autem
402 646 579 688 postulare,
605 655 638 678 ut
655 648 684 678 in
701 647 720 678 l.
744 657 769 678 1.
788 647 816 688 §.
834 658 862 678 ρ.
889 655 934 693 ait

97 676 127 695 ⁴⁴⁹
149 675 170 694 '¹'
231 681 262 692 ω
275 689 454 729 Ulpianus,
477 688 669 720 defiderium
686 690 772 720 11111111
792 689 839 719 vel
858 697 933 719 31111-

57 738 87 770 01
106 736 147 768 sui
166 737 196 767 in
217 735 285 775 jure
301 732 384 772 apud
407 740 480 762 eum
499 731 552 769 qui
574 730 784 770 jurisdictioni
804 730 934 776 pi-aeelt,

56 786 239 819 exponere,
254 773 443 805 velalterius
462 771 618 804 desiderio
627 772 860 818 contradicere.
883 770 934 802 Fit

54 820 149 861 igitur
160 816 331 857 postulatio
348 815 386 845 ab
404 814 512 845 acrore
523 814 551 844 &
563 823 638 852 reo,
655 813 707 859 sed
724 813 754 844 in
768 822 836 853 Jure
849 813 934 852 apud

55 870 128 893 eum
154 860 205 899 qui
228 856 439 899 jurisdictioni
455 854 582 896 praeest:
608 856 707 896 qualis
731 854 930 899 estjl'raetoia

56 904 141 943 apud
159 901 288 942 Judices
306 909 321 930 zi
341 898 480 929 Praetore
499 897 592 929 datos
609 906 674 928 non
693 895 753 942 'fit:
779 896 830 926 led
849 894 933 940 apud

54 945 231 977 Praetorem
250 941 351 978 fasta,
375 940 413 970 ad
432 939 578 978 judicem
597 938 804 969 examinanda
828 945 933 968 reinit-

56 985 141 1017 titur.
173 984 295 1024 Aliquis
311 990 423 1021 putet,
441 979 565 1011 obstare
584 980 670 1020 quod
687 979 802 1025 dicitur
818 979 846 1008 d.
863 977 882 1008 l.
904 987 929 1008 1.

57 1027 86 1070 §.
103 1031 133 1058 ό.
153 1026 225 1058 Item
238 1021 492 1057 Senacusconsulto
510 1022 596 1053 etiam
606 1022 683 1061 apud
697 1019 932 1067 Judicespeda-

56 1078 137 1101 neos
146 1065 289 1109 postulare
293 1065 462 1106 prohibetur
469 1063 620 1095 calumniae
627 1062 846 1107 publictjttclzczz
856 1062 934 1106 ‹lam3

55 1116 154 1142 natus.
199 1109 263 1139 Sed
280 1107 357 1139 mihi
373 1105 478 1136 verius
496 1105 640 1142 videtur,
656 1103 783 1151 *Judicis
800 1102 935 1149 pedanei

54 1160 175 1184 nomen
194 1149 257 1181 css'e
272 1149 416 1180 oninium
428 1171 438 1184 ,
455 1147 486 1177 in
498 1145 860 1191 subselliisJudicantium
873 1144 936 1174 11110

58 1192 229 1230 tribunali3
246 1199 352 1229 eoque
369 1188 495 1228 Judices
513 1188 676 1227 pedaneos
693 1196 724 1217 in
740 1187 767 1216 ci.
784 1185 933 1231 §·6·,00¹¹

57 1233 234 1275 fignificare
246 1231 373 1271 Judices
390 1240 406 1260 a
422 1229 562 1260 Praetore
580 1228 690 1259 datos:
708 1227 760 1273 sed
771 1225 935 1272 Magistra-

56 1286 108 1308 tus
127 1276 287 1311 minores,
305 1281 368 1303 non
386 1280 446 1311 pro
465 1270 632 1307 tribunali,
650 1268 701 1300 sed
714 1278 745 1313 in
761 1267 932 1314 subselliis,

54 1318 254 1358 judicantes:
278 1321 313 1344 ut
340 1312 409 1343 sunt
434 1310 644 1356 Quaestores,
667 1309 826 1348 Tribuni,
850 1309 934 1348 apud

56 1358 232 1390 Asconiuin
250 1355 445 1391 Pediaiium,
462 1352 602 1383 Diviizczt.
621 1361 652 1382 zn
670 1350 789 1382 Verrem
802 1358 871 1390 pag.
886 1360 933 1390 34.

56 1401 88 1431 ὅ(
107 1398 304 1430 Maoistratus
326 1394 554 1434 municipales,
579 1400 613 1424 ut
639 1400 736 1439 puto,
759 1393 839 1432 apud
860 1390 934 1437 Pati-

56 1442 123 1473 lum
138 1422 216 1481 ΑΞΒ.
236 1438 264 1480 ᾗ.
282 1447 329 1469 10.
349 1436 391 1467 D.
409 1436 550 1476 tlepoenis.
575 1434 657 1466 Illud
673 1434 835 1480 videamus
848 1442 933 1473 ,qui-

56 1491 130 1515 nam
148 1481 262 1521 poffint
279 1478 449 1519 postulare.
467 1478 497 1508 &
512 1477 588 1508 olim
601 1475 855 1516 quidemlicebat
867 1484 934 1506 otn-

56 1525 152 1556 nibus
171 1524 223 1563 qui
242 1522 380 1557 vellent,
405 1528 469 1550 non
488 1519 588 1549 modo
606 1527 664 1558 pro
682 1516 732 1564 se,
756 1516 808 1548 sed
822 1525 885 1564 *pro
905 1525 933 1546 a·

57 1565 109 1596 liis
125 1572 272 1604 quoque,
295 1561 463 1600 postulare.
499 1560 561 1591 Sed
579 1559 708 1606 Praetori
725 1559 934 1603 0130011110-

62 1606 153 1637 endae
169 1603 330 1639 dignitatis
341 1601 418 1640 suae,
435 1602 627 1640 decorisque
639 1600 680 1631 sui
696 1600 802 1638 causa,
820 1599 936 1630 Edicto

64 1655 180 1678 cavere
190 1636 263 1685 sne
284 1643 347 1675 fine
372 1642 497 1675 deiectu
514 1642 620 1682 paffim
638 1643 720 1682 apud
743 1651 815 1688 eum
835 1640 938 1684 postu-

64 1689 159 1720 ]etur.
199 1685 245 1718 Ita
263 1684 419 1726 postulare
438 1682 565 1724 possunt
582 1693 694 1715 ornnes
712 1692 764 1724 qui
784 1692 849 1729 non
868 1692 940 1722 pro·

65 1729 226 1761 hibentur.
244 1736 280 1757 30
297 1726 376 1757 fecit
397 1725 533 1764 Praetor,
556 1726 610 1766 (ut
632 1726 784 1766 Ulpianus
800 1724 938 1756 animad-

65 1771 166 1802 vertit
181 1769 200 1801 l.
222 1777 246 1799 1.
260 1775 307 1809 pr.
327 1767 364 1802 &⁹
381 1767 408 1839 ᾗ
436 1767 481 1806 1.)
507 1775 568 1798 tres
586 1768 734 1798 ordines:
758 1775 828 1798 narn
847 1775 939 1807 quos-

67 1813 138 1844 dam
154 1812 185 1843 in
201 1817 304 1841 totum
323 1818 380 1850 pro
392 1809 474 1839 iibct
490 1807 666 1849 postulare:
683 1807 868 1849 quibusdam
881 1816 940 1848 pro

66 1853 100 1885 se
124 1851 281 1892 permisit:
306 1850 494 1891 quibusdam
520 1849 549 1881 δι
574 1859 632 1891 pro
657 1850 752 1882 certis
775 1850 941 1895 dumtaxat

64 1894 227 1936 pei-sonis,
253 1893 283 1924 ὅ(
298 1901 357 1933 pro
372 1891 402 1923 se
417 1890 564 1932 permisit.
609 1891 735 1933 Singula
750 1892 863 1924 ordine
881 1899 941 1923 tra—

67 1937 162 1974 dam;
186 1935 301 1966 ducem
318 1933 467 1974 sequutus
486 1931 670 1973 Ulpianum.
694 1934 720 1965 is
737 1933 765 1965 d.
785 1934 807 1966 l.
825 1943 851 1965 1.
869 1933 939 1974 §.3.

65 1977 217 2014 Initium,
234 1975 353 2016 inquit,
370 1974 450 2006 fecit
464 1974 586 2006 Praetor
600 1975 639 2006 ab
657 1974 704 2006 his
720 1975 816 2022 quiin
835 1983 940 2006 totum

67 2018 283 2060 prohibentur
302 2015 478 2057 postulare:
496 2016 525 2047 ἃ
544 2017 652 2055 addit,
668 2017 757 2056 quod
772 2025 803 2048 in
822 2016 886 2048 hoc
901 2015 941 2047 E·

67 2060 153 2092 dicto
169 2067 221 2090 aut
237 2059 403 2098 pueritiam
420 2065 474 2088 aut
489 2056 592 2089 casum
606 2057 778 2089 excusavit.
802 2057 940 2104 Jacobus

47 2098 51 2101 ’
70 2101 214 2141 Cujacius
232 2100 279 2130 lib.
298 2103 346 2131 26.
366 2099 485 2138 Observ.
504 2108 527 2129 cf
538 2105 588 2138 38.
609 2109 667 2139 pro
685 2101 837 2140 excusavit
854 2099 941 2147 resti-

68 2144 150 2180 tuit,
166 2142 341 2173 excurinvz‘t.
364 2140 494 2172 frustra:
518 2149 588 2171 nain
608 2141 637 2172 dt
653 2141 726 2172 alibi
743 2142 876 2181 excusam
893 2142 940 2173 di-

68 2185 152 2215 citur
168 2183 219 2222 qui
237 2182 427 2222 prohibetur
442 2193 450 2213 z
476 2189 510 2212 ut
534 2183 564 2212 in
581 2182 609 2223 §.
624 2189 692 2223 pen.
716 2181 790 2224 Inst.
807 2184 941 2229 cle-excu-

63 2225 128 2266 sat.
148 2231 237 2257 tutor.
278 2223 359 2261 Sed,
383 2232 417 2254 ut
434 2222 497 2254 hoc
515 2232 662 2264 agamus,
679 2224 814 2265 primum
830 2233 873 2255 ait
892 2223 946 2271 Ul-

67 2268 201 2307 pimus,
225 2265 392 2305 pueritiam
410 2273 426 2295 a
445 2264 586 2295 Praetore
609 2264 769 2305 excusari,
794 2267 868 2298 duin
887 2276 943 2312 mi·

67 2316 182 2339 norem
209 2307 297 2338 annis
321 2306 433 2337 decem
460 2306 489 2337 δ(
508 2305 647 2346 septem,
671 2308 725 2347 qui
749 2317 806 2338 eos
831 2317 945 2340 nonin

67 2356 174 2380 totum
194 2348 340 2389 implevit
353 2371 362 2385 ,
381 2347 533 2388 prohibet
549 2347 726 2387 postulare:
750 2356 852 2387 ratus,
878 2359 945 2380 mo·

66 2393 210 2422 deratam
221 2389 304 2421 hanc
319 2397 445 2420 aetatein
456 2388 517 2420 esse
533 2390 571 2419 ad
584 2390 822 2429 procedendum
840 2391 870 2422 in
888 2400 945 2431 pu-

65 2432 208 2463 blicum:
232 2440 333 2471 eaque
350 2439 458 2471 togam
477 2430 599 2462 virileni
617 2430 692 2463 sumi
711 2431 831 2470 solere,
855 2440 947 2464 notat

68 2472 244 2505 Beroaldus
261 2474 300 2503 ad
316 2471 508 2503 Suetonium
527 2471 651 2504 Οὲἶαυὶο
668 2478 733 2508 c.8.
750 2474 779 2504 ὅ(
796 2473 944 2514 Cujacius

70 2515 99 2546 d.
117 2524 141 2546 c.
158 2519 207 2555 38.
245 2514 342 2545 Addit
361 2511 534 2553 Ulpianus:
558 2515 646 2554 quod
670 2514 731 2546 hac
751 2523 865 2554 aetate,
891 2523 945 2546 aut

71 2555 167 2594 paulo
183 2555 319 2595 majore,
342 2553 443 2586 fertur
469 2554 577 2586 Nerva
599 2555 681 2588 filius
706 2557 735 2588 ὅ(
755 2558 884 2596 publice
905 2560 945 2588 de

70 2596 140 2635 jure
155 2595 377 2636 responiitaffe.
416 2595 553 2636 Propter
569 2595 694 2636 casum,
717 2599 821 2640 inquit
840 2597 946 2644 Ulpia-

72 2645 154 2674 nus,
177 2636 300 2668 surdum
327 2638 380 2676 qui
405 2637 531 2675 prorsus
557 2647 623 2670 non
646 2640 734 2671 audit
750 2663 760 2678 ,
791 2640 944 2680 prohibet

73 2677 195 2708 Praetor
205 2679 287 2718 apud
303 2677 331 2707 se
350 2677 519 2716 postulare.
537 2679 567 2710 ὅ(
583 2680 665 2711 113110
683 2682 806 2713 causam
822 2681 944 2712 adfert:

74 2719 165 2758 quod
185 2718 335 2750 nonfuit
359 2720 607 2758 permittendum
633 2722 662 2753 ei
686 2722 867 2763 postulare:
891 2723 945 2762 qui

75 2762 241 2791 decretum
260 2759 408 2790 Praetoris
434 2761 584 2793 exaudire
602 2772 666 2795 non
691 2772 837 2804 poterat:
862 2764 950 2805 quod

76 2801 173 2833 etiam
189 2799 244 2840 ipfi
254 2799 465 2839 periculosum
475 2809 543 2832 erat
552 2802 710 2836 futurum:
727 2807 866 2846 eoquod
884 2815 949 2836 non

75 2842 229 2874 exaudito
245 2842 379 2872 decreto
398 2840 563 2881 Praetoris,
588 2845 671 2884 quasi
694 2856 759 2878 non
779 2849 949 2886 obtempe-

74 2883 169 2915 rass'et
180 2907 190 2922 ‚
215 2891 310 2924 poena
327 2889 362 2913 ut
379 2891 552 2915 contumax
568 2886 758 2924 plecteretur
773 2889 830 2919 (1.1.
846 2888 909 2929 1.§.
920 2897 950 2927 3.

120 2925 229 2957 Primo
254 2925 348 2964 igitur
371 2923 446 2954 1000
471 2924 591 2956 Praetor
607 2927 638 2957 in
664 2936 768 2960 totum
785 2930 949 2960 excusavit

76 2966 247 3008 pueritiam
265 2973 319 2996 aut
338 2963 460 2997 casum:
475 2974 512 2995 30
527 2975 568 2997 110
584 2966 626 2997 fic
644 2968 713 3008 ipsis
731 2979 863 3002 noceret
875 2981 885 3010 3
899 2971 950 3001 ad-

77 3008 159 3040 didit
189 3007 220 3039 in
243 3006 382 3044 Editio,
405 3007 439 3037 Si
462 3016 519 3037 uon
534 3008 675 3040 habebunt
690 3013 879 3043 advocatum:
902 3021 950 3052 ego

77 3051 159 3081 dabo.
203 3048 253 3079 Ad
271 3049 339 3079 haec
355 3055 460 3079 autem
480 3049 577 3079 verba
594 3057 685 3081 notat
704 3050 858 3092 Ulpianus
875 3052 904 3093 ἓ.
922 3063 951 3091 4.

76 3091 143 3122 (1.1.
163 3100 189 3122 1.
217 3099 277 3121 nec
302 3091 402 3121 male:
425 3090 510 3130 quod
535 3099 599 3121 non
623 3090 723 3123 solum
748 3093 794 3124 his
812 3095 953 3134 pei-lonis

76 3132 160 3163 hanc
186 3131 415 3163 humanitatem
443 3130 598 3163 exhibere
620 3131 700 3164 solet
727 3134 874 3174 Praetor3
899 3144 951 3167 ve·

77 3181 147 3204 rum
163 3172 224 3204 &fi
241 3173 309 3213 quis
326 3174 404 3204 alius
419 3171 455 3204 fit
471 3173 524 3213 qui
541 3174 636 3205 certis
654 3184 694 3206 ex
712 3175 808 3207 caufis
825 3179 874 3208 vel
890 3186 951 3209 am-

76 3214 202 3247 bitione
226 3213 389 3250 adversarii
414 3214 465 3248 vel
485 3223 573 3249 metu
589 3224 761 3256 patronum
778 3227 844 3253 non
859 3219 948 3253 inve·

976 481 1039 512 nit:
1065 479 1217 513 suadente
1235 482 1388 515 videlicet
1407 484 1609 519 similitudine
1625 487 1774 527 rationis,
1797 489 1856 522 etsi

977 523 1120 563 alioquin
1138 525 1235 554 verba
1253 524 1412 557 deficiant.
1435 529 1522 568 quod
1536 529 1777 562 &observatum
1796 531 1852 567 l.9.

977 563 1006 605 §.
1018 574 1045 603 ς,
1058 563 1098 595 D.
1111 566 1142 595 de
1154 565 1241 605 Offic.
1252 566 1385 607 Procons.
1410 567 1552 601 Tantum
1564 571 1719 610 deprimo
1729 573 1856 605 ordine.

1017 605 1166 638 Secundo
1185 609 1261 638 loco
1281 610 1472 649 proponitur
1489 609 1638 643 Edictum
1666 613 1697 644 in
1721 624 1777 646 eos
1800 616 1856 654 qui

977 655 1036 686 pro
1053 648 1120 679 aliis
1138 657 1178 679 110
1193 648 1367 689 postulent.
1391 653 1435 683 ait
1460 662 1538 683 vero
1565 652 1721 694 Ulpianus
1739 657 1766 687 d.
1787 655 1806 687 l.
1828 666 1856 688 1.

977 688 1006 729 §.
1025 699 1055 728 5.
1077 699 1117 720 eo
1136 691 1241 730 excipi
1267 690 1375 724 sexum
1398 694 1428 725 ἃ.
1453 693 1576 734 casnm,
1603 696 1680 726 item
1705 696 1856 737 personas

979 730 1176 770 turpitudine
1198 733 1366 766 notabiles.
1413 735 1551 768 Primum
1578 735 1685 768 sexum
1711 738 1856 778 excipit:

977 771 1051 802 dum
1069 772 1241 812 prohibet,
1257 773 1406 807 foeminas
1422 787 1481 817 pro
1497 779 1565 809 aliis
1585 778 1754 819 postulare.
1771 782 1855 812 ratio

977 812 1171 851 prohibendi
1189 815 1328 854 duplex:
1353 827 1432 857 una,
1458 829 1498 850 ne
1517 829 1629 851 contra
1645 821 1857 861 pudicitiam,

976 853 1063 884 sexui
1080 863 1335 896 congruentem,
1353 860 1462 892 alienis
1477 862 1573 893 caulis
1591 862 1620 893 se
1639 862 1856 894 immisceant:

975 895 1092 934 altera,
1110 904 1151 926 ne
1169 897 1312 928 virilibus
1331 900 1447 932 officiis
1464 902 1645 943 fungantur.
1670 903 1856 942 Causam‚fi

975 936 1119 967 audimus
1145 935 1316 977 Ulpianum
1331 963 1342 978 ,
1366 940 1482 974 Edicto
1499 945 1588 976 dedit
1608 945 1776 986 Carfania,
1799 947 1858 978 im·

975 977 1161 1018 probiffima
1187 978 1320 1011 foemina
1339 1005 1348 1019 ‚
1380 983 1596 1017 inverecunde
1621 987 1803 1027 postulans,
1829 989 1860 1020 (Ξῖ

978 1018 1182 1059 Magistratus
1194 1020 1386 1061 inquietans.
1406 1025 1499 1066 Apud
1519 1027 1741 1063 Haloandruin
1760 1039 1857 1061 voca-

980 1068 1029 1092 tur
1050 1059 1219 1101 Calpurnia.
1246 1063 1388 1096 Alciatus
1404 1067 1451 1098 lii).
1464 1077 1488 1098 2.
1513 1069 1634 1111 Parerg.
1657 1080 1740 1112 ⁶:37.
1760 1072 1858 1113 legit,

980 1102 1012 1133 C.
1027 1101 1174 1141 Afrania:
1192 1104 1280 1143 cujus
1297 1108 1442 1139 meminit
1464 1108 1608 1142 Valerius
1626 1111 1790 1144 Maximus
1808 1114 1858 1145 tib.

980 1148 1008 1177 8.
1029 1153 1051 1174 c.
1068 1153 1097 1183 3.
1114 1143 1142 1185 §.
1161 1154 1189 1175 2.
1207 1144 1259 1176 sed
1279 1145 1450 1179 Fiooentiae
1469 1150 1513 1182 est
1531 1152 1695 1187 Carfania.-
1720 1163 1779 1194 pro
1796 1163 1860 1195 qua

979 1186 1038 1215 ilat
1055 1186 1203 1225 Cujdcius
1221 1187 1247 1217 ci.
1264 1197 1288 1219 c.
1309 1193 1359 1229 38.
1387 1190 1435 1223 lib.
1456 1196 1504 1223 26.
1525 1194 1647 1232 Observ.
1670 1195 1860 1237 arbitratus,

978 1225 1061 1257 113110
1071 1226 1134 1258 ess'e
1146 1227 1371 1262 restituendam
1390 1234 1473 1272 apud
1484 1233 1649 1266 Valerium
1661 1235 1840 1270 Maximum
1850 1262 1861 1276 ,

979 1277 1019 1298 eo
1039 1270 1128 1306 quod
1145 1269 1305 1308 juvenalis
1318 1273 1373 1310 sat.
1393 1283 1421 1305 2.
1441 1275 1515 1314 veis.
1527 1279 1578 1311 69.
1598 1277 1693 1308 etiam
1711 1278 1859 1311 meminit

979 1309 1150 1341 Carfaniae.
1168 1310 1219 1341 sed
1236 1312 1496 1353 erratCujacius:
1512 1326 1583 1348 nam
1600 1327 1616 1348 a
1631 1317 1776 1357 Juvcnnli
1793 1330 1858 1352 non

980 1350 1128 1382 Carfania
1145 1353 1345 1394 nominatur3
1370 1356 1422 1388 sed
1441 1357 1597 1397 Carfinia,
1622 1369 1723 1397 eaque
1739 1362 1861 1393 adulte—

978 1402 1029 1431 ra,
1053 1393 1092 1424 ad
1114 1393 1199 1424 hunc
1217 1395 1327 1427 locum
1350 1407 1416 1429 non
1436 1400 1607 1438 pertinens.
1653 1400 1741 1443 Quid
1759 1405 1863 1444 ergo?

978 1435 1094 1474 inquis.
1140 1434 1196 1466 Nil
1213 1444 1319 1475 vetat,
1342 1439 1482 1478 ejusdem
1500 1442 1706 1482 impudentia:
1723 1443 1814 1476 fuisse
1833 1446 1865 1477 δε

979 1475 1160 1508 Carfaniam
1181 1477 1211 1507 δι
1228 1477 1409 1513 Afraniani:
1434 1492 1508 1514 cum
1525 1483 1697 1522 praesertim
1715 1487 1811 1518 etiam
1830 1497 1863 1518 a·

979 1518 1034 1549 lias
1058 1517 1239 1557 hujusmodi
1265 1522 1413 1553 mulieres
1437 1523 1468 1554 δε
1484 1524 1655 1557 adferat&
1675 1536 1784 1568 carpat
1807 1528 1861 1568 Ju-

981 1559 1101 1590 venalis
1112 1564 1167 1595 sat.
1185 1564 1215 1592 6.
1228 1564 1300 1601 vers.
1313 1572 1382 1602 241.
1403 1563 1522 1606 &seqq
1539 1566 1592 1597 Sic
1605 1567 1681 1599 1111111
1698 1567 1804 1607 sedet,
1828 1571 1863 1603 in

980 1610 1014 1632 rc
1032 1600 1103 1631 fasti
1121 1601 1342 1635 ratiocinando
1361 1605 1439 1637 nihil
1459 1608 1539 1638 cei-ti
1556 1607 1658 1648 effici,
1675 1611 1861 1652 meritoque

983 1642 1094 1673 hocin
1110 1644 1219 1675 medio
1237 1645 1395 1685 relinquo.
1421 1648 1484 1680 Sed
1504 1648 1645 1689 Praetor,
1662 1659 1734 1683 nam
1752 1662 1792 1683 eo
1813 1663 1863 1684 re-

984 1685 1067 1722 deo,
1092 1693 1156 1716 non
1182 1692 1304 1718 tanturn
1330 1687 1438 1721 sexum
1459 1691 1596 1732 excipit,
1622 1702 1734 1725 verum
1754 1692 1862 1727 casum

983 1734 1133 1766 quoque,
1158 1726 1234 1758 dum
1258 1730 1385 1769 repellit
1408 1740 1554 1771 coecum,
1578 1734 1721 1775 utrisque
1737 1735 1864 1768 lumini-

983 1767 1041 1799 bus
1066 1768 1225 1801 orbatum.
1250 1779 1312 1810 qua
1338 1772 1489 1805 ratione?
1514 1774 1660 1815 duplice:
1685 1777 1772 1816 prior
1794 1778 1862 1818 est,

984 1809 1073 1850 quod
1095 1808 1226 1850 infignia
1248 1811 1453 1854 Magistratus
1479 1815 1538 1855 (de
1557 1817 1670 1857 quibus
1688 1818 1863 1852 Briffonius

984 1851 1032 1882 lib.
1049 1861 1078 1892 3.
1097 1851 1197 1883 Sele&
1217 1854 1310 1895 antiq.
1326 1865 1341 1885 c
1372 1865 1417 1895 15.
1440 1857 1468 1888 ὅ(
1486 1856 1660 1899 Dionysius
1678 1858 1865 1893 Gothofre-

985 1893 1044 1924 dus
1063 1893 1134 1933 hic)
1150 1893 1258 1926 videre
1275 1896 1306 1927 ὅ(
1327 1899 1466 1929 revereri
1486 1908 1550 1931 non
1567 1900 1685 1940 potest.
1702 1902 1800 1934 altera
1818 1912 1866 1934 ra-

986 1934 1032 1965 tio
1049 1933 1111 1965 est:
1127 1937 1216 1976 quod
1232 1946 1298 1969 non
1308 1946 1440 1978 oportet
1455 1949 1522 1972 rem
1540 1940 1695 1982 sanciam,
1713 1943 1743 1974 ὅ(
1762 1944 1802 1975 ad
1814 1952 1864 1976 tu-

985 1976 1099 2008 endam
1117 1978 1246 2009 civilem
1272 1977 1458 2013 societatem
1478 1984 1712 2023 pertinentem,
1729 1983 1798 2017 fieri
1811 1986 1865 2017 de-

984 2017 1136 2050 risoriam.
1168 2021 1275 2059 quod,
1299 2029 1399 2060 puto,
1423 2023 1562 2055 intendit
1586 2023 1763 2065 Ulpianus;
1787 2036 1862 2059 cuin

984 2060 1046 2098 ait,
1072 2059 1258 2093 Labeonem
1276 2061 1414 2102 referre,
1438 2065 1586 2098 Publium
1604 2076 1725 2099 caecum
1746 2069 1864 2108 Aspre-

984 2103 1065 2133 natis
1091 2100 1192 2133 Nonii
1210 2111 1332 2142 patrem
1351 2105 1457 2137 aversa
1485 2106 1556 2138 sella
1581 2117 1597 2138 a
1613 2108 1714 2140 Bruto
1735 2109 1865 2142 destitu-

984 2151 1072 2181 tum,
1090 2153 1163 2175 cum
1175 2144 1452 2185 velletpostulare.
1471 2147 1637 2181 Postremo
1647 2151 1865 2191 excipstPrae·

989 2192 1042 2215 tor
1060 2185 1208 2224 personas
1225 2186 1420 2226 turpitudine
1438 2190 1608 2222 notabiles.
1626 2190 1668 2222 Et
1684 2193 1727 2223 ait
1745 2193 1776 2224 in
1794 2194 1821 2224 d.
1842 2194 1864 2225 l.

993 2235 1018 2257 1.
1037 2225 1066 2266 §.
1086 2229 1115 2256 6.
1132 2224 1308 2266 Ulpianus,
1334 2229 1412 2260 tales
1428 2230 1510 2270 effe,
1535 2241 1674 2273 corpore
1690 2233 1744 2265 suo
1762 2234 1866 2274 passos

989 2267 1174 2300 muliebria:
1202 2268 1256 2300 nili
1279 2270 1311 2300 vi
1333 2270 1491 2304 latronum
1511 2281 1565 2305 aut
1579 2273 1717 2306 hostium
1736 2274 1867 2317 stuprati

988 2308 1075 2340 sunt:
1100 2316 1166 2340 turn
1182 2309 1266 2342 enim
1284 2319 1350 2343 non
1378 2317 1493 2346 notari.
1518 2316 1685 2354 nimirum,
1710 2318 1783 2356 quia
1801 2319 1867 2349 vio-

988 2350 1053 2381 lato
1070 2359 1209 2391 corpore
1226 2375 1237 2391 ,
1268 2354 1389 2385 animus
1414 2355 1520 2387 insons
1543 2356 1598 2387 est.
1643 2356 1869 2397 Superioribus

987 2392 1074 2423 addit
1094 2390 1249 2433 Ulpianus
1275 2394 1442 2428 damnatos
1468 2398 1595 2437 capitali
1622 2400 1773 2433 crimine:
1796 2410 1867 2434 eos-

989 2442 1051 2472 que
1066 2434 1168 2474 accipi
1192 2443 1325 2475 oportet
1348 2437 1557 2478 deportatos,
1582 2447 1637 2470 aut
1654 2441 1767 2481 quibus
1786 2452 1869 2484 aqua

989 2475 1018 2505 ὅ(
1036 2475 1108 2515 igne
1131 2476 1333 2509 interdiC‘tum
1359 2479 1403 2509 est
1421 2480 1441 2510 l.
1464 2489 1529 2521 103.
1548 2479 1590 2511 D.
1614 2483 1648 2512 cle
1669 2484 1748 2514 verb.
1758 2482 1866 2525 figm'f.

988 2515 1069 2547 Item
1087 2517 1130 2548 ait
1152 2516 1326 2558 Ulpianus,
1350 2519 1634 2554 Senatusconsulto
1662 2525 1758 2556 etiam
1783 2528 1869 2567 apud

987 2557 1115 2597 Judices
1132 2560 1296 2598 pedaneos
1324 2560 1484 2600 postulare
1511 2563 1675 2603 prohiberi
1702 2567 1867 2599 calumniae

988 2600 1108 2639 publici
1123 2601 1230 2640 judicii
1250 2601 1443 2634 damnatum.
1469 2603 1622 2645 significat
1638 2615 1764 2647 autem,
1782 2608 1869 2640 hunc

988 2641 1171 2673 damnatum
1189 2642 1375 2682 prohiberi,
1398 2645 1558 2685 postulare
1576 2657 1641 2680 non
1666 2650 1766 2681 modo
1785 2651 1869 2690 apud

989 2682 1184 2721 Praetorem,
1201 2682 1254 2714 sed
1271 2684 1366 2716 etiam
1382 2688 1464 2727 apud
1486 2686 1691 2729 Magistratus
1708 2693 1868 2729 minoreS‚

995 2733 1061 2755 non
1079 2724 1110 2755 in
1122 2724 1289 2764 tribunali,
1306 2725 1359 2758 sed
1375 2727 1406 2759 in
1423 2728 1777 2771 subselliisjudicantes:
1793 2741 1867 2763 nam

994 2765 1066 2796 illos
1084 2765 1137 2796 hic
1153 2766 1281 2805 Judices
1299 2768 1460 2808 pedaneos
1478 2772 1650 2812 appellari,
1673 2774 1705 2804 in
1724 2780 1870 2803 anteces-

995 2806 1059 2837 sum
1078 2807 1153 2837 dixi.
1180 2807 1336 2841 Praeterea
1354 2811 1396 2842 ait
1415 2809 1570 2852 Ulpianus
1586 2815 1613 2845 cl.
1632 2814 1661 2855 §.
1679 2818 1707 2845 6.
1729 2814 1834 2853 excipi
1850 2823 1868 2845 a

994 2847 1137 2879 Praetore
1153 2858 1226 2880 eum
1242 2851 1296 2890 qui
1312 2861 1424 2892 operas
1443 2853 1528 2895 suas,
1553 2863 1588 2887 ut
1604 2864 1676 2886 cum
1692 2853 1795 2885 bestiis
1813 2855 1869 2886 de-

994 2897 1167 2929 pugnaret,
1188 2892 1352 2925 locaverit.
1377 2903 1414 2926 30
1431 2904 1505 2927 011111
1525 2897 1622 2937 quaeri
1643 2895 1764 2936 pollet,
1790 2904 1868 2935 quas

993 2930 1116 2962 Praetor
1131 2941 1228 2964 vocet
1243 2931 1364 2974 bestiam
1380 2945 1478 2976 porro
1496 2937 1536 2969 fic
1555 2937 1669 2968 scribit.
1694 2933 1802 2975 Bestias
1819 2947 1867 2968 ac-

993 2979 1084 3012 cipere
1100 2973 1230 3006 debemus
1253 2985 1290 3006 ex
1296 2976 1421 3016 feritate
1446 2980 1557 3019 inagis,
1580 2987 1666 3017 quam
1681 2986 1718 3007 ex
1732 2979 1869 3010 animalis

991 3022 1100 3054 genere.
1124 3024 1191 3046 num
1212 3018 1299 3057 quid,
1317 3017 1346 3056 fi
1370 3019 1409 3050 leo
1429 3019 1490 3057 sic,
1512 3020 1558 3049 vel
1577 3019 1636 3048 alia
1649 3019 1768 3062 dentata
1784 3030 1869 3051 man-

986 3061 1074 3095 sueta
1091 3054 1107 3086 ?
1129 3055 1237 3090 Locus
1261 3059 1493 3092 obscuriffimus
1517 3060 1673 3104 brevitate
1698 3059 1871 3101 sermonis,

993 3095 1225 3136 jurisconsultis
1250 3109 1315 3132 non
1341 3102 1492 3132 inufitata.
1525 3100 1575 3130 sed
1602 3099 1716 3132 faciam
1745 3101 1871 3143 lucem,

995 3146 1145 3178 quantum
1163 3149 1289 3179 potero.
1310 3144 1444 3182 primum
1462 3149 1559 3180 puto,
1573 3139 1743 3181 Ulpianum
1761 3144 1868 3176 bestiae

993 3180 1209 3220 appellatione
1226 3184 1395 3220 complecti
1415 3183 1561 3220 leonem,
1590 3183 1618 3213 ἃ
1636 3182 1656 3214 11
1673 3193 1744 3224 quae
1761 3187 1819 3217 alia
1833 3186 1870 3218 fit

992 3222 1135 3256 dentata:
1150 3222 1221 3256 fere
1238 3225 1376 3264 exempli
1393 3222 1498 3262 causa,
1515 3233 1580 3257 non
1598 3224 1680 3265 quasi
1699 3227 1870 3259 excludan-

1820 3278 1870 3302 tui·
