2036 3495
152 160 197 194 24
587 143 620 179 G
651 152 672 177 E
704 153 727 177 R
760 153 780 177 ii
814 151 836 176 a
867 152 891 177 n
924 152 938 177 1
993 141 1032 177 N

150 242 271 279 parente
286 237 319 268 in
341 234 425 276 cujus
442 228 685 273 potestatesurzt,
708 233 795 260 tertia
819 230 1031 270 mancipatione

156 280 190 309 in
200 279 268 319 jure
285 277 444 312 ceduntur,
460 278 547 313 atque
561 273 597 303 ab
610 280 639 301 eo
655 271 707 311 qui
721 272 855 311 adoptat,
872 272 951 311 apud
966 281 1030 302 eum

154 319 234 358 apud
248 326 330 358 quem
348 316 418 356 legis
433 313 506 345 aftio
522 310 580 353 est,
595 313 796 343 vindicantur.
819 311 946 344 Eodem
963 312 1029 353 spe-

156 360 220 391 ctat
242 358 307 389 hoc
328 355 496 393 Suetonii,
518 351 652 395 Augusto
669 363 693 385 c.
710 357 761 391 64.
788 352 894 394 Cajum
910 352 947 388 ὅ)
965 354 1027 385 Lu·

154 401 231 431 cium
259 398 410 438 adoptavit
434 397 510 427 domi
528 402 581 435 per
604 393 688 435 affem
712 394 870 429 &libram
889 400 994 434 emptos
1009 405 1028 426 a

149 445 234 482 patre
257 436 400 479 Agrippa.
445 437 497 468 Sic
514 437 545 468 in
562 434 642 467 filio.
665 443 697 467 at
713 437 744 467 in
761 437 884 468 caeteris
901 436 1026 475 liberis,

150 482 184 513 id
201 480 263 518 est,
286 479 350 511 filia
363 502 374 518 ‚
395 486 536 520 nepote,
556 477 586 508 δε
604 485 721 518 nepte,
745 483 867 509 tanturn
885 486 978 509 unam
996 488 1027 509 e-

154 521 426 561 mancipationem
455 518 519 551 fine
542 518 781 551 manumissione
803 517 1027 557 intervenisse,

150 563 341 604 justinianus
357 561 459 594 refert
473 561 528 592 ahl.
540 560 594 593 ult.
610 554 797 600 ibidemque
815 568 944 591 omnem
962 569 1028 591 mu-

152 612 199 636 tat
217 612 361 636 veterem
377 602 631 635 solemnitatem:
654 601 723 632 vult
740 601 842 638 enim,
861 601 958 632 licere
976 610 1028 642 pa-

151 647 234 678 renti
260 646 314 687 qui
343 645 463 678 liberos
487 644 524 681 in*
536 641 696 683 potestate
712 641 922 680 constitutos,
949 642 979 674 in
997 652 1027 674 a·

149 688 341 729 doptionem
365 686 439 718 dare
464 683 639 723 desiderat,
663 683 726 715 fine
751 691 861 714 vetere
883 682 1028 715 observa·

154 729 245 763 tione
260 725 592 769 emancipationum&
610 725 886 757 inanumiffionum
906 725 969 756 hoc
985 726 1030 765 ip-

153 770 239 810 sum,
263 770 338 803 aCtis
354 767 660 808 intervenientibus,
682 767 765 806 apud
786 774 1029 806 competentem

152 812 298 853 Judicem
321 808 524 847 manifestare
539 831 549 847 ‚
580 807 736 848 praesente
758 817 799 838 eo
822 809 874 848 qui
898 809 1027 849 adopta-

155 862 226 892 tur,
248 854 277 884 δι
295 859 360 885 non
380 849 645 888 contradicente,
663 858 723 880 nec
741 858 805 880 non
823 858 863 880 eo
879 851 932 889 qui
951 851 1025 880 ado·

155 902 235 936 ptat.
250 895 346 935 igitur
356 892 549 926 desideratur
564 891 694 932 quidem
710 890 816 922 adhuc
834 891 864 921 in
882 892 1027 932 adoptio-

153 946 195 968 ne
212 938 378 976 utriusque
392 933 576 975 praesentia3
592 933 644 964 led
661 931 774 964 sufficit
789 930 844 963 filii
860 933 1028 964 consensus

152 979 205 1010 vel
224 977 359 1014 tacitus,
382 975 527 1017 quamvis
551 983 616 1006 non
634 972 672 1005 fit
693 972 864 1013 express'us.
888 981 920 1004 at
936 974 965 1005 in
984 983 1027 1004 ar-

153 1021 344 1061 rogatione,
360 1025 394 1049 ut
404 1026 482 1050 mox
499 1015 642 1053 dicetur,
658 1014 828 1047 neceffaria
838 1013 882 1046 est
899 1024 1027 1055 expres-

153 1060 183 1092 sa
206 1060 352 1092 voluntas
368 1059 388 1090 l.
427 1083 435 1091 .
454 1059 482 1090 h.
501 1063 523 1090 t.
549 1057 601 1089 vel
624 1057 679 1097 (ut
696 1057 734 1087 A.
750 1054 874 1088 Gellius
897 1056 940 1088 ait
957 1057 984 1088 d.
1003 1066 1027 1087 c.

155 1111 204 1139 19.
219 1101 267 1133 lib.
285 1101 337 1142 5.)
360 1069 425 1142 ipst52
444 1099 542 1131 debet
558 1097 666 1130 auCtor
682 1095 775 1129 fieri.>

193 1142 274 1176 Illud
290 1152 354 1175 non
371 1142 536 1182 indignum
551 1147 679 1171 notatu:
701 1138 789 1178 quod
806 1146 841 1170 ut
859 1147 954 1171 unum
972 1138 1028 1170 ho-

154 1186 274 1218 minem
294 1185 325 1216 in
348 1183 469 1224 judicio
490 1183 566 1214 duas
581 1179 729 1221 personas
746 1179 894 1212 sustinere
910 1190 974 1211 non
994 1190 1027 1211 o-

154 1233 283 1267 porteat
298 1226 317 1257 l.
337 1235 383 1266 13.
401 1224 430 1266 §.
445 1234 474 1264 4.
495 1222 537 1256 D.
555 1222 605 1254 Aa
621 1222 769 1253 Senatusc.
788 1221 903 1253 Trebell.
922 1229 1028 1253 tamen

154 1267 269 1301 Paulus
285 1267 305 1298 l.
324 1276 354 1308 3.
370 1267 400 1298 h.
416 1271 437 1297 t.
470 1264 521 1301 Si,
545 1264 666 1304 inquit,
690 1262 807 1295 Consul
833 1264 884 1294 vel
911 1262 1026 1294 Praeses

152 1309 191 1342 fit
201 1307 437 1341 filiusfamilias:
455 1305 542 1347 polle
560 1314 632 1337 eum
648 1305 730 1345 apud
746 1303 844 1335 semet
861 1304 958 1344 ipsum
976 1305 1027 1335 vel

152 1349 364 1391 emancipari,
389 1349 441 1380 vel
457 1349 488 1379 in
505 1346 712 1387 adoptionem
730 1345 816 1382 dari,
842 1345 980 1377 constat:
998 1346 1027 1376 δε

152 1392 315 1433 subjicitur
340 1400 379 1422 ex
405 1388 594 1421 Modestino
616 1387 635 1418 l.
654 1397 682 1426 4.
708 1386 926 1427 Magistratum
944 1387 1027 1426 apud

154 1443 252 1474 quem
276 1432 355 1473 legis
379 1431 462 1462 attio
484 1428 547 1467 est,
572 1428 602 1460 δι
621 1428 822 1468 emancipare
840 1427 923 1459 filios
940 1426 1026 1464 suos,

152 1476 184 1508 &
208 1475 238 1507 in
263 1472 474 1512 adoptionem
498 1470 571 1501 dare
595 1470 679 1509 apud
703 1467 733 1499 se
759 1467 846 1507 poss'e
863 1493 873 1508 ,
904 1468 1028 1501 Neratii

152 1515 308 1549 sententia
324 1512 381 1544 est.
418 1510 562 1543 Tantum
580 1509 649 1542 usus
666 1509 767 1541 valet!
791 1509 971 1548 Caeterum‚
995 1518 1029 1542 ut

150 1557 249 1590 finem
277 1554 392 1586 faciam
417 1553 493 1584 huic
518 1551 617 1593 parti,
641 1550 741 1592 liquet
757 1561 798 1583 ex
813 1551 900 1593 supra
917 1551 1027 1589 diffis,

150 1598 252 1632 filium
269 1605 286 1627 a
302 1603 394 1637 patre
418 1595 527 1627 datum
547 1595 578 1625 in
604 1593 834 1632 adoptionem,
856 1594 925 1634 jure
941 1594 1028 1625 civili

153 1638 296 1673 desinere
320 1637 353 1669 in
372 1635 438 1677 ejus
462 1634 622 1676 potestate
638 1633 720 1673 effe3
745 1634 775 1666 ὅ(
792 1644 904 1666 contra
922 1636 951 1666 in
971 1644 1023 1675 pa-

151 1682 207 1714 tris
227 1679 371 1720 adoptivi
387 1676 579 1720 potestatem
599 1675 729 1716 perinde
747 1676 930 1715 transferri,
953 1685 989 1707 ac
1006 1675 1026 1708 11

151 1732 193 1755 ex
209 1731 249 1754 eo
267 1721 298 1753 &
318 1720 384 1761 ejus
400 1717 637 1751 matrefamilias
654 1716 731 1749 ess'et
748 1725 850 1750 natus.
883 1718 945 1750 Sed
963 1718 1028 1750 hoc

150 1761 484 1801 mutavitJustinianus
498 1759 518 1791 l.
540 1769 586 1792 ιο.
603 1758 672 1789 C.b.
689 1765 711 1790 t.
736 1757 885 1791 suadente
902 1759 1027 1791 lubrico

150 1803 353 1846 adoptionis,
377 1801 399 1834 fi
426 1802 496 1842 quis
521 1808 675 1833 extraneo
702 1799 737 1832 fit
760 1802 790 1832 in
815 1802 1027 1841 adoptionem

152 1848 256 1880 datus.
281 1854 353 1877 nam
379 1842 402 1875 si
420 1843 460 1875 ab
483 1842 591 1884 aliquo
607 1851 647 1874 ex
665 1840 949 1882 adscendentibus,
973 1852 1028 1880 pu·

151 1897 202 1928 ta,
224 1897 285 1920 avo
302 1894 437 1928 paterno
451 1891 506 1916 aut
520 1891 686 1923 materiiO,
706 1884 874 1924 adoptatus
892 1883 945 1916 fit:
965 1884 1028 1924 jam

153 1931 227 1972 quia
245 1930 310 1962 duo
329 1933 526 1960 concurrunt
552 1925 696 1962 vincula,
720 1924 750 1956 &
769 1926 918 1957 naturalia
939 1925 968 1958 ὅ(
985 1926 1028 1957 ci·

153 1973 247 2009 vilia,
270 1969 392 2012 placuit
410 1969 458 2008 ei,
479 1968 527 2008 Jus
544 1969 709 2007 antiquum
725 1966 874 1999 retinere.

194 2013 303 2044 Altera
319 2011 503 2051 adoptionis
517 2009 634 2050 species
652 2007 697 2039 est
706 2009 882 2049 arrogatio:
899 2017 967 2050 quae
985 2007 1030 2039 est

156 2063 267 2087 eorum
283 2054 336 2094 qui
354 2052 424 2083 sunt
450 2050 601 2091 suijuris:
625 2050 706 2081 dieta
728 2050 783 2090 (ut
800 2048 898 2090 Gajus
914 2050 933 2081 l.
952 2060 980 2081 2.
999 2049 1027 2081 b.

153 2103 177 2128 t.
194 2095 257 2136 ait)
278 2105 295 2126 a
319 2094 479 2134 rogando:
503 2093 577 2133 quia
593 2092 622 2123 ὅ(
641 2092 666 2122 is
690 2092 743 2131 qui
764 2092 917 2132 adoptat,
941 2099 1029 2131 roga-

154 2145 225 2176 tur,
250 2146 287 2167 an
308 2136 387 2167 velit
402 2144 476 2166 eum
494 2143 588 2174 quem
605 2133 814 2173 adoptaturus
832 2132 895 2172 est,
916 2131 1029 2173 justum

153 2178 210 2211 fibi
229 2176 328 2210 filium
344 2175 426 2215 ess'e3
449 2176 478 2207 δι
497 2175 522 2206 is
542 2175 594 2215 qui
611 2175 802 2214 adoptatur,
819 2182 967 2214 rogatur,
990 2182 1029 2205 an

156 2220 191 2252 id
207 2218 276 2251 fieri
296 2218 442 2259 patiatur.
467 2217 565 2248 Aulus
577 2215 702 2248 Gellius
718 2215 766 2246 lib.
783 2226 813 2255 5.
831 2214 921 2247 Νοὲῗ.
934 2215 1028 2246 Attic.

153 2272 179 2293 c.
200 2270 247 2298 19.
272 2261 374 2292 addit:
391 2258 480 2299 quod
493 2257 653 2298 arrogatio
670 2256 768 2288 fiebat
784 2257 879 2289 etiam
896 2265 952 2296 per
970 2256 1029 2287 Po-

153 2303 219 2343 puli
243 2301 467 2342 rogationem3
490 2299 620 2338 ejusque
643 2299 818 2339 rogationis
842 2298 938 2329 verba
962 2297 1030 2328 haec

154 2343 257 2377 fuisse.
275 2339 389 2376 Velitis.
406 2341 538 2381 jubeatis.
567 2339 708 2383 Quirites.
723 2340 778 2370 uti.
804 2339 925 2371 Lucius.
944 2338 1030 2370 Vale-

152 2387 226 2417 rius.
250 2384 354 2416 Lucio.
371 2382 458 2414 Titio.
475 2387 546 2414 tam.
558 2382 637 2423 jare.
653 2381 721 2422 lege.
738 2390 765 2421 q.
777 2379 872 2420 filius.
883 2379 950 2418 fibi.
960 2378 1028 2417 fiet.

154 2425 295 2467 quamsi.
310 2434 357 2456 ex.
372 2433 411 2456 eo.
423 2429 517 2465 patre.
532 2428 634 2454 matre.
647 2431 674 2464 q.
679 2421 824 2462 familias.
842 2422 913 2464 ejus.
930 2428 1029 2454 natus.

153 2466 229 2508 effet.
253 2468 308 2499 uti.
331 2476 359 2508 q.
386 2465 422 2496 ei.
447 2466 524 2496 vitoe.
547 2466 634 2495 necis.
662 2473 689 2505 q.
708 2464 749 2495 in.
767 2472 806 2494 eo.
818 2462 952 2504 potestas.
965 2462 1031 2501 stet.

154 2509 211 2540 uti.
226 2510 316 2549 patri.
336 2508 416 2540 endo.
422 2506 498 2547 filio.
514 2504 563 2546 est.
581 2505 646 2537 hac.
661 2507 713 2536 ita.
733 2505 788 2536 uti.
804 2505 880 2537 dixi.
898 2505 950 2536 ita.
969 2514 1031 2536 vos.

157 2548 299 2594 Quirites.
316 2558 391 2590 rogo.
441 2548 476 2581 In
502 2547 679 2588 adoptione
695 2555 759 2577 non
778 2554 846 2578 erat
862 2545 922 2577 hac
938 2555 1028 2587 roga-

156 2594 248 2623 tione
262 2599 359 2630 opus:
375 2590 447 2630 quia
461 2596 590 2631 poterat
600 2596 688 2628 pater
697 2586 796 2619 filium
813 2596 908 2628 quem
923 2587 954 2618 in
971 2596 1030 2627 po-

155 2630 269 2665 testate
293 2631 430 2662 habebat
446 2653 457 2670 ,
489 2630 660 2669 occidere3
685 2638 746 2660 nec
771 2628 875 2661 minus
900 2634 1029 2670 poterat

155 2682 230 2707 eum
253 2671 305 2703 alii
331 2672 478 2703 vendere.
504 2679 536 2703 at
560 2672 591 2703 in
618 2671 823 2711 arrogatione
839 2670 961 2702 idcirco
977 2679 1028 2701 ne·

155 2713 240 2747 cesse
256 2719 342 2750 erat,
356 2713 460 2754 rogari
475 2712 653 2754 Populum:
669 2712 757 2753 quod
772 2711 850 2744 civis
866 2710 1029 2743 Romanus

154 2756 200 2788 sui
214 2754 308 2796 juris,
325 2761 389 2784 non
407 2760 535 2792 poterat
551 2754 663 2786 statum
681 2752 745 2785 fine
763 2753 879 2794 Populi
900 2751 1028 2784 consen-

155 2797 190 2830 su
207 2803 349 2833 mutare;
372 2802 477 2834 eoque
493 2794 524 2825 se
536 2795 610 2826 dare
627 2795 657 2827 in
676 2794 804 2827 alterius
820 2793 1029 2835 potestatem:

156 2846 194 2872 ut
211 2839 296 2870 bene
312 2834 460 2867 observat
475 2832 686 2874 Torrentius,
699 2836 738 2867 ad
754 2836 946 2868 Suetonium
963 2836 1030 2866 Au·

154 2878 239 2924 gullo
257 2889 282 2910 c.
295 2881 345 2918 64.
388 2874 514 2907 Debuit
531 2876 626 2916 igitur
642 2878 673 2909 in
690 2879 892 2918 arrogatione
912 2877 1031 2916 triplex

156 2922 226 2955 fieri
243 2917 472 2960 interrogatio,
495 2915 552 2948 etsi
568 2915 664 2956 Gajus
676 2941 686 2956 ,
705 2920 794 2959 quod
810 2918 948 2951 offendit
965 2917 1029 2950 An-

157 2964 268 2997 dream
284 2959 463 2997 Alcimum,
479 2956 659 3004 V.·C1..·lib.
679 2968 707 2995 9-
732 2960 854 3002 Parerg.
873 2970 897 2992 c.
911 2971 951 3001 5,
975 2959 1029 2991 ali.

158 3012 281 3045 osque,
302 3007 426 3033 tantum
442 3005 623 3031 meminerit
647 2999 792 3039 duplicis.
837 3001 900 3033 Sed
917 3001 1029 3032 habuit

157 3042 242 3078 hanc
259 3042 383 3075 causam
399 3039 516 3081 Gajus,
530 3048 605 3085 meo
618 3039 757 3079 judicio:
773 3043 861 3082 quod
879 3042 1029 3075 omnibus

157 3093 227 3119 erat
248 3092 392 3122 certum,
415 3088 650 3123 arrogationem
675 3089 767 3120 quarn
791 3091 847 3122 pei·
871 3083 1030 3124 Populum

157 3126 229 3161 fieri
245 3125 439 3167 oportebat,
454 3132 520 3156 non
533 3121 712 3162 procedere
727 3121 790 3152 fine
807 3123 921 3163 Populi
940 3133 1031 3165 roga·

156 3170 269 3201 tione:
291 3176 349 3207 per
366 3175 403 3198 ea
420 3174 490 3206 quae
508 3163 581 3195 alibi
606 3162 671 3194 dixi
689 3171 730 3193 ex
747 3161 856 3194 Gellio
871 3164 909 3195 lib
937 3174 983 3196 10.
1003 3174 1029 3196 c.

157 3219 216 3242 20:
239 3207 292 3240 sed
315 3214 445 3248 poterat
469 3205 626 3244 dubitari,
647 3212 687 3235 an
706 3212 742 3234 ea
757 3204 951 3243 procederet
967 3205 1031 3236 sine

155 3249 329 3293 rogatione
345 3248 411 3290 ejus
427 3248 483 3290 qui
498 3253 643 3289 arrogat,
658 3245 777 3288 quique
796 3245 1030 3287 interrogatur:

1069 153 1090 177 o
1123 152 1145 177 0
1179 153 1203 178 n
1237 153 1259 178 T
1318 142 1346 176 C
1380 152 1401 178 o
1434 153 1461 177 M
1494 150 1532 178 Μ.

1071 231 1170 263 modo
1187 240 1243 264 eos
1260 232 1355 263 tacite
1372 231 1422 263 vel
1441 231 1541 272 palam
1559 228 1745 262 consensiss'e
1761 240 1942 272 appareretz

1071 271 1149 303 ficut
1173 272 1236 304 hoc
1261 274 1292 305 in
1309 274 1484 313 adoptione
1503 271 1625 304 sufficit.
1650 280 1688 302 ac
1705 271 1831 311 nescio,
1855 284 1892 306 an
1910 276 1942 307 in

1071 314 1237 353 proposito
1261 314 1342 346 hanc
1365 315 1529 354 utriusque
1559 312 1773 344 differentiam
1796 314 1943 356 indigitet

1072 353 1180 385 Celsus
1198 355 1218 386 l.
1237 366 1267 395 5.
1284 356 1312 386 h.
1329 362 1349 386 t.
1368 356 1405 386 ln
1422 356 1641 396 adoptionibus,
1656 354 1823 394 inquiens,
1846 365 1943 388 eurum

1072 397 1223 428 dumtaxat
1238 398 1289 437 qui
1297 397 1360 435 suae
1377 394 1527 437 potabatis
1543 401 1636 435 sunt,
1658 397 1796 427 voluntas
1812 397 1945 437 explora-

1070 442 1127 467 tur.
1151 435 1201 474 fin
1218 444 1314 468 autem
1330 448 1348 468 a
1359 444 1444 478 patre
1458 439 1568 469 dantur
1583 439 1615 468 in
1630 438 1828 477 adoptionem,
1851 439 1883 468 in
1899 438 1945 469 his

1070 478 1223 519 utriusque
1240 479 1394 510 arbitrium
1401 478 1591 520 spetiandum
1609 476 1668 519 eft,
1685 479 1732 510 vel
1748 479 1945 518 consentiendo

1070 519 1117 548 vel
1132 528 1188 549 non
1204 521 1431 551 contradicendo.
1454 519 1532 551 Non
1545 521 1647 552 minus
1664 520 1726 551 huc
1743 518 1861 560 spectac
1880 520 1946 551 hoc

1072 558 1202 599 Ulpiani
1218 560 1237 591 l.
1259 569 1307 598 24.
1326 561 1353 591 h.
1373 567 1393 592 t.
1425 562 1531 603 Neque
1544 562 1660 600 absens,
1675 570 1766 602 neque
1780 560 1945 601 differitiens

1070 602 1204 642 arrogari
1214 599 1314 641 potest.
1361 601 1424 634 Sed
1440 602 1520 643 saepe
1536 602 1573 634 fit
1589 603 1672 643 apud
1690 601 1833 641 nostros,
1858 610 1893 634 ut
1909 612 1944 633 o-

1070 641 1155 674 miffa
1172 651 1206 673 re
1216 650 1301 672 certa
1318 642 1347 673 &
1363 644 1558 682 indubitata,
1576 652 1698 676 tantum
1717 643 1866 676 tractetur
1884 644 1943 675 mi-

1071 693 1127 715 nus
1143 691 1241 714 certa.
1266 682 1295 714 δε
1307 685 1414 715 notavi
1432 684 1530 717 simile
1540 686 1586 716 lib.
1602 694 1626 716 1.
1645 685 1792 716 Probabil.
1812 695 1878 725 c.5.
1895 684 1945 717 Ut

1072 724 1167 765 igitui-
1188 724 1311 771 yaleret
1328 727 1506 771 effugatio,
1527 728 1700 767 oportebat
1724 726 1883 768 triplicem
1899 727 1947 759 in-

1072 774 1232 797 tervenire
1248 773 1550 806 interrogationem,
1568 769 1779 809 arrogatoris,
1796 777 1947 809 arrogan-

1071 808 1122 846 di,
1146 807 1176 838 ὃ(
1194 807 1309 847 Populi
1326 807 1356 838 in
1373 809 1513 839 comitiis
1527 810 1674 848 curiatis3
1698 818 1805 847 eoque
1820 817 1946 842 tantum

1072 849 1182 880 Romae
1208 847 1275 879 fieri
1303 847 1425 880 solitam
1447 850 1701 889 arrogationem,
1725 850 1880 890 Ulpianus
1897 861 1947 883 re-

1071 889 1136 922 fert
1162 891 1191 921 in
1212 889 1327 929 Fragm.
1344 891 1390 920 tit.
1407 894 1437 924 8.
1478 890 1558 922 Haec
1572 890 1669 922 libera
1688 891 1858 932 republica.
1882 901 1945 932 qua

1071 939 1210 969 mutata,
1234 931 1379 962 bifariam
1394 930 1476 962 facta
1499 931 1562 963 fuit
1584 934 1760 972 arrogatio:
1784 934 1834 965 vel
1852 943 1945 965 more

1071 974 1203 1013 antiquo
1227 973 1310 1012 apud
1333 972 1489 1012 Populum
1512 974 1543 1004 in
1562 974 1700 1006 comitiis
1722 974 1867 1014 curiatis,
1891 975 1944 1007 vel

1072 1014 1142 1055 lege
1154 1013 1238 1055 regia
1247 1014 1330 1054 apud
1341 1013 1533 1054 Principem.
1546 1022 1678 1055 utraque
1694 1015 1798 1047 forma
1813 1023 1946 1056 apparet

1071 1066 1110 1087 ex
1129 1055 1256 1086 historia
1273 1055 1303 1086 &
1319 1057 1466 1086 oratione
1485 1054 1617 1093 Galbae,
1635 1055 1780 1088 Pisonem
1797 1066 1946 1098 arrogan-

1072 1098 1129 1134 tis,
1153 1097 1236 1137 apud
1258 1094 1409 1128 Taciturn
1435 1097 1482 1128 lib.
1506 1107 1530 1128 i.
1556 1095 1636 1137 Hist.
1655 1107 1678 1128 c.
1699 1107 1745 1138 15.
1765 1096 1871 1139 ἒβη.
1889 1099 1943 1130 ad·

1072 1138 1135 1169 huc
1153 1147 1244 1169 more
1259 1147 1371 1169 vetere
1395 1137 1468 1170 usus
1481 1137 1543 1169 fuit
1558 1138 1715 1180 Augustus
1731 1149 1746 1169 a
1774 1139 1813 1170 ud
1831 1139 1946 1171 Sueto-

1072 1181 1157 1211 nium
1170 1177 1303 1220 Augusto
1319 1189 1343 1209 c.
1354 1183 1403 1219 65.
1422 1180 1451 1211 <Sc
1464 1179 1613 1212 Claudius
1628 1180 1711 1219 apud
1761 1181 1878 1213 acitum
1892 1181 1941 1213 lib.

1074 1231 1120 1253 12.
1141 1221 1253 1251 Annal.
1274 1230 1297 1252 c.
1318 1224 1366 1252 26.
1384 1220 1421 1254 δέ)
1442 1230 1493 1259 41.
1517 1222 1610 1252 etiam
1628 1221 1694 1261 ejus
1714 1222 1836 1254 mentio
1859 1222 1944 1263 apud

1071 1261 1185 1301 Gajum
1203 1262 1251 1292 lib.
1270 1272 1298 1293 2.
1322 1260 1392 1300 last.
1408 1263 1454 1293 tit.
1474 1273 1510 1302 2,
1535 1263 1564 1294 ὅ(
1582 1262 1776 1303 Ulpianum,
1799 1264 1826 1294 d.
1845 1264 1891 1295 tit.
1910 1268 1943 1298 8.

1070 1302 1177 1335 Nova:
1193 1303 1303 1334 formae
1323 1304 1468 1335 meminit
1482 1304 1500 1334 l.
1523 1313 1568 1341 19.
1584 1305 1603 1336 l.
1622 1313 1670 1336 20.
1687 1304 1707 1336 l.
1722 1305 1775 1336 ult.
1798 1304 1827 1337 h.
1843 1311 1865 1336 t.
1884 1306 1943 1336 eti-

1071 1354 1120 1376 am
1140 1344 1236 1384 Gajus
1255 1345 1274 1376 l.
1292 1354 1320 1376 2.
1339 1344 1382 1376 D.
1403 1345 1431 1376 b.
1451 1350 1472 1376 t.
1491 1353 1560 1385 quae
1579 1345 1624 1377 est
1640 1355 1679 1377 ex
1695 1346 1759 1386 ejus
1774 1346 1822 1376 lib.
1846 1355 1871 1377 1.
1892 1346 1944 1377 In-

1064 1384 1269 1427 stitutionum:
1290 1394 1481 1426 quamquam
1499 1387 1543 1418 ibi
1560 1388 1607 1418 tit.
1620 1397 1650 1427 5.
1666 1387 1788 1418 nullum
1804 1387 1870 1427 ejtis
1885 1387 1943 1418 ho-

1072 1428 1123 1459 die
1138 1426 1365 1467 estvestigium.
1389 1427 1538 1459 Tandem
1555 1429 1636 1467 apud
1652 1437 1747 1459 unum
1760 1428 1942 1468 Principem

1072 1467 1216 1499 resedisse
1232 1468 1467 1509 arrogationem
1485 1469 1672 1511 intelligitur
1690 1478 1730 1501 ex
1744 1469 1762 1502 l.
1775 1479 1802 1501 2.
1822 1469 1856 1501 C.
1873 1470 1900 1501 b.
1918 1477 1942 1502 z,

1072 1508 1205 1541 Utrovis
1222 1510 1320 1541 inodo
1340 1509 1393 1540 fiat
1410 1511 1590 1551 arrogatio:
1612 1519 1723 1542 verum
1739 1510 1783 1542 est
1803 1510 1868 1542 hoc
1886 1509 1943 1544 Ul-

1071 1551 1153 1593 piani
1172 1551 1191 1582 l.
1216 1559 1262 1590 15.
1281 1551 1310 1582 h.
1325 1557 1343 1581 t.
1365 1551 1626 1592 &paterfamilias
1645 1553 1795 1590 adoptatus
1809 1550 1865 1586 fit:
1886 1562 1943 1583 om-

1070 1595 1121 1624 nia
1135 1602 1197 1634 quae
1214 1593 1276 1634 ejus
1285 1593 1433 1632 fuerunt,
1457 1591 1493 1627 &²
1509 1594 1627 1633 adquiri
1639 1592 1772 1633 pastum,
1794 1594 1880 1624 tacito
1891 1594 1945 1634 J'u·

1070 1644 1100 1666 re
1117 1635 1154 1665 acl
1168 1643 1232 1664 eum
1248 1639 1400 1665 transeunt
1417 1635 1468 1676 qui
1482 1643 1546 1665 eum
1562 1634 1720 1674 adoptavit.
1755 1635 1805 1665 boc
1819 1634 1944 1675 amplius

1069 1676 1149 1707 liberi
1163 1677 1214 1716 qui
1229 1675 1259 1705 iri
1274 1674 1410 1715 potestate
1425 1677 1487 1717 ejus
1496 1676 1588 1715 sunt,
1603 1684 1667 1707 euni
1681 1678 1707 1711 le
1728 1681 1850 1707 uuntur.
1881 1674 1943 1707 Po-

1070 1718 1178 1749 sterius
1198 1724 1286 1747 cei-te
1304 1717 1493 1755 lastinianus
1509 1717 1537 1758 §.
1560 1726 1606 1749 11.
1623 1716 1693 1758 Inst.
1734 1741 1740 1747 .
1758 1723 1779 1749 t.
1804 1717 1834 1748 in
1859 1726 1944 1749 ari-o-

1069 1760 1199 1799 gatione
1223 1756 1350 1790 Tiberii
1374 1759 1543 1790 observat:
1575 1767 1745 1799 utrumque
1770 1759 1945 1791 Suetonius

1073 1800 1183 1832 Tiberio
1199 1810 1223 1831 c.
1238 1809 1247 1830 i
1253 1811 1282 1840 5.
1301 1799 1417 1831 Verba.
1441 1801 1609 1841 Adoptatur
1617 1802 1653 1831 ab
1672 1798 1805 1842 Augusto
1822 1799 1946 1840 (Tibe-

1070 1842 1152 1883 rius)
1166 1839 1257 1880 simul
1274 1851 1338 1872 cum
1351 1842 1451 1882 fratre
1466 1852 1563 1873 eorum
1587 1842 1639 1873 M.
1655 1841 1809 1882 Agrippa:
1830 1841 1945 1873 coatras

1068 1885 1152 1925 prius
1176 1884 1231 1923 ipse
1257 1882 1462 1915 Germanicum
1478 1884 1586 1922 fratris
1608 1884 1661 1923 sui
1677 1884 1775 1922 fllium
1796 1884 1943 1924 adoptare.

1072 1925 1139 1957 Nec
1153 1925 1311 1966 quidquam
1322 1923 1418 1965 postea
1435 1931 1488 1965 pro
1502 1924 1719 1966 patrefamilias
1734 1926 1808 1965 egit:
1825 1930 1879 1956 aut
1890 1924 1945 1963 jus

1072 1967 1147 2008 quad
1161 1967 1310 2006 adoptione
1325 1967 1477 2005 amiserat,
1490 1976 1526 1997 ex
1540 1965 1600 1997 ulla
1605 1972 1689 2006 parte
1703 1967 1834 1997 retinuit.
1857 1965 1943 1997 Nam

1072 2017 1162 2049 neque
1184 2009 1304 2038 donavit
1324 2030 1333 2046 ,
1365 2016 1454 2048 neque
1479 2005 1662 2044 rizanumifit:
1685 2016 1736 2037 riec
1759 2007 1943 2038 hereditatem

1073 2051 1187 2091 quidem
1211 2054 1264 2079 aut
1287 2049 1382 2090 legata
1400 2050 1525 2089 percepit
1543 2047 1604 2079 ulla
1622 2048 1723 2087 aliter,
1746 2057 1833 2092 quam
1849 2053 1882 2079 ut
1893 2054 1944 2088 pe-

1073 2091 1146 2122 culio
1162 2090 1281 2129 referret
1297 2095 1420 2129 accepta.
1439 2089 1600 2122 Caeterum
1617 2090 1659 2120 ait
1670 2088 1793 2121 Gellius
1809 2090 1836 2119 d.
1857 2099 1880 2120 c.
1893 2098 1944 2128 19,

1073 2132 1160 2172 quod
1170 2132 1251 2172 apud
1262 2131 1419 2171 Populum
1435 2140 1502 2163 non
1518 2138 1638 2162 temere
1653 2130 1751 2162 fiebat
1766 2130 1947 2171 arrogatio,

1072 2173 1127 2205 nisi
1144 2173 1266 2205 arbitris
1277 2171 1509 2213 Pontificibus3
1526 2173 1558 2203 id
1573 2172 1618 2204 est
1629 2195 1638 2209 ,
1654 2172 1708 2203 nisi
1725 2171 1814 2203 causa
1828 2181 1845 2202 a
1861 2171 1947 2203 Pon-

1073 2212 1212 2246 tificibus
1230 2214 1368 2254 cognita.
1393 2223 1498 2254 eoque
1514 2214 1664 2254 exemplo
1681 2213 1797 2252 hodie,
1820 2221 1893 2244 cum
1908 2212 1948 2245 fit
2003 2240 2005 2242 .

1073 2265 1130 2296 per
1152 2254 1351 2295 Rescriptum
1369 2254 1542 2295 Principis,
1565 2256 1683 2286 debere
1705 2254 1843 2286 intimari
1859 2255 1946 2295 apud-

1072 2298 1247 2330 Praetorem
1266 2296 1317 2328 vel
1328 2296 1493 2329 Praefidem
1503 2319 1514 2335 ,
1529 2296 1674 2328 auCIores
1689 2294 1758 2327 sunt
1768 2294 1945 2327 Diocletia-

1071 2348 1130 2370 nus
1147 2338 1177 2370 &
1194 2337 1409 2370 Maximianus
1427 2340 1455 2369 d.
1472 2339 1490 2369 l.
1501 2348 1530 2369 2.
1548 2338 1582 2370 C.
1595 2338 1622 2369 h.
1639 2344 1660 2369 t.
1685 2337 1772 2379 Quid
1787 2343 1893 2368 autern
1910 2336 1944 2368 in

1071 2378 1170 2411 causae
1185 2380 1373 2420 cognitione
1390 2386 1551 2418 vertatur,
1567 2387 1682 2419 praetei·
1697 2380 1739 2411 A.
1753 2376 1895 2409 Gellium
1913 2378 1945 2409 d.

1072 2431 1096 2452 c.
1118 2429 1175 2460 19,
1199 2420 1229 2452 &
1246 2420 1461 2458 Ciceronem,
1476 2421 1538 2451 Pro
1555 2422 1632 2451 darno
1646 2430 1671 2451 c.
1693 2428 1760 2458 14,
1778 2418 1873 2451 tradit
1889 2416 1946 2450 Ul-

1073 2463 1183 2501 pianus
1198 2461 1218 2493 l.
1238 2470 1285 2503 15.
1309 2462 1337 2504 §.
1354 2472 1382 2494 2.
1407 2462 1444 2498 ὅ)
1467 2471 1497 2503 3.
1514 2461 1551 2495 &²
1566 2461 1586 2493 l.
1608 2470 1654 2501 17.
1670 2461 1698 2492 h.
1715 2466 1736 2492 t.
1752 2460 1846 2498 licet,
1869 2459 1944 2491 illos

1073 2503 1247 2544 inspicere:
1270 2512 1336 2535 non
1352 2504 1437 2535 enim
1452 2501 1592 2534 adferam
1610 2502 1727 2533 omnia.
1750 2508 1873 2532 tanturn
1888 2509 1945 2531 no-

1073 2544 1169 2583 tabo,
1193 2545 1282 2583 quod
1297 2545 1379 2576 inter
1396 2551 1511 2575 caetera
1525 2543 1568 2574 ait
1585 2541 1728 2581 Gellius,
1753 2541 1879 2574 solitum
1893 2540 1946 2573 fu-

1071 2585 1126 2618 iffe
1142 2586 1264 2618 traCtari
1280 2586 1320 2617 de
1336 2586 1518 2623 liberto‚an
1538 2584 1629 2625 possit
1645 2583 1684 2615 ab
1699 2584 1840 2625 ingenuo
1858 2592 1946 2614 arro·

1071 2628 1148 2668 gari.
1172 2626 1224 2659 sed
1246 2626 1342 2659 nostri
1365 2626 1559 2667 distinguunt
1578 2626 1742 2666 proprium
1765 2626 1805 2656 ab
1830 2625 1946 2656 alieno.

1068 2670 1159 2700 hunc
1175 2676 1291 2710 negant
1306 2667 1460 2709 arrogari:
1476 2676 1516 2699 ne
1532 2674 1670 2708 patrono
1686 2667 1796 2707 inJuria
1813 2663 1867 2697 fiat
1884 2667 1910 2697 d.
1927 2665 1948 2697 1.

1074 2718 1121 2751 15.
1138 2710 1165 2752 §.
1183 2720 1210 2750 3.
1226 2710 1314 2741 illum
1331 2708 1432 2741 sinunt
1445 2708 1606 2749 arrogari;
1630 2707 1651 2740 11
1668 2708 1817 2749 precibus
1833 2706 1948 2739 inserat

1072 2751 1183 2791 iustam
1206 2749 1348 2789 causam,
1370 2750 1403 2781 id
1419 2749 1483 2789 est,
1507 2750 1595 2790 quod
1612 2749 1731 2782 liberos
1749 2758 1815 2781 non
1832 2748 1951 2780 habeat

1073 2793 1092 2823 l.
1111 2802 1141 2833 3.
1162 2792 1195 2824 C.
1213 2792 1241 2823 b.
1263 2797 1286 2823 t.
1311 2792 1354 2823 ita
1371 2799 1497 2829 tamen,
1515 2799 1551 2822 ut
1566 2790 1695 2832 publice
1713 2797 1839 2823 maneat
1856 2789 1951 2822 liber·-

1075 2834 1158 2865 tinus
1180 2833 1200 2865 l.
1223 2833 1277 2864 ult.
1302 2833 1330 2864 h.
1356 2839 1378 2865 t.
1402 2832 1422 2864 l.
1440 2833 1495 2864 ult.
1512 2831 1553 2864 D.
1570 2833 1603 2864 de
1611 2830 1683 2873 stat.
1707 2832 1778 2863 hom.
1802 2830 1948 2872 quam-vis

1072 2875 1105 2906 in
1123 2874 1240 2906 familia
1257 2874 1383 2914 patroni
1398 2874 1590 2916 arrogatoris
1605 2874 1735 2914 ingenui
1748 2874 1815 2914 jura
1826 2872 1950 2904 fiscon·

1071 2915 1198 2947 secutus
1213 2915 1289 2955 1432.
1308 2915 1350 2946 D.
1369 2917 1403 2946 de
1417 2916 1480 2947 ritu
1497 2922 1579 2956 nupt.
1603 2914 1678 2946 Hoc
1694 2924 1785 2955 aeque
1800 2922 1865 2945 non
1882 2911 1948 2956 file-

1072 2957 1116 2989 bo
1129 2980 1138 2996 ,
1162 2957 1200 2989 ab
1220 2956 1360 2997 Ulpiano
1374 2958 1402 2989 d.
1421 2958 1467 2988 tit.
1484 2961 1512 2991 8.
1535 2954 1712 2989 observari:
1736 2955 1823 2995 quod
1844 2953 1948 2985 foemi-

1072 3008 1122 3029 nze
1139 2999 1220 3039 apud
1239 2998 1397 3038 Populum
1424 3008 1489 3030 non
1510 3005 1707 3039 arrogantur.
1729 2996 1791 3037 (sic
1807 2995 1851 3026 ibi
1871 3001 1947 3038 yere

1074 3040 1152 3081 legit
1177 3038 1324 3081 Cujacius
1348 3040 1380 3070 in
1403 3039 1524 3079 Notis.)
1556 3039 1707 3079 idemque
1733 3044 1824 3068 antea
1839 3033 1900 3079 fuit
1915 3040 1949 3064 in

1074 3081 1219 3122 pupillis:
1245 3082 1302 3112 hac
1321 3082 1446 3112 ratione
1464 3090 1532 3121 quae
1551 3080 1596 3111 est
1615 3080 1652 3112 A.
1668 3074 1949 3122 Gellii,'Quonzam

1075 3121 1113 3156 δ’
1136 3132 1200 3153 cum
1216 3123 1348 3164 foeminis
1371 3123 1452 3154 nulla
1468 3122 1644 3154 comitiorum
1657 3125 1812 3149 communio
1829 3112 1886 3154 est,
1909 3113 1947 3149 ὅ)

1075 3165 1222 3195 tutoribus
1234 3165 1267 3195 in
1279 3163 1406 3204 pupillos
1422 3169 1536 3194 tantam
1553 3161 1604 3202 effe
1618 3158 1814 3203 austeritatem
1827 3154 1952 3196 potesta-

1075 3210 1184 3245 temque
1194 3228 1204 3244 ,
1219 3205 1273 3244 fas
1289 3214 1346 3235 non
1360 3203 1417 3243 esi,·
1441 3209 1474 3234 ut
1489 3209 1575 3242 caput
1590 3201 1711 3244 liberunt
1720 3197 1949 3243 fidezsuaepom-

1074 3245 1189 3286 miffum
1206 3246 1305 3279 aliena
1321 3245 1426 3276 ditioni
1434 3244 1607 3284 subjiciant.
1631 3240 1683 3272 Sic
1700 3248 1732 3271 in
1748 3237 1951 3284 foeminisQG

1916 3287 1950 3310 m
