2036 3495
371 135 436 172 An
462 134 544 170 Lm.
572 132 668 169 VIII.
704 130 802 168 T1T.
830 130 891 167 ΠΙ.
928 133 978 169 De
982 134 1189 181 servitutibus
1200 136 1382 183 praediormn
1401 140 1589 186 rusticorum.

76 236 104 261 ,ε
122 228 231 259 vicino
247 225 394 267 impetrat
413 225 461 265 jus
480 222 627 264 spatiandi
644 221 674 253 in
699 221 832 253 amoenis
855 222 958 254 deam-

87 268 306 302 bulationibus
329 276 404 307 quas
428 267 480 297 ille
507 264 659 309 Veterum
684 272 774 294 more
800 263 866 308 (de
892 274 957 305 quo

87 311 190 352 scripsi
207 310 254 341 lib.
269 318 294 340 1.
310 305 505 346 Deulufrufi?
523 316 546 336 c.
561 305 613 345 5.)
634 313 664 335 in
683 305 955 350 voluptarrotmae.

87 353 143 384 dio
161 350 306 383 habebat.
329 345 668 388 Hocigiturexemplo
686 344 808 392 potest,
821 356 955 393 opinor,

85 393 148 425 iter
162 394 200 424 ab
210 391 346 432 Ulpiano
358 390 511 420 verissime
526 388 586 419 dici
602 387 650 427 J‘us
661 387 956 420 eundiambulandi.

88 433 166 478 Quo
189 432 317 466 modo?
341 430 402 462 five
424 432 490 469 quis
513 429 628 470 pedes,
651 427 714 474 five
740 438 839 469 eques
867 439 952 461 com-

84 485 191 508 meare
217 474 303 505 velit.
325 472 366 504 fic
389 471 534 502 observat
566 468 765 514 Modestinus
782 470 799 501 l.
823 472 912 517 ¹²:²⁷·
930 478 951 502 t.

83 526 148 548 non
174 516 271 548 male:
296 522 365 545 nam
392 513 420 544 <St
447 512 536 552 equis
561 511 605 541 ire
629 511 777 542 dicuntur
793 511 950 544 homines.

82 557 137 589 De
154 554 419 595 ParthisJustinus
434 553 482 583 lib.
500 561 550 591 41.
568 562 629 593 ⁶·3-
652 551 746 593 Equis
761 555 837 583 omni
852 560 952 594 tempo-

83 608 113 630 re
128 598 299 631 υεὲἶαητανς
323 595 379 626 illis
401 595 490 632 bella,
512 594 569 624 illis
590 595 746 632 convivia,
769 595 826 624 illis
835 597 952 634 publica

81 650 116 671 ac
128 641 246 680 privata
262 637 373 677 negotia
388 637 508 671 obeunr;
529 640 613 674 super
627 635 689 681 illus
705 638 745 665 ire
756 659 773 683 ‚·
788 634 950 675 confisiwe,

80 681 218 716 mercari,
240 678 366 718 colloqui.
390 677 439 707 hoc
458 678 577 718 denique
595 677 745 710 discrimen
761 682 949 715 mter-servos

80 722 229 761 liberosque
243 716 300 759 est:
313 719 388 759 quod
395 720 482 757 servi
492 720 630 759 pedibas,
647 718 726 748 liberi
742 717 862 756 nonnifi
871 720 950 759 equis

79 763 225 793 incedunt.
250 761 361 791 Paulus
372 760 390 790 l.
401 769 427 800 7.
445 761 470 790 d.
488 766 508 790 t.
530 760 598 799 pius
617 759 676 789 ait:
695 758 756 802 Qui
768 759 835 796 sella
851 761 897 790 vel
914 761 949 790 le-

77 802 150 834 ἑῖἰεα
160 802 291 840 vehitur,
306 803 346 832 ire
355 811 412 831 non
428 810 511 842 agere
528 802 643 831 dicitur.
670 800 750 831 Cuin
759 801 879 840 sellam,
892 802 949 847 'vel

77 843 202 875 lecticam
220 843 383 874 nominat:
408 842 550 882 intellige
565 839 766 883 gestatoriam,
791 842 820 873 ὅ(
837 849 949 889 utrius-

76 894 138 924 que
155 884 245 916 fuisse
258 884 362 922 usum,
381 884 551 923 impetrato
570 893 586 913 a
604 883 711 913 vicino
726 882 865 924 gestandi
877 893 949 930 ⁴Jure

75 929 106 958 in
122 927 202 958 locis
222 926 329 966 praedii
346 926 498 963 amoenis,
521 934 602 965 quos
629 923 764 955 Veteres
776 922 947 973 gestationes

73 967 271 1008 indigitaffe‚
294 967 403 998 monui
422 968 449 997 d.
466 976 488 998 c.
503 976 531 1005 ς.
549 966 595 996 lib.
616 974 642 996 1.
665 964 827 1012 lam-vero
844 965 946 1011 lectica?

74 1008 105 1040 &
128 1009 199 1044 lellae
225 1007 456 1046 differentiam,
480 1009 557 1038 item
582 1015 638 1037 cur
662 1008 712 1051 his·
736 1016 792 1053 iri,
817 1017 880 1054 non
898 1017 946 1048 agi

75 1050 215 1089 dicatur,
237 1049 259 1081 fi
277 1050 347 1089 quis
364 1056 502 1090 quaerat‚
520 1049 548 1080 ei
568 1049 678 1079 videre
695 1048 804 1079 licebit
822 1049 946 1089 pridem

75 1092 192 1123 tradita
215 1100 233 1122 a
257 1089 298 1122 V.
317 1090 376 1123 CL.
394 1089 532 1131 Josepho
550 1089 710 1120 Averanio
735 1090 783 1120 lib.
806 1099 830 1121 1.
853 1090 945 1120 Inter-

69 1138 146 1173 pret.
156 1132 217 1174 jur.
233 1142 257 1163 c.
272 1132 329 1163 ult.
351 1132 511 1163 Caeterum
529 1131 616 1170 quod
632 1131 672 1161 de
691 1139 794 1169 equo,
809 1130 899 1169 sella,
916 1131 946 1163 &

73 1174 187 1206 lectica
197 1173 277 1212 dixi,
293 1183 330 1204 an
347 1174 378 1204 in
395 1182 476 1204 nave
493 1181 622 1212 quoque
638 1171 769 1218 placet?
785 1171 882 1204 Paulo
902 1182 945 1203 v1-

75 1215 168 1246 detur
183 1215 202 1245 l.
222 1224 269 1255 23.
289 1214 317 1256 §.
338 1224 363 1246 1.
379 1215 405 1245 b.
418 1221 438 1246 t.
463 1213 569 1244 Verba
586 1213 692 1244 Pauli:
708 1213 833 1257 Szlucus
847 1220 942 1254 perpe-

75 1261 142 1288 tuus
157 1256 297 1294 infundo
314 1262 361 1286 tuo
376 1253 433 1296 est,
449 1254 611 1295 navigandi
625 1256 893 1301 qzcoqueservitus,
909 1259 944 1285 ut

68 1290 259 1338 'perveniatur
277 1298 315 1327 ad
331 1298 466 1336 fundum
481 1297 630 1331 vicimun,
653 1295 759 1339 imponz
770 1293 869 1342 potest.
888 1295 942 1342 'Et

72 1338 176 1370 recte:
200 1347 269 1369 nam
296 1338 327 1368 ἃ.
353 1337 477 1376 navigio
505 1337 565 1367 iter
588 1337 726 1367 deterius
751 1335 839 1376 fieri,
862 1337 942 1368 dicit

72 1379 193 1412 Praetor
210 1379 228 1409 l.
250 1387 275 1409 1.
293 1379 339 1409 D.
359 1380 392 1408 de
402 1377 521 1418 flumin.
554 1376 595 1407 Et
614 1377 811 1423 Ulpianus-§.
831 1387 875 1417 14.
892 1380 942 1409 ibi-

71 1421 149 1459 dem,
168 1421 228 1451 iter
246 1419 360 1459 navigii
379 1420 409 1450 in
431 1418 543 1450 Edicto
567 1427 625 1458 pro
643 1427 846 1463 navigatione
865 1420 942 1460 pofi-

72 1468 139 1493 tum
157 1461 217 1493 effe
236 1462 288 1492 ait.
314 1461 353 1492 Et
369 1459 456 1500 posse
470 1459 511 1491 fic
528 1460 628 1500 accipi
641 1461 700 1490 iter
716 1469 786 1505 navi
803 1462 942 1493 deterius

70 1502 152 1535 fieri.
184 1502 224 1533 Et
242 1511 335 1535 mox:
359 1502 389 1534 Si
406 1501 550 1542 pedestre
565 1501 626 1531 iter
644 1501 852 1541 impediatur,
876 1512 941 1534 non

71 1544 146 1575 ideo
171 1544 274 1576 minus
299 1545 360 1574 iter
384 1542 510 1584 navigio
525 1541 663 1574 deterius
684 1541 728 1574 fit.
776 1543 941 1576 Postremo

72 1585 161 1616 addit
172 1583 298 1624 Ulpiani
317 1583 479 1623 definitio,
498 1584 555 1615 Iter
570 1583 781 1629 ffjus-emzcli
795 1586 941 1632 ambilian-

74 1627 106 1657 di
122 1626 246 1656 bomini:
269 1634 339 1657 cunr
365 1625 458 1656 etiarn
476 1632 590 1656 caetera
606 1634 651 1655 ire
667 1626 811 1657 dicantur
825 1636 940 1658 anima-

73 1667 134 1706 lia,
158 1675 192 1697 ut
210 1665 240 1697 in
258 1666 312 1697 illo
332 1665 455 1707 Virgilii
474 1666 570 1706 Eclog.
592 1675 618 1697 1.
636 1667 708 1706 vers
729 1676 776 1706 75.
800 1667 843 1698 Ite
858 1678 941 1715 mete,

73 1709 217 1751 quondam
230 1707 303 1745 felix
312 1715 416 1748 pecus,
432 1709 470 1738 ite
485 1708 606 1748 capellae..
631 1706 672 1739 Et
689 1707 787 1749 Eclog.
811 1718 854 1740 10.
869 1712 943 1750 vers.

75 1749 130 1781 ult.
159 1749 203 1781 Ite
218 1751 332 1780 domum
346 1749 471 1788 saturae,
493 1750 575 1780 venit
591 1748 737 1789 hesperus,
760 1752 797 1780 ite
821 1751 941 1791 capellae.

73 1790 136 1822 Sed
147 1791 268 1822 caeteris
285 1790 486 1829 animalibus,
503 1800 543 1821 ne
561 1798 782 1830 vagentur-eo,
801 1801 864 1830 quo
877 1802 942 1825 non

74 1839 227 1872 oportet,
251 1831 329 1864 solet
353 1832 424 1863 addi
450 1831 563 1872 pastor.
587 1839 652 1863 tum
676 1840 754 1863 vero
771 1832 815 1864 est
835 1833 939 1874 aetus,

73 1882 138 1906 non
156 1873 223 1904 iter.

115 1914 259 1947 Vidimus
275 1915 344 1947 iter.
368 1915 437 1956 quis
452 1915 564 1948 astus?
577 1914 732 1957 Ulpianus
748 1917 775 1948 d.
791 1915 810 1949 l.
832 1927 857 1950 1.
874 1918 901 1950 h.
917 1925 939 1951 t.

72 1954 116 1986 fic
133 1954 262 1987 definit:
276 1956 373 1987 Ab'tus
386 1955 442 1996 est,
453 1957 505 1997 jus
521 1959 625 1998 agendi
641 1958 686 1988 vel
696 1959 859 1999 jumentum
870 1985 879 1999 ‚
895 1961 940 1991 vel

69 1996 245 2027 vehiculum.
268 1997 369 2029 addit:
394 1998 496 2038 Imque
513 2001 564 2039 qui
580 2001 634 2029 iter
648 2000 747 2037 habet,
770 1999 867 2032 atium
883 2011 940 2033 non

72 2037 173 2068 habet:
197 2039 249 2079 qui
264 2037 360 2070 abirim
375 2039 476 2077 haber,
501 2039 536 2073 &³
552 2040 605 2070 iter
619 2041 698 2072 haber
715 2042 800 2072 eiiam
815 2042 878 2080 fine
888 2043 939 2085 ju-

72 2084 174 2110 mento.
218 2080 357 2111 Primum
383 2080 445 2118 ait,
465 2081 631 2121 jumentum
645 2092 655 2110 .·
678 2090 776 2122 puto,
800 2085 938 2124 exempli

70 2119 172 2151 causa.
196 2129 267 2152 nam
286 2121 388 2152 aCtum
411 2121 490 2160 effe,
515 2122 567 2153 ubi
591 2122 620 2153 δι
639 2131 778 2155 armenta
797 2124 938 2164 trajicere

69 2160 168 2200 licet,
191 2161 277 2193 testis
297 2161 342 2193 est
360 2162 560 2194 Modestinus
580 2163 602 2195 l.
622 2172 668 2196 12.
688 2166 733 2196 D.
750 2165 777 2196 h.
794 2172 815 2196 t.
839 2165 937 2199 Dein-

71 2201 113 2234 de
135 2204 179 2233 ait
202 2201 355 2243 Ulpianus
371 2204 418 2234 vel
434 2204 606 2236 vehiculum.
641 2205 823 2238 Hotmanus
843 2208 940 2249 legit,

68 2252 127 2275 non
143 2245 228 2275 etiam
242 2245 414 2276 vehiculum.
436 2244 487 2276 sed
499 2253 598 2278 errat:
615 2255 686 2278 nam
704 2248 788 2279 acius
801 2250 850 2281 vel
868 2259 941 2282 cum

69 2284 240 2323 vehiculo,
265 2285 401 2325 plaustro
417 2286 508 2318 verbi
523 2288 639 2328 gratia,
664 2289 714 2320 vel
730 2289 793 2320 fine
810 2290 940 2322 vehicu-

70 2325 104 2357 10
129 2326 183 2357 est.
207 2327 283 2358 illud
308 2334 438 2368 apparet
462 2337 502 2359 ex
524 2329 551 2359 d.
566 2329 586 2360 l.
609 2338 654 2360 12.
676 2330 695 2360 l.
713 2339 739 2370 7.
764 2332 808 2362 D.
825 2332 853 2363 h.
871 2338 891 2363 t.
910 2333 940 2364 ἀ

68 2367 88 2398 l.
101 2375 147 2398 11.
158 2368 204 2399 D.
213 2367 417 2414 Quemadmod.
425 2369 532 2408 servit.
550 2371 643 2401 amitt.
663 2370 727 2402 hoc
742 2381 781 2402 ex
797 2372 816 2402 l.
837 2382 881 2414 13.
894 2374 938 2405 D.

70 2409 104 2438 de
113 2408 219 2448 servit.
244 2409 343 2453 Quod
363 2410 501 2451 sequitur
518 2413 599 2451 apud
611 2410 781 2453 Ulpianum
793 2415 819 2443 d.
832 2414 849 2444 l.
867 2424 891 2445 1.
910 2415 938 2446 I-

70 2454 156 2490 taque
173 2452 223 2490 qui
237 2453 291 2482 iter
306 2451 513 2491 habet,a&um
529 2462 586 2483 non
600 2453 701 2484 hahet:
718 2456 769 2495 qui
784 2454 880 2486 astum
890 2456 940 2487 ha·

70 2492 134 2528 bet,
151 2490 248 2525 &iter
265 2493 363 2526 habet.
378 2492 531 2531 etiamstne
540 2495 680 2535 jumento.
705 2497 736 2526 id
747 2497 840 2527 etiam
858 2506 935 2528 con-

71 2530 180 2562 fitetur
195 2532 331 2571 Julianus
347 2534 365 2565 l.
382 2538 434 2574 58.
453 2535 499 2565 D.
514 2537 592 2566 verb.
610 2536 692 2578 oblig.
717 2535 812 2568 Nulla
831 2546 934 2570 tamen

72 2570 148 2602 fitin
158 2572 242 2604 aetus
251 2573 436 2606 definitione
445 2577 539 2607 eundi
552 2578 683 2608 mentio.
706 2577 852 2618 Nempe,
864 2580 936 2620 quia

69 2612 130 2644 iter
149 2613 188 2643 ab
212 2614 280 2645 actu
307 2615 500 2655 separatum,
524 2627 588 2649 non
607 2618 651 2650 est
669 2619 708 2650 de
725 2619 892 2651 substantia
907 2631 936 2651 a·

71 2653 156 2685 ctus:
172 2653 249 2685 ficut
264 2665 324 2687 nec
340 2658 399 2688 iter
416 2660 598 2690 continetur
615 2661 813 2700 proprietate
830 2663 936 2700 verbi,

69 2693 161 2725 aeras.
179 2694 261 2726 aliud
279 2697 363 2728 enim
381 2697 425 2728 est
441 2700 519 2737 iter,
536 2701 619 2732 aliud
635 2702 721 2732 aetus
738 2703 755 2733 ἰ,
768 2712 787 2739 9
809 2702 837 2744 §.
847 2713 875 2735 2.
890 2705 934 2734 D.

71 2737 105 2765 de
121 2741 219 2767 novat.
237 2736 311 2776 quin
329 2739 390 2769 iter
406 2738 541 2778 sequitur
558 2742 659 2773 actum
671 2766 679 2781 ,
697 2743 765 2774 fere
782 2754 822 2774 ex
841 2745 937 2776 tacita

71 2776 237 2807 voluntate
256 2778 498 2819 paciscentium,
515 2784 567 2820 qui
586 2785 733 2815 volentes
749 2786 850 2816 afiurn
872 2795 937 2825 quo

69 2818 138 2857 plus
149 2819 332 2850 continetur
343 2843 351 2857 ,
367 2820 426 2851 iter
436 2823 521 2860 quod
537 2824 637 2855 minus
649 2825 692 2855 est
702 2849 711 2863 ,
728 2826 859 2858 noluisse
871 2851 879 2864 ,
896 2828 938 2857 iri-

69 2857 168 2899 telligi
185 2868 248 2890 non
269 2860 387 2891 debent
402 2862 478 2892 l.21.
496 2862 514 2893 l.
530 2872 595 2895 110.
616 2866 660 2896 D.
677 2869 709 2896 ae
724 2877 782 2908 reg.
798 2869 856 2907 jur.
884 2868 938 2899 nisi

70 2899 136 2931 hoc
153 2900 248 2940 egisse
258 2901 422 2932 manifeste
439 2911 595 2942 appareat.
619 2905 667 2937 Eo
688 2907 771 2939 sensu
789 2910 866 2940 dicit
885 2908 937 2940 Ul-

56 2943 181 2981 ‚pianus
198 2941 216 2972 l.
235 2951 263 2980 4.
283 2942 312 2983 §.
337 2951 359 2972 i.
381 2944 425 2973 D.
443 2944 586 2983 Siservic.
604 2949 712 2978 vindic.
744 2960 814 2981 eum
836 2952 886 2989 qui
907 2960 936 2980 a·

69 2982 153 3013 c‘tum
170 2982 233 3013 fine
251 2984 363 3014 itinere
380 2984 496 3022 habet,
516 2986 640 3018 actione
657 2989 696 3020 de
719 2989 869 3022 servitute
882 2993 936 3021 uti.

68 3023 179 3064 plane,
201 3023 222 3055 fi
245 3033 402 3063 quaeratur
419 3027 459 3056 de
478 3027 590 3057 itinere
606 3030 643 3060 ad
660 3033 814 3069 agendum
831 3042 939 3063 neces.

67 3064 167 3102 sario,
182 3064 246 3096 fine
265 3065 330 3097 hoc
346 3066 431 3098 aetus
449 3076 619 3106 numquam
637 3070 698 3101 effe
714 3074 835 3112 potest:
851 3074 880 3104 <St
898 3074 938 3103 de

69 3106 122 3136 tali
139 3106 253 3137 itinere
264 3108 365 3147 accipi
382 3108 461 3140 solet
479 3108 590 3141 Paulus
605 3110 624 3140 l.
644 3120 669 3142 1.
690 3114 735 3142 J).
750 3115 782 3144 de
798 3116 884 3144 aelim.
902 3114 937 3144 le-

65 3151 129 3186 gat.
171 3146 323 3181 Putemus
347 3149 460 3189 igitur,
484 3152 532 3180 cui
559 3151 643 3182 actus
662 3153 814 3192 debetur,
838 3157 865 3186 ei
886 3156 937 3188 vel

65 3188 128 3218 iter
143 3186 337 3229 separatum,
359 3190 414 3222 nisi
431 3200 603 3231 exceptum
621 3193 677 3232 fit,
700 3195 808 3226 deberi
828 3197 933 3228 tacite.

103 3226 305 3303 {unclvliam
329 3231 573 3267 confideremus.
595 3234 627 3266 id
649 3244 791 3269 meretur
808 3246 859 3269 res
877 3238 934 3270 ob-

128 3278 185 3303 om.
248 3296 255 3303 .

1806 156 1820 181 1
1831 151 1873 191 69

1002 223 1086 255 scura
1105 225 1134 255 ἃ
1152 224 1299 258 difficilis.
1347 227 1423 260 Eam
1446 230 1487 261 fic
1505 232 1617 263 definit
1634 231 1786 272 Ulpianus
1805 235 1824 266 l.
1846 242 1874 270 1.

1002 266 1046 296 l).
1067 266 1095 295 l).
1111 272 1131 296 t.
1155 266 1215 297 Via
1231 266 1268 307 est
1280 291 1288 303 ,
1301 269 1353 310 jus
1368 273 1457 302 eundi
1474 272 1510 307 ξέ)
1526 276 1632 314 agendi
1644 274 1870 309 &ambulandi.

999 316 1066 336 mmz
1082 306 1119 339 &²
1134 308 1190 337 iter
1202 308 1237 342 ὅ)
1253 310 1350 341 atium
1364 313 1415 342 via
1431 314 1506 353 inse
1523 313 1658 347 criminer.
1690 319 1737 348 An
1757 319 1870 351 reue?

999 346 1042 378 est
1063 350 1148 386 quod
1169 357 1299 381 metuas.
1322 361 1392 383 nam
1405 353 1445 385 fic
1462 356 1544 387 inter
1563 357 1645 389 viam
1663 358 1807 391 &astum
1825 361 1873 391 ni·

999 387 1042 418 hil
1066 389 1215 428 interest3
1241 391 1295 422 etfi
1312 402 1363 423 eas
1383 393 1549 428 servitutes
1567 398 1720 439 Ulpianus
1738 400 1872 433 manife-

998 429 1042 460 sse
1057 429 1232 471 distinguat.
1256 441 1286 462 at
1299 442 1358 464 nec
1374 436 1478 473 potest
1493 441 1618 479 negari;
1635 442 1722 480 quod
1736 450 1768 473 ut
1783 443 1870 476 acius

996 470 1035 501 ab
1053 472 1194 510 egenum
1211 472 1254 503 fic
1271 474 1319 506 via
1336 484 1353 504 a
1371 475 1538 516 vehendo,
1555 481 1681 514 dicitur.
1708 482 1808 515 Varro
1818 485 1868 517 lib.

995 521 1022 549 ιι.
1039 512 1090 542 De
1108 512 1179 552 ling.
1199 513 1301 544 Latin.
1312 521 1381 554 puts.
1401 525 1429 556 7.
1451 517 1494 549 Ui
1510 529 1564 560 quo
1579 524 1702 562 agebant
1717 523 1870 564 a&us,fic

994 562 1052 593 qua
1067 553 1223 591 vehebant,
1241 557 1296 586 vice
1311 557 1399 588 dicire.
1413 558 1454 588 Et
1464 559 1508 590 lib.
1526 570 1549 591 1.
1571 563 1620 592 De
1635 572 1663 593 re
1678 563 1785 604 rustica
1800 577 1824 598 c.
1836 577 1868 608 3.

993 594 1027 624 A
1041 604 1094 635 quo
1110 593 1211 634 rustici
1226 598 1312 627 etiam
1330 601 1409 628 minc
1429 610 1538 642 quoque
1555 605 1635 634 viam
1650 606 1752 636 veham
1771 601 1867 648 appe‘l-

994 635 1065 666 lant.
1096 634 1159 680 Uoi
1182 644 1286 668 tamen
1306 639 1488 673 vehiculum
1507 644 1536 673 in
1553 644 1742 677 definitione
1760 650 1818 679 viae
1838 659 1869 680 a-

993 677 1057 716 pud
1074 677 1267 722 Ulpianum?
1291 689 1454 720 nusquam.
1473 683 1607 722 proinde
1624 687 1721 717 visum
1739 689 1867 728 quibus-

993 719 1082 756 dam,
1106 719 1243 757 Ulpiano
1261 719 1291 751 in
1311 723 1339 752 cl.
1358 723 1375 753 l.
1396 732 1420 754 1.
1440 733 1498 763 pro
1515 727 1635 765 verbo,
1653 731 1758 767 cundi,
1775 741 1868 771 repo-

992 768 1088 796 nere,
1112 760 1258 790 vehundz‘:
1282 771 1316 793 ur
1342 763 1391 794 via
1417 764 1452 796 fit
1477 767 1525 804 jus
1544 767 1703 808 vehundi,
1729 780 1743 800 a
1769 774 1865 812 endi,

992 801 1088 831 eundi
1108 809 1202 840 atque
1218 803 1408 837 ambulandi.
1446 807 1506 838 Alii
1525 809 1713 850 observant,
1741 812 1869 844 Floren-

993 842 1043 871 tiae
1062 841 1206 873 exhiberi
1223 843 1433 885 a'satirellio,
1458 849 1540 880 Nam
1553 850 1589 885 ἑὸ)
1606 851 1812 887 τίενξῇῡαὲῗῑινη
1830 854 1868 890 &³

981 881 1016 922 se
1031 883 1084 913 via
1095 884 1229 915 continet.
1255 884 1298 916 Et
1316 888 1447 926 perinde
1457 891 1675 931 accipiendam
1693 895 1868 929 lectionem

990 932 1121 964 putant,
1145 925 1217 956 acii
1233 927 1355 959 diceret
1373 928 1528 969 Ulpianus
1540 956 1548 971 ‚
1574 935 1632 965 viae
1650 937 1867 976 appellatione

990 974 1055 996 non
1080 964 1179 997 solum
1205 970 1436 1009 comprehendi
1464 975 1552 1012 quod
1577 976 1605 1006 ei
1630 976 1666 1008 fit
1692 987 1866 1011 commune

989 1015 1060 1037 cum
1088 1007 1201 1039 itinere
1223 1009 1252 1040 &
1277 1010 1369 1049 actu3
1392 1012 1444 1044 sed
1461 1016 1556 1047 etiam
1575 1020 1662 1057 quod
1679 1019 1708 1050 ei
1726 1020 1866 1052 maxime

988 1050 1152 1088 proprium
1180 1048 1234 1088 fit,
1258 1051 1290 1083 id
1314 1052 1375 1091 est,
1401 1054 1593 1089 vehiculum.
1640 1059 1764 1092 Interea
1787 1071 1865 1094 con·

988 1088 1070 1120 stans
1089 1089 1133 1121 est
1149 1098 1339 1125 caetcrorum
1359 1094 1517 1129 Codicum
1535 1099 1646 1131 lectio:
1663 1101 1726 1134 Via
1742 1101 1863 1145 est,jus
1880 1133 1883 1138 ,

988 1131 1126 1165 eundi&
1144 1134 1266 1172 agendi,
1290 1134 1326 1168 ἐξ
1343 1138 1516 1169 ambulandi.
1545 1150 1613 1173 nam
1635 1142 1672 1176 &²
1695 1144 1749 1174 iter
1769 1145 1805 1179 ὅ)
1829 1156 1862 1176 α-

988 1171 1065 1202 Cium
1080 1174 1131 1203 via
1147 1175 1178 1203 z'n
1190 1176 1219 1211 le
1236 1178 1370 1208 continet.
1395 1178 1501 1216 Atque
1517 1180 1599 1213 hanc
1616 1183 1787 1217 lectionem
1804 1187 1862 1218 eti·

986 1222 1035 1244 am
1056 1212 1161 1245 Graeci
1181 1217 1319 1248 retinent
1336 1218 1367 1250 in
1386 1219 1500 1255 Bcclilz'c.
1518 1222 1564 1253 lib.
1579 1229 1628 1263 58.
1640 1227 1684 1257 cic.
1704 1237 1730 1266 ⁹3.
1749 1233 1814 1259 tom.
1827 1233 1859 1260 6.

980 1261 1052 1296 pag.
1070 1260 1141 1294 769.
1166 1265 1227 1287 nec
1245 1259 1317 1290 inde
1335 1260 1487 1293 abhorret
1507 1263 1615 1296 Celsus
1631 1266 1649 1296 l.
1664 1261 1742 1310 6.'§.
1764 1278 1789 1300 1.
1810 1271 1861 1301 D.

986 1295 1158 1340 Quenzacim.
1179 1302 1259 1337 serv.
1282 1303 1378 1334 airzitt.
1407 1303 1435 1334 6<
1462 1304 1480 1334 l.
1496 1313 1524 1340 9.
1543 1306 1589 1336 D.
1607 1307 1861 1345 (leservztutz'bus.·

987 1338 1092 1369 verbis
1103 1362 1112 1377 ,
1128 1340 1169 1369 ire
1183 1349 1282 1381 ogere,
1298 1350 1437 1383 utroque
1452 1345 1482 1376 in
1500 1346 1575 1377 loco
1592 1357 1723 1381 omnem
1736 1351 1793 1381 viae
1803 1360 1862 1392 po-

986 1378 1130 1411 testatem
1149 1382 1340 1415 deicribens.
1363 1384 1490 1418 Eodem
1508 1387 1595 1419 sensu
1612 1389 1726 1422 Paulus
1740 1391 1796 1424 l.2.
1814 1392 1860 1424 D.

986 1419 1157 1465 Quemadm.
1172 1424 1273 1461 servit.
1292 1428 1385 1458 anzitt.
1402 1427 1484 1470 Qui,
1500 1428 1621 1470 inquit,
1639 1433 1691 1463 iter
1707 1432 1744 1467 ὅ)
1761 1434 1860 1465 atium

984 1463 1083 1493 habet.-
1107 1472 1182 1503 pro,
1201 1465 1253 1504 qui
1272 1467 1355 1498 viam
1372 1468 1479 1501 habet.
1502 1469 1546 1502 Et
1564 1472 1593 1503 in
1613 1473 1631 1504 l.
1651 1482 1679 1508 9.
1698 1473 1740 1505 D.
1757 1476 1861 1516 Siser·

985 1505 1038 1534 vir.
1056 1505 1165 1535 vindic.
1183 1505 1216 1536 Si
1230 1516 1259 1536 eo
1277 1507 1333 1538 loco
1347 1515 1400 1550 per
1415 1520 1498 1552 quern
1512 1512 1583 1543 mihi
1597 1514 1652 1544 iter
1668 1516 1801 1555 debetur,
1824 1523 1860 1549 tu

985 1544 1189 1584 aecizficaverz's.
1208 1547 1318 1588 poffzmz
1335 1551 1478 1583 intendere
1489 1576 1498 1591 ,
1510 1553 1565 1593 jus
1581 1556 1652 1585 mibi
1669 1555 1720 1596 effe
1736 1559 1777 1587 ire
1792 1567 1860 1600 age-

984 1595 1024 1616 re.
1048 1586 1159 1618 Paulus
1176 1590 1230 1619 iter
1240 1590 1335 1630 dicit3
1354 1591 1405 1624 sed
1416 1594 1551 1634 scripsit,
1568 1595 1759 1637 Sieolocoper
1775 1609 1859 1640 quem

984 1628 1056 1657 mihi
1072 1629 1127 1659 iter
1142 1628 1224 1660 atius
1241 1633 1374 1665 debetur.-
1391 1643 1461 1667 nam
1481 1636 1520 1667 de
1539 1636 1588 1667 via
1604 1638 1632 1668 ei
1650 1637 1751 1670 sermo
1764 1640 1808 1671 est
1825 1641 1860 1672 in

985 1668 1187 1709 sequentibus
1212 1673 1415 1715 manifestus;
1440 1677 1469 1708 &
1493 1678 1533 1709 de
1557 1687 1592 1709 ea
1612 1688 1667 1719 par
1683 1681 1859 1721 expreffio:

986 1719 1045 1741 nec
1061 1711 1119 1742 alia
1137 1713 1166 1743 in
1195 1713 1252 1744 hac
1276 1714 1488 1757 Inscriptione
1507 1728 1547 1751 ex
1566 1718 1713 1762 Corpore
1727 1722 1755 1762 J.
1775 1721 1861 1755 Gru-

985 1752 1045 1784 teri
1064 1752 1102 1785 V.
1120 1753 1179 1786 CL.
1192 1761 1262 1797 pag.
1283 1766 1351 1789 201.
1371 1759 1461 1798 Infcr.
1479 1770 1508 1802 3.

1281 1799 1304 1830 Ρ
1315 1799 1340 1829 Ε
1351 1799 1387 1832 R.
1412 1801 1444 1833 H
1456 1803 1480 1832 A
1492 1801 1523 1834 N
1534 1802 1561 1835 C

1180 1868 1183 1871 ,
1234 1838 1265 1871 V
1277 1840 1288 1871 1
1299 1840 1325 1872 A
1339 1841 1384 1873 M.
1409 1842 1432 1873 F
1447 1842 1476 1874 U
1487 1843 1519 1875 N

1229 1880 1278 1954 ..00

1249 1963 1263 1994 1
1274 1963 1306 1996 T
1318 1964 1343 1996 E
1354 1966 1389 1998 R.
1424 1969 1448 1999 A

1286 2005 1319 2037 D
1330 2007 1356 2038 E
1370 2008 1390 2039 Β
1404 2008 1427 2039 Ε
1437 2009 1468 2040 T
1479 2009 1508 2041 U
1519 2010 1545 2041 R

982 2042 1154 2076 Volvimur
1177 2046 1261 2078 circa
1288 2048 1508 2083 definitionem
1531 2052 1675 2093 Ulpiani:
1697 2053 1857 2093 &ipsein

976 2086 1011 2116 d.
1028 2086 1047 2116 l.
1066 2095 1111 2127 13.
1129 2087 1158 2128 ᾗ.
1180 2097 1203 2119 1.
1220 2089 1263 2119 D.
1279 2091 1312 2120 de
1326 2093 1486 2132 acceptum.
1506 2093 1555 2131 Si,
1575 2095 1696 2134 inquit,
1713 2097 1767 2126 iter
1780 2095 1860 2130 &a-

983 2126 1046 2157 stus
1060 2136 1171 2168 accepto
1182 2130 1276 2166 fuerit
1293 2131 1388 2163 latus:
1408 2135 1576 2176 consequens
1591 2137 1644 2167 erit
1660 2138 1769 2174 dicere,
1794 2137 1860 2167 libe-2

983 2174 1083 2200 ratum
1105 2179 1168 2200 eum
1192 2173 1244 2211 qui
1267 2174 1347 2204 <viam
1365 2175 1504 2214 promzstc.
1538 2175 1693 2217 Ulpianus
1718 2179 1858 2217 indicat,

985 2210 1058 2248 quia
1074 2212 1123 2240 via
1140 2212 1312 2244 conficitur
1329 2225 1369 2246 ex
1388 2218 1532 2257 duobus,
1555 2219 1587 2249 id
1606 2218 1669 2256 est,
1686 2229 1726 2250 ex
1744 2219 1860 2250 itinere

985 2251 1015 2282 ἃ
1031 2251 1116 2282 actu:
1133 2253 1206 2284 ideo
1225 2256 1370 2293 promiss'a
1387 2257 1455 2297 via,
1470 2259 1711 2299 promissorem,
1727 2260 1748 2291 fi
1765 2261 1792 2290 ei
1809 2269 1859 2291 ac-

985 2300 1083 2332 cepto
1100 2292 1220 2325 feratur
1236 2297 1296 2328 iter
1313 2298 1342 2329 &
1358 2300 1463 2338 actus,
1487 2310 1504 2332 a
1525 2301 1580 2332 viae
1599 2301 1804 2340 promiffione
1821 2302 1857 2333 li-

986 2333 1097 2365 berari.
1136 2335 1218 2367 Haec
1236 2347 1306 2377 me,
1330 2349 1371 2370 ne
1390 2341 1484 2373 ausim
1501 2351 1517 2372 a
1536 2350 1664 2381 recepta
1681 2341 1768 2372 abire
1786 2342 1859 2374 scr-i-

985 2383 1094 2415 ptura,
1118 2377 1255 2410 retinent
1270 2379 1363 2411 solius
1373 2382 1529 2414 curiosum
1542 2383 1654 2414 sensus.
1676 2383 1857 2416 hucautem

981 2417 1080 2448 redit:
1100 2420 1185 2458 quod
1204 2421 1253 2451 via
1270 2422 1300 2452 in
1313 2421 1343 2452 se
1358 2424 1607 2464 comprehendit
1626 2427 1750 2462 omnia,
1765 2426 1857 2456 itine‘

979 2459 1004 2488 ri
1021 2466 1116 2498 atque
1134 2460 1214 2492 actui
1234 2463 1458 2501 qualicumque
1476 2466 1598 2496 ratione
1616 2467 1856 2499 convenientia.

979 2499 1021 2529 ita
1041 2499 1138 2531 fuerit
1150 2503 1206 2532 viae
1223 2503 1251 2534 &
1269 2504 1353 2536 aetus
1370 2505 1569 2539 differentia:
1586 2508 1673 2547 quod
1686 2506 1732 2538 via
1746 2517 1855 2549 neque

979 2539 1042 2571 fine
1060 2543 1230 2581 vehiculo,
1255 2544 1316 2576 esse
1335 2547 1449 2586 potest.
1475 2555 1506 2578 at
1530 2548 1610 2579 actui
1639 2548 1702 2580 fine
1718 2549 1853 2588 itinere,

979 2583 1072 2613 etiarn
1086 2582 1150 2614 fine
1169 2585 1337 2624 vehiculo,
1362 2587 1423 2618 ess'e
1440 2588 1525 2620 licet.
1549 2590 1642 2627 iliud,
1667 2592 1740 2629 quia
1758 2592 1783 2621 is
1798 2592 1853 2631 qui

980 2622 1022 2658 it,
1040 2633 1104 2654 non
1117 2627 1226 2665 utique
1243 2627 1324 2667 agit:
1344 2628 1426 2666 hoc,
1443 2631 1700 2671 quiajumentum
1719 2634 1852 2671 ducenS,

980 2673 1045 2694 non
1070 2666 1171 2696 minus
1197 2668 1278 2708 agit,
1303 2677 1395 2708 quam
1421 2680 1516 2712 agens
1534 2673 1729 2705 vehiculum.
1753 2683 1852 2714 porro

979 2705 1064 2736 aetus
1083 2706 1229 2738 definitio
1239 2709 1339 2740 altero
1356 2720 1509 2743 contenta
1525 2713 1568 2744 est
1579 2714 1646 2745 actu
1663 2722 1717 2746 aut
1729 2715 1853 2755 jumen-

981 2748 1004 2776 ti
1023 2756 1076 2777 aut
1093 2748 1249 2780 vehiculi:
1272 2751 1322 2781 via
1341 2751 1505 2785 indefinite
1521 2755 1637 2786 dicitur
1651 2756 1698 2796 jus
1717 2756 1850 2796 agendi:

981 2788 1061 2818 adeo
1080 2798 1143 2819 non
1164 2789 1221 2820 ssat
1237 2791 1316 2822 intra
1332 2794 1463 2832 jumenti
1482 2796 1602 2827 aftum:
1626 2799 1701 2836 quin
1719 2804 1850 2827 omnem

982 2830 1095 2869 agendi
1107 2829 1288 2863 facultatem
1304 2835 1399 2867 etiam
1412 2837 1548 2868 vehiculi
1567 2837 1720 2869 desiderat
1733 2837 1789 2874 l.4.
1801 2837 1848 2867 D.

981 2872 1014 2899 cie
1039 2871 1236 2904 servitutibus.
1262 2876 1393 2916 amplius
1417 2878 1557 2909 admittit
1576 2880 1624 2919 jus
1648 2879 1791 2908 trahendi
1810 2878 1849 2908 ti-

980 2920 1075 2950 gnum
1094 2912 1123 2942 ἃ
1141 2913 1285 2953 lapidem.
1308 2919 1410 2954 addo,
1434 2928 1506 2952 cum
1525 2921 1566 2957 it,
1588 2921 1635 2959 jus
1655 2919 1777 2949 ferendi
1796 2918 1850 2949 ha·

979 2951 1056 2982 stam
1072 2953 1206 2993 rectam,
1222 2959 1321 2988 modo
1338 2958 1458 2992 fructus
1474 2971 1537 2992 non
1557 2961 1647 2991 laedat
1662 2960 1717 2998 l.7.
1734 2960 1776 2991 l).
1790 2959 1847 2992 lm.

981 3002 1016 3022 ea
1035 3003 1111 3024 vero
1127 3004 1198 3026 cum
1211 3007 1314 3038 neque
1332 3002 1362 3031 in
1380 3002 1511 3036 itinere.
1529 3010 1632 3039 neque
1648 3000 1677 3030 in
1697 3000 1767 3031 οδω
1779 3024 1787 3037 ,
1804 3003 1850 3032 in-

980 3033 1057 3066 fint:
1081 3037 1206 3079 tandem
1233 3040 1351 3080 liquet,
1376 3043 1456 3073 viam
1482 3042 1648 3073 abitinere
1667 3041 1696 3072 δι
1716 3042 1785 3072 ac'tu
1804 3041 1849 3073 se·-

980 3078 1097 3114 parari:
1122 3087 1181 3109 nec
1197 3089 1237 3111 eo
1253 3085 1354 3115 minus
1371 3085 1495 3121 verbis,
1517 3085 1558 3112 ire
1575 3083 1602 3112 <St
1620 3092 1718 3120 agere,
1745 3082 1848 3116 absol.

979 3116 1027 3147 vi:
1049 3119 1122 3149 dum
1142 3129 1178 3151 ea
1196 3122 1226 3152 in
1243 3125 1294 3154 via
1318 3125 1467 3161 liberam,
1492 3125 1617 3163 plenam
1633 3147 1642 3161 ‚
1666 3132 1762 3163 atque
1780 3135 1848 3156 om-

979 3158 1137 3191 nimodam
1166 3163 1328 3195 inveniant
1352 3166 1445 3195 eundi
1465 3165 1492 3194 ἃ
1510 3166 1621 3204 agendi
1639 3165 1846 3207 facultatem,

979 3208 1069 3239 quam
1087 3212 1149 3234 vrm
1169 3203 1199 3235 in
1219 3206 1332 3236 itinere
1348 3208 1375 3235 ὅ(
1388 3206 1457 3236 actu
1475 3215 1539 3235 non
1560 3206 1690 3237 hahent.
1714 3207 1791 3238 Mea
1811 3218 1847 3238 0-

973 3242 1107 3282 pinione
1132 3247 1214 3284 apud
1238 3246 1408 3287 Ulpianum
1428 3246 1490 3277 huc
1505 3255 1584 3278 eunt
1599 3248 1760 3289 sequentia
1777 3259 1847 3280 ver-

1087 3281 1119 3314 Y
1788 3292 1844 3322 ba:
