2036 3495
485 85 557 120 Dis
594 84 791 120 PAcT1s
834 95 895 118 ET
938 85 1488 119 TitANsACTIOanUS.

85 177 115 208 o':
138 176 211 208 ideo
236 175 499 217 interpretatione
522 175 617 206 bonae
633 172 707 204 fidei
725 174 854 205 minime
871 175 956 214 adju-

85 219 234 250 vandum.
274 217 325 249 Sic
344 217 531 259 Papinianus
549 217 629 247 libro
649 225 696 246 10.
734 214 956 257 Quaessionum

84 269 125 290 ex
145 269 209 300 quo
226 259 271 291 est
288 261 315 290 cl.
327 260 346 290 l.
358 269 385 299 7.
404 259 455 289 sed
471 258 588 289 deinde
603 258 686 289 libro
697 265 814 288 xxvti.
832 267 873 288 ex
890 267 955 298 quo

84 300 129 331 est
145 301 163 331 l.
181 306 211 332 6.
232 301 273 333 D.
291 301 428 340 deservis
443 300 646 340 exportandis,
666 297 785 329 transsit
799 299 829 329 in
847 299 954 330 Sabini

82 342 293 381 sententiam,
316 351 332 373 a
358 342 464 382 priore
487 339 658 371 diversam:
682 348 746 371 non
771 341 859 380 quod
883 350 955 372 eum

81 386 257 423 poeniteret
273 383 403 415 rationis
418 384 479 423 piae
495 382 524 412 δε
541 382 702 413 humanae:
718 380 770 412 sed
786 382 874 422 quod
890 382 956 413 sen-

84 426 179 464 tiret,
206 426 235 456 se
255 425 316 457 effe
334 424 451 465 lapsum
469 432 576 454 errore
591 423 678 454 fatti.
701 430 776 454 ante
794 424 878 454 enim
897 432 952 464 pu-

82 468 191 505 tabat,
215 476 278 498 non
296 466 386 497 aliter
403 465 450 505 agi
466 474 506 495 ex
523 464 675 503 vendito,
692 473 786 504 quam
803 464 824 496 fi
844 465 953 496 vendi-

82 509 161 539 toris
178 507 339 539 interesset
358 506 498 547 pecunia:
517 506 661 538 ratione:
680 507 798 543 veluti,
815 507 888 546 quia
907 508 954 547 ip-

79 547 111 579 se
129 558 258 589 poenam
274 550 322 580 alii
341 546 536 588 promisisset.
567 557 631 579 non
651 555 758 579 autem
777 548 953 579 convenire

80 592 152 621 viro
177 591 284 629 bono,
308 590 457 628 credere,
481 589 661 620 venditoris
681 589 804 620 idcirco
821 590 954 621 interes-

78 630 128 670 se,
154 633 242 672 quoti
266 640 330 662 non
355 630 432 661 effet
450 629 607 662 saevientis
623 631 730 662 animo
748 630 952 662 satisfattum.

78 681 165 704 nunc
180 673 323 704 aSabino
339 671 491 711 edoctus,
509 672 712 704 venditorem
730 672 860 704 minoris
877 683 951 704 ven-

78 713 188 745 didiffe
204 714 325 745 servum
342 722 380 744 ea
397 713 487 754 lege,
506 721 540 744 ut
557 722 646 745 extra
663 714 785 746 ltaliam
801 722 951 754 exporta-

77 764 179 786 retur:
204 756 311 794 videt,
335 755 401 795 eJ'us
426 755 573 786 intercise
591 779 600 793 ‚
625 756 748 787 servum
772 757 952 796 exportari,

78 806 142 828 non
169 798 269 828 modo
294 797 338 828 ob
364 797 554 836 vindictam3
579 796 631 829 sed
656 799 751 829 etiam
768 806 901 838 propter
917 796 951 828 fi-

78 839 150 869 dem
170 838 386 870 aestiinationis
407 837 507 877 servi,
532 839 674 877 idcirco,
692 847 726 870 ut
743 846 952 879 exportetur,

78 880 208 911 minoris
231 880 373 912 venditi:
397 889 533 920 eamque
554 879 796 912 aestimationem
824 879 952 912 efficere

77 930 200 962 partem
218 923 332 962 pretii,
356 921 385 952 <St
404 921 530 952 afflone
546 931 588 953 ex
604 922 739 953 vendito
755 921 840 953 recte
859 922 937 961 peti.

118 963 226 1004 AEque
250 963 393 994 notabile
421 963 466 994 est
490 962 624 1003 sequens
655 963 743 996 Pauli
767 963 952 1003 exemplum

76 1004 96 1035 l.
118 1013 164 1036 11.
184 1004 226 1035 D.
243 1006 276 1035 de
294 1003 439 1045 religiosis.
471 1005 567 1036 verba
592 1004 694 1036 Pauli.
737 1004 862 1050 Quodfi
877 1005 953 1035 locus

77 1048 254 1077 monumenti
269 1047 322 1077 hac
338 1047 396 1087 lege
417 1047 562 1085 venierit,
586 1045 639 1077 Ne
658 1047 689 1078 in
706 1056 780 1078 eum
798 1045 952 1077 inferren-

79 1096 128 1118 tur
140 1112 147 1123 ,
166 1097 246 1128 quos
259 1088 307 1127 jus
323 1088 367 1119 est
384 1087 493 1119 inferri
505 1099 513 1119 :
524 1087 642 1128 pastum
656 1089 769 1129 quidem
784 1088 822 1118 ad
836 1088 953 1118 hocnon

68 1128 204 1170 sufficit,
219 1131 271 1169 sed
280 1128 470 1170 stipulatione
485 1130 515 1160 id
531 1130 631 1160 caveri
646 1135 761 1170 oportet.
794 1127 953 1160 Venditus

77 1171 272 1211 proponitur
288 1172 378 1202 iocus
395 1171 616 1202 monumenti:
641 1170 672 1201 id
691 1171 754 1208 est,
771 1169 862 1201 fundi
880 1179 953 1210 por-

79 1212 125 1242 tio
151 1213 182 1243 in
210 1221 272 1252 qua
299 1219 366 1243 erat
391 1220 635 1243 monumentum
656 1210 720 1242 five
738 1211 951 1250 sepulchrum.

77 1254 228 1285 venditus
246 1260 352 1284 autem
371 1253 416 1284 est
430 1253 454 1284 is
472 1253 580 1285 locus:
606 1262 643 1284 ea
659 1253 748 1293 lege,
772 1251 825 1284 Ne
842 1252 951 1283 vendi-

78 1302 129 1325 tor
153 1294 270 1325 inferat
294 1303 374 1334 quos
395 1294 443 1335 J'us
460 1293 497 1326 fit
513 1293 635 1326 inferri.
665 1296 709 1325 ait
728 1293 862 1332 Paulus,
886 1303 952 1325 non

77 1335 221 1367 sufficere
236 1337 297 1367 tale
316 1335 441 1376 pastum
452 1358 462 1374 ,
485 1343 520 1366 ut
535 1336 674 1376 emptori
690 1336 790 1376 pariat
805 1336 905 1375 empti
924 1344 952 1365 a·

77 1377 234 1415 ctionem,
260 1377 429 1408 venditore
446 1385 609 1408 mortuum
627 1376 787 1408 inferente
803 1376 952 1408 adversus

74 1419 180 1459 legem
197 1419 400 1450 venditionis.
424 1428 494 1450 nam
513 1419 657 1458 pecuniae
674 1419 819 1458 ratione,
835 1427 901 1459 quo
920 1428 952 1449 u-

76 1461 149 1492 nice
161 1460 264 1491 tendit
279 1470 318 1491 ex
335 1468 448 1500 empto
463 1460 547 1491 actio
559 1484 568 1499 ‚
585 1470 650 1492 non
664 1460 812 1491 interesse
827 1468 952 1500 empto-

78 1502 141 1540 ris,
165 1503 196 1533 id
215 1501 303 1532 fieri:
329 1510 443 1533 contra
463 1502 527 1532 hoc
546 1503 646 1543 magis
672 1501 812 1543 spectare
827 1502 866 1533 ad
883 1511 951 1541 poe-

74 1552 147 1574 nam
163 1552 232 1583 quae
248 1542 282 1574 sit
298 1551 387 1574 extra
402 1543 584 1575 conti-astus
601 1544 758 1575 formam:
774 1543 952 1585 igiturpos-

77 1584 109 1615 se
128 1585 190 1615 hoc
205 1585 371 1616 conveniri
389 1583 594 1625 stipulatione
614 1594 737 1625 poenae,
754 1585 786 1615 in
805 1593 866 1625 qua
886 1595 951 1616 non

75 1625 257 1667 inspicitur,
273 1627 381 1666 quanti
397 1625 589 1666 stipulatoris
606 1627 745 1666 intersit,
762 1625 815 1658 sed
831 1635 902 1668 quae
916 1626 954 1659 fit

77 1668 234 1708 quantitas
251 1667 455 1708 stipulatione
471 1667 713 1708 comprehensa.

117 1708 269 1749 Ejusdem
287 1709 413 1750 generis
429 1708 475 1740 est
491 1709 554 1740 hoc
571 1709 771 1750 Poinponiil.
779 1716 844 1750 pen.
857 1708 901 1740 D.
919 1710 953 1740 de

72 1749 179 1792 pastis.
204 1749 298 1782 Nemo
310 1750 477 1791 paciscendo
495 1749 603 1791 efficere
614 1749 722 1792 potest,
740 1761 775 1783 ne
786 1750 843 1789 fibi
858 1751 952 1783 locum

69 1793 164 1832 suum
181 1792 310 1822 dedicare
327 1791 431 1823 liceat.-
451 1801 504 1823 aut
521 1802 556 1823 ae
563 1791 620 1830 fibi
636 1794 667 1823 z'rz
682 1793 861 1833 suostpelire
876 1803 950 1824 mor-

78 1839 162 1864 tuum
186 1833 286 1864 liceat.-
308 1838 361 1864 aut
386 1842 422 1865 ne
443 1834 538 1865 vitino
561 1834 655 1865 invito
675 1836 815 1874 praedium
837 1835 951 1867 alienet.

79 1873 157 1916 Quo
191 1875 314 1914 planior
347 1873 401 1906 fiat
432 1875 523 1907 locus
553 1874 661 1915 asper:
683 1883 758 1908 ante
788 1877 951 1914 monebo,

78 1916 167 1957 quod
192 1916 217 1947 is
240 1916 381 1956 pertinet
409 1916 449 1948 ad
474 1918 638 1949 materiam
665 1918 706 1948 de
730 1919 897 1958 emptione
920 1918 950 1949 ὅ(

77 1957 290 1989 venditione:
312 1957 368 1988 sub
392 1966 455 1998 qua
478 1959 573 1990 etiam
600 1959 714 1990 melius
738 1959 845 1991 fuisset
869 1958 950 2000 posi-

78 2007 145 2030 tus:
162 2001 290 2040 quando
310 1998 355 2031 est
367 2009 407 2031 ex
427 1999 598 2040 Pomponii
615 2001 661 2031 lib.
678 2010 707 2037 9·
724 2000 775 2032 Ad
790 2002 952 2032 Sabinum:

77 2050 118 2072 ex
147 2050 211 2081 quo
230 2040 299 2072 sunt
322 2041 342 2071 l.
357 2050 387 2079 4.
404 2044 435 2072 6.
453 2045 482 2075 8.
502 2051 547 2082 13.
571 2045 617 2073 16.
640 2046 686 2076 18.
705 2052 753 2074 20.
771 2041 816 2074 D.
839 2043 872 2073 tle
885 2052 950 2073 con-

76 2082 218 2114 trahenda
240 2084 399 2122 emptione,
422 2083 500 2114 item
528 2084 547 2114 l.
567 2092 593 2114 1.
614 2083 655 2114 D.
680 2085 714 2114 de
733 2084 889 2115 hereditate
904 2082 951 2114 vel

76 2123 184 2155 afflone
198 2125 339 2162 vendita,
363 2123 400 2158 ὅ)
419 2124 437 2156 l.
452 2134 483 2164 5.
503 2123 545 2156 D.
568 2126 602 2155 de
619 2125 748 2165 periculo
772 2124 809 2159 ὃ)
830 2135 949 2156 commo-

75 2166 108 2196 do
134 2167 174 2196 rei
197 2167 340 2197 venditae:
361 2175 473 2197 omnes
498 2175 648 2207 peraeque
673 2167 713 2198 de
736 2169 902 2207 emptione
919 2167 949 2198 &

77 2206 264 2237 venditione
280 2207 461 2247 loquentes.
485 2207 522 2239 fit
539 2208 634 2249 igitur
650 2208 719 2240 talis
734 2207 865 2249 species.
896 2208 949 2239 ali·

77 2249 145 2288 quis
160 2247 294 2279 fundum
310 2247 395 2280 suum
409 2249 571 2280 vendidit:
589 2250 647 2280 hac
661 2250 751 2291 lege,
767 2259 807 2281 nc
823 2257 951 2291 emptor

78 2298 150 2320 eum
179 2289 361 2328 dedicaret3
384 2299 468 2321 neve
492 2291 522 2322 in
541 2299 582 2321 eo
600 2298 763 2322 mortuum
781 2291 951 2332 sepeliret;

77 2339 130 2361 aut
149 2340 189 2361 ne
206 2331 308 2361 invito
327 2331 436 2362 vicino
455 2333 607 2371 praedium
626 2333 788 2364 alienaret.
819 2339 948 2373 emptor

75 2370 155 2402 facit
172 2371 319 2403 adversus
334 2371 431 2404 fidem
447 2373 541 2413 pasti.
558 2383 597 2405 an
614 2374 772 2405 venditori
788 2374 949 2414 competit

75 2413 197 2444 venditi
224 2412 318 2445 ustio.
351 2414 482 2455 quaestio
506 2415 536 2445 in
556 2424 596 2446 eo
613 2416 765 2446 vertitur:
790 2417 877 2456 quod
896 2425 948 2456 pa-

77 2453 180 2493 ctum,
194 2455 225 2485 in
242 2456 421 2486 continenti
438 2456 593 2496 adjectum
610 2457 786 2490 contractui
803 2459 895 2489 bonae
915 2457 948 2489 fi-

81 2494 148 2531 dei,
172 2496 199 2526 ei
222 2495 310 2527 inest.
339 2504 434 2538 negat
450 2505 554 2529 tamen
572 2498 792 2540 Pomponius,
816 2500 878 2530 tale
897 2508 949 2538 pa-

82 2533 162 2581 &um
187 2536 313 2568 efficere
336 2540 423 2578 quod
451 2539 586 2571 intendit
612 2541 788 2572 venditor:
812 2550 947 2581 nempe,

83 2581 153 2612 quia
175 2577 305 2623 domino
328 2580 450 2612 invidet
475 2581 655 2613 libertatern
679 2592 713 2614 re
740 2581 790 2613 sua
816 2582 947 2620 utendi,

83 2623 177 2661 prout
201 2627 230 2663 ei
253 2619 402 2659 videtur;
433 2621 488 2653 etsi
510 2624 687 2654 venditoris
713 2624 791 2655 nihil
815 2623 946 2654 interfit.

82 2665 147 2687 non
170 2665 262 2704 igitur
281 2662 425 2704 oportuit
449 2662 512 2694 hoc
535 2663 619 2695 effici
645 2665 740 2705 paeto
756 2665 851 2696 bonae
871 2664 947 2696 fidei

82 2698 257 2742 contractui
281 2703 506 2746 incontinenti
524 2705 665 2745 adjecto:
690 2706 742 2737 sed
762 2707 879 2747 poeuali
895 2705 946 2736 sti-

81 2739 255 2784 ΡῡῙῑὲῑΙΟΠθ-
286 2741 338 2771 Sic
354 2742 551 2789 Pomponius
568 2756 607 2777 ex
625 2747 788 2787 disciplina
805 2747 848 2778 sui
867 2756 946 2778 tem-

81 2787 178 2827 P0¹'¹·S·
197 2788 295 2826 ‚quam
313 2790 445 2814 mutavrt
464 2784 540 2826 lmp.
553 2787 742 2826 Justinianus
758 2790 777 2820 l.
796 2789 851 2820 ult.
865 2789 897 2819 C.
915 2789 948 2819 de

75 2819 170 2860 pactis
192 2827 268 2851 mter
289 2828 457 2863 emptorem:
476 2827 588 2865 jubens
607 2852 616 2867 ,
648 2831 743 2861 talem
766 2830 948 2870 pastionem

82 2862 206 2901 valere,
230 2871 269 2894 ex
291 2873 388 2904 eaque
405 2869 522 2900 venditi
538 2868 696 2903 aaronem
713 2872 795 2903 dari:
819 2871 948 2912 duplice

783 2976 950 3010 Capu

1803 95 1873 130 423

1000 173 1136 205 ratione.
1160 174 1247 213 prior
1264 174 1326 212 cst,
1346 173 1434 214 quod
1452 172 1623 211 venditor,
1647 181 1718 205 cum
1737 172 1814 205 esset
1831 174 1876 205 rei

1000 214 1060 245 suae
1087 216 1253 254 dominus,
1277 216 1397 255 absque
1425 224 1461 246 ca
1485 215 1555 256 lege
1582 214 1678 253 eiset,
1699 224 1767 246 rem
1789 216 1874 246 suam

1000 257 1137 296 emptori
1165 266 1228 288 non
1259 256 1439 289 tradidiss'ct.
1473 257 1569 287 altera
1593 256 1674 287 ratio
1697 255 1761 295 est3
1786 258 1874 296 quod

998 307 1126 338 poterat
1143 299 1320 330 venditoris
1339 297 1496 330 interess'e.
1520 298 1596 338 quid
1612 298 1715 337 enirn,
1739 298 1760 330 fi
1778 298 1873 329 idcir-

998 348 1039 370 co
1063 340 1194 372 minoris
1219 340 1390 372 vendidit?
1414 347 1502 372 certe
1525 339 1632 379 placet
1658 339 1723 371 hoc
1748 339 1872 371 Sidonii

998 380 1192 421 Apollinaris
1208 381 1256 413 lib.
1268 392 1295 413 2.
1307 380 1384 422 epifi.
1399 392 1444 419 14.
1470 381 1544 412 Non
1558 382 1652 423 magis
1668 383 1746 412 cordi
1763 380 1801 422 est
1817 386 1871 412 aut

997 423 1142 463 voluptati
1168 433 1236 464 ager
1257 434 1321 454 cui-n
1345 424 1484 454 reditibus
1508 422 1629 463 amplis,
1651 432 1740 464 quam
1755 424 1874 454 vicinus

997 465 1114 505 (equalis
1129 474 1195 495 cum
1210 466 1289 496 bonis
1306 466 1440 496 moribus.
1488 463 1527 497 Et
1553 473 1685 504 apparet
1709 474 1759 496 res
1782 465 1813 495 in
1830 472 1872 495 eo

996 506 1121 546 Apuleji
1139 506 1186 537 lib.
1210 515 1256 538 ix,
1275 506 1470 547 Metamorph.
1502 505 1545 537 At
1557 506 1632 536 enim
1644 505 1744 544 casulae
1754 511 1870 546 parvu-

995 547 1027 577 lae
1043 550 1230 579 conterminos
1247 558 1363 589 magnos
1380 548 1417 582 ὅ)
1433 549 1525 579 beatos
1535 556 1619 588 agros
1631 547 1786 588 poffidebat
1798 548 1871 578 vici-

995 598 1052 619 nus
1062 596 1164 629 potens
1176 588 1212 623 &⁹
1229 591 1307 621 clives
1325 590 1362 624 &³
1373 590 1513 630 juvenis,
1524 588 1561 623 δέ’
1572 590 1712 630 prosapiae
1727 589 1872 630 majorum

991 630 1086 671 gloria
1104 632 1175 662 male
1195 638 1294 670 utens,
1312 631 1476 672 pollensque
1489 629 1688 670 factionibus,
1712 629 1749 665 ὅ)
1763 629 1872 661 euntia

986 672 1080 711 facile
1098 673 1215 712 faciens
1237 674 1268 704 in
1296 673 1433 711 civitate,
1455 670 1549 713 hostili
1569 672 1647 702 modo
1662 672 1757 702 vicini
1776 673 1872 702 tenuis

994 715 1159 753 incursabat
1176 716 1357 755 pauperiem,
1376 721 1470 755 pecua
1486 713 1675 751 trucidando,
1705 714 1787 744 boves
1809 714 1872 744 abi·

990 756 1101 796 gendo,
1117 756 1225 796 fruges
1243 756 1336 787 adhuc
1352 758 1522 787 immaturas
1538 755 1697 785 obterendo.
1740 754 1870 795 Jamque

995 802 1086 827 totum
1096 796 1278 837 frugalitate
1293 798 1472 838 spoliatam,
1495 795 1561 839 ipsis
1577 796 1664 827 etiam
1678 796 1800 837 glebulis
1816 805 1868 826 ex-

995 839 1149 868 terminare
1171 836 1326 878 gestiebam
1343 839 1510 880 finiumque
1531 839 1616 869 inani
1639 843 1776 870 commota
1797 847 1871 879 qztae-

987 877 1099 919 stione,
1123 884 1229 910 terram
1247 886 1335 911 totam
1343 879 1403 916 fibi
1420 881 1600 911 vindicabat.

1036 920 1197 952 Caeterum
1223 920 1301 951 ficut
1317 930 1412 961 poena
1429 921 1576 962 promiffa
1593 928 1710 962 praeter
1726 930 1794 952 rem
1811 920 1871 952 bo-

996 970 1044 993 nae
1064 961 1139 993 fidei
1157 962 1325 993 contractu
1349 962 1510 1002 debitam,
1534 963 1669 994 habetur
1686 970 1775 994 extra
1792 971 1871 993 con·

996 1003 1112 1035 tractus
1129 1002 1340 1044 potestatem,
1364 1003 1420 1035 etfi
1444 1004 1591 1043 promiss'a
1607 1004 1702 1045 pacto
1718 1005 1750 1036 in
1768 1003 1874 1036 conti-

996 1046 1083 1076 nenti
1108 1044 1254 1085 adject03
1278 1054 1339 1076 nec
1362 1045 1467 1084 potest
1490 1046 1576 1085 peti,
1601 1045 1656 1077 nili
1681 1045 1807 1078 actione
1830 1054 1872 1077 ex

995 1085 1142 1126 stipulatu
1155 1109 1164 1125 ,
1188 1085 1207 1117 fi
1231 1086 1262 1117 in
1288 1085 1525 1127 stipulationem
1542 1086 1578 1118 sit
1594 1088 1748 1120 deducta:
1772 1088 1815 1119 ita
1831 1096 1874 1119 ne

995 1127 1085 1158 usura
1102 1128 1231 1167 quidem
1248 1128 1325 1159 olim
1341 1128 1435 1168 patto
1456 1130 1601 1168 promitti
1622 1130 1729 1170 potuit
1746 1129 1777 1160 in
1795 1139 1875 1160 con-

996 1169 1096 1200 tractu
1113 1169 1207 1200 bonae
1223 1168 1318 1208 fidei,
1329 1177 1363 1200 ut
1379 1172 1517 1201 maxime
1534 1170 1563 1201 ei
1577 1170 1608 1201 in
1624 1171 1806 1202 continenti
1822 1171 1874 1202 ad-

992 1211 1161 1250 jiceretur:
1185 1209 1347 1242 resistente
1366 1211 1432 1251 ejus
1451 1209 1575 1242 foi-maz
1600 1212 1674 1251 quia
1689 1221 1755 1243 non
1773 1212 1873 1253 magis

996 1250 1105 1291 usura,
1130 1261 1224 1292 quam
1241 1261 1356 1293 poena,
1381 1251 1518 1284 nascitur
1536 1262 1576 1284 ex
1590 1253 1737 1291 pecuniae
1754 1261 1874 1293 corpo-

994 1303 1047 1332 re,
1070 1294 1208 1334 ideoque
1225 1303 1290 1325 non
1307 1293 1353 1326 est
1371 1293 1401 1325 in
1419 1294 1564 1334 pecuniae
1582 1293 1686 1325 fructu
1702 1293 1722 1326 l.
1742 1303 1809 1325 121.
1829 1293 1875 1326 D.

994 1336 1028 1366 de
1039 1336 1191 1366 verborum
1199 1333 1432 1377 fignificatlone,
1449 1345 1510 1367 nec
1524 1336 1609 1367 circa
1625 1344 1695 1366 eam
1712 1334 1876 1375 confistit‚

995 1377 1059 1408 five
1084 1377 1124 1408 de
1147 1377 1333 1417 intercepto
1352 1377 1462 1416 lucro,
1487 1376 1551 1409 five
1567 1377 1608 1409 de
1625 1377 1715 1409 illato
1734 1377 1875 1416 damno,

994 1425 1125 1458 agatur,
1141 1417 1247 1450 saltem
1267 1426 1302 1450 ut
1318 1418 1451 1450 sufficiat
1466 1417 1569 1459 Judici
1589 1419 1628 1450 ad
1647 1419 1875 1459 probationem

995 1461 1061 1500 eJ'us
1080 1460 1168 1499 quod
1186 1460 1333 1492 interest:
1350 1460 1390 1491 ad
1406 1460 1492 1500 cujus
1510 1460 1753 1492 aestimationem
1769 1462 1874 1493 omnis

995 1500 1178 1532 contractus
1196 1501 1325 1542 speetat.
1341 1509 1466 1532 tantum
1485 1501 1573 1533 usura
1589 1504 1621 1533 in
1639 1502 1876 1542 stipulationem

995 1542 1149 1582 deducta,
1174 1552 1214 1574 ex
1232 1542 1380 1583 stipulatu
1403 1543 1540 1583 petitur:
1564 1551 1605 1574 eo
1624 1544 1712 1583 quod
1729 1544 1760 1575 in
1777 1543 1875 1584 stipu-

994 1585 1118 1616 latione
1141 1594 1206 1616 non
1231 1585 1411 1625 inspicitur,
1437 1585 1548 1625 quanti
1570 1583 1693 1616 interfit
1707 1584 1874 1625 stipulato-

995 1626 1058 1665 ris,
1083 1625 1136 1658 sed
1159 1635 1229 1667 quae
1254 1625 1292 1657 fit
1317 1625 1476 1667 quantitas
1502 1625 1707 1666 stipulatione
1719 1635 1878 1667 compre-

995 1666 1112 1700 hensa:
1135 1675 1170 1699 ut
1188 1668 1228 1699 de
1246 1677 1361 1708 poena,
1379 1676 1444 1709 quo
1461 1669 1592 1699 nomine
1610 1667 1707 1699 etiam
1725 1667 1813 1700 usura
1830 1668 1877 1700 in-

995 1710 1167 1751 digitatur,
1191 1708 1282 1750 supra
1309 1709 1386 1741 dixi.
1432 1708 1528 1741 Hanc
1552 1709 1670 1750 opinor
1693 1709 1786 1742 fuiffe
1799 1710 1879 1750 Jure

995 1750 1091 1783 Civili
1115 1750 1255 1783 formam
1281 1752 1386 1783 omnis
1412 1751 1615 1789 contractus,
1638 1759 1703 1783 tam
1726 1751 1821 1783 bonae
1839 1751 1881 1783 fi-

995 1793 1066 1831 dei,
1089 1802 1184 1833 quam
1208 1792 1305 1825 stricti
1325 1793 1423 1832 juris,
1448 1802 1550 1834 usque
1566 1794 1605 1825 ad
1622 1791 1666 1825 D.
1685 1793 1795 1827 Pium:
1818 1792 1874 1827 sed

996 1834 1062 1874 ejus
1081 1833 1323 1866 Constitutione
1345 1834 1455 1876 (quod
1478 1836 1598 1875 primus
1617 1833 1804 1875 observavi,
1826 1834 1877 1867 De

987 1876 1102 1915 foenore
1128 1875 1165 1910 {5²
1186 1876 1285 1916 usuris
1310 1876 1358 1907 lib.
1379 1886 1410 1917 3.
1427 1886 1452 1907 c.
1470 1880 1500 1909 6.
1518 1876 1556 1911 δ’
1572 1877 1620 1909 lib.
1642 1885 1668 1908 1.
1689 1886 1714 1908 c.
1734 1877 1788 1918 5.)
1808 1887 1877 1909 me-

994 1917 1182 1949 morabilem
1198 1917 1346 1949 accidiffe
1363 1918 1584 1950 mutationem.
1607 1927 1681 1950 cum
1697 1920 1783 1951 enim
1799 1926 1876 1951 ante

995 1959 1079 1990 circa
1096 1958 1201 1990 usuras
1218 1959 1296 1991 nihil
1316 1960 1437 1991 valeret
1460 1959 1579 1999 Judicis
1598 1959 1760 1999 officium,
1783 1970 1824 1993 ne
1840 1961 1875 1993 in

994 2000 1087 2032 bonae
1103 2001 1232 2041 quidem
1248 1999 1322 2032 fidei
1338 2001 1461 2041 judiciis
1479 2011 1519 2032 ex
1534 2010 1644 2041 mora,
1667 2011 1728 2033 nec
1745 2002 1800 2033 sub
1818 2011 1875 2033 co-

994 2042 1063 2074 lore
1079 2043 1145 2082 ejus
1161 2043 1248 2082 quod
1264 2041 1412 2081 interest,
1428 2051 1488 2073 una
1505 2051 1643 2084 excepta
1659 2042 1814 2075 societate
1831 2054 1873 2077 ex

992 2082 1157 2115 Labeonis
1174 2083 1344 2122 sententia,
1360 2093 1377 2114 a
1397 2083 1581 2124 Pomponio
1599 2084 1777 2124 approbata
1792 2085 1811 2116 l.
1820 2089 1874 2118 60.

992 2125 1037 2156 D.
1055 2126 1113 2157 Pro
1122 2125 1219 2165 fficio‚·
1243 2133 1357 2156 contra
1372 2124 1436 2156 sola
1453 2126 1574 2157 valeret
1594 2125 1773 2167 stipulatio,
1799 2135 1834 2158 ut
1848 2129 1873 2159 i-

994 2167 1066 2198 dem
1085 2167 1184 2198 docet
1208 2166 1407 2207 Pomponius
1425 2168 1452 2198 d.
1470 2167 1489 2198 l.
1512 2176 1586 2200 121:
1610 2168 1728 2200 deinde
1751 2169 1871 2209 placuit

995 2207 1258 2247 Constitutione,
1276 2208 1305 2240 &
1325 2208 1455 2249 quidem
1475 2207 1517 2240 D.
1529 2208 1597 2248 Pii;
1613 2208 1674 2249 (fic
1690 2210 1776 2242 enim
1794 2220 1872 2242 con-

991 2250 1054 2290 Jeci
1072 2251 1100 2280 d.
1118 2250 1166 2280 lib.
1183 2259 1212 2290 3.
1236 2260 1259 2281 c.
1275 2250 1326 2290 6.)
1350 2257 1383 2281 ut
1407 2251 1599 2290 generaliter
1623 2251 1653 2283 in
1682 2252 1776 2283 bonae
1795 2250 1872 2284 fidei

992 2291 1138 2332 Judiciis,
1157 2299 1312 2331 quatenus
1327 2291 1366 2324 ad
1383 2291 1485 2323 usuras
1504 2292 1640 2330 attinet,
1659 2301 1781 2324 tantum
1798 2302 1873 2334 pos·

994 2332 1039 2363 set
1057 2331 1199 2364 officium
1216 2333 1343 2372 arbitri,
1367 2340 1520 2373 quantum
1540 2333 1702 2374 stipulatio
1720 2334 1739 2366 l.
1759 2344 1809 2373 24.
1824 2335 1869 2367 D.

992 2372 1131 2414 Depofiti.
1151 2373 1170 2404 l.
1187 2384 1215 2414 7.
1236 2373 1278 2405 D.
1301 2375 1334 2405 de
1359 2375 1480 2417 negotiis
1497 2372 1597 2416 gestis.
1627 2374 1724 2416 igitur
1747 2376 1803 2408 iilo
1830 2387 1873 2409 ex

994 2423 1161 2455 tempore,
1185 2417 1272 2456 quod
1297 2423 1371 2448 ante
1396 2425 1461 2447 non
1478 2424 1544 2447 erat
1559 2417 1627 2456 jus,
1651 2425 1821 2457 coeperunt
1837 2429 1872 2452 u-

993 2456 1070 2488 sura:
1087 2457 1118 2488 in
1135 2457 1229 2488 bonae
1245 2456 1319 2489 fidei
1331 2457 1477 2497 judiciis,
1501 2458 1646 2497 itemque
1662 2459 1692 2489 in
1710 2458 1822 2501 legatis
1839 2461 1871 2493 δι

992 2498 1262 2537 fideicommiffis,
1287 2499 1392 2530 vicem
1415 2498 1575 2530 fruetuum
1599 2500 1748 2532 obtinere
1771 2501 1791 2533 l.
1816 2512 1870 2543 34.

992 2540 1034 2571 D.
1059 2541 1092 2570 de
1109 2541 1221 2580 usuris,
1239 2541 1268 2571 ἀ
1285 2539 1340 2572 sub
1359 2549 1399 2571 eo
1416 2540 1504 2580 quod
1520 2540 1666 2580 interest,
1684 2542 1716 2573 id
1732 2542 1795 2582 est,
1813 2545 1869 2576 sub

991 2582 1082 2613 lucro
1098 2581 1238 2613 ceffante
1261 2582 1291 2613 «St
1314 2582 1431 2613 damno
1454 2590 1640 2623 emergente
1657 2582 1768 2616 officio
1784 2584 1868 2625 Judi-

991 2626 1036 2654 cis
1053 2623 1306 2664 comprehendi:
1329 2622 1417 2655 fimul
1433 2633 1473 2655 eo
1492 2623 1650 2663 obtinuit,
1668 2633 1703 2656 ut
1719 2625 1818 2658 usurae
1834 2628 1868 2659 in

990 2664 1084 2695 bonae
1104 2663 1179 2696 fidei
1204 2664 1421 2696 contractibus
1439 2674 1530 2705 aeque
1546 2675 1586 2696 ex
1603 2666 1699 2706 pacto
1714 2667 1746 2698 in
1763 2669 1868 2700 conti-

990 2706 1079 2737 nenti
1105 2706 1250 2745 ametro,
1275 2714 1372 2746 atque
1397 2716 1438 2738 ex
1464 2706 1669 2747 stipulatione
1685 2732 1694 2748 ‚
1719 2710 1866 2749 promitti

990 2747 1136 2788 possent,
1154 2756 1220 2778 non
1239 2748 1340 2779 modo
1356 2748 1445 2787 post,
1471 2747 1523 2780 sed
1539 2749 1634 2780 etiam
1652 2759 1726 2781 ante
1743 2760 1865 2782 moram

991 2790 1021 2819 d.
1038 2788 1057 2818 l.
1078 2798 1126 2826 24.
1144 2788 1163 2818 l.
1184 2797 1230 2828 17.
1249 2788 1278 2830 §.
1296 2799 1326 2828 4.
1345 2789 1388 2821 D.
1406 2791 1438 2821 de
1454 2791 1561 2830 usuris.
1584 2799 1615 2822 at
1631 2792 1662 2822 in
1679 2791 1774 2823 stricti
1791 2793 1865 2832 juris

992 2828 1208 2875 contractibus
1219 2838 1328 2861 vetere
1340 2831 1415 2871 juris
1432 2831 1537 2864 forma
1554 2840 1676 2864 tantum
1690 2833 1864 2871 stipulatio·

992 2880 1033 2902 ne
1050 2871 1196 2911 promitti
1211 2871 1358 2912 possent,
1380 2874 1467 2906 nudo
1483 2873 1577 2913 pasto
1593 2884 1659 2907 non
1676 2873 1812 2915 possent.

978 2986 1000 3008 T
1058 2976 1149 3011 XII.

595 3051 645 3085 De
660 3051 760 3095 pallis
777 3051 904 3097 adjet‘lis
920 3051 1122 3087 contratzibus
1134 3052 1239 3100 [ἶνίἑῖἰ
1245 3056 1340 3102 juris.

84 3149 150 3223 Ita
171 3148 200 3179 in
217 3147 309 3194 bonae
327 3148 401 3195 fidei
419 3150 642 3197 contrafflbus.
662 3160 693 3183 at
710 3152 749 3184 de
767 3152 859 3185 stristi
874 3154 949 3194 juris

134 3189 344 3222 contraCtibus
360 3191 425 3223 silet
444 3190 597 3232 Ulpianus
619 3193 638 3226 l.
658 3203 685 3235 7.
704 3193 732 3235 §.
749 3205 779 3235 5.
802 3194 839 3230 δ’
853 3199 884 3227 6.
904 3195 948 3229 D.

991 3154 1136 3196 depaeiis.
1161 3156 1214 3189 sed
1237 3167 1299 3200 ego
1315 3156 1434 3195 didici,
1460 3154 1624 3187 interesse:
1649 3162 1753 3190 utrum
1769 3159 1861 3199 patra

989 3196 1038 3230 his
1062 3198 1096 3231 in
1118 3200 1320 3238 continenti,
1343 3208 1381 3230 an
1405 3206 1445 3229 ex
1468 3197 1637 3230 intervallo
1658 3199 1861 3246 adjiciantur:

1783 3248 1860 3275 item
