2036 3495
481 117 690 156 INDEX
741 111 983 151 RERUM
1033 111 1071 146 <Sc
1122 112 1514 149 VERBORUM.

163 214 278 251 seqqdm
293 209 491 245 teneatiir,qui
507 208 533 235 in
548 207 615 235 lufta
625 226 633 239 ,
648 213 696 239 pu.

160 253 246 289 gilatu
261 250 306 278 vel
321 247 462 284 pancratio
477 245 560 273 alium
581 243 694 271 occidit.
725 251 741 270 e

643 286 694 314 127

123 327 152 355 in
160 328 237 362 Lege
247 322 356 359 Aquilia
371 320 508 357 imperitia
522 318 586 346 artis
596 323 695 354 ,quain

162 364 223 398 quis
240 359 405 397 profitetur,
437 364 484 386 aut
503 356 644 384 infirmitas
668 355 695 382 in

160 408 209 433 re,
229 405 311 433 quam
330 396 461 431 suscepit,
492 394 579 428 culpae
600 392 698 421 adscri-

165 436 249 464 bitur.
498 431 559 459 ibid.
574 430 628 467 seq.
646 438 697 464 1-42

122 475 201 509 Lege
228 471 342 507 Aquilia
369 477 495 505 tenetur,
528 469 576 505 qui
599 469 697 503 iniuria

762 210 830 234 tate.
1138 211 1197 236 141.
1218 202 1293 238 seqq.

763 241 846 276 Legis
866 238 985 277 Aquilia}
1009 239 1093 267 tertio
1115 241 1204 275 capite
1227 249 1294 273 quo-

761 277 849 308 modo
870 278 917 305 fiat
946 276 1088 304 aetiimatio
1108 276 1198 304 damni
1228 277 1294 309 dari,

761 317 788 345 δι’
802 323 835 343 ati
850 315 932 343 etiam
947 312 1093 341 aestimetur
1117 314 1144 341 id
1158 314 1235 351 quod
1258 315 1295 341 in-

762 353 854 382 terest.
867 361 927 387 144.
948 351 1009 382 cui,
1030 350 1056 377 ὅ(
1071 350 1197 379 adversus
1213 360 1296 387 quem

763 391 843 420 detur
859 391 940 419 aftio.
957 388 1021 416 ibid.
1041 395 1075 415 an
1093 387 1171 416 detur
1189 388 1297 418 homini

765 429 856 457 libero
877 425 1065 462 patrifamilias
1090 425 1252 460 vulnerato,
1273 427 1298 454 ἃ

764 475 798 494 an
814 465 1002 494 filiofamilias.
1239 465 1301 493 ibid.

163 509 281 540 occidit;
303 517 360 537 non
375 509 573 539 furiosusmon
589 505 678 533 infans
689 525 698 539 ,
726 506 785 533 Lex
800 503 930 531 Cornelia
946 500 980 528 dc
996 499 1163 535 parricidiis,
1194 500 1221 528 &
1242 503 1302 530 Lex

161 556 220 576 non
243 547 386 582 impubes,
414 546 462 574 nifi
487 543 590 578 injuria:
612 552 699 577 capax

160 584 202 613 fit.
221 591 281 616 129.
304 590 414 612 tenetur
429 583 553 616 is‚cujus
566 581 636 615 jussu
651 581 701 608 ho-

160 631 210 650 mo
235 622 303 656 liber
331 630 414 650 mauu
431 619 560 654 occidit,
577 619 595 646 si
610 619 654 652 jus
673 618 699 645 ei

162 656 320 695 imperandi
336 657 441 687 habuit.
467 665 527 692 130.
555 655 702 691 &insuper

163 695 274 726 afflone
290 697 391 733 ‘noxali
420 702 530 724 tenetur
556 694 702 726 dominiis,

164 735 243 769 cujus
264 731 334 769 jussu
357 734 447 762 servus
466 732 609 760 hominem
628 731 702 758 occi-

165 771 233 805 dit,·
262 771 288 799 ὅ(
316 771 382 805 quid
410 771 478 806 juris
496 792 503 804 ,
537 770 556 797 fi
585 766 702 797 domino

159 806 269 837 'sciente
287 829 295 843 ‚
322 808 347 836 ἃ,
376 817 433 836 non
461 807 629 844 probibente
657 814 701 833 oc-

164 847 274 875 ciderit.
299 855 359 880 1²9-
381 846 435 883 seq.
473 846 500 873 in
522 844 637 873 solidum
663 849 701 871 te·

166 891 270 912 nentur
289 892 409 917 omnes»,
439 883 554 911 homine
585 883 611 909 in
643 882 700 909 rixa

168 921 278 956 occiso,
299 921 318 950 fi
333 921 427 950 auetor
442 919 523 949 caedis
548 920 702 957 ignoretur.

528 991 535 995 ,
652 963 705 991 130

129 998 158 1028 in
179 998 256 1036 Lege
283 997 396 1034 Aquilia
428 996 557 1026 occidisse
584 992 704 1024 dicitur,

167 1037 218 1074 qui
246 1040 426 1073 quocumque
455 1034 546 1063 modo
582 1033 637 1066 vi,
680 1030 706 1059 ἂ

168 1082 253 1103 manu
291 1073 412 1109 adhibita
450 1072 585 1101 interimit
603 1093 611 1103 ,
651 1069 706 1097 five

164 1112 255 1140 homo
276 1110 365 1139 statim
382 1133 388 1145 ‚
418 1110 473 1138 sive
499 1109 558 1146 post
580 1105 710 1137 interval-

164 1150 225 1178 lum
250 1156 377 1178 mortuus
403 1147 497 1176 fuerit.
521 1149 582 1176 128.
623 1145 710 1176 item,

167 1187 217 1222 qui
247 1187 303 1215 fine
325 1187 375 1222 vi,
407 1185 452 1214 vel
488 1193 571 1212 manu
602 1181 707 1211 causam

170 1224 256 1253 morti
283 1224 420 1260 praebuit;
451 1222 496 1250 sed
518 1228 547 1250 ut
575 1221 601 1248 in
631 1220 708 1248 hunc

170 1262 252 1290 detur
265 1262 338 1289 aetio
359 1260 434 1290 utilis
457 1260 542 1295 Legis
565 1258 682 1294 Aquiliae
700 1274 707 1289 ‚

170 1299 198 1326 &
222 1300 248 1327 in
272 1296 382 1327 fastum.
405 1306 466 1332 129.
500 1304 592 1325 utrum
619 1297 639 1324 is
662 1303 708 1331 pu-

169 1342 246 1364 tetur
260 1335 463 1372 occidiffe,qui
479 1335 621 1362 hominem
638 1340 710 1360 inor-

169 1374 253 1403 tifere
274 1374 448 1407 vulneravit,
474 1381 508 1400 an
534 1372 580 1408 qui
609 1369 709 1398 deinde

168 1412 209 1439 ita
228 1420 290 1440 eum
310 1410 452 1448 pcrcussst,
482 1416 512 1438 ut
533 1409 621 1437 statim
647 1415 708 1436 exa-

171 1449 334 1477 nimaretur.
653 1452 704 1478 131

134 1487 220 1522 Legis
261 1486 378 1522 Aquiliae
404 1485 476 1513 aetio
511 1481 627 1520 poenalis
662 1481 707 1512 iit.

170 1531 205 1551 an
221 1523 260 1550 rei
283 1522 489 1558 persecutoria,
512 1521 537 1548 &
561 1529 594 1547 an
617 1520 643 1546 iri
662 1518 709 1545 he-

168 1559 266 1589 redem
290 1561 347 1593 ejus
364 1579 373 1593 ‚
401 1559 448 1595 qiii
468 1557 589 1595 occidit„
618 1556 707 1583 detur.

170 1605 233 1631 132.
256 1596 334 1624 datur
354 1597 399 1629 ei,
428 1597 475 1631 qui
502 1595 632 1623 domiuus
658 1593 709 1621 fuit

170 1642 246 1669 tuin,
281 1642 342 1662 cum
369 1634 478 1666 1101110,
505 1640 629 1669 pecusve
663 1638 709 1657 oc—

170 1672 254 1701 cisum
275 1670 327 1702 est;
358 1670 422 1700 licet
443 1669 628 1706 temporarius
652 1675 708 1697 tan-

169 1715 229 1738 tum
262 1708 392 1737 dominus
419 1707 528 1740 fuerit,
565 1712 610 1734 aut
648 1704 709 1742 post

167 1746 391 1779 faetusfuerit,
430 1745 478 1773 sed
505 1744 618 1773 fifflone
643 1743 711 1778 juris

167 1792 247 1815 retro
287 1783 418 1812 dominus
464 1782 605 1810 habeatur.
650 1788 711 1815 132.

169 1823 229 1859 seq.
263 1830 297 1849 an
324 1821 408 1849 etiam
438 1818 520 1847 detur
547 1818 627 1847 bonae
647 1817 711 1846 fidei

169 1858 315 1898 possessori
328 1880 335 1891 ‚
356 1857 523 1891 frustuado,
550 1855 711 1884 commoda-

174 1898 268 1930 tario,
298 1896 325 1924 &
361 1895 495 1924 creditori
522 1893 708 1929 pigneratitia.

173 1943 238 1970 133.
253 1934 308 1970 seq.
344 1934 387 1961 cui
403 1931 500 1965 detur,
523 1931 542 1959 fi
563 1931 654 1959 servus
674 1931 712 1958 le-

171 1979 251 2010 gatus
266 1977 329 2001 ante
346 1970 448 2000 aditam
463 1968 648 1998 hereditatem
665 1975 711 1995 oc-

173 2009 242 2038 cisus
255 2011 295 2039 fit.
647 2005 710 2034 ibid.

136 2048 166 2076 in
190 2048 274 2083 Legis
295 2045 414 2084 Aquiliae
437 2045 544 2074 afflone
562 2044 709 2080 quomodo

173 2085 222 2114 fiat
244 2084 384 2112 aessimtitio
406 2084 486 2112 occisi
504 2083 642 2115 hominis,
664 2087 711 2109 aut

172 2121 308 2160 pecudis:
331 2121 356 2148 ὅ(
377 2129 409 2148 an
428 2128 524 2155 praeter
540 2119 566 2148 id
581 2119 658 2155 quod
673 2120 711 2146 in-

176 2159 260 2188 terest
280 2159 364 2187 etiam
384 2158 497 2187 affeetio
520 2158 627 2186 domini
649 2156 714 2184 cesti-

176 2203 276 2234 metur.
584 2202 645 2230 134.
660 2194 716 2230 seq.

137 2236 223 2273 Legis
244 2234 370 2272 'Aquiliae
393 2231 540 2262 secundum
568 2239 649 2269 caput
678 2233 716 2260 in-

177 2273 323 2309 cognitum
343 2271 390 2300 est.
414 2279 475 2305 135.
518 2272 603 2299 tertio
624 2271 716 2305 capite

177 2317 289 2339 cautum
311 2308 364 2337 fuit
378 2308 413 2336 de
427 2314 529 2337 caetexo
546 2308 622 2336 omni
643 2307 716 2335 dam-

177 2356 234 2382 no,
260 2353 360 2385 praeter
387 2346 536 2374 ‘hominem
576 2345 600 2373 &
634 2353 716 2381 pecu-

179 2387 244 2414 dem
278 2383 405 2416 occisos‚
439 2384 562 2412 maxime
594 2382 612 2410 fi
649 2381 715 2418 quid

180 2423 269 2451 ustum
291 2444 298 2456 ,
342 2421 454 2450 frafium
474 2443 481 2455 ‚
522 2427 568 2448 aut
605 2426 714 2455 ruptum

176 2460 281 2491 fuiss‘et3
310 2458 335 2486 δε
359 2468 419 2495 qua:
443 2459 542 2486 horum
565 2458 712 2485 verborum

177 2498 221 2526 vis
244 2497 282 2525 fit.
301 2504 350 2531 135
365 2518 373 2530 ,
396 2500 457 2530 136.
473 2496 528 2532 seq.
569 2504 603 2523 an
630 2495 712 2522 etiam

179 2535 215 2562 de
230 2533 375 2569 apibus‚&
390 2534 520 2562 similibus
538 2533 602 2561 seris
619 2533 712 2560 bestiis

179 2578 291 2600 cautuiii
306 2570 396 2599 fuerit.
408 2575 469 2605 136.
486 2571 558 2600 aetio
578 2571 651 2599 utilis
668 2570 713 2598 da-

178 2615 223 2638 tur
238 2609 265 2636 in
281 2616 343 2636 eum
353 2628 361 2642 ,
376 2609 423 2644 qui
438 2617 497 2637 rem
512 2609 629 2636 alienam
645 2616 710 2636 con-

179 2646 279 2675 sumfit.
664 2653 714 2680 137

142 2684 221 2721 Lege
240 2682 352 2719 Aquilia
381 2687 413 2710 an
434 2688 575 2717 teneatur,
606 2684 653 2718 qui
679 2691 716 2712 te-

181 2723 346 2751 stamentum
368 2719 491 2753 delevit,
524 2720 550 2747 δε
577 2721 630 2748 cui.
654 2724 714 2754 138.

182 2768 217 2789 an
239 2763 383 2790 teneatur,
422 2758 469 2791 qui
489 2758 592 2785 olivam
621 2758 714 2786 inima-

181 2804 292 2828 turam,
334 2794 379 2821 vei
405 2801 473 2821 uvas
501 2795 597 2822 crudas
621 2794 715 2824 decer-

180 2834 287 2872 pserit,
326 2832 372 2859 vel
401 2830 518 2866 segetem
552 2831 714 2861 desecuerit.

581 2871 643 2897 ibid.
666 2878 717 2903 129

147 2910 232 2948 Legis
259 2906 378 2944 Aquiliae
400 2905 502 2934 diretta
530 2907 636 2933 afflone
659 2901 716 2935 non

182 2952 294 2977 tenetur
308 2967 315 2979 ,
337 2942 386 2972 nisi
406 2945 452 2980 qui
475 2951 594 2978 corpore
616 2952 716 2979 corpus

184 2985 268 3020 rupit.
294 2989 354 3016 139.
386 2981 448 3009 utili
464 2980 571 3008 afflone
592 2988 718 3015 tenetur,

184 3023 233 3060 qui
253 3020 359 3049 causam
384 3019 499 3056 praebuit
520 3017 632 3045 dainiiO.
656 3027 716 3082 is40.

675 3063 718 3090 eq.

149 3101 226 3133 Lege
247 3095 359 3132 Aquilia
385 3101 495 3123 tenetur
512 3115 519 3128 ‚
547 3093 594 3129 qui
624 3092 721 3125 iniuria

186 3136 315 3163 damnum
336 3130 433 3167 dedit,
461 3133 478 3162 i.
501 3141 525 3160 e.
552 3130 619 3158 dolo
639 3149 647 3163 ‚
676 3129 721 3157 vel

767 540 899 569 Cornelia
924 540 957 567 de
980 537 1080 565 sicariis
1096 538 1155 564 duae
1176 537 1302 567 diiiinttae

766 581 856 615 Leges
873 578 940 606 sunt.
1186 582 1230 602 20.
1247 575 1303 612 seq.

729 619 813 652 Legis
832 615 970 643 Cornelia:
990 611 1023 639 de
1045 611 1196 646 parricidiis
1215 621 1305 647 poena,

770 663 813 682 20.
850 653 883 680 tle
910 650 1008 679 sicariis
1037 657 1129 685 poena.
1156 649 1217 677 ibid.
1242 651 1303 678 add.

769 689 972 721 Homicidium.

731 732 789 759 Lex
806 728 936 756 Cornelia
952 725 986 752 de
1003 724 1102 752 sicariis
1125 725 1191 760 quid
1209 725 1305 753 {latue-

768 768 802 795 rit
818 766 852 794 de
869 764 942 792 caede
957 763 1023 791 furis
1040 761 1146 795 diurni,
1167 763 1306 791 noeturni-

768 814 811 833 ve.
834 803 889 832 viii.
905 803 963 829 Fut.

730 842 814 878 Legis
836 840 972 869 Corneliae
1004 836 1039 867 de
1070 837 1188 869 ficariis,
1223 839 1305 871 Lenis

768 881 886 911 Nurum.
915 876 941 904 &
963 876 1045 910 Legis
1074 875 1193 911 Aquilia:
1216 875 1305 903 discri-

769 925 853 950 men,
882 915 960 952 quod
983 913 1017 941 ad
1043 912 1146 941 caedeiii
1176 912 1307 941 hominis.

1256 958 1305 979 121

734 994 794 1023 Lex
815 989 946 1020 Cornelia
966 989 1001 1017 de
1014 989 1115 1017 ficariis
1133 994 1238 1016 tantuin
1258 988 1307 1016 do-

772 1031 827 1058 lum
844 1029 944 1056 mnium
960 1027 1048 1063 punit.
1195 1028 1227 1055 18
1239 1034 1309 1060 ,122

736 1069 794 1097 Lex
812 1076 864 1096 xii.
877 1065 967 1094 Tabb.
991 1063 1025 1092 de
1041 1063 1114 1092 caede
1134 1065 1233 1092 furiini.
1255 1064 1308 1091 vid.

773 1107 834 1134 Fur.
863 1104 898 1132 de
932 1102 1084 1130 infantibus
1115 1109 1212 1129 recens
1239 1102 1310 1129 natis

774 1139 963 1178 exponendis,
980 1140 1023 1167 vel
1039 1139 1181 1168 necandis.
1197 1143 1261 1173 467.
1277 1139 1311 1166 de

772 1180 866 1217 pastis.
885 1177 1039 1213 3992ssseqq.
1061 1176 1123 1204 add.
1139 1177 1258 1205 Pafium.
1277 1176 1311 1204 de

777 1218 862 1246 tutela
878 1215 1080 1245 testamentaria
1104 1214 1249 1250 quomodo
1272 1214 1311 1241 in-

775 1253 934 1291 telligenda.
1261 1255 1314 1286 284

736 1296 813 1330 Lege
834 1291 951 1320 Gabinia
966 1298 1023 1317 non
1040 1288 1190 1317 constituta
1209 1290 1259 1317 fuit
1276 1290 1312 1317 le-

755 1349 757 1352 .
774 1331 870 1368 gitiiiia
885 1329 963 1356 usura
978 1326 1177 1361 centessma‚&
1196 1326 1262 1362 quid
1280 1335 1312 1354 ea

775 1374 885 1397 cautum
901 1365 993 1394 fuerit.
1170 1366 1238 1398 178,
1260 1372 1312 1398 194

737 1408 796 1436 Lex
812 1405 936 1434 Genusia
946 1402 983 1430 de
997 1402 1116 1430 foenore.
1260 1404 1311 1435 178

736 1446 798 1474 Lex
829 1442 899 1479 Julia
927 1442 1099 1476 privatorum
1134 1439 1311 1474 iudiciorum.

775 1479 830 1508 vid.
841 1477 1008 1516 'Jurisdit‘tio
1025 1483 1189 1513 prorogata.

738 1518 821 1554 Legis
844 1518 942 1544 Numae
959 1523 1040 1549 poena
1058 1514 1203 1543 homicidii
1222 1515 1255 1542 ab
1265 1514 1312 1541 im·

777 1554 914 1591 prudente
928 1553 999 1581 faeti.
1261 1560 1309 1579 121

740 1594 816 1628 Lege
831 1591 962 1626 Pompeja
978 1590 1012 1617 de
1030 1588 1185 1625 parricidiis
1210 1589 1314 1617 servata

774 1630 827 1658 fuit
851 1635 930 1656 vetus
958 1635 1041 1663 poena
1068 1627 1153 1663 Legis
1177 1626 1314 1654 Corneliae

777 1667 810 1695 de
827 1666 989 1703 parricidiis.
1203 1671 1239 1691 20
1259 1663 1313 1700 seq.

739 1705 817 1740 Lege
830 1704 918 1740 Regia
939 1701 1063 1737 Populus
1090 1703 1173 1730 Rom.
1197 1709 1253 1728 non
1270 1702 1315 1729 ab·

778 1743 884 1771 dicavit
904 1741 929 1769 se
949 1740 1025 1768 omni
1045 1739 1094 1768 suo
1113 1740 1191 1773 jure,
1212 1738 1238 1766 ἃ
1260 1748 1314 1767 ma-

775 1780 872 1815 jestate
893 1779 919 1806 in
939 1778 1054 1814 gratiam
1081 1777 1226 1812 Principis.
1249 1785 1313 1811 250.

776 1817 833 1853 seq.
871 1816 940 1852 Pop.
974 1816 1058 1843 Rom.
1090 1813 1312 1842 communicavit

776 1864 838 1883 cum
875 1853 1003 1889 Principe
1046 1852 1211 1887 potestatem
1249 1851 1317 1885 juris

777 1891 942 1924 condendi,
977 1890 1003 1924 C<
1026 1888 1202 1925 abrogandi3
1236 1888 1262 1917 δε
1290 1898 1317 1917 e-

779 1930 843 1958 tiaiii
875 1929 937 1963 post
970 1934 1031 1956 eam
1058 1928 1086 1954 in
1115 1927 1236 1956 comitiis
1265 1927 1317 1955 Le-

776 1975 825 2003 ges
842 1966 934 2001 justit,
954 1966 980 1994 &
1000 1963 1179 2001 Magistratus
1199 1965 1312 1993 creavit.

1257 2010 1309 2037 251

737 2042 826 2078 Leges
841 2040 875 2069 de
891 2041 997 2069 Usuris.
1258 2043 1309 2074 178

738 2080 860 2115 Legibus
883 2077 1028 2116 quomodo
1050 2077 1155 2107 solutus
1177 2077 1209 2107 fit
1234 2078 1311 2106 Prin-

778 2125 851 2154 ceps.
1258 2123 1310 2150 251

743 2156 803 2184 Lex
819 2162 868 2190 per
886 2153 1159 2190 excellentiam,pro
1174 2153 1252 2188 Lege
1260 2161 1315 2181 xii.

781 2193 871 2221 Tabb.
1258 2193 1312 2226 428Ι

745 2230 805 2258 Lex
821 2229 855 2257 de
871 2229 968 2258 Editio
984 2230 1124 2257 Praetoris.
1255 2229 1317 2258 ibid.

743 2269 803 2296 Lex
828 2267 993 2303 praediorum
1017 2265 1247 2300 venerandorum,
1265 2275 1316 2304 pro

780 2307 860 2341 paeto
873 2306 982 2342 privato
997 2305 1152 2333 contraftui
1177 2303 1257 2339 adjici
1277 2305 1317 2333 so-

782 2344 840 2371 lito.
1260 2346 1294 2373 28

743 2381 833 2417 Leges
853 2380 984 2414 fugitivae.
1025 2388 1076 2415 47,
1099 2388 1161 2416 244.
1176 2380 1232 2416 seq,
1253 2352 1317 2415 254ςί

770 2456 774 2461 ¹
857 2426 920 2453 310.
935 2419 989 2460 seq.
1011 2425 1073 2452 313·
1093 2418 1149 2460 seq.
1170 2425 1242 2460 43¹7,
1263 2422 1318 2454 440

742 2455 880 2489 Libellus,
892 2456 916 2483 ἃ
935 2456 1070 2485 tribunam
1092 2461 1159 2483 item
1176 2456 1315 2489 Libellus,

781 2493 807 2521 <St
821 2494 965 2529 cognitio,
979 2493 1034 2521 five
1050 2492 1191 2521 decretum
1201 2512 1210 2527 ,
1227 2501 1315 2529 oppo-

782 2532 864 2559 nitur.
1284 2533 1319 2564 89

741 2578 791 2605 per
805 2569 943 2597 Libellum
960 2578 1021 2605 quae
1041 2569 1158 2602 fiebant,
1192 2569 1250 2597 fere
1272 2577 1318 2596 ex-

779 2606 963 2643 pediebantur
990 2607 1024 2635 de
1046 2605 1150 2642 plano,
1178 2605 1315 2634 interdum

781 2653 832 2681 pro
855 2645 983 2672 tribunali
1004 2644 1178 2679 petebantur.
1254 2643 1316 2671 ibici.

745 2682 843 2710 Libera
862 2681 1015 2709 testamenti
1037 2681 1133 2713 faffio.
1155 2681 1255 2709 Libera
1270 2689 1317 2717 pe-

781 2720 846 2747 culii
869 2718 1089 2754 administratio,
1109 2718 1208 2746 Libera
1225 2727 1316 2746 rerum

782 2757 826 2785 vel
865 2758 1041 2792 negotiorum
1077 2757 1200 2784 omnium
1233 2755 1319 2784 admi-

781 2794 904 2823 nistratio
924 2817 931 2829 ,
965 2802 1019 2831 qua
1042 2794 1150 2823 ratione
1178 2794 1314 2822 dicantur.

773 2870 778 2874 ,
1191 2831 1317 2874 assi-seq-

745 2869 889 2897 Liberales
917 2869 1003 2898 caiisae
1037 2869 1170 2899 ordinarii
1197 2871 1265 2904 Juiis
1293 2879 1318 2898 e-

783 2914 862 2938 rant,
894 2915 950 2935 non
973 2908 1162 2943 cognitionis,
1196 2907 1245 2934 nisi
1275 2916 1317 2934 ac-

784 2944 867 2973 ceffio
896 2945 982 2973 eiient
1015 2945 1184 2980 cognitionis
1218 2945 1318 2972 Praeto-

783 2983 828 3009 riae
845 3004 851 3014 ,
882 2988 927 3010 aut
950 2981 985 3010 de
1006 2983 1072 3019 Jure
1093 2983 1121 3010 iii
1145 2983 1176 3009 iis
1204 2982 1318 3017 quaellio

784 3019 858 3047 esset.
881 3023 925 3053 87.
964 3019 1077 3056 quando
1109 3020 1320 3049 extraordinarii

783 3056 849 3089 juris
867 3057 939 3084 sac'tae
957 3058 1015 3086 sint.
1286 3060 1319 3086 88

748 3091 913 3134 Liberorum
935 3096 1113 3130 procreatio,
1142 3095 1167 3123 &
1190 3094 1321 3124 educatio

788 3137 853 3162 juris
875 3132 1003 3160 naturalis
1021 3133 1068 3161 est.
1287 3141 1321 3160 10

1322 203 1448 230 Libertas
1479 201 1529 229 alii
1560 202 1631 238 Juri's
1665 202 1814 238 Gentium,
1843 205 1899 238 alia*

1362 241 1432 277 Juris
1452 239 1548 267 Civilis
1565 239 1725 277 Quiritium.
1839 246 1894 271 286

1324 278 1430 306 Liberti
1444 278 1544 306 Latini.
1860 288 1896 307 22

1324 315 1463 345 Librarius
1481 315 1591 343 Servus.
1845 321 1898 351 352

1326 354 1372 382 Lis
1394 353 1459 387 quid
1486 353 1533 386 sit,
1563 351 1587 379 ὅ(
1603 351 1748 387 quomodo
1768 362 1783 380 a
1801 361 1849 386 re.
1872 354 1899 381 &

1366 391 1443 418 causa
1465 390 1601 417 intertium
1621 389 1812 426 distinguatur.
1844 399 1898 426 405

1329 428 1398 456 Litis
1416 428 1581 456 contestatio
1595 429 1707 464 quando
1720 427 1766 456 fiat
1777 448 1785 462 ‚
1800 427 1825 456 ἃ
1839 430 1898 462 ejus

1370 465 1494 493 effestus.
1866 468 1900 500 9?

1331 504 1447 532 Litotes.
1848 507 1900 534 281

1331 542 1359 569 in
1374 542 1483 569 Littore
1498 548 1633 578 quatenus
1652 542 1784 569 aedilicare
1812 541 1903 571 liceat.

1885 582 1900 609 8

1333 617 1440 645 Locare
1455 618 1618 654 pecuniam,
1638 625 1691 654 pro
1709 616 1810 644 foenori
1827 587 1902 645 darSe.

1852 657 1903 689 158

1333 689 1531 728 Locupletior:
1559 694 1693 725 formula,
1715 694 1744 720 ln
1759 693 1835 728 quod
1849 701 1903 728 ego

1370 730 1554 772 Locupleiior
1575 730 1659 760 factus
1680 731 1735 759 suni
1752 751 1761 764 ‚
1788 730 1822 758 ad
1844 739 1906 767 quae

1372 773 1518 802 pertineat.
1874 776 1907 803 53

1334 803 1436 831 Locus.
1457 805 1512 832 vid.
1532 806 1652 834 Fundus.

1335 841 1428 885 Locus
1442 841 1476 869 de
1500 844 1606 878 praediis
1627 844 1732 873 rusticis
1755 843 1780 872 ὅ(
1798 844 1908 872 urbanis

1372 885 1482 906 uicitiir.
1853 889 1908 915 259

1334 916 1362 943 in
1379 915 1458 943 Loco
1479 916 1573 952 aliquo
1595 917 1661 954 saepe
1684 919 1742 947 fieri
1762 919 1908 950 dicuntur,

1372 962 1432 990 qiiae
1447 954 1514 983 fiunt
1530 955 1555 982 in
1571 957 1741 992 propinquo.
1855 961 1907 985 261

1338 991 1458 1020 Lucrum
1478 1000 1534 1019 non
1556 993 1661 1025 semper
1684 994 1803 1029 sequitur
1829 1003 1906 1027 eum,

1377 1031 1454 1064 cujus
1471 1029 1623 1065 periculum
1643 1031 1688 1060 cst.
1860 1035 1908 1059 162

1338 1066 1421 1095 Lucia
1444 1076 1458 1094 a
1473 1067 1597 1103 pugilatu
1620 1067 1645 1095 &
1659 1069 1802 1105 pancratio
1825 1068 1912 1096 distat.

1859 1109 1911 1133 126

1338 1141 1420 1169 Ludo
1441 1142 1518 1170 licito
1540 1142 1557 1170 ss
1584 1142 1713 1171 damnum
1734 1141 1827 1172 datum
1855 1143 1913 1171 fue-

1377 1179 1433 1212 rit,
1456 1180 1523 1216 quid
1537 1180 1616 1214 juris.
1862 1187 1913 1215 143

1341 1216 1412 1245 Ludi
1428 1219 1504 1245 noxii
1520 1218 1628 1254 culpam
1643 1219 1760 1252 habent,
1783 1227 1843 1254 quae
1857 1219 1914 1246 vin-

1380 1253 1487 1282 dicatur
1510 1256 1585 1291 Lege
1601 1256 1730 1292 Aquilia3
1753 1265 1809 1285 non
1832 1262 1916 1284 certa-

1380 1293 1453 1319 mina
1471 1293 1589 1328 publica.
1864 1296 1917 1321 126

1339 1328 1467 1357 Lustrum
1484 1330 1621 1358 interdurn
1636 1339 1687 1367 pro
1701 1336 1820 1367 quatuor
1835 1332 1913 1359 annis

1376 1366 1497 1396 sumitur.
1862 1375 1914 1402 175

1602 1445 1647 1473 M.

1345 1515 1499 1582 Magis,
1521 1519 1670 1555 particula,
1682 1518 1817 1547 interdurn
1835 1520 1917 1547 omiit-

1465 1562 1540 1585 titur.
1861 1559 1915 1591 285

1343 1593 1522 1629 Magistratus
1558 1602 1611 1630 pro
1639 1594 1769 1622 tribunali
1798 1594 1918 1622 sedentis

1382 1630 1508 1664 cognitio
1533 1630 1559 1658 ἅ
1579 1632 1730 1660 confiliumi
1808 1634 1852 1665 89.
1863 1633 1916 1665 seo.

1343 1668 1523 1704 Magistratus
1536 1669 1598 1702 jure
1616 1669 1731 1702 deferri,
1753 1669 1776 1697 δι
1797 1670 1917 1706 speciali·

1381 1713 1436 1738 ter,
1447 1711 1493 1732 aut
1509 1707 1673 1735 nominatim
1689 1707 1861 1742 Magistratui
1872 1706 1919 1734 de-

1381 1743 1463 1777 ferri,
1474 1750 1669 1780 opponiiniur;
1691 1744 1716 1773 &
1732 1753 1791 1781 quae
1805 1745 1848 1772 iila
1858 1745 1917 1773 sint.

1716 1791 1776 1811 102.
1787 1782 1840 1818 seq.
1864 1790 1915 1816 107

1345 1818 1523 1854 Magistratus
1557 1819 1744 1855 Miinicipales
1781 1820 1919 1848 interdum

1382 1857 1471 1885 minus
1495 1858 1629 1893 proprie,
1665 1858 1690 1885 &
1715 1866 1765 1894 per
1791 1858 1919 1885 ambitio-

1382 1902 1446 1922 nem
1466 1895 1638 1930 appellantur
1651 1895 1826 1928 Dic‘taiores,
1845 1895 1921 1923 Con-

1383 1932 1467 1966 sules,
1500 1933 1651 1964 Praetores.
1683 1932 1845 1960 &tribunal
1875 1933 1919 1960 iis-

1385 1969 1448 1997 dem
1469 1969 1606 1998 tribuitur.
1630 1972 1673 1998 82.
1713 1978 1748 1998 ne
1771 1978 1804 1996 ue
1830 1970 1911 2005 impe-

1376 2007 1461 2039 rium,
1491 2014 1583 2041 neque
1608 2007 1725 2035 tribunal
1783 2008 1911 2035 abebant.

1377 2044 1424 2071 sed
1444 2044 1576 2072 subsellia.
1597 2045 1658 2072 ibid.
1683 2052 1744 2072 101.
1778 2051 1915 2081 vocantur

1375 2082 1492 2117 pedanei
1507 2081 1623 2116 judices.
1878 2085 1912 2111 82

1343 2119 1491 2154 Magistri,
1533 2119 1558 2147 ἃ
1592 2119 1770 2156 Magistratus
1801 2120 1915 2148 munici-

1379 2156 1456 2191 pales
1497 2156 1611 2185 modum
1649 2158 1834 2192 castigationis
1870 2167 1917 2185 cx-

1381 2193 1512 2223 cedentes
1545 2201 1674 2224 tenentur
1695 2197 1771 2232 Lege
1795 2196 1914 2231 Aquilia.

1864 2242 1915 2261 122

1345 2269 1480 2298 Mandata
1495 2270 1665 2306 Principum.

1345 2306 1483 2335 Mandata
1516 2308 1682 2345 Jurisdieiio.

1383 2346 1446 2373 etio.

1345 2383 1474 2415 Mando,
1495 2384 1609 2412 verbum
1625 2385 1787 2419 precarium.
1884 2391 1916 2415 72

1345 2421 1476 2450 Mandati
1497 2421 1578 2456 origo
1592 2443 1598 2454 ,
1628 2421 1651 2448 ἃ
1672 2421 1816 2457 quomodo
1839 2421 1918 2449 diffe-

1382 2465 1424 2487 rat
1438 2467 1453 2486 a
1470 2458 1729 2494 commendatione,
1751 2459 1776 2487 ἃ
1792 2459 1917 2488 coniilio.

1854 2497 1916 2525 ibid.

1345 2533 1510 2562 Mandatum
1543 2534 1624 2562 solius
1650 2533 1811 2562 mandatarii
1832 2536 1919 2570 gratia

1383 2576 1489 2600 tanturn
1529 2572 1671 2600 consilium
1711 2572 1769 2605 est,
1812 2572 1917 2600 etiamsi

1382 2608 1527 2638 mandator
1541 2609 1694 2645 periculum
1705 2609 1732 2636 in
1743 2609 1768 2638 se
1784 2609 1916 2646 suscipiat.

1855 2648 1916 2676 iiiii.

1344 2684 1508 2714 Mandatum
1530 2684 1618 2713 aliena
1638 2685 1722 2719 gratia
1745 2685 1815 2721 parit
1834 2687 1916 2713 attio-

1383 2730 1445 2750 nem
1460 2723 1589 2750 mandati.
1611 2723 1672 2751 ibid.
1712 2722 1776 2751 licet
1797 2724 1920 2751 nomina-

1384 2761 1432 2787 tim
1449 2761 1509 2796 post
1529 2766 1648 2788 mortem
1677 2761 1829 2788 mandantis
1852 2769 1920 2789 con-

1387 2798 1490 2826 feratur
1507 2819 1516 2831 ‚
1550 2805 1640 2827 tamen
1663 2806 1754 2826 morte
1778 2799 1835 2832 ejus
1862 2799 1918 2826 tini-

1385 2843 1438 2864 tur.
1471 2840 1534 2870 267.
1576 2836 1610 2863 de
1639 2836 1788 2872 sepulcro,
1824 2844 1919 2864 monu-

1384 2879 1518 2901 mentove
1547 2874 1686 2902 mandanti
1715 2873 1775 2909 post
1800 2880 1918 2902 mortem

1384 2910 1537 2944 faciendo,
1570 2918 1616 2939 aut
1642 2911 1728 2939 fundo
1757 2919 1918 2939 monumen-

1385 2955 1415 2976 to
1437 2948 1604 2977 hereditario
1628 2947 1766 2980 emendo,
1808 2955 1917 2974 venera-

1386 2987 1464 3015 tione
1495 2986 1638 3023 religionis
1668 2985 1817 3013 sustinetur.
1850 2987 1915 3013 268.-

1387 3023 1463 3057 ouod
1485 3024 1594 3052 demum
1617 3023 1676 3059 post
1698 3028 1813 3049 mortem
1839 3026 1919 3048 manz

1387 3061 1476 3089 dantis
1498 3061 1588 3097 potest
1604 3060 1725 3096 impleri,
1747 3057 1786 3085 est
1807 3064 1915 3086 contra-

1389 3099 1446 3126 etus
1463 3099 1534 3126 inter
1555 3099 1651 3132 vivos,
1673 3103 1729 3123 non
1752 3095 1854 3130 species
1876 3097 1915 3123 ul-

1387 3136 1459 3163 timae
1474 3136 1636 3164 voluntatis.
1781 3135 1843 3165 269.
1859 3132 1914 3167 seq.

1865 2272 1915 2303 107

1724 2308 1779 2337 vid.
1805 2309 1918 2346 Jurisdi-

186 3180 361 3209 quacumque
383 3171 462 3206 culpa
477 3193 485 3204 ‚
508 3169 589 3199 etiam
612 3167 720 3202 imperi-
749 3166 914 3195 Liberorum
941 3177 1036 3197 recens
1059 3176 1187 3199 natorum
1215 3170 1320 3208 expofi-
1350 3172 1529 3204 Maniiiuiffio
1540 3171 1688 3207 specialiter
1703 3169 1764 3197 data
1778 3169 1815 3197 est
1827 3170 1915 3203 Magi-

188 3211 241 3242 tia;
273 3216 330 3237 non
350 3209 398 3245 qui
416 3209 504 3244 casu,
538 3205 584 3236 vel
607 3203 719 3234 neceffi-

785 3203 839 3238 tio,
863 3203 887 3232 δι’,
905 3212 967 3234 iiex.
990 3206 1046 3235 vid.
1069 3208 1203 3237 Infantes.

1388 3208 1530 3245 stratibus,
1540 3217 1591 3238 nec
1605 3206 1726 3237 mandari
1742 3207 1914 3272 potest.10‹{3

1843 3253 1893 3281 apii
