2036 3495
586 103 865 152 JUL1us

922 102 1334 152 BAULUS‚&c.

1791 116 1864 152 475

768 221 796 256 C
819 231 841 256 A
868 232 887 258 P
912 231 936 257 u
961 230 984 255 T
1053 218 1167 257 VIII.
1493 255 1497 257 .

298 302 391 341 Pauli
407 302 428 339 l.
446 313 480 348 4.
500 302 545 341 D.
563 301 599 338 de
616 300 813 349 agnoscendis
830 300 871 342 ξιξ
892 301 1009 338 alendis
1030 301 1132 336 liberis
1149 311 1245 336 novus
1270 299 1313 342 ὅ)
1330 312 1420 338 verus
1437 300 1616 341 intellettus.

103 409 208 450 gitur,
231 414 267 440 ut
291 413 433 440 revertar
455 417 474 439 e
497 405 691 440 diverticulo
709 405 748 437 ad
765 406 793 438 d.
810 407 829 438 l.
850 416 879 446 4.
899 407 941 440 D.

64 412 95 485 1
115 452 147 481 o'e
171 451 354 492 agnoscendis
379 447 416 483 &⁹
439 450 548 480 alendis
571 449 664 480 liberis
682 456 698 478 a
715 456 775 488 qua
794 449 940 490 longius,

62 501 158 533 quam
185 492 367 526 volueram,
389 490 566 523 abduxerat
592 500 642 522 me
661 487 892 523 observationia
908 502 940 523 e-

62 533 200 574 legantia
211 557 220 571 ‚
244 533 409 564 reehffime
425 532 469 563 ait
487 531 600 564 Paulus
613 555 623 571 ‚
638 531 754 563 Necare
771 534 865 564 videri
883 543 940 564 non

63 581 181 606 tuntum
205 584 269 605 eum
294 575 345 615 qui
363 578 485 613 partum
508 574 654 614 personat,
670 573 723 612 sed
751 573 789 608 ὅ)
811 584 875 605 eum
892 576 943 616 qui

63 617 180 657 abjicit,
207 615 244 650 ἐξ)
260 618 311 656 qui
324 615 461 647 alimonia
486 616 626 656 denegat,
651 613 688 649 ὃ)
702 624 767 646 eum
782 616 834 657 qui
847 617 942 657 pubii-

61 660 101 688 cis
120 657 186 688 locis
203 657 396 694 misericordiae
413 659 500 689 caula
515 659 632 698 exponit
645 666 732 697 quam
748 658 803 697 ipse
817 667 874 689 non
891 658 942 690 ha-

61 700 115 731 bet.
164 698 225 729 Sed
244 698 325 729 male
345 706 441 737 atque
456 698 604 739 imperite
621 699 664 730 illi
681 698 732 738 qui
752 698 827 730 hinc
843 700 940 731 colle-

62 747 185 782 gerint,
201 738 331 772 infantis
347 739 624 781 perfocationem‚
642 739 873 780 abJeffionem,
896 748 941 773 at-

63 791 126 822 que
144 780 378 821 expositionem
390 804 400 820 ‚
426 781 512 813 Pauli
532 790 680 822 tempore
696 781 788 813 fuisse
805 782 941 814 obnoxi-

63 832 112 855 am
131 822 297 853 homrcidii
310 846 319 861 ,
343 830 397 854 aut
411 823 591 864 parricidii,
611 832 726 864 poenae.
760 822 838 855 Non
857 824 941 856 enim

63 865 95 896 id
114 865 180 903 egit
200 864 332 903 naulum
357 864 408 896 sed
426 873 488 896 nec
504 866 611 904 potuit
629 874 742 906 agere,
757 864 813 897 nifi
830 865 940 897 delira·

63 914 131 944 ret,
151 905 251 945 palam
271 914 468 947 repugnante
487 905 561 937 Furi
577 907 639 938 usu.
667 905 755 948 Quid
774 916 851 947 ergo
869 906 941 938 est?-

63 957 125 990 cgo
143 956 278 985 vereor,
303 957 343 979 ne
369 947 481 979 Paulus
497 957 561 979 non
578 950 615 980 ad
630 948 705 989 juris
723 949 864 989 regulas,
888 948 942 979 scd

62 992 100 1020 ad
116 989 191 1030 juris
211 998 388 1029 praecepta,
415 990 599 1029 reipexerit.
631 990 709 1020 Sunt
726 991 831 1027 enim,
849 996 882 1020 ut
896 990 939 1020 di-

60 1032 197 1071 ligenter
224 1030 389 1063 ostendam
416 1031 497 1062 infra
522 1032 617 1072 capite
633 1032 758 1070 decimo,
780 1031 846 1062 aliae
862 1030 938 1070 juris

62 1073 182 1114 regulae
195 1095 204 1110 ‚
229 1071 286 1102 alia
301 1073 377 1113 juris
397 1080 564 1112 praecepta.
599 1072 659 1103 illae
675 1072 761 1103 Foro
779 1071 938 1110 serviunt,

63 1116 93 1145 ἃ
114 1116 218 1155 legum
239 1114 360 1144 tabulas
377 1113 566 1153 sequuntur:
590 1112 644 1144 ista
663 1121 726 1144 non
744 1113 783 1144 ad
800 1112 938 1150 Forum,

63 1155 116 1187 sed
134 1157 173 1187 ad
185 1154 328 1186 officium
340 1155 397 1185 viri
416 1155 536 1186 boni&
551 1153 664 1190 sancti,
681 1153 841 1193 speciant,
857 1162 938 1189 nee,

63 1199 139 1236 quid
159 1197 272 1237 Populi
289 1196 409 1237 legibus
428 1196 635 1235 moribusque
652 1195 781 1234 impune
796 1192 870 1231 fiat3
888 1192 939 1224 sed

62 1240 139 1279 quid
164 1239 286 1277 pietas,
310 1236 477 1275 honestas,
501 1236 711 1273 verecundia,
735 1235 876 1274 denique
894 1243 938 1264 ra-

62 1282 110 1311 tio
135 1280 232 1317 velit,
256 1278 465 1309 confiderant.
509 1276 552 1307 Et
572 1278 614 1307 ita
632 1275 695 1307 est:
721 1275 834 1306 Paulus
851 1275 939 1313 vult,

60 1321 178 1361 regulis
193 1319 268 1360 juris
288 1320 405 1350 licitam
423 1318 605 1359 parentibus
623 1316 684 1348 esse
699 1316 872 1348 liberorum
889 1326 941 1347 cx-

63 1362 266 1404 pofitioncm.
308 1369 379 1392 nam
404 1360 434 1391 dt
459 1359 597 1399 abjicere
620 1358 649 1390 δε
675 1357 844 1398 perfocare
866 1367 942 1395 eos,

64 1402 248 1445 parentibus
266 1402 372 1433 licere.
396 1401 460 1434 hoc
477 1409 583 1432 tamen
599 1399 686 1432 nolle
700 1407 868 1440 parentesg
886 1399 941 1430 nisi

62 1445 154 1477 nimis
179 1443 312 1484 impios:
337 1443 475 1481 scilicet,
498 1452 539 1474 ne
563 1442 660 1473 vitam
683 1441 798 1472 tollant
818 1440 940 1472 infelici

63 1486 177 1528 partui.
209 1487 302 1517 malle
319 1485 436 1516 liberos
456 1492 638 1525 exponere:
663 1482 694 1514 id
713 1484 796 1514 enim
817 1489 942 1523 partum

63 1528 189 1560 servare
212 1527 340 1558 alterius
357 1525 601 1563 misericordiae‚
624 1524 653 1556 ἃ
679 1523 844 1556 humanius
869 1522 941 1556 esse.

69 1578 101 1601 at
119 1569 205 1599 hunc
221 1576 353 1607 quoque
377 1566 439 1598 esse
463 1568 606 1598 colorem
633 1567 778 1606 pietatis;
802 1565 853 1597 sed
877 1574 943 1597 non

64 1619 187 1642 verum.
214 1618 305 1648 nam,
319 1608 340 1640 fi
359 1617 426 1641 rem
443 1607 580 1655 spectes,
596 1608 824 1648 aequeimpiam
842 1606 871 1638 ἃ
890 1616 942 1638 ne·

66 1651 177 1683 fariam
195 1646 425 1682 effeifirantum
438 1649 672 1690 expolitio-nem
684 1656 781 1689 atque
796 1648 946 1688 abjectio-

66 1703 141 1726 nem
159 1693 187 1723 &
208 1691 476 1732 perfncationem.
501 1691 653 1722 occidere
669 1691 752 1728 enim
767 1713 776 1729 ,
792 1697 944 1730 quantum

67 1737 103 1766 ad
127 1733 225 1774 ipsum
253 1733 389 1767 attinet.
423 1741 496 1764 euin
515 1733 569 1773 qui
593 1733 694 1773 gignit
720 1731 868 1773 quidem3
892 1730 945 1762 sed

66 1776 156 1817 quod
181 1774 279 1806 debet
294 1797 303 1813 ,
333 1783 400 1806 non
422 1781 530 1805 tuetur
550 1775 704 1814 genitum.
735 1782 772 1804 ac
792 1771 857 1804 hoc
879 1781 946 1805 non

66 1818 98 1848 in
121 1816 226 1854 Foro,
251 1824 347 1852 atque
371 1825 411 1846 ex
434 1816 539 1857 legum
559 1815 748 1854 severitate,
776 1814 945 1846 obtinere:

67 1857 120 1890 sed
147 1859 323 1889 convenire
350 1857 518 1898 praeceptis
538 1856 632 1897 juris,
655 1863 750 1897 atque
772 1856 854 1888 adeo
878 1855 946 1887 offl-

63 1903 123 1931 rcio
141 1901 199 1930 viri
220 1900 315 1930 boni:
340 1898 539 1936 aestimantis,
564 1907 628 1929 non
648 1898 723 1938 quid
742 1897 856 1936 liceat,
881 1897 947 1928 hoc

69 1940 134 1979 est,
151 1940 272 1981 legibus
288 1940 496 1979 moribusque
511 1940 730 1981 indulgeatur3
744 1939 795 1971 sed
811 1939 887 1980 quid
903 1939 947 1978 pi-

68 1992 122 2014 um
146 1981 190 2013 lit.
240 1981 380 2022 Exposui
406 1982 493 2012 Pauli
520 1980 660 2021 sensum,
682 1991 699 2012 a
717 1981 827 2020 nullo,
851 1989 947 2021 quan-

67 2031 135 2055 tum
153 2023 236 2061 scio,
253 2022 522 2055 animadversum:
542 2021 593 2054 sed
606 2028 646 2053 eo
663 2025 841 2061 veriorem,
858 2022 946 2062 quod

69 2073 200 2104 nequea
212 2065 336 2095 ratione
347 2063 502 2096 Veterum
516 2063 830 2104 jurisconsultorum,
840 2062 946 2103 ipslus·

71 2115 133 2143 que
158 2107 239 2137 adeo
263 2105 369 2144 Pauli,
393 2105 564 2138 abhorret:
589 2105 618 2137 ἃ
642 2107 672 2137 in
697 2106 805 2146 primis
826 2104 947 2137 Coelius

71 2146 253 2178 Lactantius
269 2148 299 2177 id
319 2147 385 2186 jus,
409 2156 482 2179 cum
499 2147 595 2179 civile
613 2148 641 2178 ἂ
662 2148 785 2188 legum,
810 2154 877 2178 tum
896 2145 946 2177 of-

70 2186 152 2229 ficii,
168 2188 431 2229 &conscientiae,
447 2190 480 2221 in
491 2188 550 2221 hac
565 2188 595 2221 ἂ
612 2188 679 2222 aliis
697 2188 848 2222 similibus
866 2196 947 2230 quae-

815 2302 1028 2337 CAPUT

983 404 1139 438 stionibus
1166 413 1225 446 pro
1250 404 1348 438 seculi
1371 404 1414 438 sui
1432 405 1533 445 secta,
1557 406 1596 439 ad
1613 404 1758 439 eamdem
1773 412 1863 447 pror·

985 447 1034 478 sus
1056 445 1194 479 formam
1219 455 1283 479 tam
1306 447 1390 479 clare
1413 447 1592 487 descripsit,
1615 457 1650 480 ut
1673 457 1738 480 non
1766 448 1862 489 poffit

985 488 1108 522 clarius.
1151 488 1257 521 Verba
1278 488 1452 528 melantii,
1476 489 1532 521 etfi
1549 489 1765 530 compluscula
1782 489 1861 530 fint,

985 537 1091 562 tamen
1110 553 1120 569 ‚
1143 530 1216 571 quia
1235 539 1302 563 rem
1326 530 1466 572 fignant,
1488 532 1681 571 apponenda
1705 531 1863 563 existima-

985 573 1027 603 vi.
1050 570 1122 603 sunt
1138 580 1246 604 autem
1264 572 1335 604 haec
1353 581 1393 603 ex
1409 572 1457 603 lib.
1475 575 1505 603 6.
1525 571 1632 604 Divin.
1652 570 1751 612 Instit.
1768 583 1793 604 c.
1810 575 1862 605 20.

985 613 1059 645 Non
1080 613 1155 645 enim
1180 623 1245 646 cum
1260 615 1383 646 occidere
1399 613 1484 645 Deus
1500 618 1601 653 vetat,
1623 613 1795 646 latrocinari
1811 623 1865 645 nos

985 659 1102 687 tantum
1116 655 1267 696 prohibet,
1290 656 1365 698 quod
1387 665 1422 686 ne
1434 661 1488 696 per
1509 654 1582 696 leges
1603 656 1718 696 quidem
1730 656 1864 696 publicas

985 696 1068 727 licet:
1082 696 1136 736 sed
1158 706 1190 727 ea
1207 707 1317 739 quoque
1340 706 1375 728 ne
1384 695 1484 736 fiant,
1507 703 1618 736 monet,
1641 706 1704 738 quae
1721 699 1797 737 apud
1813 697 1861 728 ho-

984 739 1076 769 mines
1085 744 1140 778 pro
1156 737 1244 769 licitis
1261 740 1411 771 habentur.
1434 739 1478 769 ita
1495 747 1585 779 neque
1599 739 1724 769 militare
1732 736 1811 779 justo
1829 738 1863 768 li-

985 781 1075 817 cebit,
1098 779 1183 819 cujas
1205 780 1311 811 militia
1333 778 1373 820 eft
1395 781 1427 810 in
1445 779 1506 821 ipsa
1518 777 1658 820 justitia:
1680 788 1771 821 neque
1795 789 1863 810 vero

983 821 1119 860 accusare
1143 829 1316 862 quemquam
1341 822 1458 852 crimine
1480 821 1618 861 capitali,
1642 822 1714 863 quia
1727 820 1801 852 nihil
1816 821 1861 852 di-

976 859 1056 901 stat,
1083 866 1218 892 utrumne
1231 862 1327 899 ferro,
1350 872 1388 893 an
1406 864 1490 894 verbo
1505 863 1601 903 potius
1611 864 1742 900 occidas,
1760 862 1863 904 quoni-

983 911 1030 933 am
1058 899 1155 940 occisio
1179 903 1240 942 ipsa
1261 904 1438 943 prohibetur.
1484 903 1590 945 Itaque
1606 905 1637 936 in
1654 905 1704 936 hoc
1720 903 1779 935 Dei
1789 910 1864 945 prce-

984 948 1059 984 cepto
1085 942 1197 974 nullam
1217 945 1332 984 prorsus
1355 947 1546 985 exceptionem
1559 945 1628 984 fieri
1643 951 1768 987 oportet,
1791 946 1878 987 quin.

983 984 1105 1015 occidere
1122 984 1280 1024 hominem,
1294 987 1407 1025 semper
1416 985 1459 1024 fit
1474 986 1576 1026 nefas,
1599 997 1681 1029 quem
1700 986 1782 1018 Deus
1793 988 1863 1024 lan-

984 1025 1062 1056 bium
1079 1025 1190 1056 animal
1203 1024 1255 1066 effe
1272 1027 1377 1058 voluit.
1424 1026 1503 1069 Ergo
1527 1037 1562 1059 ne
1577 1029 1651 1060 illud
1665 1030 1778 1070 quidem
1799 1037 1865 1060 con·

983 1067 1044 1097 cedi
1057 1067 1164 1108 aliquis
1185 1065 1346 1108 existimet,
1368 1073 1402 1099 ut
1425 1075 1548 1099 recentes
1564 1075 1648 1102 natos
1662 1072 1747 1102 liceat
1763 1070 1866 1101 oblide-

982 1117 1012 1138 re
1028 1130 1038 1147 ,
1062 1117 1125 1149 quse
1147 1107 1193 1139 vel
1215 1109 1346 1140 maxima
1369 1106 1409 1150 eft
1433 1111 1574 1150 impietas.
1608 1113 1646 1143 ad
1670 1113 1764 1143 vitam
1787 1113 1864 1143 enim

981 1148 1067 1179 Deus
1089 1150 1211 1190 inspirat
1235 1154 1368 1188 animas,
1391 1160 1448 1181 non
1466 1153 1503 1182 ad
1519 1158 1645 1184 mortem.
1693 1153 1804 1185 Verum
1816 1154 1865 1184 ho-

982 1191 1073 1220 mines
1084 1212 1095 1229 ,
1116 1200 1151 1221 ne
1166 1192 1240 1231 quod
1250 1190 1291 1230 fit
1302 1192 1429 1231 facinus
1445 1201 1500 1233 quo
1527 1203 1632 1224 manus
1646 1194 1715 1231 suas
1733 1205 1790 1226 nou
1804 1194 1867 1235 pol-

984 1230 1088 1269 luant,
1111 1233 1234 1263 rudibus
1248 1234 1345 1264 adhuc
1362 1231 1587 1274 &simplicibus
1599 1236 1703 1266 animis
1718 1237 1864 1277 abnegant

984 1271 1074 1302 lucem
1088 1282 1148 1317 non
1163 1273 1222 1313 ase
1239 1274 1350 1306 datam.
1392 1273 1533 1316 Expeetet
1549 1285 1617 1306 vero
1633 1277 1756 1318 aliquis,
1780 1283 1815 1308 ut
1831 1287 1864 1308 a·

984 1312 1056 1358 lieno
1064 1314 1211 1355 sanguini
1225 1321 1370 1355 parcant,
1393 1318 1447 1357 qui
1469 1326 1526 1348 non
1538 1323 1667 1357 parcunt
1676 1320 1740 1358 suo.
1770 1319 1818 1355 led
1834 1319 1865 1349 hi

979 1354 1042 1391 sine
1067 1355 1128 1386 ulla
1148 1355 1341 1396 contro-versia
1347 1357 1485 1396 scelerati
1508 1357 1545 1393 ὅ)
1562 1358 1673 1399 injusti.
1721 1360 1805 1403 Quid
1820 1359 1866 1390 illi

984 1405 1052 1437 quos
1061 1396 1144 1436 falsa
1155 1398 1248 1436 pietas
1263 1400 1339 1440 cogit
1354 1405 1490 1439 exponere
1507 1399 1524 1430 .9
1561 1397 1635 1433 Non
1647 1401 1763 1443 pqffunt
1782 1402 1867 1433 inno-

986 1443 1077 1484 centes
1093 1438 1271 1478 existimari,
1294 1442 1346 1481 qui
1359 1442 1469 1478 vise-era
1479 1441 1538 1481 sua
1558 1443 1591 1474 z'n
1602 1446 1730 1483 praedam
1746 1444 1867 1475 canibus

985 1479 1142 1520 objiciunt,
1167 1479 1203 1515 ὅ)
1218 1489 1364 1522 quantum
1380 1482 1413 1513 in
1427 1481 1493 1521 ipsis
1509 1481 1565 1522 est,
1582 1485 1726 1516 crudelius
1742 1490 1865 1523 nocant,

986 1530 1073 1562 quam
1083 1519 1111 1560 fi
1121 1520 1363 1563 strangulaffent.
1410 1523 1489 1567 Quis
1514 1525 1640 1564 dubitet,
1661 1528 1732 1567 quin
1759 1528 1867 1566 impius

979 1561 1041 1602 sit,
1064 1564 1115 1603 qui
1132 1563 1230 1594 alienae
1251 1564 1449 1602 misericordiae
1467 1565 1560 1596 locum
1576 1575 1634 1597 non
1650 1566 1778 1598 tribuit?
1802 1566 1868 1611 Qui

986 1605 1092 1642 etiam,
1108 1603 1137 1642 fi
1159 1605 1309 1647 contingat
1331 1606 1378 1644 ei,
1399 1607 1474 1648 quod
1489 1607 1600 1646 voluit,
1626 1613 1660 1638 ut
1675 1608 1793 1647 alatur,
1815 1609 1868 1640 ad·

987 1647 1064 1678 dixit
1076 1652 1148 1678 certe
1155 1646 1333 1688 sanguinem
1340 1648 1431 1687 suum
1446 1648 1492 1679 vel
1509 1648 1746 1689 adservantem,
1768 1649 1814 1681 vel
1828 1650 1868 1682 ad

989 1689 1123 1728 lupanar.
1167 1687 1241 1732 Qum
1255 1694 1352 1720 autem
1362 1687 1488 1730 poffint,
1511 1690 1558 1720 vel
1563 1691 1678 1730 fhleant
1692 1692 1819 1723 accidere
1833 1692 1868 1723 in

987 1736 1108 1772 utroque
1123 1731 1219 1770 sexu,
1242 1731 1288 1762 vel
1305 1737 1358 1772 per
1380 1740 1520 1770 errorem,
1543 1734 1609 1773 quis
1629 1742 1686 1764 non
1708 1733 1867 1774 intelligit,

987 1772 1053 1813 quis
1077 1771 1228 1812 ignorat?
1259 1771 1347 1816 Quod
1370 1773 1417 1803 vel
1439 1774 1529 1804 unius
1565 1774 1717 1812 Oedipodis
1740 1774 1869 1806 declarat

989 1813 1168 1854 exemplum,
1191 1814 1301 1854 duplici
1309 1814 1412 1852 scelere
1428 1815 1591 1855 confusum.
1620 1815 1692 1847 Tam
1709 1817 1803 1858 igitur
1819 1825 1868 1848 ne·

982 1855 1099 1895 sarium
1114 1851 1154 1893 esi
1167 1862 1323 1895 exponere,
1345 1865 1434 1897 quam
1449 1866 1558 1887 necare.
1596 1856 1672 1889 Huc
1688 1867 1789 1898 usque
1808 1856 1870 1890 La-

991 1897 1146 1936 stantius,
1170 1896 1326 1938 angustias
1349 1898 1430 1937 juris
1457 1897 1568 1930 Civilis
1591 1899 1623 1930 in
1650 1898 1698 1930 his
1717 1899 1870 1935 omnihus

990 1948 1030 1969 cx
1047 1936 1141 1969 seculi
1161 1937 1203 1969 sui
1223 1937 1386 1979 disciplina
1412 1938 1602 1980 distinguens
1619 1940 1659 1971 ab
1677 1940 1790 1972 officio
1807 1941 1868 1973 viri

986 1979 1055 2021 justi
1071 1980 1099 2011 ἂ
1117 1979 1223 2011 sancti.
1254 1980 1305 2011 Ad
1323 1981 1410 2021 quod
1428 1983 1567 2020 pertinet
1587 1991 1717 2023 quoque
1732 1981 1798 2013 hoc
1814 1981 1869 2022 Ju-

990 2022 1060 2053 stini
1076 2020 1231 2062 Martyris
1243 2045 1252 2060 ,
1278 2021 1336 2052 Pro
1355 2020 1529 2062 Christianis
1544 2023 1673 2065 apologia
1679 2023 1813 2063 secunda
1828 2023 1868 2055 ad

989 2064 1177 2094 Antoninum
1192 2063 1282 2094 Pium
1297 2071 1367 2104 pag.
1387 2073 1436 2102 70.
1461 2063 1528 2095 Nos
1536 2064 1626 2104 sane,
1649 2074 1685 2096 ne
1701 2073 1785 2106 quem
1797 2071 1866 2106 per-

985 2108 1161 2146 sequamur,
1184 2114 1257 2135 neve
1279 2105 1452 2143 impietatem
1468 2109 1696 2145 committamus,
1716 2113 1822 2147 pueros
1840 2116 1869 2137 e·

989 2148 1063 2220 lizam
1079 2155 1174 2177 recens
1192 2151 1273 2178 natos
1288 2153 1445 2187 exponere,
1468 2147 1661 2188 improborum
1676 2147 1728 2189 effe
1744 2149 1867 2181 dicimus

1000 2197 1144 2220 wihmunt.

1084 2300 1153 2335 tx.

69 2389 294 2429 constitutam
313 2390 641 2428 animadversionem
658 2392 745 2438 cujus
762 2394 871 2427 mentio
884 2391 926 2438 fit
941 2394 968 2427 d.
982 2394 1000 2427 l.
1016 2401 1043 2427 ε.
1068 2393 1100 2427 C.
1127 2391 1161 2426 de
1179 2390 1353 2438 iaflintibtts
1368 2390 1529 2439 expositis,
1544 2403 1601 2426 non
1621 2391 1744 2427 aliunde
1761 2398 1865 2439 peten-

122 2442 210 2484 dam,
237 2453 326 2486 quain
343 2453 381 2475 ex
397 2442 415 2476 l.
441 2445 471 2479 8.
496 2442 527 2475 C.
557 2442 609 2477 Aa
622 2442 717 2488 legem
735 2441 904 2477 Corneliam
923 2440 1101 2486 desttariis.

1157 2440 1288 2486 Uterque
1311 2442 1393 2475 lacus
1414 2438 1634 2487 diligenter&
1647 2440 1735 2487 plene
1749 2441 1864 2489 enpustm
1888 2452 1895 2454 ‘

122 2497 191 2533 tus,
218 2491 338 2536 rejectis
355 2490 472 2535 Jaeoln'
487 2491 624 2537 Cujacii,
651 2492 766 2537 Jacohi
782 2491 953 2534 Rcevarcli‚
979 2491 1182 2535 aliorumque,
1205 2490 1401 2536 opinionibus.

73 2598 271 2673 Superest,
294 2607 330 2630 ut
346 2600 561 2641 explicemus,
586 2610 655 2641 quae
671 2600 708 2632 fit
725 2601 776 2632 illa
795 2598 950 2642 constituta

142 2639 368 2678 animadverfio,
386 2650 479 2680 quam
497 2644 527 2674 in
547 2647 573 2673 a.
591 2643 610 2673 l.
632 2653 648 2674 2
680 2643 712 2674 C.
736 2644 769 2673 de
784 2643 950 2681 infantibus

76 2678 209 2721 expositis
223 2681 388 2721 indigitant
400 2682 522 2722 Iinppp.
532 2684 774 2716 Valentinianus
785 2707 795 2722 ‚
812 2683 928 2715 Valens
938 2705 948 2722 ‚

77 2722 108 2753 ἃ
127 2719 317 2758 Granianon
340 2731 414 2753 curn
434 2723 660 2766 Unusquisque,
683 2725 851 2765 inquiunt,
868 2725 949 2764 sobo-

76 2763 131 2793 lem
151 2772 235 2801 suom
257 2764 380 2808 nutriat.
427 2763 512 2807 Quod
524 2764 552 2803 fi
569 2768 765 2807 exponendam
777 2767 948 2807 putaverit,

74 2804 334 2835 animadvcrliot.i
348 2826 357 2840 ‚
372 2813 433 2844 quae
450 2806 620 2838 constituta
632 2805 867 2849 eli,subjacel7it.
893 2806 951 2839 Pu-

74 2852 111 2877 to
129 2852 233 2876 autem
245 2868 253 2883 ,
279 2845 445 2880 capitalem
461 2845 524 2877 effe
540 2856 609 2879 eam
625 2847 928 2880 animadversionem
939 2870 948 2887 ,

74 2895 171 2926 atque
194 2895 233 2916 ex
258 2885 329 2923 lege
356 2884 503 2917 Cornelia
528 2888 568 2919 de
592 2888 705 2920 ficariis
730 2889 947 2930 infligendam.

78 2927 156 2969 Quo
179 2926 272 2968 jure?
297 2936 335 2957 cx
356 2926 544 2958 auctoritate
564 2929 582 2958 l.
602 2934 629 2963 8.
652 2930 684 2961 C.
707 2930 758 2961 Aa
775 2932 862 2972 legem
881 2930 948 2961 Cor-

78 2969 184 3000 neliam
199 2970 231 2999 de
240 2966 372 3005 ficariis:
390 2969 555 3005 Cujushaec
565 2970 694 3010 apposui
711 2971 816 3002 verba.
836 2971 947 3012 Inippp.

80 3011 198 3042 Valent.
228 3010 336 3040 Valens
361 3007 395 3042 &-
419 3009 559 3042 Gratian.
580 3011 685 3042 AAA.
710 3013 747 3042 ad
768 3012 892 3043 Probum
911 3012 948 3044 P.

78 3052 116 3083 P.
141 3051 175 3082 Si
191 3051 254 3091 quis
273 3052 392 3081 necarati
408 3051 534 3087 infantis
545 3053 694 3091 piaculum
710 3053 875 3093 aggreffus,
899 3062 949 3095 ag-

75 3090 272 3134 greffavefit:
287 3092 356 3125 [cim
369 3097 393 3122 le
409 3093 527 3131 capitali
536 3094 678 3133 supplicio
695 3094 745 3133 effe
757 3096 946 3133 puniendum.

77 3133 113 3165 Pv
145 3133 177 3164 P.
205 3143 221 3173 7
268 3133 309 3163 Id.
339 3132 472 3163 Februar.
500 3133 614 3172 Rowae,
638 3135 783 3166 Gratiano
802 3135 842 3165 A.
861 3145 892 3176 3.
911 3135 948 3171 &²

77 3174 195 3206 Eauiiz‘o
215 3174 282 3214 Coff
304 3184 372 3214 374.
411 3174 612 3217 Quamquam
634 3185 693 3208 nec
710 3176 774 3207 hoc
790 3175 878 3208 forte
892 3187 946 3209 ex-

74 3224 135 3287 tra1
139 3224 267 3288 ριηῃῖηι
285 3215 346 3248 effe
362 3215 585 3252 difficultatem
606 3217 786 3252 videbitur:
803 3218 875 3260 quia
892 3219 945 3252 ali-

140 3265 194 3288 vm.
238 3279 245 3288 ι

993 2608 1040 2632 ter
1055 2608 1123 2631 eam
1139 2600 1244 2641 legem
1260 2599 1508 2640 interpretantur
1524 2599 1592 2632 Viri
1609 2598 1751 2639 Summi,
1774 2600 1867 2640 Jaco-

992 2643 1050 2673 bus
1078 2641 1223 2682 Cujacius
1240 2664 1250 2679 ,
1274 2642 1304 2673 &
1326 2641 1465 2681 ‚lacobus
1490 2640 1671 2673 Raevardus.
1715 2641 1864 2683 Cujacius

991 2691 1080 2716 certe
1102 2685 1193 2724 (nam
1210 2683 1250 2714 ab
1268 2692 1309 2714 eo
1333 2683 1456 2715 initium
1473 2681 1607 2724 faciam)
1628 2683 1676 2715 lib.
1693 2687 1723 2715 6.
1742 2684 1865 2724 Obftrv.

990 2735 1016 2756 c.
1035 2735 1085 2756 21.
1110 2734 1178 2756 eam
1206 2724 1336 2755 exaudit
1360 2725 1400 2756 de
1420 2733 1626 2766 quocumque
1644 2724 1786 2761 infante;
1810 2735 1867 2765 pu-

994 2774 1122 2806 tatque,
1147 2775 1183 2796 ea
1201 2765 1272 2797 tolli
1290 2765 1542 2806 dubitationem,
1566 2775 1638 2807 qua:
1663 2767 1745 2807 apud
1765 2766 1865 2797 Vete-

992 2818 1041 2839 res
1057 2807 1172 2844 fuerit,
1188 2816 1227 2838 an
1245 2806 1375 2840 infantis
1392 2809 1495 2841 caedes
1517 2808 1587 2850 lege
1605 2808 1753 2841 Cornelia
1771 2808 1811 2840 de
1827 2806 1864 2837 fi-

992 2849 1084 2880 cariis
1100 2849 1204 2889 puniri
1220 2848 1332 2887 poss'et.
1378 2849 1480 2895 Quod
1495 2859 1562 2882 non
1580 2849 1703 2891 probo:
1726 2851 1792 2879 imo
1810 2856 1864 2878 ve-

992 2899 1085 2929 reor,
1109 2899 1150 2921 ne
1169 2889 1332 2930 Cujacius,
1347 2901 1420 2924 cum
1436 2891 1478 2924 fic
1495 2891 1622 2929 censet,
1639 2898 1747 2931 parum
1763 2889 1866 2920 inten-

991 2932 1073 2963 derit
1096 2930 1200 2963 felicis
1214 2933 1344 2973 -ingenii
1366 2934 1460 2966 vires.
1505 2932 1586 2976 Quis
1603 2933 1688 2963 enim
1708 2929 1864 2975 Veterum

991 2972 1167 3011 dubitavit,
1190 2982 1228 3005 an
1246 2974 1364 3014 infans,
1383 2976 1493 3016 utique
1512 2975 1636 3010 editus,
1661 2978 1784 3011 agnitus
1797 2992 1806 3009 ‚
1830 2979 1863 3002 a·

993 3014 1077 3055 lique
1091 3013 1203 3055 jussus,
1226 3015 1303 3047 homo
1320 3017 1550 3058 intelligeretur
1562 3014 1579 3045 ‘2
1601 3021 1708 3043 nemo.
1746 3010 1824 3043 Non
1842 3013 1865 3044 i-

991 3057 1076 3096 gitur
1090 3056 1154 3096 ejus
1170 3055 1298 3090 infantis
1315 3059 1418 3090 caedes
1437 3065 1551 3088 novam
1566 3052 1762 3085 desiderabat
1774 3052 1867 3086 Con-

991 3097 1206 3131 stitutionem:
1230 3100 1324 3140 quia,
1347 3108 1383 3131 ut
1399 3099 1519 3137 absque
1536 3105 1572 3126 ea
1588 3094 1693 3132 foret,
1718 3101 1823 3126 tamen
1839 3093 1863 3127 fi

991 3138 1069 3171 dolo
1082 3139 1166 3171 malo
1180 3138 1257 3172 ess'et
1281 3141 1423 3178 occisus,
1449 3137 1503 3170 etsi
1527 3135 1650 3174 infans,
1674 3142 1780 3168 tamen
1802 3136 1865 3168 ho-

989 3188 1062 3221 mo,
1082 3181 1144 3222 jam
1171 3182 1224 3213 lex
1250 3181 1401 3214 Cornelia
1420 3180 1459 3211 de
1473 3179 1586 3210 sicariis
1602 3176 1776 3210 sufficiebat
1792 3177 1812 3209 l.
1833 3187 1863 3209 1.

988 3221 1016 3265 §.
1028 3232 1056 3255 2.
1076 3222 1186 3294 D.OAd
1202 3222 1289 3263 legem
1303 3221 1464 3255 Corneliam
1479 3217 1648 3258 deficariis.
1678 3217 1731 3253 Ne
1747 3219 1862 3252 addam

1157 3272 1178 3295 o
1194 3273 1215 3295 0
1237 3274 1255 3296 2

1755 3269 1861 3303 nunc,
1909 3279 1911 3281 -
