2052 3487
193 180 241 216 92

195 257 348 289 sermonis
368 266 376 288 ε
410 262 474 295 quo
503 247 650 292 placuit,
679 244 897 278 Duumvirssm
920 244 983 276 dici
1002 253 1062 290 pro

196 299 449 330 Duumvirorum
464 317 474 332 ,
499 294 528 324 ἃ
543 288 766 321 Triumvirfim
786 296 843 327 pro
859 285 1063 318 TriumViro-

197 349 266 372 rum
284 361 293 377 ‚
317 338 346 368 &
373 332 603 367 Decemvirum
625 339 683 371 pro
707 328 989 360 Decemvirorum.

239 379 316 412 Non
337 377 430 410 igitur
452 372 618 415 separanda
638 377 654 401 a
680 369 837 401 Praetorio
852 369 975 408 judicio
995 367 1064 399 sunt

198 410 432 452 Decemvirsirn
453 415 586 456 judicia:
609 421 670 443 nec
688 411 786 453 magis
804 409 1061 453 Centumvirfim.

197 461 316 501 Atqui,
340 458 465 499 inquies
482 480 492 495 ‚
529 453 731 487 Centumviri
757 460 894 494 quatuor
918 450 1063 482 Consiliis

197 501 495 536 conscribebantur,
517 496 592 528 inde
610 502 747 534 quatuor
765 492 971 525 tribunalibus
987 501 1064 522 con·

196 543 360 579 fidebant,
385 540 414 572 ὅτ,
433 537 631 579 quadruplex
657 545 768 567 eorum
787 534 941 574 judicium
969 541 1064 579 voca-

195 585 298 615 batur.
340 582 402 614 Sed
432 580 580 611 omnibus
606 578 728 609 Praetor
759 585 834 608 cum
858 574 1062 620 Decemviris

196 632 351 663 Draecrat3
384 631 440 661 ae,
462 621 484 653 fi
504 620 555 652 vel
576 620 622 651 rei
640 617 847 659 magnitudo,
879 616 929 648 vel
953 615 1064 662 obleu-

195 659 291 704 iitas,
314 665 366 696 vel
385 663 587 704 exemplum,
612 660 755 691 omnium
779 666 908 699 urgeret
931 666 1065 702 conjun-

198 707 339 739 aionem
355 730 364 746 ‚
397 714 493 737 unum
519 713 559 734 ex
583 700 732 733 omnibus
752 699 968 731 constituebat
983 699 1063 739 judi·

196 750 282 780 cium
298 772 308 786 ,
332 747 387 779 etsi
404 745 601 787 quadruplex
619 741 843 783 appellaretur.
890 739 962 771 Nee
981 749 1064 785 opus

194 790 318 821 verbis:
342 789 450 820 omnia
467 789 549 818 enim
570 783 726 820 Consilia,
750 791 929 822 omnesque
954 783 1005 822 qui
1030 791 1061 812 in

194 830 322 872 singulis
344 829 513 866 sedebant,
546 824 776 858 Centumviros
802 825 835 856 in
855 833 934 863 una,
966 832 1063 868 atque

196 872 307 913 infigni
321 894 330 909 ,
354 869 442 901 causa
460 869 577 900 eodem
592 875 741 907 tempore
757 864 927 906 judicasse,
951 874 991 895 ex
1006 864 1062 895 1110

193 913 315 945 Valerii
325 913 373 942 lib.
385 920 412 951 7.
427 917 489 952 cap.
502 920 529 950 7.
539 909 568 952 §.
583 918 610 942 1.
621 908 818 948 intelligitur.
840 906 1004 938 Militantis
1013 915 1063 936 cu-

192 954 313 996 jusdam
333 959 417 994 pater
431 975 442 991 ,
473 962 539 982 cum
564 952 598 981 de
619 955 708 981 morte
724 949 786 989 filii
806 949 919 988 falsum
939 945 1064 987 ecastris

195 996 336 1026 nuncium
360 993 525 1034 accepzffet,
559 992 625 1023 aliis
645 992 794 1022 heredibus
807 991 928 1031 scriptis
945 987 1062 1029 deceffit.

195 1036 328 1068 Perat't‘is
351 1036 451 1066 deinde
464 1032 635 1075 stipendiis,
665 1032 822 1071 adolescens
840 1030 989 1071 reversus,
1012 1031 1058 1060 do-

195 1088 272 1109 mum
302 1087 394 1108 errore
415 1078 512 1118 patris
531 1099 540 1113 ‚
574 1075 808 1115 impudentiaque
836 1073 993 1104 amicorum
1008 1069 1064 1108 fibi

195 1119 323 1160 clausam
352 1119 463 1159 reperit.
517 1117 600 1160 rQuid
632 1117 706 1146 enim
732 1114 789 1145 illis
815 1112 1064 1145 inverecundius?

189 1159 293 1201 florem
308 1160 442 1202 juventa
453 1165 506 1200 pro
525 1157 668 1198 republica
684 1156 893 1196 absumpserat,
925 1156 1065 1198 artissimos

196 1202 305 1233 labores
331 1200 367 1236 &⁹
393 1201 525 1242 plurima
553 1198 684 1240 pericula
713 1198 911 1233 toleraverat,
949 1195 1064 1232 adverso

195 1250 308 1284 corpore
329 1249 463 1282 excepms
486 1239 645 1282 ostendebat
668 1239 815 1270 cicatrices
831 1261 841 1277 ,
878 1237 915 1272 &³
939 1235 1064 1281 postula-

194 1287 263 1322 hat,
288 1294 323 1315 ne
345 1285 441 1315 avitos
456 1283 518 1325 ejus
533 1282 606 1313 lares
624 1280 711 1319 otiosa
734 1279 787 1320 ipsi
804 1280 870 1310 urbi
886 1288 970 1309 onera
982 1277 1065 1318 poffi-

195 1328 308 1357 tierent.
352 1326 457 1366 ltaque
480 1322 611 1364 tlepofitz's
627 1322 734 1360 arinis,
765 1320 879 1352 conitus
899 1318 938 1360 eft
953 1322 984 1350 in
996 1319 1064 1359 foro

196 1373 327 1408 togatam
347 1367 460 1406 ingredi
482 1365 626 1396 militiam.
670 1364 789 1394 Acerba.
812 1372 878 1393 cum
902 1358 1066 1401 improbzffi-

196 1411 252 1440 mis
275 1410 350 1439 enim
374 1408 521 1438 heredibus
544 1407 578 1436 de
586 1406 719 1446 paternis
743 1405 822 1435 honis
843 1404 921 1441 apud
936 1405 1067 1432 Centum-

195 1452 276 1481 viros
290 1449 452 1487 contendit,
475 1448 661 1487 omnibusque
675 1455 732 1475 non
744 1446 836 1483 solum
853 1442 1003 1481 Consiliis,
1012 1443 1066 1482 sed

196 1493 283 1522 etiam
304 1490 453 1525 sementiis
475 1489 601 1529 superior
618 1485 747 1524 disceffit.
797 1485 870 1517 Nec
899 1487 1002 1516 minus
1024 1493 1066 1515 ex

197 1532 263 1563 hoc
282 1531 373 1562 Plinii
397 1531 446 1561 lib.
457 1533 486 1561 6.
504 1527 583 1570 episi.
595 1538 645 1569 33.
670 1527 951 1568 Reminasplcndicle
974 1532 1063 1561 nata3

198 1580 292 1613 nupta
310 1573 447 1604 Praetorio
464 1572 550 1609 viro,
572 1570 743 1600 exheredata
762 1570 798 1599 ab
817 1568 993 1609 octogenario
1011 1574 1065 1607 pa-

199 1620 261 1653 tre,
286 1615 365 1644 intra
381 1612 607 1649 undecunaies,
630 1614 718 1652 quam
744 1610 790 1640 ille
815 1619 968 1641 novercam
988 1610 1014 1639 ei
1035 1618 1065 1639 a·

197 1665 274 1686 nzore
297 1661 399 1695 captus
424 1654 585 1685 induxerat
606 1675 616 1690 ,
646 1651 829 1693 quadruplici
849 1650 961 1692 judicio
992 1651 1065 1680 bona

191 1703 316 1738 paterna
330 1697 481 1736 repetebat.
526 1694 665 1725 Sedebant
674 1693 786 1734 judices
805 1698 920 1723 centum
936 1690 973 1725 ἐξ
993 1690 1065 1722 otio·

196 1739 292 1780 ginta.
322 1737 391 1777 (tot
414 1737 492 1768 enim
513 1740 638 1776 quatuor
665 1732 788 1770 consiliis
814 1732 1064 1772 conscribuntur)

198 1782 300 1821 ingens
322 1779 466 1819 utrimque
488 1776 658 1814 advocatio,
689 1773 726 1809 ὅ)
742 1775 892 1814 numerosa
906 1774 1063 1813 subfhllia3

192 1826 332 1862 praeterea
355 1821 441 1856 densa
465 1815 713 1857 circumstantium
739 1825 843 1847 corona
857 1837 867 1853 ,
899 1813 1067 1854 latiffimum

193 1861 340 1904 judicium
355 1859 507 1901 multiplici
530 1857 638 1890 circulo
656 1857 791 1888 ambibat.
839 1856 890 1888 Ad
916 1854 1067 1895 bocfiipa-

201 1909 264 1936 tum
293 1902 450 1942 tribunal,
484 1906 571 1942 atque
598 1900 687 1931 etiam.
713 1908 751 1931 ex
767 1898 916 1940 superiore
938 1895 1069 1936 Bafilicae

804 156 1107 192 GERARDI

1156 152 1386 192 Noonr

1100 245 1211 286 parte,
1224 253 1283 286 qua
1293 245 1442 284 faemina,
1464 252 1524 287 qua
1541 245 1620 284 viri,
1644 243 1680 280 ΕΡ
1699 240 1865 285 attaiendi',
1894 248 1968 288 quod

1105 284 1238 325 difficile,
1260 285 1296 320 ὅ)
1311 288 1387 358 Ξῐῑιοά
1393 287 1485 326 facile
1492 310 1503 326 ,
1525 287 1638 327 visendi
1646 284 1746 327 studio
1767 288 1966 321 imminebant.

1106 327 1225 367 Magna
1243 335 1311 367 expe
1343 330 1399 359 atio
1410 335 1531 369 patrum
1542 351 1552 367 ,
1574 338 1680 369 magna
1690 328 1844 367 filiarum,
1861 339 1969 370 magna

1106 370 1193 399 etiam
1208 378 1407 400 novercarum.
1433 369 1554 401 Secutus
1566 368 1605 410 est
1621 372 1724 401 varius
1740 376 1869 402 eventus.
1885 371 1970 402 Nam

1106 411 1214 440 duobus
1231 409 1352 447 confiliis
1367 410 1507 449 vicimus,
1530 413 1644 442 totidem
1667 410 1860 450 vitiisumus.
1905 410 1971 443 No·

1106 451 1201 496 tabilis
1215 453 1331 491 prorsus
1345 462 1388 482 res
1414 451 1451 485 δέ)
1469 454 1562 491 mira,
1584 454 1680 484 eadem
1698 454 1729 483 in
1744 454 1848 492 causa,
1870 453 1970 484 iisdem

1101 502 1138 533 ju
1149 493 1268 530 litibus,
1290 494 1388 523 iisdem
1407 494 1574 533 advocatis,
1597 495 1688 525 eodem
1707 500 1828 535 tempore
1845 517 1854 533 ,
1885 500 1971 526 tanta

1106 531 1257 571 diverfitas
1272 536 1378 565 accidit
1395 533 1461 571 casii
1477 536 1610 576 quidem,
1624 536 1679 575 secl
1696 545 1753 566 non
1771 540 1804 566 ut
1827 535 1907 575 casus
1923 537 1971 567 vi-

1107 576 1231 606 deretur.
1275 574 1364 606 Vitta
1395 574 1434 615 est
1457 585 1589 608 noverca.
1634 577 1686 608 Sic
1706 600 1716 615 ‚
1751 576 1773 608 fi
1795 586 1844 609 res
1875 577 1971 616 digna

1108 615 1286 661 esset-tanti
1308 616 1416 657 judicii
1443 617 1613 657 majestate.
1657 619 1699 649 At
1723 617 1743 649 fi
1767 627 1863 658 parva
1894 617 1972 649 effet

1108 658 1136 688 ἃ
1156 657 1263 695 exilis,
1286 658 1395 698 quales
1410 658 1579 699 plerasque
1600 659 1712 698 fuiffe,
1734 660 1855 691 Plinius
1872 660 1973 691 docet

1106 699 1153 729 lib.
1172 708 1199 729 ρ.
1225 697 1303 739 epist.
1325 708 1369 737 14.
1394 699 1565 732 obtinuiffe
1583 701 1729 739 videtur,
1760 710 1800 731 ne
1819 700 1973 732 Centum-

1107 740 1165 771 viri
1191 740 1221 771 in
1250 749 1311 771 una
1330 750 1440 772 omnes
1459 742 1568 782 caule,
1602 741 1654 773 sed
1673 742 1768 782 aliqui
1785 751 1825 773 ex
1845 742 1974 773 illorum

1106 790 1245 822 corpore
1270 791 1286 813 a
1318 782 1461 814 Praetore
1483 783 1647 824 delegati,
1679 783 1850 815 sederent:
1881 792 1974 815 more

1105 823 1242 854 formffis
1261 823 1390 855 indutio
1417 834 1433 855 a
1453 823 1662 865 Vespaiianoz
1687 825 1727 856 de
1752 834 1819 865 quo
1836 824 1880 855 ita
1897 823 1974 856 Sue-

1107 865 1212 896 tonius
1231 866 1261 895 in
1277 865 1338 905 eju-s
1353 866 1417 896 vita
1433 876 1455 898 c.
1479 874 1524 897 10.
1553 867 1632 897 Sorte
1649 866 1733 907 elegit
1757 873 1810 906 per
1831 876 1901 907 quos
1924 876 1973 898 ra-

1102 912 1155 946 pta
1174 906 1239 936 bello
1255 905 1493 945 restituerentur:
1515 909 1621 949 quique
1633 907 1750 949 judicia
1775 909 1974 939 centumvira-

1106 948 1145 978 lia
1156 970 1164 985 ‚
1186 948 1289 988 quibus
1300 949 1471 988 peragendis
1488 948 1716 989 vixsuffec'tura
1736 948 1918 990 litigatorum
1935 959 1972 979 ce-

1107 994 1152 1019 tas
1172 989 1346 1027 videbatur,
1369 995 1453 1020 extra
1471 990 1598 1021 ordinem
1618 991 1833 1032 dijudicarent,
1862 991 1974 1031 redige-

1107 1036 1225 1070 rentque
1242 1030 1279 1060 ad
1296 1028 1491 1070 brevzffimum
1511 1040 1674 1063 numerum.
1718 1030 1839 1071 Utique
1854 1031 1928 1065 inde
1942 1032 1975 1062 in

1109 1080 1244 1112 quatuor
1267 1071 1327 1102 illis
1351 1071 1560 1103 tribunalibus
1589 1072 1695 1112 plures
1727 1072 1834 1103 causas
1857 1074 1976 1104 eodem

1087 1121 1257 1153 -tempore
1284 1112 1325 1143 sic
1350 1112 1432 1144 athis
1458 1111 1550 1144 fuisse
1568 1135 1578 1151 ,
1611 1121 1646 1143 ut
1670 1113 1843 1153 aliquando
1867 1115 1921 1153 qui
1943 1115 1977 1145 in

1108 1164 1173 1185 uno
1200 1162 1364 1194 peroraret
1390 1154 1565 1192 tribunali,
1595 1154 1758 1185 audiretur
1782 1154 1821 1185 ab
1847 1153 1896 1186 his
1921 1157 1976 1195 qui

1108 1196 1139 1227 in
1157 1195 1281 1226 caeteris
1301 1195 1562 1235 negotiarentur,
1585 1196 1704 1226 indicat
1723 1195 1857 1236 sequens
1872 1194 1976 1239 Quin-¹

1109 1237 1207 1267 tiliani
1227 1236 1316 1268 locus
1339 1237 1386 1267 lib.
1406 1246 1467 1268 ΧΠ.
1491 1234 1564 1277 lnfl.
1582 1242 1655 1268 orat.
1675 1247 1699 1268 c.
1714 1248 1745 1277 5.
1772 1237 1847 1268 Cum
1869 1239 1901 1268 in
1919 1237 1977 1268 Ba-

1101 1277 1185 1316 filz'ca
1201 1277 1290 1318 Julia
1305 1279 1408 1308 diceret
1419 1279 1513 1318 primo
1534 1277 1697 1316 tribunali,
1731 1285 1858 1319 quatuor
1880 1285 1978 1310 autem

1103 1320 1238 1360 judicia,
1261 1325 1294 1349 ut
1311 1321 1395 1350 moris
1416 1318 1472 1360 est,
1496 1325 1678 1360 cogerentur,
1710 1326 1796 1360 atque
1810 1321 1906 1351 omnia
1920 1320 1978 1351 cla-

1108 1361 1232 1402 moribus
1241 1360 1403 1399 fremerent
1414 1384 1422 1398 ,
1439 1360 1476 1394 {9⁹
1492 1362 1627 1391 auditum
1643 1370 1707 1391 eum
1725 1361 1762 1395 ὃ)
1780 1360 1976 1399 ἱηῐεῖἰεὲἳιιηι,

1109 1401 1146 1436 [5²
1164 1402 1238 1443 quod
1257 1403 1408 1441 agentibus
1424 1404 1531 1434 caeteris
1547 1402 1779 1441 contumeliosum
1790 1403 1879 1441 fuit,
1910 1403 1976 1434 lau-

1109 1445 1208 1474 datum
1231 1453 1341 1484 quoque
1364 1452 1400 1473 ex
1416 1451 1541 1484 quatuor
1563 1444 1759 1474 tribunalibus
1776 1445 1901 1475 memini.
1948 1443 1976 1475 I-

1109 1485 1183 1515 ‹leui
1210 1484 1339 1515 discitur
1366 1494 1407 1515 ex
1433 1484 1496 1515 hoc
1520 1483 1612 1515 Plinii
1644 1486 1672 1515 d.
1707 1482 1787 1525 epist.
1808 1493 1855 1523 14.
1878 1484 1926 1516 lib.
1942 1495 1973 1516 2.

1109 1526 1263 1557 Narrabat
1281 1526 1345 1564 ille,
1370 1525 1538 1566 Affetlabar
1553 1525 1717 1557 Domitium
1734 1525 1868 1565 Afrum,
1879 1535 1975 1567 qttttm

1108 1569 1186 1600 aDttd
1211 1567 1412 1597 Centum-viros
1441 1568 1544 1598 diceret
1567 1570 1703 1609 graviter
1727 1567 1764 1602 ὅ)
1793 1567 1868 1598 lente
1900 1568 1977 1608 (boc

1107 1610 1180 1639 enim
1202 1608 1248 1638 illi
1275 1608 1396 1639 aclionis
1422 1618 1515 1649 genus
1544 1609 1630 1648 erat)
1660 1609 1755 1640 audiit
1780 1617 1817 1639 ex
1844 1610 1977 1649 proximo

1106 1650 1288 1680 immodicum
1309 1649 1509 1691 infinitumque
1534 1650 1702 1688 clamorem,
1734 1650 1897 1681 admiratus
1912 1651 1980 1681 reti·

1107 1692 1188 1722 cuit.-
1210 1692 1259 1721 ubi
1270 1689 1421 1728 silentium
1429 1691 1550 1729 factum
1566 1689 1625 1731 est,
1647 1693 1766 1730 repetit,
1801 1691 1876 1731 quod
1891 1692 1978 1722 abru-

1101 1738 1205 1773 perat:
1222 1734 1327 1763 iterum
1346 1732 1470 1770 clamor,
1489 1734 1594 1763 iterum
1613 1733 1751 1771 reticuit3
1768 1730 1804 1765 ὅ)
1817 1730 1879 1772 post
1891 1731 1978 1770 silen-

1108 1775 1182 1804 tium
1207 1774 1290 1813 coepit
1321 1774 1394 1804 idem
1423 1775 1515 1805 tertio.
1559 1771 1722 1813 Noviffime
1755 1773 1821 1814 quis
1846 1774 1980 1811 diceret,

1109 1813 1242 1855 quaefivit
1259 1838 1269 1852 ,
1301 1814 1463 1854 responsum
1492 1812 1531 1853 est
1557 1814 1672 1846 Licius.
1719 1813 1794 1844 Tum
1819 1813 1980 1853 intermiffa

1110 1856 1218 1895 causa,
1243 1855 1445 1894 corintiniani,
1476 1856 1595 1897 inquit,
1624 1855 1675 1887 hoc
1702 1854 1863 1896 artificium
1875 1856 1980 1897 periit.

1110 1894 1256 1929 Tantum
1272 1896 1312 1929 de
1333 1897 1479 1929 decreto.

877 2017 1091 2054 CAPUT
1140 2015 1307 2053 XIII.

199 2120 252 2156 De
278 2119 426 2165 Judicum
451 2117 582 2152 datione.

636 2116 699 2152 Eos
723 2127 744 2151 a
768 2115 904 2151 Prcetore
930 2121 985 2149 aut
1011 2114 1146 2160 Prcefide
1172 2115 1246 2159 eligi
1262 2112 1371 2160 fhlltos
1388 2141 1397 2156 ,
1431 2112 1473 2152 ὅ)
1507 2116 1539 2149 in
1571 2115 1675 2149 album
1710 2122 1800 2160 atque
1832 2115 1865 2149 in
1891 2115 1979 2150 decu-

272 2171 336 2204 rias
363 2167 486 2214 referri.
536 2166 718 2201 saeuorum
742 2165 899 2211 publicum
925 2162 966 2203 δέ)
992 2164 1187 2210 necelsizriuaen
1203 2161 1302 2210 suff?
1328 2174 1468 2205 rnunu53
1507 2162 1564 2209 nifi
1597 2161 1777 2207 excusarent
1793 2162 1831 2208 sie
1857 2164 1891 2198 ob
1913 2166 1978 2209 pri·

274 2218 424 2263 vilegium
449 2216 499 2250 vel
516 2214 637 2261 justam
660 2212 793 2260 causam.
848 2214 922 2247 Cum

948 2213 1059 2258 Judex
1086 2213 1202 2247 dandus
1227 2211 1321 2258 efflet,
1353 2224 1410 2246 non
1442 2213 1539 2247 alium
1571 2212 1640 2246 dari
1663 2211 1788 2258 potuffi
1814 2224 1834 2246 a
1859 2212 1980 2247 Praeto-

271 2279 324 2308 γε,
351 2277 442 2311 qnam
458 2263 565 2311 sorte,
593 2270 683 2308 atque
707 2274 745 2297 ex
770 2262 906 2297 Selenis.
928 2261 986 2306 fui
1013 2274 1028 2297 e
1057 2258 1098 2300 ὃ)
1115 2260 1185 2306 fine
1200 2260 1287 2308 sorte
1312 2261 1416 2295 datum
1449 2272 1489 2295 ex
1514 2261 1709 2308 litigatorum
1735 2259 1902 2307 consensu:
1937 2257 1979 2299 ἐξ

273 2326 337 2362 quae
365 2316 397 2348 in
424 2321 546 2358 utroque
569 2323 681 2357 genere
697 2310 804 2356 faerit
830 2309 1019 2357 differentia.

271 2361 378 2409 cept'ffie
395 2389 404 2404 ‚
438 2363 516 2396 nihil
537 2368 687 2406 prceterea
704 2369 714 2393 .·

274 2412 317 2453 &²
337 2410 471 2458 potestas
498 2411 573 2456 ejus.
625 2409 677 2445 An
700 2410 832 2454 potuerit
857 2410 942 2444 auor
961 2408 1029 2455 post

1074 2311 1239 2355 Judicem‚
1263 2321 1331 2345 cum
1357 2310 1566 2351 addiceretur,
1603 2318 1725 2344 tanturn
1752 2311 1903 2345 notionem
1928 2321 1979 2343 ac-

739 2358 925 2405 solitamque
959 2361 988 2395 ei
1008 2359 1166 2406 prcescribi
1181 2358 1357 2405 formulam
1393 2359 1474 2404 clusus
1504 2359 1644 2393 terminis
1671 2359 1873 2393 includeretur
1899 2358 1979 2392 notio

1053 2409 1138 2442 litem
1164 2406 1364 2455 contestatam
1390 2416 1445 2441 aut
1473 2408 1633 2442 emendare
1658 2416 1712 2442 aut
1738 2414 1860 2442 mutare
1883 2408 1978 2441 attio-

274 2474 362 2503 nem,
390 2468 445 2494 aut
471 2461 510 2493 ab
536 2470 572 2493 ea
600 2457 757 2504 desistere,
786 2459 882 2492 invito
907 2458 983 2492 reo?
1008 2455 1049 2496 &³
1074 2457 1144 2502 quid
1160 2458 1246 2503 juris
1263 2484 1272 2498 ‚
1291 2454 1324 2501 fi
1348 2468 1367 2490 a
1393 2456 1532 2491 Praetore
1557 2457 1737 2501 impetraret
1762 2458 1795 2490 in
1820 2458 1978 2501 integrum

272 2509 495 2557 restitutionem
521 2505 613 2553 causa
637 2507 761 2553 cognita
779 2507 796 2540 ἶ)
831 2506 913 2542 lte'm
939 2507 1011 2552 qnid
1028 2508 1115 2552 juris
1132 2531 1142 2550 ‚
1171 2503 1204 2551 fi
1229 2505 1335 2550 Judex
1356 2503 1534 2551 formulam
1561 2506 1753 2549 egrederetur
1777 2516 1817 2539 ex
1841 2502 1980 2549 consensa

274 2556 502 2603 litigatorum?
535 2555 711 2591 For-mutam
734 2553 833 2602 fuffi
866 2563 921 2591 aut
955 2553 1146 2601 angustam,
1178 2561 1233 2589 aut
1266 2554 1376 2590 latam.
1426 2553 1544 2601 Hujtcs‘
1567 2551 1753 2599 differentias
1778 2552 1904 2600 qffettus
1932 2553 1981 2586 in-

266 2606 383 2653 fignis.

200 2702 390 2780 Sequitur
407 2701 529 2742 Judicis
561 2701 674 2733 datio:
706 2702 736 2732 in
770 2710 831 2742 qua
862 2702 894 2734 id
933 2701 1071 2742 primum

275 2745 499 2781 monendum,
534 2743 664 2783 Judices
697 2743 789 2774 initio
817 2743 1007 2775 Conventus
1039 2744 1071 2774 in

201 2785 400 2827 provinciaa
416 2784 568 2822 Praefide‚
592 2784 624 2816 in
640 2783 718 2815 urbe
740 2793 756 2814 a
779 2785 996 2824 Praecoribus,
1026 2785 1070 2816 le-

200 2828 253 2869 gi,
277 2827 327 2867 &‚
352 2834 388 2858 ut
409 2827 489 2858 certi
513 2824 632 2863 errent,
663 2825 695 2856 iu
712 2825 875 2865 decurias,
904 2827 1002 2867 inque
1028 2826 1071 2857 al·

200 2870 299 2906 burn,
321 2866 434 2900 referri
452 2866 576 2899 solitos.
620 2865 797 2898 Praetorum
815 2875 904 2900 certe
924 2868 1071 2900 meminit

199 2911 241 2943 A.
270 2909 394 2942 Gellius
426 2909 474 2940 lib.
501 2917 548 2946 14.
578 2906 722 2939 Nouium
745 2907 916 2940 Atticarum
937 2920 961 2940 c.
979 2919 1007 2940 2.
1040 2909 1070 2940 &

201 2959 278 2985 ante
297 2951 415 2984 Cicero
438 2950 497 2983 Pro
517 2949 651 2981 Cluentio
673 2959 697 2980 c.
713 2959 763 2990 43.
802 2948 910 2981 Verba
934 2950 1067 2983 Cicero-

200 2994 249 3026 nis
270 3005 278 3025 :
313 2994 448 3025 Praetores
481 2992 586 3023 urbani
609 2991 661 3031 qui
681 2991 783 3031 jurati
804 2992 905 3022 debent
929 2993 1069 3033 optimum

199 3044 340 3077 quemque
353 3037 385 3066 in
411 3032 531 3065 Selettos
545 3031 670 3072 Judices
696 3032 812 3071 referre.
854 3033 927 3064 Albi
945 3034 1068 3064 mentio

201 3077 287 3115 apud
303 3076 460 3108 Senecam
481 3074 528 3106 De
543 3072 686 3114 beneficiis
702 3073 750 3104 lib.
761 3083 792 3113 53.
810 3083 834 3105 c.
849 3083 878 3113 7.
904 3074 934 3105 ἀ
956 3074 1068 3105 Sueto-

202 3116 292 3147 nium
308 3118 340 3149 in
366 3117 489 3149 Claudio
513 3125 538 3148 c.
561 3119 607 3148 16.
631 3114 735 3147 Etiam
752 3115 875 3155 Judicis
898 3124 938 3145 ex
960 3118 1069 3156 quinta

201 3156 333 3189 decuria
356 3158 504 3191 meminit
530 3156 664 3199 sequens
692 3156 860 3198 Inscriptio
888 3158 973 3197 apud
999 3156 1072 3189 Rei-

202 3196 324 3231 nefium
346 3199 423 3239 claff.
440 3204 469 3231 6.
488 3206 558 3240 pag.
575 3202 647 3240 406.

316 3248 350 3272 L.
374 3248 548 3276 eLon1o.
573 3250 602 3273 c.
627 3250 656 3272 F.
681 3247 802 3271 senc*

315 3289 572 3315 VITELLmo.
596 3291 640 3316 11.
666 3290 748 3315 VIR.
773 3290 796 3314 1.
817 3289 853 3315 1).

1228 2708 1364 2732 1vn1c.
1389 2708 1450 2731 nx.
1473 2708 1505 2731 v.
1527 2707 1621 2732 nne.

1228 2751 1248 2773 F,
1260 2750 1351 2782 Qvo.
1376 2750 1494 2772 punt„

1113 2783 1165 2815 Ex
1191 2784 1319 2824 quinta,
1350 2783 1497 2823 inquam,
1530 2781 1678 2813 decuria:
1702 2788 1753 2814 tot
1776 2780 1861 2814 enirn
1886 2779 1979 2812 fuiffe

1113 2825 1165 2857 vel
1182 2835 1223 2857 ex
1241 2824 1397 2856 Suetonio
1414 2822 1621 2864 intelligitur,
1645 2823 1700 2864 qui
1726 2823 1845 2861 refert,
1871 2822 1979 2864 Augu-

1114 2867 1194 2899 stum
1215 2867 1253 2897 ad
1272 2874 1336 2897 tres
1359 2866 1504 2897 decurias
1521 2864 1670 2904 Judicum
1688 2874 1759 2906 quae
1779 2872 1852 2896 ante
1869 2871 1978 2909 erant,

1113 2907 1265 2940 addidisse
1290 2915 1453 2947 quartam,
1483 2905 1599 2938 deinde
1631 2907 1808 2948 Caligulam
1832 2903 1979 2944 adJecisse

1113 2950 1275 2990 quintam,
1301 2947 1438 2980 Galbam
1456 2956 1563 2980 autem
1583 2947 1747 2988 Judicibus
1763 2971 1774 2987 ,
1797 2947 1894 2978 etiam
1911 2945 1978 2976 sex·

1112 2999 1177 3023 tam
1195 2991 1266 3022 addi
1285 2990 1507 3031 precantibus,
1530 2998 1600 3021 earn
1617 2989 1751 3031 negasse.
1774 2989 1837 3020 vid.
1861 2987 1979 3018 Sueten.

1111 3030 1244 3073 Angusto
1264 3041 1288 3062 c.
1314 3041 1363 3072 32.
1388 3031 1525 3074 Caligula
1548 3041 1572 3064 c.
1600 3035 1647 3063 16.
1665 3031 1702 3066 ὅ)
1718 3029 1813 3061 Galba
1835 3036 1859 3059 c.
1883 3037 1929 3067 14.

1153 3074 1229 3106 Hoc
1255 3073 1391 3114 primum
1426 3072 1489 3104 fuit
1507 3073 1722 3105 monendum:
1748 3070 1828 3102 illud
1846 3069 1977 3108 deinde,

1112 3116 1202 3156 quod
1229 3115 1283 3155 qui
1308 3114 1402 3146 eletli
1430 3122 1540 3154 erant,
1564 3114 1596 3146 hi
1619 3114 1697 3145 ficut
1719 3113 1752 3143 in
1780 3113 1904 3143 caeteris
1922 3119 1981 3150 pu-

1113 3157 1206 3188 blicis
1226 3157 1430 3195 muneribus,
1456 3157 1499 3188 ita
1515 3156 1589 3194 hic,
1611 3155 1666 3187 nili
1683 3152 1872 3185 excusarent
1890 3151 1919 3183 se
1937 3151 1981 3198 qb

1111 3198 1222 3238 justam
1239 3198 1361 3229 causam
1378 3205 1432 3229 aut
1442 3194 1832 3238 privilegium,judicandi
1850 3193 1982 3225 necefll-

1113 3247 1181 3270 tate
1211 3240 1422 3271 tenebantur:
1459 3246 1494 3269 ut
1517 3236 1642 3269 constat
1663 3246 1705 3268 ex
1728 3236 1748 3267 l.
1770 3241 1877 3276 13.‘pr.
1898 3233 1934 3268 &³
1950 3232 1982 3273 §.

1113 3291 1141 3312 2.
1160 3280 1202 3312 D.
1218 3281 1252 3311 cle
1267 3281 1418 3312 vacatione
1436 3279 1472 3315 ἐπ’)
1489 3278 1672 3321 excusatione
1688 3286 1850 3310 uzunerum.
1876 3275 1985 3345 addo}

1943 3324 1960 3346 e
