2036 3495
178 111 248 148 262

182 201 242 232 alto
259 203 387 241 petentes
400 205 490 229 naves
510 193 724 235 aggrederetur.
766 191 849 225 Cum
875 191 1054 224 considera-

181 251 250 272 rem
268 242 327 272 iter
343 239 432 279 quod
455 239 524 268 haec
542 234 643 267 ciaffis
661 243 719 276 per
733 242 819 265 mare
843 233 988 275 AEgaeum
1006 232 1053 265 fe-

181 283 230 313 cit
245 282 284 311 ad
303 279 476 311 AEthaliam
491 276 642 315 insulam3
665 275 751 315 coepi
775 283 817 306 co
842 275 940 313 itare,
962 273 1055 305 ell'et-

182 331 224 354 ne
240 321 375 354 AEioalia
391 320 476 351 circa
492 327 585 359 quarn
603 316 782 348 Eudaemon
831 314 1054 347 icomedieniis

182 364 216 395 in
240 364 268 393 d.
292 362 311 393 l.
331 371 360 397 9.
384 360 581 401 naufragium
598 358 699 396 fecit,
724 358 754 388 ἀ
778 366 837 398 pro
861 366 922 398 qua
944 356 1056 388 Libra-

181 404 303 435 riorum
322 411 431 434 errore
448 402 563 433 deinde
581 398 704 439 irrepsit
729 399 835 430 Italia:
859 407 925 439 quo
947 406 1054 430 autem

181 446 282 486 magis
297 445 435 475 animum
454 441 577 474 adverti
596 441 635 472 ad
644 440 747 482 AEgaei
763 440 855 471 mai-is
868 439 1053 479 descriptio-

181 495 278 525 nem;
301 495 342 516 eo
360 485 460 525 magis
477 493 536 524 pro
554 482 643 515 Italia
662 482 739 513 mihi
759 481 879 521 placuit
900 480 1051 515 AEtbali'a:

180 527 357 568 nequejam
366 526 508 567 ambigo,
518 525 593 566 quin
604 532 753 565 germana
762 522 912 553 Maeciani
924 521 1053 562 scriptu·

179 577 216 600 ra
237 567 275 600 fit
298 567 452 599 AEtbalia:
473 568 505 598 in
530 566 659 607 primis,
682 564 851 606 postquam
867 586 889 611 ,Ἰ
907 563 1052 594 intellexi

180 619 224 642 ex
251 609 357 641 Plinio
373 632 384 648 ,
412 608 584 640 AEthaliam
609 607 736 638 iniulam
761 607 845 637 inter
870 607 1000 636 hamum
1023 605 1053 636 &

176 649 323 684 ¹Lesbum
339 650 426 682 fitam
444 649 506 681 effe
525 658 565 680 ex
582 647 715 680 adverso
733 645 952 687 Erythrai-um.
995 645 1057 677 Pli-

181 693 226 724 nii
251 693 347 724 verba
371 691 392 724 fi
417 693 487 732 quis
515 689 670 731 inspicere
695 688 796 726 velit,
827 687 987 728 appoiui:
1019 695 1056 718 ea

182 734 280 767 verba
303 734 372 766 sunt
396 742 438 766 ex
463 733 511 764 lib.
529 742 561 773 5.
584 731 703 765 Natur.
727 727 829 771 histor.
851 738 876 760 c.
899 737 950 770 31·
993 727 1057 760 Par

789 87 1096 141 Gi-:iziinnx
1145 101 1376 140 Noonr

1096 190 1231 224 claritate
1253 194 1288 225 ab
1307 202 1337 225 eo
1352 190 1442 235 distat
1459 202 1552 227 xciii.
1569 201 1608 228 Μ.
1630 196 1782 239 staffilum,
1793 191 1867 234 'cum
1884 207 1961 246 oppt-

1096 234 1130 264 do
1157 232 1259 265 Chios
1285 235 1373 267 libera
1388 259 1399 275 ,
1429 245 1517 277 quam
1532 236 1706 270 AEtlialiam
1724 240 1853 280 Ephorus
1870 248 1962 286 prisco

1097 276 1210 305 nomine
1227 276 1366 316 appellat:
1392 276 1595 309 Methrodorus
1614 278 1650 313 ἐπ’)
1667 279 1816 314 Cleobulus·
1833 283 1962 326 Chiam,

1096 326 1116 346 a
1131 315 1237 347 Chione
1259 318 1403 358 nympha3
1426 319 1518 361 aliqui
1536 330 1554 350 a
1569 322 1637 351 nive
1658 320 1696 355 ὅ)
1718 321 1843 355 Macrin
1862 325 1898 360 ὅ)
1913 323 1962 360 Pi.

1098 356 1233 430 ‘cliiii
1251 358 1964 444 gffgz'fssssfibgssffssjssg'gil}’fflfflgr'efssffl

1097 440 1173 471 dere.
1204 439 1331 478 Isidorus
1354 451 1400 474 ix,
1430 443 1523 475 millia
1548 444 1661 485 adjicit.
1710 444 1808 483 Posita
1824 445 1869 489 est
1891 449 1964 484 inter

1095 479 1220 530 Samara
1238 480 1276 516 ὅ)
1299 482 1423 514 Lesbum
1439 506 1449 523 ,
1479 493 1516 516 ex
1537 486 1652 526 adverso
1674 488 1799 519 maxime
1827 489 1965 531 Erythra-

1094 531 1171 553 rum.
1197 521 1244 554 Ex
1263 523 1327 554 hoc
1347 522 1405 555 fitu
1420 534 1552 566 apparet
1564 550 1573 564 ,
1597 536 1679 558 nave
1695 529 1779 560 circa
1795 529 1964 568 AEtlialiain

1094 561 1216 602 fratta,
1231 564 1291 610 'vel
1311 574 1352 596 ex
1369 575 1405 596 ea
1419 566 1503 606 jaftu
1520 567 1607 600 facto
1619 591 1630 607 ,
1649 569 1747 602 facile
1785 571 1966 608 otuisseEu'.

1099 604 1254 651 daemonis
1272 613 1395 652 merces
1409 609 1446 639 ad
1465 609 1554 647 littus
1569 609 1699 651 alicujus
1715 611 1747 643 in
1763 613 1820 644 ulae
1836 623 1878 646 ex
1894 616 1967 649 vici-

1099 654 1148 676 nis
1167 645 1363 692 Cycladibus
1381 650 1518 690 appelli;
1541 649 1651 692 ibique
1668 661 1686 683 a
1703 651 1901 696 Publicanis,
1914 655 1966 691 aui:

1101 695 1123 733 a·
1135 686 1231 734 servis
1253 688 1409 734 publicis,
1433 688 1568 731 spoliari.
1612 692 1726 726 Sustuii
1745 704 1785 728 ex
1801 698 1830 729 d.
1847 698 1868 731 l.
1878 708 1908 735 9.
1925 701 1967 732 vi-

1100 736 1180 761 tium
1199 738 1291 761 nimis
1309 729 1468 764 deforme.

890 840 1102 875 Capu-r
1152 839 1270 876 XIV.

723 940 823 976 Plinii
847 939 928 975 locus
953 937 989 972 de
1015 936 1102 974 Pado
1119 936 1254 985 flumine
1280 940 1436 976 correctus.

271 1033 322 1064 uia
343 1032 374 1064 in
392 1031 545 1064 Maeciani
566 1028 767 1063 restitutione
782 1025 981 1074 adfuit'mihi
998 1024 1058 1057 Pli-

180 1032 261 1127 Q
285 1075 355 1106 nius
375 1073 537 1115 superiore
552 1073 658 1113 capite
674 1095 684 1110 ,
709 1080 775 1103 non
792 1081 808 1102 τι
826 1079 877 1102 ine
894 1076 1035 1108 impetro
1047 1089 1057 1105 ,

285 1125 327 1148 ne
344 1115 400 1156 ipfi
416 1123 549 1156 quoque
567 1113 682 1153 lioc,fi
700 1122 794 1154 quam
811 1110 941 1152 poffim,
960 1116 1058 1148 opem

180 1156 303 1189 feram:
328 1157 453 1189 laborat
470 1157 556 1188 enim
574 1155 805 1194 vehementer3
828 1161 901 1184 cum
921 1153 959 1182 de
971 1150 1057 1182 Pado

179 1198 312 1231 flumine
328 1199 372 1230 ita
389 1197 516 1236 scribit,
539 1198 588 1229 lib.
607 1207 638 1239 3.
654 1196 818 1229 Naturalis
831 1192 953 1234 historia
968 1201 997 1238 ρ.
1010 1194 1058 1222 16.

221 1240 325 1274 Padus
341 1249 355 1271 e
373 1241 482 1281 gremio
501 1238 603 1280 Vesuli
617 1239 740 1277 montis,
763 1235 940 1276 celfiffimum
962 1242 994 1263 m
1009 1242 1059 1279 ca-

260 1291 363 1313 cumen
377 1282 466 1320 elati,
484 1279 596 1320 finibus
612 1279 760 1321 Ligurum
773 1279 990 1320 Vagiennoruriz
1002 1273 1038 1304 V
1034 1283 1060 1304 i-

253 1323 346 1364 sendo
354 1322 442 1362 fonte
459 1320 622 1362 profluens,
645 1322 822 1362 condensque
830 1320 890 1359 sese
905 1315 1059 1362 cuniculo,

261 1363 301 1400 δ’
316 1366 347 1396 in
356 1361 599 1401 Forovibienfium
613 1371 682 1404 agro
698 1364 805 1393 iterum
819 1360 948 1391 exoriens
958 1381 967 1393 .
983 1356 1059 1404 riulli

262 1407 396 1438 amnium
412 1405 542 1436 claritate
557 1405 697 1442 inferior.-
721 1403 831 1434 Graecis
847 1399 941 1431 ditius
951 1397 1057 1428 Erida—

260 1457 318 1479 nus
333 1470 343 1485 ,
372 1457 408 1478 ac
426 1453 515 1487 paena
533 1445 703 1476 Phaetontis
726 1441 912 1484 illustratus:
932 1445 1057 1481 augetur

261 1491 301 1520 ad
319 1489 408 1519 Canis
421 1493 500 1517 ortus
516 1485 635 1527 liquatis
652 1486 770 1516 nivibus
781 1507 790 1523 ,
809 1484 888 1525 agris
903 1491 993 1530 quara
1007 1490 1057 1528 na-

262 1529 353 1571 vigiis
368 1529 541 1566 torrentior,
565 1527 607 1558 nil
623 1532 719 1558 tamen
737 1536 773 1558 ex
796 1531 877 1566 rapto
888 1525 945 1561 sibi
960 1523 1058 1569 viridi-

263 1580 353 1608 cans,
376 1576 464 1611 alque
480 1569 531 1599 ubi
551 1568 638 1610 liquit
654 1577 759 1610 agros,
790 1568 920 1598 ubertate
942 1564 1058 1610 largior.

181 1611 309 1645 Frustra
332 1612 478 1642 exercuit
501 1609 554 1641 hic
580 1612 671 1642 locus
697 1617 762 1641 tres
786 1606 920 1654 insignes
951 1613 1058 1651 Viros,

180 1654 318 1687 isaacum
343 1652 486 1685 Voffium
503 1674 513 1689 ‚
545 1651 729 1692 johannem
760 1649 960 1682 Harduinuin
979 1669 989 1684 ‚
1028 1647 1059 1677 ὸι

181 1695 351 1728 Claudium
369 1692 562 1726 Salmafium.
609 1691 736 1724 Voss'ius
754 1699 843 1723 certe
860 1691 899 1722 ad
918 1689 1060 1728 Pompo·

181 1738 272 1770 nium
295 1735 418 1768 Melam
437 1758 447 1774 ,
477 1733 524 1767 De
541 1733 605 1773 ‚litu
625 1735 718 1773 orbis,
736 1740 776 1775 pa
802 1757 808 1764 .
830 1735 896 1771 164.
941 1728 1032 1777 ¹Lege
1047 1751 1058 1768 ,

181 1779 311 1820 inquit,
334 1777 475 1819 Augetur
497 1777 536 1808 ad
555 1776 645 1808 Canis
670 1782 752 1807 ortus
786 1775 895 1816 iquatis
914 1772 1032 1802 nivibus
1047 1793 1059 1810 ,

180 1831 215 1853 ac
230 1821 274 1852 bis
288 1828 376 1862 quam
392 1818 507 1851 nativis
524 1817 697 1856 torrentior,
720 1815 795 1848 nihil
814 1823 909 1846 tamen
926 1822 962 1844 ex
977 1818 1059 1859 rapto

174 1861 235 1902 fibi
250 1862 426 1901 vindicans,
450 1865 538 1901 atque
555 1859 605 1890 ubi
620 1858 747 1900 linquit,
771 1857 911 1888 ubertatis
926 1854 1058 1900 largitor.

180 1903 312 1937 Deinde
336 1902 484 1944 Liquatas
505 1901 589 1932 nive-s
613 1900 843 1941 interpretatur
863 1906 991 1944 *aquasz
1023 1896 1058 1928 li-

181 1953 304 1988 quatae,
326 1944 493 1985 inquiens,
516 1942 608 1974 nives
631 1941 701 1973 sunt
721 1950 830 1982 aquae3
860 1947 971 1980 itaque
992 1946 1059 1985 non

181 1997 264 2030 opus
290 1985 353 2026 est,
378 1984 571 2017 vocabulum
595 1982 677 2015 istud
698 1990 858 2025 repetere.
902 1981 1058 2030 ⁸Linquit,

174 2029 264 2062 'vero
286 2028 340 2060 hic
364 2026 519 2068 recipitur
535 2034 596 2066 pro
612 2023 744 2063 defluit,
767 2021 943 2060 decrescit,
965 2023 1060 2059 zan-4,

183 2071 231 2103 uti
247 2070 284 2102 sae
310 2080 338 2102 e.

178 2112 261 2148 *Nou
337 2111 477 2143 emendat.
496 2110 535 2141 acl
550 2108 580 2140 b.
598 2108 650 2139 loc.
671 2117 701 2141 n.
718 2107 777 2149 γα
790 2113 858 2147 pag.
876 2114 947 2145 400.
971 2113 1010 2135 ex
1028 2104 1062 2134 li-

187 2154 251 2185 bris
273 2151 492 2192 manuscriptis
517 2159 599 2191 quos
622 2158 741 2190 magno
763 2148 879 2189 allegat
908 2154 1062 2192 numero,

180 2194 320 2228 ¹restituit
335 2217 344 2232 ,
374 2194 453 2234 agris
470 2193 604 2233 quamvis
623 2191 777 2222 torrentior
794 2200 804 2227 ς
834 2189 950 2229 hisque
973 2188 1062 2219 libris

180 2236 296 2276 <quod
319 2234 396 2266 mihi
412 2231 599 2272 fignificavit
616 2231 673 2264 Vir
692 2231 899 2268 Clariffimus,
923 2229 1060 2269 Jacobus

185 2277 398 2313 Gronovius,
424 2274 558 2315 Collega
579 2273 688 2313 meus)
710 2273 807 2305 etiam
831 2270 993 2303 Leidenfis
1007 2279 1060 2301 co·

385 2068 437 2100 sic
449 2067 586 2101 Voffius.
631 2066 846 2106 AtJohannes
857 2062 1062 2100 Harduinus,
1097 2098 1100 2100 ¹

1101 1025 1287 1069 indigitare,
1312 1029 1400 1070 quod
1417 1029 1521 1063 Padus
1540 1033 1684 1072 quamvis
1706 1034 1816 1069 auctus
1836 1037 1867 1069 in
1893 1039 1970 1081 adja-

1102 1077 1213 1101 centes
1242 1079 1336 1111 agros
1359 1073 1482 1111 irruat,
1513 1072 1733 1108 foecundiores
1766 1078 1839 1110 illos
1867 1082 1968 1114 reddit

1102 1108 1319 1157 humectando
1349 1112 1379 1144 ἀ
1404 1113 1584 1147 ubertatem
1608 1118 1654 1148 eis
1685 1117 1876 1159 largiendo:
1905 1132 1968 1155 non

1101 1152 1320 1198 exhauriendo
1344 1152 1443 1186 vastat
1466 1164 1518 1187 aut
1540 1158 1765 1199 depopulatur.
1813 1164 1857 1194 At
1884 1165 1970 1204 quod

1101 1192 1221 1240 Plinius
1246 1196 1384 1226 intendit
1400 1218 1410 1234 ,
1441 1205 1546 1238 neque
1576 1198 1699 1233 Voffius
1725 1202 1831 1242 vidit,
1866 1198 1969 1246 neque

1102 1233 1294 1283 harduinus.
1315 1278 1322 1284 θ
1338 1234 1412 1282 Nec
1429 1242 1528 1280 magis
1543 1239 1723 1280 Saluianus,
1743 1240 1971 1278 Exercitationi-

1101 1276 1152 1306 hus
1188 1276 1334 1308 lezums
1352 1301 1370 1324 ,ι
1386 1285 1456 1320 pag.
1487 1290 1538 1321 59.
1573 1282 1727 1315 'Editioriis
1759 1284 1970 1329 Ultrajeftinae.

1101 1315 1382 1367 Verba-Salmaiii.
1426 1322 1477 1352 Sic
1502 1323 1693 1364 legendum,
1716 1327 1814 1368 agris,
1836 1331 1971 1370 quamvis

1101 1365 1271 1405 torrentior,
1294 1361 1368 1391 nihil
1384 1367 1479 1393 tamen
1495 1374 1532 1395 ex
1554 1372 1636 1407 rapto
1646 1366 1703 1405 fibi
1717 1369 1872 1401 vindicans
1888 1394 1897 1409 ,
1926 1378 1971 1402 at-

1100 1409 1155 1441 que
1164 1401 1219 1447 =ubi
1236 1401 1345 1442 liquit,
1368 1404 1454 1435 eiiam
1476 1408 1603 1438 ubertate
1625 1408 1742 1449 largior.
1787 1411 1886 1443 Addit
1908 1410 1971 1444 Sal-

1100 1442 1210 1488 masius
1227 1465 1247 1489 ,Ι
1266 1442 1347 1489 Haec
1365 1452 1474 1490 natura
1498 1450 1686 1482 torrentium
1710 1450 1880 1484 fluviorum
1897 1476 1907 1493 ‚
1937 1462 1972 1486 ut

1101 1484 1168 1514 aliis
1185 1486 1402 1531 agris-aliquid
1426 1496 1466 1518 ex
1491 1498 1583 1530 rapto
1608 1492 1775 1524 vindicent
1801 1493 1832 1526 ἂ
1854 1495 1971 1535 adjudi-

1101 1533 1176 1556 cent
1191 1548 1201 1563 ,
1224 1525 1292 1557 aliis
1312 1535 1391 1558 vero
1409 1529 1551 1562 adimant
1569 1532 1597 1563 dt
1622 1533 1747 1565 tollant.
1772 1537 1860 1574 quod
1877 1545 1973 1578 negat

1102 1564 1211 1611 facere
1236 1567 1355 1599 Padum
1381 1567 1497 1615 Plinius
1513 1595 1523 1611 ,
1554 1575 1698 1612 quamvis
1718 1578 1971 1612 torrentiorem:

1103 1605 1155 1638 led
1174 1616 1341 1656 perperam
1359 1609 1490 1658 legitur:
1503 1614 1578 1645 nihil
1593 1624 1629 1646 ex
1643 1622 1724 1656 rapto
1733 1616 1791 1655 fibi
1806 1620 1972 1652 vindicans.

1102 1648 1172 1689 lege
1190 1650 1371 1696 abjudicatis.
1389 1661 1452 1699 non
1471 1655 1600 1693 injurius
1616 1657 1660 1688 est
1677 1665 1802 1692 torrens
1817 1661 1878 1693 illis
1893 1661 1975 1702 agris

1102 1691 1228 1736 qulbus.
1243 1692 1366 1732 aliquid
1390 1694 1498 1734 adjicit
1515 1704 1571 1736 per
1593 1697 1807 1739 alluvionem
1830 1701 1882 1733 sed
1908 1703 1975 1742 qui·

1102 1731 1159 1763 bus
1176 1732 1253 1778 quid
1268 1742 1308 1764 ex
1323 1742 1417 1780 ⁹rapto
1438 1736 1596 1776 abiudicat
1613 1738 1642 1770 ἃ
1661 1741 1764 1779 tollit,
1782 1743 1856 1775 vice
1873 1743 1974 1784 iniqui

1102 1771 1271 1820 censoris..
1297 1773 1351 1806 Sic
1367 1774 1539 1809 Salmaiius.
1565 1779 1616 1811 sed
1634 1790 1698 1813 non
1717 1782 1833 1823 placet.
1871 1784 1972 1827 Quod

1102 1813 1123 1845 fi
1143 1815 1172 1846 ἀ
1194 1814 1271 1846 mihi
1296 1816 1390 1848 detur
1408 1818 1456 1858 jus
1477 1818 1609 1862 suffragii
1631 1822 1661 1853 in
1684 1822 1742 1855 hac
1769 1825 1871 1857 tribu:
1903 1826 1974 1859 scri-

1103 1855 1194 1903 bam,
1218 1864 1343 1904 augetur
1359 1859 1396 1889 ad
1422 1859 1512 1892 Canis
1535 1871 1616 1895 orius
1636 1863 1755 1905 liquatis
1777 1868 1914 1907 nivibus,
1936 1877 1972 1900 ac

1102 1897 1170 1945 ms!
1193 1907 1281 1946 quam
1305 1899 1382 1932 alius
1397 1922 1407 1939 ,
1437 1905 1591 1936 torrentior
1605 1928 1616 1944 ,
1646 1905 1690 1937 nil
1714 1912 1810 1939 tamen
1831 1919 1868 1940 ex
1890 1914 1970 1950 rapto

1094 1937 1153 1987 filu
1171 1941 1327 1972 vindicaris
1342 1964 1351 1980 ,
1374 1948 1461 1985 utque
1476 1945 1524 1975 ubi
1542 1946 1627 1988 liquit
1647 1957 1748 1988 agros,
1772 1951 1901 1983 ubertate
1915 1952 1972 1983 lar·

1101 1991 1174 2028 aior.
1220 1980 1400 2031 Quomodo
1423 1985 1464 2016 de
1492 1987 1609 2020 eodem
1633 1987 1764 2023 flumine
1793 1989 1973 2035 Virgilius-2

1101 2017 1150 2054 lib.
1165 2033 1195 2061 4.
1220 2024 1353 2066 Georgia.
1376 2026 1448 2066 vers.
1467 2035 1538 2068 372.

1144 2065 1315 2101 Eridanus;
1339 2076 1393 2107 quo
1410 2077 1467 2098 non
1483 2069 1559 2101 alius
1568 2076 1623 2111 per
1632 2072 1760 2113 pinguia
1774 2074 1854 2107 culta
1881 2070 1883 2072 ¹

1144 2106 1183 2138 In
1201 2116 1279 2138 mare
1288 2113 1469 2148 purpureum
1485 2111 1637 2143 violentior
1653 2114 1753 2154 influit
1768 2118 1864 2147 undis.

1105 2147 1288 2195 Ipse-paulo
1307 2148 1377 2187 post
1395 2149 1512 2181 Plinius
1530 2154 1645 2187 eodem
1663 2157 1779 2196 capite.
1809 2157 1876 2193 Nec
1897 2158 1974 2190 aliur

1104 2198 1236 2220 ammam
1252 2196 1312 2220 tam
1328 2191 1409 2221 brevi
1424 2192 1516 2232 [patio
1535 2196 1651 2237 majoris
1659 2197 1828 2229 incrementi
1842 2197 1890 2240 est.
1912 2199 1973 2232 Res

1095 2232 1214 2277 ‚plan—a:
1231 2232 1468 2279 nec'iiiiprobat
1483 2236 1602 2269 amicus
1617 2239 1874 2280 meus,Jacobus
1887 2239 1971 2274 Gro-

1102 2281 1236 2313 novius,
1263 2271 1320 2305 Vir
1343 2272 1546 2309 ciariffimus.

186 2320 251 2353 dex
266 2317 455 2351 affentitur:
477 2322 571 2358 putat
592 2323 672 2357 vesu
695 2313 900 2353 Harduinus,
922 2312 1060 2345 Plinium
1099 2348 1104 2351 ,

881 2426 1129 2462 CAPUT
1184 2426 1274 2464 XV.

178 2520 359 2571 ,Clamarem
384 2525 628 2574 cujusmemini't
648 2525 748 2572 Gajus
772 2525 793 2561 l.
810 2535 844 2569 4.
872 2524 901 2571 §.
929 2537 957 2560 1.
987 2526 1030 2561 D.
1055 2525 1107 2565 Ad
1122 2526 1219 2572 Iegem
1246 2524 1427 2572 Aquiliam,
1455 2539 1476 2562 a
1493 2527 1580 2575 Lege
1602 2529 1768 2567 Duodecim
1789 2531 1970 2567 Tabularum

261 2589 319 2612 non
337 2576 500 2618 desiderari
521 2577 607 2611 circa
631 2576 740 2610 caedem
755 2576 906 2609 ,ηοὲἳανηὶ
925 2573 1045 2621 furis:

262 2627 342 2673 Gajo
359 2637 370 2668 ς
396 2622 437 2663 &³
453 2623 510 2670 ‘ff
525 2636 565 2659 ex
585 2623 808 2661 Eurematicis.

182 2760 184 2763 v
246 2721 318 2755 offlt
339 2719 408 2762 quis
435 2718 575 2760 opinari,
599 2719 747 2752 nocturni
771 2719 850 2752 furis
865 2720 985 2753 caedem
1008 2728 1063 2753 aut

261 2763 362 2796 diui-ni
379 2761 478 2802 qui‘se
497 2761 565 2792 telo
583 2760 758 2801 defendat,
781 2762 835 2794 nisi
854 2771 926 2794 curn
946 2764 1063 2795 clamo-

188 2816 224 2839 re
246 2804 322 2844 fiat,
345 2803 418 2844 lege
442 2801 626 2833 Duodecim
644 2801 841 2836 Tabularum
866 2813 972 2845 neque
994 2805 1063 2845 jure

184 2846 284 2884 fieri,
319 2852 425 2886 neque
455 2843 609 2883 impune:
639 2843 737 2884 idque
769 2844 818 2877 his
851 2844 924 2886 Gaji
956 2847 1063 2879 verbis

188 2886 354 2931 significari
376 2886 396 2917 l.
414 2894 443 2925 4.
465 2882 495 2926 §.
515 2893 540 2914 1.
566 2882 609 2914 D.
627 2884 678 2915 Ad
694 2886 781 2927 legem
801 2887 964 2929 Aquiliam.
998 2897 1000 2902 ¹

195 2928 197 2932 ⁴
228 2930 296 2962 Lex
310 2926 472 2969 Duodecim
491 2923 669 2967 Tabularum
685 2927 788 2965 furem
811 2928 898 2960 noctu
913 2928 1063 2969 aeprehen-

181 2968 186 2972 '
258 2971 329 3013 sum
344 2968 467 3000 occidere
505 2966 643 2997 ermiitii:
665 2973 698 2997 ut
716 2973 811 3000 tamen
827 2970 858 3001 id
883 2970 979 3011 ipsum‘
996 2980 1063 3002 cum

256 3012 388 3043 ‘clamore
405 2972 581 3050 testifietur.
605 3008 734 3038 interdiu
751 3016 847 3041 autem
863 3012 1061 3052 deprehensum

266 3054 312 3085 ita
325 3051 467 3093 permittit
481 3049 624 3087 occidere,
646 3045 670 3081 [ἱ
684 3049 708 3078 is
729 3049 760 3089 sq
780 3051 832 3081 telo
849 3053 1003 3093 defendat:
1026 3059 1060 3085 ut

267 3100 364 3126 tamen
378 3101 456 3135 oeque
469 3093 535 3122 cum
550 3089 671 3121 clamore
686 3087 862 3135 testificetur.
1055 3110 1057 3113 -

186 3136 250 3168 Sed
273 3144 338 3167 non
363 3135 406 3166 ita
429 3132 485 3165 est.
508 3131 630 3163 clamor
656 3139 740 3162 enim
757 3154 767 3170 ,
798 3133 885 3172 qu‘us
913 3135 1061 3167 meminit

181 3173 306 3216 Gaius,
329 3184 396 3208 non
419 3174 556 3207 debetur
578 3171 772 3215 Duodecim,
789 3171 951 3217 Tabulisq
972 3176 1061 3216 &in-

181 3213 274 3254 v‹licii›
289 3239 301 3258 ‚
315 3216 318 3217 ⁷
331 3214 424 3259 quod
443 3214 562 3250 Cicero
578 3213 635 3257 Pro
649 3212 775 3247 'Milone
793 3215 858 3256 capi
873 3224 904 3257 3.
926 3214 1035 3249 scribit
1049 3239 1061 3255 ,

1078 2587 1171 2622 neque
1196 2586 1216 2609 a
1241 2574 1423 2612 Dibonicmo
1449 2578 1549 2613 videri
1572 2578 1755 2626 profestum.
1783 2593 1851 2616 eum
1875 2580 1972 2617 deberi

1104 2719 1289 2754 Duodecim
1312 2720 1447 2754 Tabulis
1466 2723 1634 2764 permitti,
1657 2724 1762 2759 furem
1786 2724 1973 2760 nocturnum

1097 2771 1217 2805 ,quoquo
1238 2764 1317 2795 modo
1345 2765 1506 2797 occidere.
1552 2764 1711 2806 Ulpianus
1733 2778 1863 2810 quoque
1885 2767 1973 2800 Colla-

1096 2805 1181 2848 *tione
1197 2804 1311 2878 Lefium
1330 2805 1529 2844 Mosaicarum
1546 2806 1583 2841 69⁹
1593 2808 1793 2847 Romanarum
1809 2811 1856 2842 tit.
1869 2820 1895 2849 7.
1910 2810 1971 2849 ait,

1096 2844 1212 2890 ‚legem
1276 2847 1424 2879 uodecim
1450 2846 1649 2884 Tabularum
1677 2851 1798 2883 caedem
1828 2850 1970 2883 nocturni

1100 2885 1184 2931 ,furis
1201 2889 1389 2934 permittere
1409 2891 1574 2930 omnimodo.
1593 2900 1624 2924 at
1636 2892 1906 2933 quemadmodum
1920 2891 1972 2922 illa

1106 2928 1160 2960 lex
1195 2928 1273 2960 furis
1297 2930 1443 2962 nocturni
1476 2932 1598 2964 caedem
1623 2930 1680 2965 ‘aut
1709 2934 1887 2969 omnimodo,
1917 2940 1973 2963 aut

1104 2979 1216 3012 quoquo
1241 2971 1319 3002 modo
1333 2994 1343 3010 ,
1375 2972 1539 3013 indulget3
1561 2971 1601 3013 fi,
1625 2981 1665 3008 ut.
1678 2974 1747 3016 jure
1770 2972 1825 3005 fiat
1847 2973 1972 3012 caedes,

1103 3011 1277 3044 clamorem
1305 3011 1460 3045 defiderat
1477 3014 1494 3045 ⁸?
1528 3020 1640 3047 verum
1662 3016 1757 3048 mitto
1772 3013 1972 3050 testimonia;

1103 3052 1159 3084 etfi
1174 3060 1272 3085 certa.
1297 3053 1454 3087 sufficiunt
1476 3055 1562 3087 enim
1587 3057 1670 3098 legis'
1685 3055 1779 3087 verba
1800 3063 1871 3095 quae
1886 3055 1971 3095 apud

1103 3094 1311 3126 Macrobium
1335 3096 1385 3127 lib.
1406 3105 1431 3128 1.
1456 3097 1607 3130 Saturnal.
1630 3103 1696 3137 cap..
1713 3105 1745 3133 4.
1773 3095 1834 3126 hac
1855 3104 1969 3133 extant

1098 3134 1217 3168 forma.
1262 3136 1320 3168 Sei.
1344 3146 1413 3168 nox.
1425 3137 1692 3178 furtumfatium.
1709 3134 1769 3177 elit.
1779 3137 1836 3176 sei.
1860 3137 1971 3168 im‘.'oc··

1105 3176 1179 3216 cisti.
1190 3178 1300 3222 j⁰³⁴s²z
1317 3180 1420 3222 caifas.
1439 3179 1519 3221 estu
1546 3178 1646 3220 Vides
1669 3178 1793 3219 legem,
1813 3186 1912 3221 atque
1938 3179 1972 3210 iu

1105 3227 1143 3251 ea
1166 3219 1285 3252 nullam
1311 3219 1682 3254 clamoris'·‘1nentionem
1698 3240 1710 3257 ,
1742 3222 1794 3251 ne*
1808 3219 1972 3266 minimam

1905 3268 1972 3301 qui·

2034 1637 2036 1718 l
