2036 3495
357 121 420 164 An
449 119 533 163 Lm.
563 125 620 160 ΙΙΙ.
658 123 753 159 TIT.
784 123 848 159 IV.
885 121 978 171 Qfmd
990 123 1132 168 cujusque
1155 122 1366 168 zinz'eesssttatis
1381 128 1514 170 nomme,
1543 115 1610 167 &a
1833 128 1877 159 2,

86 223 240 260 'aitvero⁵
255 220 286 252 id
305 219 450 252 Edistum
467 216 558 249 fuisse
575 212 833 258 prohibitorium.
851 219 894 259 ira
907 220 961 259 pu3

89 273 193 295 temus
205 287 214 302 ,
231 272 343 294 omnes
359 261 422 292 dari
440 258 526 299 poss'e
544 264 788 300 procuratorc33
805 254 857 285 nisi
876 254 961 293 siqui

88 305 276 337 nominatim
295 302 502 343 excipiantur.
532 300 562 330 in
581 298 627 329 his
645 296 690 328 est
714 295 803 342 miles
826 296 844 325 l.
866 304 908 335 13.
928 295 960 325 C.

87 347 115 378 b.
133 353 153 377 t.
178 345 230 378 sed
252 353 406 386 quatenus
435 341 660 383 prohibeatur,
685 345 858 377 exponitur
888 339 906 366 l.
933 341 960 370 8.

86 388 116 429 §.
136 398 162 420 2.
180 387 222 419 D.
242 388 259 418 l.
276 396 304 423 9.
320 385 355 420 &³
371 385 389 414 l.
409 394 437 424 7.
458 383 488 414 C.
503 384 530 412 d.
550 387 569 411 t.
586 379 723 411 infames
742 388 875 426 quoque
891 388 955 411 non

83 429 221 470 potuiffe
244 433 470 468 procuratores
493 422 573 460 effe,
603 419 691 468 testis
718 420 828 451 Paulus
853 420 901 465 lib.
931 428 955 450 1.

83 471 212 502 Sentent.
233 471 279 500 tit.
297 479 324 501 2.
343 468 371 509 ᾗ.
393 476 417 497 1.
453 473 513 497 nec
529 472 626 503 magis
643 470 818 501 potuerunt
837 461 868 492 hi
886 470 955 500 pro-

84 520 248 544 curatores
261 512 344 543 dare.
368 507 418 538 i'cd
430 515 598 545 utrumque
616 512 770 535 mutatum
788 502 850 535 effe
868 511 956 532 novo

82 554 152 593 jure
163 577 172 592 ,
189 549 490 591 austorjustinianus
501 546 528 588 §.
538 546 591 577 ule.
606 543 673 585 Inst.
684 547 716 576 de
724 551 830 585 except.
855 543 955 587 Quod

84 596 123 626 ad
141 595 285 625 mulieres
301 592 433 622 attinet:
452 590 491 620 de
508 589 554 619 nis
572 587 673 627 Impp.
691 587 824 632 Severus
843 585 872 616 δι
892 586 952 616 An-

84 636 213 667 toninus
230 634 248 665 l.
268 644 297 673 4.
315 633 347 665 C.
365 632 393 662 h.
411 637 431 661 t.
455 629 495 662 fic
512 628 706 660 rescribunt:
732 629 841 659 Aliena
860 636 955 673 nogo-

83 678 125 708 tia
149 686 205 717 per
227 675 374 706 mulieres
401 681 465 703 non
490 671 580 702 aliter
604 671 652 711 agi
679 669 826 709 poss‘unt,
853 670 905 702 nili
924 676 954 713 in

81 727 149 750 rem
176 716 256 748 suam
283 716 313 747 &
332 714 496 756 proprium
516 713 637 744 lucrum
656 712 810 742 mandatae
831 708 889 741 sint
908 718 952 738 cis

80 759 229 790 actiones.
272 757 334 788 Pro
351 755 535 796 parentibus
552 763 654 784 tamen
667 776 676 790 ‚
696 753 799 792 inquit
819 750 951 787 1²auius,

80 802 126 831 eis
142 809 234 840 agere
244 799 410 838 permitti3
425 796 480 827 etsi
497 804 560 827 non
580 795 705 834 pasiiin,
729 794 780 824 sed
792 792 881 838 causa
900 800 952 822 co-

78 842 185 883 gnita:
208 840 228 871 si
244 839 331 872 forte
350 847 497 878 parentes
514 838 642 867 morbus
657 859 666 873 ,
688 844 741 866 aut
761 843 835 865 aetas
854 841 953 872 impc-

80 883 163 920 diat,
178 891 239 913 nec
253 889 446 922 quemquam
465 881 516 919 qui
535 885 624 923 agat,
642 877 779 908 babeant
796 875 874 914 l.41.
890 875 917 904 h.
929 879 949 903 t.

79 922 142 955 Vix
153 933 256 965 opus,
272 922 416 961 moneri,
432 920 520 962 quod
538 918 692 960 Ulpianus
708 918 726 949 l.
744 923 771 952 8.
790 916 818 958 §.
839 925 865 948 1.
881 916 909 946 h.
927 921 949 946 ι.

728 996 1085 1035 Τιτυιυε

1838 152 1878 176 l.)

1005 211 1143 250 invitus,
1165 212 1290 253 inquit,
1316 223 1505 255 procurator
1522 226 1586 249 non
1604 217 1682 250 solet
1700 218 1774 251 dari.
1798 219 1877 251 invi·
1904 253 1907 258 ,

1004 260 1069 299 tum
1090 262 1196 285 autem
1216 257 1364 296 accipere
1381 257 1552 297 debemus,
1578 269 1641 291 non
1660 269 1732 291 cuin
1751 267 1875 294 tantum

1003 303 1054 333 qui
1072 296 1282 335 contradicit,
1309 308 1418 330 verum
1436 310 1507 332 cum
1525 310 1655 342 quoquc
1673 302 1726 342 qui
1742 302 1876 334 consen·

1002 334 1066 366 sisse
1081 345 1145 367 non
1163 337 1325 375 probatur.
1351 339 1451 372 Porro
1469 340 1529 372 fuit
1545 343 1710 381 quaesitum
1727 345 1768 375 de
1779 342 1872 376 surdo'

1000 376 1029 407 &
1046 385 1156 415 mut0,
1174 387 1212 408 an
1229 377 1322 418 possit
1342 390 1531 419 procurator
1546 385 1629 423 dari;
1656 385 1817 426 itemque,
1832 395 1872 418 an

1000 426 1242 458 procuratorem
1260 420 1333 451 darc
1353 423 1470 461 possit?
1485 422 1535 455 sed
1550 426 1589 455 de
1607 435 1647 456 co
1666 426 1779 458 Paulus
1795 427 1871 469 Larg-

999 461 1026 504 l),
1043 464 1064 490 ι.
1082 458 1133 490 Ne
1151 459 1214 490 hoc
1226 461 1353 500 quidem
1373 464 1561 503 praeteribo,
1578 468 1665 504 quod
1677 467 1775 500 visum
1788 462 1875 500 Prin-

999 500 1121 540 cipibus
1132 523 1140 538 ,
1152 501 1214 532 effe
1230 510 1343 533 contra
1361 505 1453 536 seculi
1463 505 1692 539 beatitudinem
1704 533 1712 547 ‚
1725 509 1779 541 firb
1796 519 1873 550 prze-

1000 549 1090 573 tcxtu
1107 542 1205 573 debiti
1217 552 1233 573 a
1249 542 1323 574 fisco
1335 547 1595 585 procurationem
1613 550 1873 588 p1·:estai·iconti·a

999 584 1139 623 privatos
1155 590 1205 615 cor.
1223 585 1268 615 tit.
1288 585 1320 616 C.
1362 586 1411 617 Ne
1421 587 1484 626 fise.
1503 588 1550 618 vel
1564 592 1683 629 respubl.
1717 591 1872 633 Idemque

999 634 1031 661 in
1047 626 1112 656 aliis
1125 627 1360 665 potentioribus
1376 629 1494 668 placuit
1511 631 1557 660 tir.
1577 631 1609 661 C.
1629 631 1678 661 Ne
1694 632 1738 663 lic.
1750 640 1871 673 potent:

998 665 1078 697 Haec
1095 667 1223 706 quidem
1244 668 1284 699 de
1297 671 1568 709 procuratoribus.
1595 673 1634 702 de
1651 673 1873 706 defensoribus

998 717 1077 738 vero
1092 708 1134 738 sic
1151 707 1256 740 scribit
1274 709 1385 741 Paulus
1399 712 1476 752 ΑΜ.
1497 713 1525 742 h.
1545 718 1564 742 t.
1584 711 1701 754 Neque
1719 714 1869 751 foemina.

997 758 1102 789 neque
1122 750 1228 788 miles,
1251 760 1356 791 neque
1375 754 1427 792 qui
1440 753 1623 793 reipublicae
1639 755 1729 787 causa
1747 756 1872 787 abfutu·

995 799 1047 821 rus
1066 789 1127 828 est,
1152 799 1206 821 aut
1223 792 1338 823 morbo
1354 802 1512 835 perpetuo
1531 802 1676 835 tenetur,
1693 804 1747 829 aut
1767 797 1873 839 Magi<

996 831 1122 862 stratum
1134 831 1266 864 initurus
1282 834 1346 872 est,
1362 844 1415 866 ant
1433 837 1550 867 invitus
1565 838 1716 876 judicium
1728 840 1793 881 pati
1805 845 1872 871 nun

994 871 1119 912 potest,
1144 873 1279 906 idoneus
1294 875 1443 908 defensor
1461 878 1658 919 intelligitur.

1144 986 1217 1034 ΙΨ.

446 1081 542 1131 1ριιοῑῖ
553 1081 696 1127 cujusque
714 1074 923 1121 uni-versitatis
941 1074 1076 1117 nomine,
1103 1073 1154 1107 vel
1169 1081 1274 1109 contra
1293 1087 1359 1110 eam
1378 1086 1500 1124 agetur.

134 1172 314 1205 Uenaxomz
328 1171 445 1204 Tituio
462 1170 599 1202 vidimus
616 1167 655 1199 de
672 1172 881 1208 procuratore
897 1163 952 1196 do-

80 1173 127 1248 S
154 1216 229 1247 mini
255 1214 414 1246 astionem
438 1213 468 1244 in
490 1210 643 1251 judicium
669 1210 874 1244 deducente,
898 1213 952 1236 aut

81 1267 153 1289 eum
169 1258 198 1287 in
212 1257 332 1297 judicio
344 1254 550 1286 defendente.
569 1248 755 1281 hoc'l'itulo
771 1247 951 1293 videbimus

81 1300 122 1330 de
140 1298 255 1329 acrore
272 1296 300 1327 ἃ
314 1296 456 1337 Syndico
474 1293 512 1325 ab
524 1290 737 1324 Universitate
752 1288 928 1320 constituto
942 1311 952 1326 ,

83 1349 118 1371 ut
134 1339 198 1378 ejus
218 1339 348 1370 nomine
364 1344 455 1378 agat,
481 1334 531 1364 vel
555 1341 624 1363 eam
642 1332 803 1362 defendat.
826 1330 866 1376 de
888 1338 953 1370 quo

83 1379 208 1412 neceffe
233 1388 298 1410 erat
316 1378 491 1418 specialiter
510 1375 609 1405 edici:
633 1382 673 1403 eo
692 1373 779 1413 quod
794 1367 953 1418 Universi-

81 1430 147 1461 tas,
171 1429 242 1452 cuin
259 1419 467 1460 incorporalis
484 1416 689 1461 sin-proprie
704 1423 772 1460 'non
791 1412 836 1444 est
853 1414 953 1459 doml-

81 1473 131 1495 na.
156 1463 186 1493 &
205 1471 308 1493 tamen
335 1467 489 1501 qnatenus
505 1466 612 1488 annno
635 1455 782 1495 fingitur,
806 1454 953 1501 bochre

81 1505 199 1536 utimur
221 1502 365 1535 adversus
382 1501 603 1536 subtilitatem3
628 1505 661 1527 ut
678 1498 707 1527 ἃ
726 1498 855 1527 domina
871 1496 951 1533 erle,

84 1545 115 1577 &
131 1555 178 1576 res
197 1543 262 1575 suas
280 1544 396 1575 habere
414 1542 607 1581 intelligatur
625 1539 691 1584 l..1.
709 1537 739 1579 §.
757 1538 811 1568 ult.
829 1536 865 1571 ἐξ)
882 1537 904 1583 l..
922 1546 951 1567 2.

84 1585 127 1617 D.
141 1587 174 1616 de
183 1584 321 1625 adqpoff.
345 1584 490 1615 EdiCturn
506 1582 548 1613 sic
563 1589 724 1620 concipio.
752 1578 840 1622 Quod
856 1587 952 1620 cujus-

87 1636 141 1668 que
157 1625 354 1663 universitatis
368 1626 498 1662 nomine,
522 1622 567 1653 vel
584 1628 689 1666 contra?
697 1630 759 1651 eam
773 1626 897 1661 agatur,
920 1622 952 1650 (le

87 1677 116 1698 eo
145 1667 191 1698 vel
213 1668 326 1703 [sindico
349 1668 394 1698 vel
417 1665 506 1696 (ιὲἶονί
529 1662 565 1697 &³
581 1665 717 1699 adversus
732 1671 796 1692 eum
807 1662 953 1704 judicium

89 1710 169 1740 dabo.
192 1702 312 1739 Sffnemo
323 1706 538 1745 universitatem
554 1706 703 1742 defendet,
721 1705 795 1744 quod
805 1704 866 1745 ejus
883 1713 941 1733 com

88 1759 174 1780 mune
192 1749 431 1790 erit,‘poffirlerz',
454 1745 528 1784 &fi
552 1746 688 1777 admoniti
711 1755 768 1776 non
789 1746 952 1775 excitentur

88 1792 185 1831 adsui
197 1790 399 1830 defenfionem‚
426 1791 523 1820 venire
533 1789 644 1829 jubebo.
681 1783 901 1824 Extranezmzfi
919 1796 951 1817 zc-

87 1830 280 1868 niverficatem
295 1833 441 1872 defendere
459 1830 549 1868 volet,
567 1830 735 1860 admittam:
750 1827 828 1866 ficut
846 1830 878 1858 in
890 1831 952 1869 pri-

88 1879 223 1904 vatorum
239 1872 446 1911 (lcsfevzft07zz'lnts
460 1873 634 1911 observatur.
762 1876 764 1878 ’
817 1909 819 1912 Ι

127 1915 230 1946 Prima
248 1913 349 1945 EtliCli
367 1914 483 1951 verba,
507 1912 593 1954 Quod
607 1912 744 1953 cujusque
758 1910 954 1950 universitatis

86 1957 198 1988 nomine
212 1955 258 1986 vel
273 1962 371 1986 contra
386 1965 446 1986 eam
462 1961 588 1996 agatur,
605 1954 722 1984 indicat
734 1953 886 1992 Rubrica,
902 1963 954 1992 pe-

88 1998 162 2034 tita,
187 2004 221 2027 ut
239 1996 335 2034 solet,
360 2006 376 2027 a
394 1998 501 2036 primis
520 1995 622 2025 Edifti
639 1995 753 2026 verbis.
779 1994 832 2026 Est
848 2003 953 2026 autem

83 2037 284 2075 universitas,
302 2039 353 2069 ubi
372 2039 476 2078 plures
495 2037 640 2067 homines
658 2035 712 2067 sub
724 2039 818 2067 certis
831 2037 953 2078 legibus

88 2079 212 2121 publica
228 2080 414 2110 auctoritate
433 2081 554 2109 coeunt
570 2080 599 2108 in
618 2087 714 2109 unum
731 2088 855 2117 corpus.
898 2078 952 2109 Ui·

85 2129 145 2159 co,
169 2121 276 2152 Plures
294 2121 449 2158 homines.
483 2129 552 2150 nam
572 2119 610 2149 ab
627 2128 690 2150 uno
706 2128 770 2150 non
789 2120 901 2160 incipit
919 2129 949 2150 u-

84 2161 254 2194 niversitas.
272 2163 346 2202 quin
362 2162 507 2193 Neratius
524 2169 585 2192 tres
602 2160 710 2191 facere
725 2161 895 2202 collegium
909 2163 953 2192 ait

85 2199 102 2233 l.
116 2207 164 2243 85.
177 2203 219 2234 D.
234 2204 266 2233 de
282 2205 359 2234 verb.
369 2202 446 2244 fign.
465 2202 540 2242 quid
552 2225 562 2240 ,
586 2201 636 2235 sia
654 2202 793 2242 pluribus
812 2212 952 2244 incoepe-

85 2245 127 2275 rit
151 2242 350 2283 universitas,
373 2245 424 2275 sed
449 2246 487 2274 ad
511 2249 605 2274 unum
633 2244 822 2276 devenerit?
846 2239 958 2289 forsan

84 2294 149 2316 non
166 2286 308 2317 videatur
323 2284 522 2323 universitas,
539 2284 616 2315 sicut
632 2294 691 2325 nec
702 2295 780 2326 grex
796 2286 882 2325 cujus
898 2296 952 2317 nu·

83 2335 188 2358 merus
208 2336 309 2367 usque
326 2337 366 2359 eo
385 2327 551 2366 pervenit,
574 2325 608 2357 u't
624 2335 700 2367 grex
716 2337 781 2365 non
797 2327 955 2368 intel-ligag

83 2374 133 2398 tur
149 2368 168 2399 l.
187 2368 241 2400 ult.
266 2368 306 2399 D.
330 2368 422 2411 Quib.
438 2369 510 2399 mod.
529 2368 637 2408 ususfr.
663 2370 756 2399 amin.
782 2363 833 2399 ait'
846 2378 951 2401 tamen

81 2403 237 2449 Ulpianus
255 2409 272 2440 l.
293 2411 358 2452 7.§.
378 2420 405 2442 2.
425 2409 466 2441 D.
481 2410 509 2440 h.
524 2417 544 2439 t.
557 2407 578 2440 fi
597 2409 779 2441 universitas
796 2409 835 2441 ad
855 2420 952 2442 unuin

81 2450 189 2490 redic3
212 2452 310 2492 magis
335 2451 482 2489 admitti,
514 2449 602 2490 posse
627 2460 699 2482 eum
721 2452 900 2491 convenire?
922 2452 953 2484 δί

80 2494 262 2528 conveniri:
285 2501 357 2526 cum
378 2494 424 2532 Jus
447 2493 589 2524 omnium
617 2492 648 2523 in
666 2502 762 2524 unum
779 2493 952 2531 reciderit,

82 2532 112 2563 δι
130 2532 188 2563 stet
204 2543 320 2565 nornen
339 2530 555 2576 universitatis.
571 2532 763 2574 ‘Colligitur'
774 2535 868 2577 igitur
884 2535 949 2566 uni-

81 2573 206 2606 versitas
229 2585 269 2605 ex
293 2575 448 2614 pluribus:
472 2574 523 2606 sed
546 2574 754 2613 nihilominus
777 2586 793 2607 a
820 2576 951 2618 singulis

83 2615 135 2653 qui
152 2615 182 2645 in
200 2624 237 2645 ea
253 2615 330 2654 sint,
349 2615 557 2657 distinguitur.
581 2617 662 2655 adeo
678 2624 751 2648 'cum
768 2617 950 2652 universita-

83 2663 148 2685 tem
165 2655 317 2694 dicimus,
341 2665 404 2687 non
427 2658 630 2698 intelligimus
647 2658 804 2699 singulos:
829 2658 882 2690 sed
898 2659 954 2700 ali->

83 2696 169 2735 quod
190 2697 284 2727 civile
309 2706 448 2738 corpus,
470 2697 617 2730 constans
641 2709 681 2730 ex
699 2699 884 2731 distantibus
900 2702 949 2731 ca-

83 2736 202 2776 pitibus
219 2737 237 2767 l.
257 2746 306 2777 30.
325 2736 365 2769 D.
385 2739 417 2768 de
431 2740 529 2779 usurp.
548 2739 584 2775 δέ)
600 2741 714 2781 usucap.
747 2740 888 2781 prorsus,
915 2748 951 2772 ut

82 2777 139 2808 alia
148 2776 183 2808 sit
199 2777 397 2816 universitas,
413 2780 463 2810 alii
480 2779 590 2821 singuli
605 2790 645 2813 ex
661 2782 871 2815 universitate.
891 2782 951 2814 hos

81 2818 226 2850 videmus
242 2819 362 2856 oculis;
385 2820 468 2851 illam
483 2823 595 2853 animo.
605 2822 822 2863 concipimus,
846 2824 949 2855 oculis

82 2869 147 2890 non
166 2860 318 2891 videmus.
349 2859 421 2892 Hac
436 2862 558 2892 ratione
577 2857 730 2906 Ulpianus
747 2866 774 2895 d.
792 2865 810 2895 l.
821 2874 853 2905 ,7.
871 2861 909 2906 §ss
922 2874 950 2895 1.

81 2901 111 2932 Si
128 2901 220 2940 quid,
237 2901 358 2941 inquit,
374 2901 566 2934 universitati
578 2903 730 2943 debetur,
746 2905 873 2947 singulis
886 2907 951 2937 nori

82 2941 236 2980 debetur;
262 2951 322 2973 nee
340 2943 428 2983 quod
445 2942 543 2975 debet
560 2942 761 2985 universitas,
777 2947 885 2988 finguli
898 2947 951 2977 dc-

80 2980 169 3014 bent.
186 2984 235 3014 Ab
252 2984 363 3015 eadem
382 2984 505 3015 ratione
522 2984 564 3015 ait
581 2981 708 3025 quoque
725 2988 754 3019 in
773 2988 800 3029 §.
813 2999 830 3019 2
852 2986 879 3019 d.
893 2987 909 3018 l.
923 2998 951 3027 7.

81 3023 113 3057 in
139 3024 377 3056 Decurionibus
401 3026 430 3056 c&
454 3023 520 3057 aliis
543 3026 796 3059 universitatibus
813 3029 888 3061 nihil
905 3039 954 3060 rc-v

81 3064 185 3104 ferre,
202 3074 305 3097 utrum
323 3075 435 3098 omnes
454 3067 549 3098 iidem
568 3076 734 3106 maneant,
750 3066 788 3100 an
805 3079 875 3109 pars
891 3070 953 3100 nia-

81 3114 173 3144 neat,
196 3107 248 3139 vel
272 3117 384 3139 omnes
408 3108 562 3139 immutati
588 3107 673 3139 sint:
697 3112 815 3147 certo,
845 3111 952 3150 (quod

82 3147 222 3186 pluribus
239 3149 394 3189 exemplis
413 3149 552 3180 ostendit
569 3149 734 3189 Alphenus
752 3151 769 3181 l.
790 3155 838 3191 76.
858 3151 901 3182 D.
920 3155 953 3183 cle

77 3187 217 3232 judiciis)
231 3190 317 3230 cujus
330 3193 372 3222 rei
384 3190 504 3230 species
513 3192 624 3222 eadem
634 3191 817 3223 confistercr.
827 3215 835 3231 ,
847 3202 951 3232 quam-

84 3232 449 3304 v1sTmutaff¹particulis
459 3255 471 3273 ,
485 3241 553 3269 rem
569 3233 715 3269 camdem
725 3232 786 3273 effe
797 3233 950 3270 existima-

148 3279 200 3302 om.

997 1162 1033 1194 ri.
1058 1161 1208 1195 Similiter
1226 1162 1332 1195 scribit
1344 1163 1498 1208 Ulpianus
1518 1170 1584 1201 inl.
1603 1166 1630 1202 ἓ).
1650 1172 1676 1203 h.
1693 1177 1714 1203 τ.
1732 1171 1752 1203 fi
1771 1172 1874 1204 muni-

998 1213 1103 1245 C1pes,
1126 1206 1178 1237 vel
1202 1206 1324 1245 aliqua,
1348 1208 1379 1238 id
1405 1209 1471 1248 est,
1495 1211 1553 1242 alia
1575 1221 1665 1251 quae,
1689 1214 1873 1247 universitas

997 1249 1035 1276 ad
1059 1248 1215 1284 agendum
1235 1248 1290 1278 det
1312 1248 1470 1289 affor-eim
1495 1261 1560 1284 non
1579 1252 1619 1284 sic
1636 1254 1763 1292 baberi,
1787 1254 1876 1295 quasi

996 1296 1012 1317 a
1030 1287 1172 1332 pluribus
1182 1289 1301 1320 datum.
1329 1291 1358 1321 ὸῐ
1375 1292 1537 1332 caulatur,
1557 1294 1649 1325 hunc·
1659 1304 1718 1335 pro
1736 1297 1877 1336 republi-

997 1337 1031 1359 ca
1043 1352 1052 1366 ,
1068 1329 1171 1367 idest,
1189 1339 1246 1370 pro
1257 1339 1413 1371 corpore,
1431 1334 1641 1374 intervenire,
1658 1346 1723 1368 non
1742 1347 1800 1377 pro
1816 1337 1876 1369 sin-

996 1371 1087 1410 gulis.
1125 1369 1177 1409 Est
1196 1371 1224 1402 ὅ(
1243 1370 1307 1403 hoc
1325 1378 1519 1408 notandum:
1544 1380 1632 1416 quod
1649 1378 1712 1410 tale
1732 1388 1875 1418 corpus,

997 1412 1059 1442 sive
1080 1412 1281 1451 univerfitas,
1305 1415 1347 1445 ita
1372 1416 1510 1448 consistit
1529 1419 1677 1458 demum,
1702 1419 1723 1451 si
1745 1421 1876 1460 publica

998 1455 1094 1483 cot-at
1111 1454 1318 1498 austoritate:
1343 1465 1414 1488 nam
1432 1458 1517 1490 clare
1536 1459 1694 1499 Ulpianus
1714 1461 1733 1492 l.
1758 1471 1785 1493 1.
1802 1462 1830 1493 b.
1849 1467 1872 1493 t.

995 1504 1100 1540 neque
1118 1495 1269 1541 societas,
1294 1497 1416 1536 inquit..
1434 1508 1540 1540 neque
1558 1503 1751 1542 collegium,
1767 1512 1875 1543 neque

996 1536 1174 1582 hujusmodi
1191 1546 1308 1577 corpus
1319 1561 1328 1576 ,
1346 1537 1452 1578 paffim
1463 1542 1610 1574 omnibus
1622 1542 1739 1574 habere
1756 1553 1877 1575 concc-

995 1578 1098 1622 ditur..
1116 1587 1181 1623 imo
1197 1579 1260 1615 ait,
1286 1577 1444 1620 Legibus,
1470 1583 1499 1613 ὅτ.
1516 1583 1825 1624 Senatusconl'ultis,
1842 1586 1876 1617 δε

995 1617 1224 1658 Principalibus
1242 1619 1533 1656 Constitutionibus
1551 1635 1620 1656 eam
1636 1634 1702 1657 rem
1717 1627 1874 1658 coerceri.

996 1661 1119 1700 optima
1139 1660 1202 1692 sine
1220 1661 1319 1692 dubio
1338 1664 1481 1704 ratione;
1499 1676 1540 1697 nc
1557 1666 1610 1698 sub
1631 1675 1789 1706 praetextu
1805 1668 1874 1699 col-

996 1702 1068 1743 legii
1089 1710 1141 1733 aut
1161 1703 1370 1735 universitatis
1395 1706 1648 1748 conspirationes
1670 1707 1748 1740 fiant
1762 1710 1876 1741 adverss

997 1742 1044 1774 sus
1057 1744 1284 1784 rempublicam
1296 1769 1305 1784 ‚
1322 1747 1501 1789 autflagitia
1518 1750 1664 1782 adversus
1682 1751 1788 1782 bonos
1803 1760 1872 1782 mo-

996 1787 1060 1817 res:
1076 1785 1227 1825 exemplo
1243 1786 1486 1821 Bacchanalium
1499 1814 1507 1829 ,
1523 1790 1605 1832 apud
1623 1791 1750 1824 Livium
1760 1792 1808 1824 lib.
1821 1802 1875 1833 39:

996 1836 1149 1870 perquam
1165 1829 1263 1869 digno
1279 1828 1490 1869 considerari,
1505 1833 1579 1865 dum
1597 1833 1742 1865 veniatur
1759 1834 1813 1865 lib.
1823 1844 1877 1875 47-

997 1867 1035 1900 ad
1045 1869 1114 1900 Tit.
1127 1868 1173 1901 De
1189 1870 1536 1911 collegiis&c0rp0rz·l>us.
1561 1874 1613 1906 De
1629 1884 1748 1906 caetero
1763 1877 1878 1916 (quod.

997 1911 1088 1951 hujus
1112 1911 1173 1943 loci
1197 1912 1260 1951 eli)
1283 1913 1324 1943 ait
1342 1912 1497 1954 Ulpianus
1514 1917 1542 1947 d.
1560 1916 1577 1947 l.
1600 1925 1624 1947 1.
1643 1916 1705 1947 ess'e
1725 1916 1876 1948 concessa

996 1955 1104 1993 paucis
1129 1955 1301 1984 admodum
1327 1955 1357 1986 in
1389 1956 1485 1988 causis
1513 1956 1692 1997 hujusmodi
1720 1966 1875 1998 corpora:

997 2004 1069 2026 nam
1089 1995 1288 2036 vectigalium
1301 1996 1502 2036 publicorum
1522 1998 1613 2030 sociis
1631 2000 1792 2039 permitti,
1808 2000 1874 2032 tale.

996 2046 1113 2075 corpus
1132 2037 1268 2075 habere,
1293 2038 1344 2068 vel
1365 2037 1632 2079 amimalium-um,
1658 2040 1876 2080 vel‘argenti-›

996 2077 1198 2115 scamarum,
1223 2078 1252 2108 ὅ(
1281 2078 1451 2112 salinarum.
1479 2090 1633 2121 praeterea
1656 2089 1742 2113 certa
1760 2082 1872 2114 Romae

995 2119 1057 2151 effe
1076 2120 1212 2160 collegia
1230 2128 1364 2158 quorum
1385 2131 1499 2162 corpus
1522 2122 1809 2155 Senatusconsultis
1827 2132 1874 2155 at-

996 2170 1058 2202 que
1075 2156 1366 2207 Constissptionibus
1391 2163 1621 2204 Principalibus
1646 2163 1877 2199 confirmatum

995 2202 1056 2234 est:
1076 2202 1172 2234 velu'ti
1189 2202 1341 2242 pistorum
1353 2227 1363 2243 ,
1387 2204 1419 2240 ὃς
1436 2207 1646 2245 quorumdam
1666 2207 1818 2245 aliorum,
1842 2207 1875 2238 δε

994 2245 1262 2276 naviculariorum
1286 2245 1339 2286 qui
1362 2244 1393 2277 in
1416 2248 1595 2284 provinciis
1620 2247 1696 2278 sunt.
1739 2247 1816 2279 Inde
1840 2248 1877 2280 in

996 2286 1144 2326 Corpore
1161 2284 1228 2325 Jani
1246 2285 1395 2326 Gruteri,
1410 2286 1449 2318 V.
1462 2286 1594 2329 Cr..pczg.
1611 2287 1830 2329 391.I11scrz'pt.
1843 2298 1873 2322 1.

995 2327 1066 2367 post
1081 2327 1139 2358 alia
1150 2350 1160 2365 ,
1172 2325 1238 2358 Ex.
1251 2329 1368 2360 decrero.
1386 2330 1504 2360 o'rdz'nis.
1524 2330 1659 2369 corporis.
1678 2330 1871 2370 piscatorum.

997 2368 1044 2403 &²-
1068 2369 1263 2400 minaeorum.
1289 2371 1388 2401 totins.
1419 2371 1506 2402 alvei.
1541 2370 1658 2401 Tiberis.
1683 2372 1797 2412 quibus.
1821 2381 1872 2406 ex.

996 2410 1028 2441 S.
1048 2410 1081 2441 C.
1100 2411 1181 2441 coire.
1206 2411 1278 2441 licet.
1310 2410 1352 2442 Et
1368 2417 1437 2453 pag.
1454 2421 1523 2451 432.
1542 2411 1677 2452 Inseript.
1705 2422 1729 2445 Ι.
1750 2413 1874 2456 Collegi-

996 2462 1054 2483 um.
1072 2451 1199 2488 fabrum.
1216 2453 1330 2493 quibus.
1347 2462 1392 2483 ex.
1412 2453 1441 2483 S.
1456 2453 1487 2482 C.
1506 2454 1587 2483 coire.
1605 2453 1680 2484 licet.
1706 2453 1870 2488 Caeterum

995 2494 1039 2524 ait
1060 2492 1211 2533 Ulpianus
1228 2496 1256 2524 cl.
1275 2494 1293 2524 l.
1316 2502 1339 2524 1.
1359 2493 1387 2536 ὃ.
1409 2502 1434 2524 1.
1453 2494 1481 2524 b.
1500 2499 1521 2525 t.
1548 2494 1662 2536 quibus
1685 2496 1872 2536 permissum

996 2534 1060 2571 est,
1084 2538 1200 2574 corpus
1219 2534 1337 2566 habere
1360 2535 1510 2580 collegii,
1531 2534 1712 2575 societatis,
1735 2536 1800 2568 five
1817 2547 1872 2568 cu-

993 2578 1107 2617 jusque
1131 2576 1260 2607 alterius
1284 2585 1396 2606 eorum
1422 2575 1553 2607 nomine
1570 2600 1581 2616 ,
1613 2578 1779 2618 proprium
1804 2579 1870 2618 est,

994 2618 1033 2648 ad
1051 2617 1236 2657 exemplum
1254 2617 1438 2656 reipublicae
1460 2617 1576 2649 habere
1593 2628 1642 2650 res
1660 2628 1871 2659 communes,

994 2667 1098 2690 arcam
1117 2667 1343 2701 communem,
1367 2658 1399 2697 (ξι
1414 2656 1583 2698 Actorem,
1605 2659 1668 2692 five
1693 2661 1871 2702 Syndicum

994 2710 1050 2740 per
1062 2709 1178 2740 quem,
1195 2706 1355 2739 tamquam
1372 2701 1401 2730 in
1419 2701 1600 2740 republica,
1618 2703 1705 2742 quod
1724 2710 1872 2734 commu-

995 2742 1078 2772 niter
1095 2741 1145 2781 agi
1162 2739 1296 2781 fierique
1316 2749 1484 2781 oporteat,
1498 2750 1628 2783 agatur,
1646 2742 1710 2774 fiat.
1735 2744 1868 2775 Mentio

993 2782 1062 2813 talis
1089 2783 1170 2819 arcae
1191 2782 1274 2822 apud
1297 2781 1474 2814 Gruterum
1487 2785 1558 2825 pag.
1587 2793 1654 2824 175.
1681 2785 1810 2823 Insrript.
1835 2793 1868 2822 4.

995 2823 1025 2854 δί
1039 2830 1108 2864 pag.
1126 2832 1196 2861 419.
1216 2823 1347 2863 Inscripr.
1367 2834 1394 2864 7.
1432 2823 1555 2861 Contra
1579 2825 1724 2867 Collegia
1750 2825 1769 2855 si
1795 2832 1867 2864 quae

994 2863 1115 2894 fuerint
1138 2864 1266 2902 illicita,
1290 2865 1452 2898 Mandatis
1470 2866 1500 2898 &
1519 2864 1808 2899 Constitutionibus
1833 2865 1865 2901 &-

995 2903 1282 2942 Senatusconsulti's
1296 2905 1518 2939 diffoIvumur.
1536 2907 1587 2939 secl
1606 2909 1649 2938 eis
1661 2915 1725 2938 tum
1736 2907 1869 2945 permit·

996 2946 1094 2984 titur,
1118 2948 1285 2986 pecunias,
1307 2947 1326 2979 si
1344 2957 1420 2988 quas
1437 2949 1575 2986 habent,
1593 2948 1753 2985 dividere,
1768 2954 1869 2986 pecu-

996 2988 1144 3028 niamque
1159 2988 1241 3025 inter
1257 2987 1285 3020 sc
1301 2991 1408 3029 partiri
1425 2991 1444 3022 l.
1455 2994 1482 3030 3.
1494 2985 1533 3020 D.
1546 2991 1578 3019 de
1596 2989 1689 3027 colleg.
1703 2987 1739 3021 ἐξ
1757 2996 1866 3029 corpor.

1038 3028 1162 3063 Deinde
1179 3031 1222 3061 ait
1238 3030 1377 3065 Praetor:
1395 3032 1441 3067 Dc
1458 3041 1486 3061 eo
1501 3033 1546 3060 vel
1559 3030 1674 3067 syndico
1693 3029 1739 3058 vel
1756 3029 1867 3069 αὲῗονὶ,

997 3069 1034 3103 &³
1050 3071 1184 3112 adversus
1200 3081 1281 3110 eum,
1300 3073 1445 3113 judicium
1461 3072 1539 3102 daho.
1563 3069 1618 3115 Ex*
1635 3069 1682 3115 liis
1699 3071 1806 3103 verbis
1820 3072 1868 3103 in-

997 3111 1144 3152 telligitur
1167 3115 1216 3144 cui
1233 3113 1263 3144 &
1280 3114 1425 3145 adversus
1446 3120 1539 3152 quem
1555 3111 1708 3149 judicium
1723 3112 1818 3144 detur
1832 3121 1868 3144 u-⁴

995 3153 1179 3185 niversitatis
1198 3156 1337 3186 nomine.
1370 3155 1436 3184 talis
1453 3152 1498 3182 est
1513 3152 1671 3191 Syndicus
1688 3154 1739 3184 vel
1756 3154 1869 3185 Λὲὶοτ.

993 3202 1030 3225 ac
1047 3191 1222 3234 notandum
1234 3219 1244 3232 ,
1264 3196 1351 3235 quod
1369 3194 1519 3233 Ulpianus
1534 3195 1553 3223 ι.
1570 3202 1600 3233 3.
1617 3193 1644 3224 h.
1662 3199 1682 3224 τ.
1700 3195 1764 3233 ait,
1787 3196 1869 3234 nulli

990 3236 1157 3312 permitltg,
1174 3239 1304 3271 nomine
1315 3235 1452 3271 civitatis
1464 3235 1514 3270 vel
1528 3235 1622 3272 curiae
1640 3237 1794 3278 experiri:
1810 3235 1870 3308 nis}

1837 3287 1854 3307 e
