2052 3487
207 158 276 185 200

205 237 249 268 vii
269 236 479 274 Athenagorae
497 230 537 261 de
553 226 629 259 fisco
649 225 723 258 ideo
746 223 855 255 decies
870 218 1008 254 centena
1024 220 1081 252 do-

208 281 248 310 tis
267 277 397 309 nornine
421 270 592 306 numeram
617 267 705 308 quod
720 274 755 296 ea
772 271 893 304 patrem
910 264 996 295 dotis
1011 261 1081 293 usu-

204 328 252 350 ras
271 313 440 358 praestitiffe
455 309 623 352 allegasset.
659 307 813 348 judicavit
829 305 925 346 igitur
942 304 1080 344 Impera-

206 368 276 398 tor,
292 364 432 398 patrem,
450 362 548 394 quum
565 350 650 384 dotis
667 347 770 380 usuras
788 345 933 388 praestitit
945 369 954 385 ‚
968 346 1081 377 dotem

801 134 1114 171 GER'Annt
1163 127 1397 166 Noonr

1122 228 1138 250 a
1155 217 1193 250 se¹
1206 216 1388 259 promissam
1411 214 1492 253 effe,
1513 208 1578 252 ipsa
1594 217 1629 242 re
1645 207 1824 242 declarafl‘e.
1845 208 1922 243 ficut
1934 219 1988 252 pa·
2016 205 2018 208 ⁴

1122 268 1172 292 ter
1195 254 1593 300 intelligitur‚.pecuniam
1618 260 1690 292 quae
1712 250 1780 282 filio
1802 251 1921 284 credita
1933 253 1990 291 sit,

1122 303 1153 333 in
1179 310 1246 333 rern
1267 300 1350 331 suam
1375 297 1493 329 versam
1519 293 1604 332 else,
1624 290 1792 326 ostendisse
1815 300 1856 323 eo
1870 314 1880 332 ‚
1901 296 1988 334 quod

1123 343 1189 382 ejus
1206 342 1311 375 usuras
1329 339 1481 372 creditori
1497 335 1602 369 solvit.

946 455 1160 492 CAPUT
1209 453 1260 490 ΙΙ.

213 556 333 603 Usuras
347 556 378 589 in
389 553 497 603 δ[Ζνὶἑῖἱ
508 552 592 599 juris
608 550 815 586 contrafflbus
831 546 996 592 aliquando
1014 557 1053 580 ex
1075 532 1152 579 nudo
1172 545 1260 591 poblo

832 594 1000 642 difficultas
1022 592 1155 641 fhhlata
1170 605 1208 628 eci·
1230 593 1251 629 l.
1278 602 1335 635 41.

278 605 291 638 l
327 613 357 648 7.
387 604 430 638 D.
458 602 492 636 de
509 601 631 635 nautico
646 598 780 644 foenore.

274 654 379 689 tollere
398 654 533 686 tentavit
551 647 732 693 Salmasius.

202 743 296 816 Sed
322 747 471 783 apparet,
495 739 598 770 usuras
624 736 697 777 Jure
724 731 819 768 Civili
838 740 902 766 non
921 733 1009 765 nudo
1026 740 1079 772 pa-

277 783 348 822 ἂο,
373 783 423 814 sed
448 779 668 819 stipulatione,
692 776 851 809 constitui.
893 784 954 807 nec
973 782 1079 805 tamen

203 824 329 857 inficior
345 823 460 864 (quod
486 822 514 852 ὅ(
538 820 715 861 Imperator
739 817 928 858 Justinianus
953 813 1073 848 NovellL

207 870 274 906 1336.
291 876 315 896 c.
334 875 363 905 4.
382 864 493 902 notat)
509 858 571 894 effe
587 860 674 893 casus
691 860 804 901 quibus
820 858 963 899 singulari
981 856 1076 888 ratio-

200 917 242 939 ne
268 906 403 947 placuit,
429 904 532 936 usuras
555 902 651 934 etiam
674 912 714 934 ex
736 901 824 932 nudo
842 899 936 940 patto
954 898 1075 930 deberi.

204 947 333 979 Indulsit
356 955 462 978 autern
485 946 511 976 is
529 943 706 985 Imperator
733 942 797 974 hoc
824 941 1030 982 argentariis,
1054 938 1075 970 fi

199 997 344 1021 mutuum
371 988 537 1025 dederint,
561 986 590 1017 δι
616 984 721 1017 usuras
747 992 812 1015 non
844 981 999 1020 stipulati,
1023 979 1076 1011 sed

199 1031 300 1072 pacti,
324 1029 382 1061 fint
399 1030 427 1060 d.
452 1038 477 1060 c.
502 1038 531 1067 4.
555 1026 724 1068 praefatus,
748 1024 835 1065 quod
862 1023 925 1068 Qui
946 1023 1077 1054 omnibus

197 1072 402 1113 propemodum
416 1070 612 1111 indigentibus
626 1075 702 1109 openz
713 1067 796 1107 ferre
808 1066 908 1106 parati
915 1064 992 1103 sunt
1003 1087 1012 1102 ,
1028 1063 1078 1094 bos

201 1116 299 1154 utique
312 1120 364 1153 per
382 1112 546 1152 hujusmodi
563 1110 704 1141 minutias
722 1108 864 1150 injurium
878 1107 1006 1147 perpeti,
1025 1104 1076 1146 ju-

193 1153 277 1195 stum
293 1163 350 1185 non
365 1154 468 1193 fuerit.
492 1151 534 1183 Et
544 1152 584 1183 de
601 1152 665 1182 hoc
682 1149 752 1181 casu
767 1149 884 1188 accipit
896 1145 1077 1184 Salmasius,

203 1195 250 1227 De
272 1196 369 1235 usuris
392 1205 415 1226 c.
437 1198 467 1226 6.
488 1201 558 1235 pag.
585 1196 653 1224 126.
687 1191 755 1222 haec
775 1188 951 1221 Modestini
981 1187 1077 1218 verba

198 1247 238 1268 ex
255 1237 274 1268 l.
298 1246 349 1275 41.
366 1236 394 1278 §.
421 1246 449 1267 2.
477 1235 518 1266 D.
542 1235 575 1265 de
592 1233 697 1272 usuris.
722 1232 767 1264 Ab
789 1231 865 1262 Aulo
883 1230 992 1272 Agerio
1013 1229 1076 1260 Ga-

193 1279 246 1320 jus
264 1278 348 1319 Sejus
369 1283 504 1309 mutuam
525 1276 672 1317 quandam
687 1275 879 1315 quantitatem
903 1271 1011 1311 accepit
1027 1270 1077 1301 hoc

198 1319 401 1360 chirographo:
424 1317 481 1350 llle
499 1316 635 1358 scripsit,
659 1324 710 1347 me
732 1312 888 1353 accepisse
904 1335 914 1351 ,
937 1312 967 1343 ἂ
984 1320 1075 1342 acce-

199 1361 232 1401 pi
251 1360 289 1391 ab
306 1360 362 1391 illo
385 1367 514 1391 mutuos
540 1358 569 1389 &
587 1363 771 1389 numeratos
792 1355 923 1386 decem:
948 1362 1029 1393 quos
1046 1352 1075 1383 ei

199 1403 333 1433 reddam
359 1400 509 1432 Kalendis
532 1399 593 1430 illis
617 1398 770 1439 proxinns
801 1404 874 1426 cum
896 1393 956 1425 suis
979 1393 1076 1425 usuris

196 1443 324 1484 placitis
350 1442 434 1473 iuter
461 1450 530 1472 nos.
574 1439 699 1484 Qucero,
722 1448 760 1468 an
784 1447 819 1468 ex
839 1445 867 1467 eo
884 1433 1074 1477 instrumento

199 1484 294 1521 usuroe
317 1484 375 1523 peti
394 1481 516 1523 poffint,
533 1479 569 1515 &³
594 1478 682 1521 quae?
705 1475 888 1517 Modestinus
909 1476 1072 1515 respondit,

191 1524 221 1564 fi
237 1534 294 1555 non
310 1524 507 1564 appar-eatae
517 1523 621 1562 quibus
636 1521 731 1560 usuris
750 1519 900 1550 conventio
910 1517 997 1556 saeba
1009 1515 1049 1555 fit
1061 1540 1071 1556 ‚

192 1567 254 1607 peti
269 1575 315 1596 eas
331 1574 387 1595 non
399 1563 482 1605 poffe.
517 1563 579 1594 Sed
597 1562 674 1594 mihi
691 1561 826 1592 Salmasii
843 1559 1070 1600 interpretatio

195 1607 352 1646 displicet.
375 1613 411 1636 ut
421 1606 505 1636 enim
517 1602 800 1643 usuraargentariis
816 1610 857 1633 ex
869 1601 959 1632 nudo
980 1599 1071 1640 pasto

194 1648 370 1687 debeatur,
391 1647 529 1688 primurn
553 1654 570 1677 a
594 1644 766 1685 justiniano
788 1641 1005 1674 introductum
1029 1639 1074 1671 est

195 1691 225 1721 d.
247 1687 366 1720 Novell.
384 1691 453 1728 136.
473 1698 498 1719 c.
518 1697 547 1727 4.
571 1694 633 1718 nec
650 1695 667 1716 a
683 1683 870 1716 Modestino
888 1682 999 1714 doceri
1017 1691 1074 1721 po-

196 1731 276 1762 tuit:
301 1729 372 1770 quia
397 1729 463 1769 eius
490 1736 638 1768 tempore
663 1727 806 1759 nondum
830 1725 878 1765 Jus
901 1722 988 1761 fuit3
1011 1731 1072 1754 nec

194 1771 303 1812 potuit
319 1773 344 1803 is
357 1770 531 1807 somniare,
547 1769 720 1809 aliquando
736 1767 829 1805 fore,
846 1773 880 1796 ut
896 1774 913 1796 a
929 1763 1072 1804 justinia-

193 1822 239 1845 no
262 1813 468 1853 reciperetur.
511 1811 617 1852 Magis
643 1808 797 1849 suspicer,
823 1808 854 1838 in
875 1807 903 1837 d.
926 1807 946 1837 l.
969 1814 1018 1844 41.
1041 1804 1071 1846 §.

194 1863 224 1886 2.
249 1853 417 1895 subJ'ectam
433 1853 527 1885 nudae
544 1851 683 1892 paffioni
699 1848 792 1881 fuiffe
815 1846 1072 1888 stipulationem3

193 1894 264 1968 ffic
288 1896 374 1927 enim
399 1894 481 1927 solet
505 1892 574 1925 fieri
602 1893 621 1925 l.
644 1901 674 1933 7.
705 1891 734 1932 §.
760 1900 807 1922 12.
832 1889 875 1920 D.
899 1890 932 1920 de
950 1887 1072 1929 pastis)

208 1937 248 1969 ed
270 1936 352 1968 hanc
375 1946 440 1968 non
464 1943 635 1977 apparere3
659 1933 731 1974 quia
757 1941 775 1963 a
790 1929 973 1963 consultore
992 1930 1071 1960 inte-

194 1987 249 2019 gra
274 1987 339 2009 non
366 1978 472 2009 editur
494 1977 621 2014 cautio,
645 1982 768 2006 tantum
795 1971 883 2013 quod
909 1980 974 2002 non
994 1969 1071 2001 esset

194 2020 317 2059 integra
340 2028 447 2059 opus:
480 2028 553 2050 curn
579 2026 645 2049 non
668 2016 738 2047 haec
760 2014 789 2046 ei
815 2011 947 2054 quaestio
973 2010 1070 2050 efl'et,

193 2070 233 2091 an
258 2059 356 2091 usurae
382 2060 411 2091 in
439 2059 532 2091 stric’ti
555 2059 632 2099 juris
650 2056 818 2089 contractu
840 2063 880 2085 ex
902 2053 996 2094 paeto
1015 2053 1067 2083 de-

196 2102 365 2133 berentur:
382 2099 434 2133 sed
450 2111 487 2131 an
506 2102 700 2132 deberentur
716 2107 756 2129 ex
775 2095 912 2128 formula
923 2103 982 2133 qua
993 2103 1071 2125 con-

196 2151 328 2174 venerat
345 2166 354 2180 ,
390 2150 424 2172 ut
458 2144 628 2173 deberentur
651 2141 740 2178 uliirae
763 2138 878 2178 placita
900 2138 974 2167 inter
1000 2144 1071 2170 nos3

197 2193 259 2215 nec
291 2192 457 2223 appareret
475 2206 484 2222 ,
527 2184 566 2214 (le
593 2182 706 2221 quibus
731 2179 829 2211 usuris
860 2175 1071 2209 conveniffet.

196 2234 263 2257 non
286 2233 391 2256 autem
419 2233 541 2256 novum
566 2223 636 2262 est,
659 2230 694 2254 ut
713 2224 744 2253 in
769 2218 938 2262 propositis
954 2217 1074 2250 casibus

910 2329 1121 2365 Capu-r

1288 541 1411 578 deberi:
1438 535 1480 579 ἐξ
1494 535 1640 585 quando?
1667 533 1807 571 Scaevola
1835 521 1994 580 restitutus

1362 587 1391 636 §.
1421 599 1451 625 2.
1481 589 1525 625 D.
1551 587 1586 622 de
1602 583 1703 632 usuris
1720 610 1731 628 ‚
1758 593 1849 629 quam
1863 581 1989 631 frustra

1122 741 1138 764 a
1157 728 1393 763 consultoribus
1416 725 1622 758 instrumenta
1638 731 1704 755 non
1721 722 1843 762 integra
1857 719 2011 758 reciteno,

1123 781 1190 805 tur:
1214 773 1266 804 sed
1293 779 1353 812 pro
1382 777 1472 810 parte
1501 776 1572 808 quae
1604 763 1704 796 faciat
1732 763 1773 795 ad
1803 760 1991 803 praesentem
2009 783 2017 792 .

1123 814 1343 857 quaestionem.
1995 827 1998 832 ,

1158 856 1267 887 Simile
1286 851 1486 894 privilegium
1517 847 1645 880 videtur
1667 846 1774 879 datum
1798 843 1990 877 civitatibus.

1118 906 1190 929 narn
1208 897 1303 928 etiam
1327 894 1375 925 his
1393 902 1431 924 ex
1448 891 1534 923 nudo
1553 889 1648 931 patto
1668 888 1778 920 deberi
1798 886 1902 918 usuras
1923 893 1992 916 cre-

1118 940 1254 970 ditarum
1272 936 1311 968 ab
1334 935 1378 966 eis
1405 933 1610 975 pecuniarum
1625 953 1635 969 ‚
1661 929 1793 967 Paulus,
1815 928 1863 959 lib.
1880 925 1997 969 finguh·

1120 980 1327 1022 Regularum,
1358 976 1468 1007 auctor
1490 972 1534 1005 est
1558 972 1578 1003 l.
1601 982 1652 1013 30.
1682 970 1726 1002 D.
1758 971 1792 1001 de
1822 971 1929 1009 usuris.
1960 968 1992 1001 ὃς

1119 1022 1183 1053 hoc
1200 1018 1401 1060 privilegium
1426 1015 1505 1054 effe,
1530 1012 1679 1045 observat
1701 1011 1894 1043 Scholiastes
1910 1009 1991 1050 Bafi-

1119 1064 1165 1095 lic.
1191 1063 1238 1093 lib.
1266 1071 1314 1101 23·
1340 1060 1387 1090 tit.
1410 1067 1440 1098 3.
1464 1064 1529 1087 com.
1552 1065 1581 1096 3.
1600 1061 1671 1096 pag.
1693 1063 1766 1093 440.
1789 1052 1834 1083 lit.
1860 1052 1894 1084 C.
1994 1062 1996 1065 ·

1160 1103 1330 1142 Similejus
1355 1099 1400 1132 est
1423 1097 1576 1129 frumenti
1593 1097 1645 1128 vel
1669 1094 1781 1126 hordei
1797 1102 1910 1125 mutuo
1927 1093 1992 1126 dati

1119 1145 1139 1177 l.
1161 1155 1205 1176 12.
1232 1144 1266 1175 C.
1289 1144 1317 1174 d.
1341 1147 1363 1173 t.
1408 1140 1512 1171 Etiam
1534 1137 1670 1169 foenoris
1693 1136 1839 1168 nautici:
1863 1135 1904 1167 de
1925 1144 1990 1176 quo

1119 1188 1162 1218 ita
1179 1185 1322 1218 Scaevola
1340 1183 1357 1213 l.
1375 1192 1404 1222 7.
1422 1182 1462 1212 D.
1486 1182 1519 1212 de
1534 1180 1652 1210 nautico
1659 1175 1783 1218 faenore.
1823 1175 1862 1208 In
1879 1178 2001 1217 quibusf

1118 1229 1183 1259 dam
1193 1225 1385 1257 contractibus
1400 1224 1485 1253 etiam
1500 1223 1590 1259 usurae
1605 1221 1743 1251 debentur
1756 1219 1992 1261 quemadmodum

1114 1277 1165 1310 per
1181 1266 1407 1310 stipulationem.
1438 1274 1506 1294 nam
1521 1261 1550 1300 fi
1573 1262 1671 1293 dedero
1693 1262 1786 1292 decem
1813 1258 1989 1301 trajestitia,

1117 1317 1150 1341 ut
1162 1311 1247 1349 salva
1277 1307 1465 1346 nevelonem
1491 1314 1556 1335 cum
1577 1304 1662 1334 certis
1682 1303 1779 1342 usuris
1799 1302 1931 1341 recipiam
1947 1302 1997 1332 di·-

1119 1353 1237 1383 cendum
1254 1348 1311 1391 est,
1325 1347 1398 1388 poffe
1414 1356 1456 1377 me
1468 1348 1572 1385 sortem
1587 1354 1654 1376 cum
1670 1344 1768 1384 usuris
1782 1343 1911 1383 reeipere.
1937 1341 1989 1373 Sic

1120 1393 1238 1424 liabent
1255 1400 1366 1422 omnes
1392 1389 1460 1419 libri
1477 1398 1485 1419 :
1510 1387 1562 1418 sed
1580 1385 1692 1417 desunt
1707 1384 1822 1423 verba,
1844 1393 1882 1415 ex
1893 1382 1988 1425 pobbo.

1118 1434 1237 1474 adjice,
1263 1433 1291 1464 &
1318 1432 1405 1472 lege,
1430 1429 1467 1460 In
1491 1428 1664 1470 quibusdam
1688 1425 1881 1457 communius
1902 1426 1998 1457 etiam*

1115 1485 1151 1506 ex
1164 1474 1249 1516 patio
1265 1473 1356 1512 usuroe
1366 1473 1518 1508 debentur,
1528 1469 1765 1510 quemadmodum
1769 1475 1823 1508 per
1822 1464 1997 1507 stipulatio-⁴

1115 1526 1187 1548 nem.
1214 1514 1316 1547 sensus
1337 1513 1400 1551 est,
1424 1511 1527 1543 usuras
1552 1512 1583 1541 in
1606 1509 1794 1550 quibusdam
1819 1507 1989 1539 contracti-

1116 1559 1173 1590 bus
1195 1566 1286 1596 aeque
1308 1565 1348 1586 ex
1373 1554 1487 1595 pacto,
1511 1560 1608 1591 atque
1628 1560 1671 1582 ex
1692 1550 1915 1590 stipulatione,
1936 1550 1997 1580 de-;

1115 1599 1193 1631 beri.
1219 1598 1248 1629 &
1266 1595 1449 1636 exemplum
1472 1593 1570 1624 Paulo
1587 1593 1619 1623 in
1642 1592 1775 1632 pecunia
1805 1590 1997 1631 ti·aje6titia:=
2020 1626 2022 1629 r

1116 1641 1148 1671 id
1174 1639 1357 1678 exemplum
1383 1636 1428 1668 est
1443 1659 1451 1674 ,
1468 1634 1497 1672 fi
1517 1636 1615 1665 dedero
1638 1634 1732 1664 decem
1755 1631 1929 1673 trajestitia,
1954 1637 1998 1664 ut·

1112 1682 1138 1722 s
1136 1681 1204 1713 alva
1221 1689 1299 1711 nave
1307 1678 1414 1719 sortem
1429 1686 1493 1708 cum
1508 1676 1592 1706 cercis
1605 1674 1700 1714 usuris
1713 1674 1908 1714 recipiamtid
1924 1671 1970 1704 est
1977 1685 1998 1712 ,ς

1119 1722 1139 1754 fi
1152 1722 1271 1754 dedero
1280 1721 1392 1752 decem
1404 1717 1587 1757 traiectum,
1606 1716 1634 1746 &
1651 1715 1760 1756 pactus
1775 1714 1828 1746 fim
1839 1737 1848 1753 ‚
1863 1713 1998 1745 utsalva.

1113 1773 1195 1795 nave
1203 1786 1213 1801 ,
1226 1761 1341 1793 sortem
1352 1769 1425 1792 cum
1436 1759 1531 1789 certis
1541 1756 1637 1788 usuris
1646 1756 1809 1797 recipiam:
1818 1756 1996 1788 dicendum*¹

1114 1804 1177 1843 est,
1201 1802 1290 1844 posse
1304 1802 1346 1833 sic
1361 1801 1479 1832 sortem
1495 1808 1569 1830 cum
1585 1798 1681 1829 certis
1699 1796 1795 1828 usuris
1809 1796 1966 1836 recipere.
1993 1811 1999 1828 2

1156 1846 1263 1886 Atque
1283 1844 1348 1874 hoc
1362 1841 1528 1883 postquam
1543 1841 1574 1871 in
1593 1838 1756 1879 traiectitia
1773 1838 1908 1878 pecunia
1923 1838 1996 1877 pla-r

1115 1887 1198 1918 cuit:
1223 1885 1339 1916 deinde
1355 1883 1496 1915 obtinuit
1513 1889 1644 1921 quoque
1666 1881 1697 1911 in
1720 1879 1845 1911 caeteris
1861 1887 1932 1919 quae
1947 1879 1998 1911 ad-

1113 1928 1207 1959 instar
1224 1926 1397 1966 trajectitiae
1421 1923 1566 1964 pecuniae
1590 1921 1718 1959 haberi,
1742 1919 1831 1961 supra
1855 1920 1921 1952 dixi
1945 1929 1995 1952 ex‘

1113 1969 1257 2001 Scaevola
1271 1968 1291 1999 l.
1307 1978 1337 2007 5.
1359 1973 1405 2006 pr.
1424 1965 1460 2000 ἐξ
1478 1964 1507 2006 §.
1527 1973 1550 1996 1.
1569 1963 1611 1994 D.
1627 1963 1661 1994 de
1674 1963 1789 1993 nautico
1800 1963 1923 2001 faenore.

1156 2008 1297 2050 Exposui
1315 2007 1402 2039 casus
1417 2007 1448 2038 in
1471 2005 1584 2046 quibus
1607 2003 1706 2036 usurae
1722 2004 1754 2035 in
1772 2002 1987 2035 contractibus

1114 2051 1207 2083 striCli
1223 2050 1297 2091 juris
1321 2050 1415 2080 etiam
1439 2056 1479 2079 ex
1507 2046 1594 2077 nudo
1619 2044 1712 2086 paeto
1742 2051 1908 2084 petantur3
1932 2046 1986 2083 qui

1114 2100 1220 2124 tamen
1238 2091 1308 2131 quia
1333 2089 1477 2131 singulari
1494 2089 1615 2119 ratione
1633 2085 1702 2117 sunt
1728 2086 1866 2126 recepti:
1890 2093 1996 2125 appa-5

1115 2142 1188 2173 ret,
1206 2132 1312 2164 usuras
1336 2133 1367 2163 111
1385 2130 1514 2171 reliquis
1535 2138 1599 2160 non
1617 2137 1658 2160 ex
1675 2126 1788 2169 pacto,
1812 2126 1864 2159 sed
1881 2135 1921 2158 ex
1936 2125 1986 2158 sti-

1116 2176 1245 2216 pulatu,
1270 2175 1348 2215 peti.

1178 2326 1254 2362 111.

200 2420 309 2468 Usuris
327 2423 358 2456 in
369 2420 602 2469 stipulationem
622 2419 754 2455 deduuis
775 2415 845 2462 fine
862 2424 943 2451 certo
972 2415 1075 2454 modo,
1103 2415 1186 2449 civili
1211 2415 1284 2460 jure
1304 2411 1405 2448 nullas
1433 2411 1555 2445 deberi:
1581 2406 1638 2453 nisi
1663 2407 1854 2454 argentariis
1880 2407 1984 2453 quibus

266 2482 347 2504 nova
376 2470 556 2516 Juftiniani
580 2469 798 2514 Constitutione
813 2465 904 2511 bcffes
918 2477 948 2499 eo
966 2466 997 2498 in
1016 2461 1086 2509 casu
1103 2464 1254 2497 debentur.
1272 2461 1391 2509 species
1422 2457 1585 2506 &sensus
1603 2458 1729 2502 Ulpiani
1748 2457 1769 2491 l.
1798 2465 1853 2500 34.
1881 2456 1924 2491 D.
1950 2455 1986 2490 de

264 2519 380 2564 regulis
394 2520 491 2565 juris.
519 2518 718 2564 Modestinus
735 2515 893 2561 expeditus
913 2515 932 2549 l.
959 2524 1016 2557 41.
1049 2512 1078 2560 §.
1099 2523 1131 2547 2.
1150 2513 1202 2555 D.
1228 2511 1263 2545 a'e
1280 2509 1378 2556 usuris
1391 2532 1404 2552 ,
1422 2505 1463 2547 Εὖ)
1481 2508 1634 2554 Ulpianus
1653 2506 1674 2541 l.
1703 2515 1759 2551 31.
1778 2505 1823 2540 D.
1852 2505 1911 2539 eod.
1935 2505 1988 2555 tit.-

196 2621 274 2694 At
299 2627 405 2659 neque
432 2618 497 2649 hoe
513 2617 647 2655 sufficit,
670 2617 773 2649 usuras
790 2616 819 2647 in
838 2614 1073 2656 stipulationem

283 2660 417 2692 deduci:
441 2658 494 2690 nisi
518 2668 670 2699 praeterea
694 2666 800 2689 certus
824 2666 931 2688 earum
957 2656 1074 2687 modus

195 2703 403 2744 exprimatur.
436 2700 488 2739 qui
522 2700 542 2731 ii
573 2709 638 2731 non
662 2700 698 2731 fit
722 2699 861 2731 additus:
883 2697 956 2736 Jure
977 2696 1072 2728 Civili

194 2754 261 2776 non
281 2753 320 2774 ex
338 2751 428 2774 more
445 2741 602 2781 regionis,
627 2740 678 2772 ubi
701 2740 900 2771 contrastum
918 2737 981 2776 est,
1005 2737 1071 2769 fini-

193 2794 264 2817 tur:
290 2783 340 2815 sed
358 2782 477 2814 inutilis
495 2782 629 2813 habetur
648 2781 816 2820 stipulatio.
849 2780 944 2820 Atqui
964 2781 993 2810 in
1012 2779 1069 2810 bo-

192 2837 242 2859 nae
259 2825 332 2857 fidei
352 2823 476 2865 Judiciis
494 2821 611 2859 usurae,
631 2821 654 2853 fi
674 2821 782 2853 officio
799 2821 918 2860 Judicis
935 2820 1071 2852 debean·

193 2876 264 2906 tur,
283 2874 435 2907 reguntur
453 2873 542 2896 more
559 2864 610 2903 qui
631 2864 660 2893 in
679 2863 812 2902 regione
829 2861 1066 2902 frequentatur.

194 2909 323 2941 fateor:
347 2906 399 2937 sed
425 2914 490 2937 non
513 2914 552 2935 ex
571 2904 676 2944 regula
697 2904 791 2943 juris:
816 2902 868 2934 sed
884 2905 955 2942 quia
972 2903 1002 2934 in
1022 2902 1070 2933 his

193 2950 236 2982 fic
249 2960 265 2981 a
283 2947 481 2987 Principibus
500 2944 708 2976 constitutum
725 2943 787 2974 est:
811 2951 845 2974 ut
862 2953 902 2975 ex
917 2944 934 2974 l.
959 2953 1008 2984 37.
1028 2942 1069 2975 D.

194 2993 227 3022 de
250 2991 364 3031 usuris,
388 2989 418 3020 ἀ
437 2988 456 3018 l.
487 2996 532 3018 12.
559 2985 587 3027 §.
612 2995 640 3022 9.
668 2985 707 3015 l).
731 2984 873 3015 illaudati
890 2985 935 3015 vel
952 2990 1070 3023 contra,

194 3032 317 3064 ostendi
338 3031 387 3061 lib.
415 3038 460 3061 11.
477 3035 539 3068 cap.
563 3038 593 3059 v.
619 3025 655 3060 δὲ)
672 3026 720 3056 lib.
747 3034 814 3056 111.
839 3032 900 3065 cap.
917 3034 961 3056 VI.
988 3033 1019 3056 at
1038 3027 1070 3057 in

195 3073 355 3104 usurarum
373 3070 574 3110 stipulatione
591 3067 669 3099 nihil
686 3066 760 3097 tale.
784 3065 909 3105 igiturfi
925 3065 987 3096 (ine
1008 3065 1071 3098 fine

197 3113 351 3153 promissae
368 3111 457 3150 sunt3
483 3119 546 3141 non
565 3119 605 3141 ex
625 3117 714 3140 more
737 3107 876 3147 regionis
899 3106 1069 3146 finientur,

197 3154 334 3185 cessante
358 3152 616 3184 Constitutione:
641 3148 692 3180 sed
717 3157 757 3179 ex
780 3147 896 3187 regulis
912 3147 987 3187 Juris
1005 3157 1070 3179 non

197 3195 317 3226 valebit
333 3194 512 3234 stipulatio,
536 3190 620 3232 quasi
643 3191 764 3222 incerta
779 3187 868 3220 usura
883 3188 914 3219 in
932 3197 1002 3218 eam
1018 3188 1070 3219 de·

195 3236 288 3269 <iusta
311 3234 356 3267 sit.
381 3234 672 3275 quemadmodum,
689 3231 710 3264 si
726 3231 816 3272 quis,
842 3229 929 3271 quod
947 3229 1070 3269 ponde·

1116 2623 1151 2645 re
1168 2637 1178 2652 ‚
1209 2620 1345 2644 numero
1361 2633 1370 2649 ‚
1399 2618 1453 2641 aut
1475 2608 1617 2641 mensura
1636 2630 1647 2646 ‚
1677 2607 1899 2644 contineatur,
1922 2603 1984 2636 fine

1116 2654 1293 2694 adjeetione
1317 2652 1487 2693 ponderis,
1510 2649 1654 2685 numeri,
1677 2656 1730 2680 aut
1744 2647 1914 2684 mensurae,
1937 2644 1987 2688 sti-⁴

1116 2697 1241 2737 pulatus
1264 2693 1300 2726 fit
1317 2716 1326 2732 ,
1351 2694 1401 2725 vel
1424 2691 1552 2723 insulam
1579 2689 1746 2728 aedificari,
1771 2699 1834 2721 non
1854 2689 1985 2721 demon-

1115 2737 1213 2769 strato
1231 2737 1306 2767 loco
1321 2757 1330 2772 ‚
1362 2734 1413 2765 vcl
1441 2733 1575 2764 fundum
1596 2732 1680 2768 dari,
1702 2741 1766 2762 non
1790 2730 1914 2768 adjecto
1931 2736 1984 2759 no-

1115 2780 1218 2816 rnine3
1242 2777 1286 2808 ait
1310 2776 1518 2816 Papinianus,
1542 2771 1762 2814 imper-festam
1786 2771 1848 2803 esse
1864 2769 1984 2810 stipula-

1116 2822 1237 2852 tionem
1253 2818 1272 2849 l.
1303 2826 1369 2856 115.
1397 2816 1437 2847 D.
1461 2818 1494 2846 de
1510 2817 1660 2846 verborum
1676 2813 1903 2854 obligationibus.

1154 2859 1226 2892 Nec
1245 2858 1308 2894 est,
1321 2858 1408 2897 quod
1427 2857 1531 2887 turber
1552 2865 1647 2896 quem
1667 2853 1822 2892 Ulpianus
1838 2853 1857 2886 l.
1901 2861 1929 2890 4.
1940 2849 1982 2882 D.

1113 2903 1146 2933 de
1166 2901 1273 2941 regulis
1284 2900 1374 2940 juris.
1400 2899 1495 2929 verba
1516 2896 1654 2937 Ulpiani.
1681 2896 1795 2936 Semper
1822 2897 1853 2925 in
1895 2892 1985 2933 ipula·

1114 2945 1254 2978 tionibus,
1287 2940 1324 2976 &²
1341 2941 1374 2971 in
1389 2942 1493 2970 caeterz's
1509 2937 1700 2970 contrafflbus
1710 2938 1740 2968 id
1751 2937 1895 2977 sequimur
1912 2932 1985 2975 quod

1112 2983 1210 3016 obium
1233 2980 1360 3023 estsaut
1374 2980 1401 3018 ft
1422 2990 1479 3012 non
1496 2985 1617 3020 pareat,
1641 2979 1711 3020 quid
1736 2977 1832 3009 aftum
1853 2974 1910 3017 est,
1930 2973 1983 3004 erit

1113 3028 1302 3066 consequens,
1320 3028 1353 3053 ut
1368 3023 1398 3053 id
1406 3022 1583 3063 sequamur,
1599 3020 1674 3062 quod
1691 3020 1722 3050 in
1738 3019 1867 3059 regione,
1883 3019 1914 3047 in
1928 3022 1984 3056 qua

1112 3066 1208 3098 astum
1233 3064 1290 3105 eft,
1306 3066 1525 3105 frequentatur.
1568 3061 1650 3107 Quid
1676 3070 1740 3099 ergo
1758 3082 1768 3096 ‚
1784 3058 1813 3097 fi
1834 3065 1923 3098 neque
1944 3063 1985 3086 re-

1111 3109 1210 3150 gionis
1234 3116 1292 3137 nzos
1315 3110 1470 3145 appareat,
1493 3105 1561 3145 quia
1584 3098 1786 3141 variusfuit?
1808 3100 1845 3130 ad
1865 3099 1896 3128 id
1912 3093 1985 3137 quod

1113 3150 1266 3180 minimum
1291 3144 1348 3186 est,
1372 3146 1527 3185 redigenda
1545 3145 1662 3184 summa
1685 3139 1733 3182 est.
1776 3138 1829 3170 Est
1846 3139 1928 3170 enim
1946 3144 1983 3167 ea

1113 3190 1166 3220 lex
1191 3198 1232 3220 ex
1258 3186 1387 3229 Ulpiani
1411 3187 1493 3218 libro
1516 3196 1566 3224 45.
1599 3184 1646 3214 Ad
1670 3182 1834 3213 Sabinum:
1857 3188 1897 3210 ex
1920 3185 1983 3218 quo

1111 3239 1184 3262 cum
1201 3230 1258 3261 lint
1278 3237 1410 3270 quoque
1427 3229 1485 3267 l.4.
1510 3225 1550 3260 D.
1573 3226 1605 3257 de
1619 3222 1846 3265 fidejufforibus,
1871 3220 1900 3252 ἃ
1917 3219 1981 3290 Li}
