2052 3487
497 149 807 186 PiiouinttttiM
858 150 986 197 Jussis
1037 149 1216 187 C1v121s

104 240 311 284 investigetur
329 239 426 276 fides,
450 238 694 279 pi·ae(ci·iptionis
714 238 864 271 invidiam
889 248 961 270 eva-

103 284 258 315 nescere:
289 282 353 313 hoc
374 279 417 312 est
439 303 447 317 ,
480 289 667 320 quamquam
686 279 765 311 servi
789 289 819 311 in
838 281 960 312 caeteris

103 325 286 356 criminibus
309 330 413 362 neque
439 324 621 362 interrogari
648 321 785 352 debeant
813 320 960 353 adversus

103 367 285 403 dominum,
302 372 396 405 quum
415 362 438 393 is
457 362 536 393 liauil
551 363 671 394 levibus
689 363 879 403 argumentis
891 372 958 401 pre-

102 416 216 444 mitur3
246 414 370 446 neque,
399 402 417 434 fi
439 405 626 444 interrogati
652 405 726 441 lint,
760 402 964 443 responsione

102 448 152 478 sua
178 446 289 477 dicturi
319 444 501 476 sententiam
526 445 688 476 consilium
714 445 884 476 instruant.-
920 453 965 476 ta-

102 497 174 519 men
201 488 284 518 aliud
315 485 359 517 est
386 486 415 516 in
435 486 565 517 crimine
589 486 761 523 adulterii,
792 486 868 517 item
894 495 964 526 pei·-

102 529 286 566 duellionis,
317 526 368 558 sed
393 527 422 557 &
447 526 556 558 census
582 527 718 558 fraudati
743 527 963 560 accusatione:

102 572 133 601 in
154 572 198 600 eis
225 570 309 600 enim
326 591 335 606 ‚
368 566 387 599 fi
413 575 478 598 tuin
507 570 742 609 interrogentur
768 566 865 606 servi,
890 578 962 600 cuin

103 611 197 642 etiarn
218 611 308 641 aliter
326 610 449 640 veritati
466 608 544 641 fides
566 609 629 648 est,
655 608 899 649 praescriptionis
918 610 958 641 in*

101 652 184 683 vidia
209 649 392 683 evanescit:
422 649 462 690 fi,
493 652 640 692 inquam,
664 652 755 682 aliter
777 652 901 683 veritati
925 650 961 682 fi·

809 770 1021 807 CAPUT

1266 150 1355 188 L1n.
1399 150 1473 188 ΙΙΙ.
1816 162 1862 198 51

1004 239 1059 271 des
1082 240 1154 279 est3
1185 249 1256 272 narn
1278 241 1308 272 in
1334 239 1382 272 his
1407 249 1537 282 quoque
1563 238 1583 271 fi
1611 239 1690 272 servi
1709 241 1786 273 torti
1809 239 1868 274 sint

1003 280 1066 312 fine
1088 282 1153 313 aliis
1183 282 1426 322 probationibus
1445 301 1466 320 ‚›
1487 282 1551 313 sola
1575 291 1685 313 corum
1709 283 1867 315 confeffio

1003 323 1180 362 iudicaturo
1203 323 1240 354 ad
1257 323 1377 354 domini
1398 324 1703 355 condemnationem
1721 333 1785 355 non
1806 325 1867 356 suf·

1008 362 1084 394 ficit.
1130 363 1203 395 Nec
1220 373 1323 396 tamen
1341 366 1472 405 ignoro,
1498 365 1661 396 dominum
1677 374 1692 395 a
1709 364 1799 397 servo
1815 366 1870 397 suo

1008 405 1092 435 ultro
1113 405 1229 436 deferri
1250 405 1336 446 posse
1353 415 1383 436 in
1404 407 1537 437 crimine
1558 404 1697 447 fraudati
1715 406 1822 438 census
1840 407 1872 438 ὅ(

1009 447 1235 485 perduellionis
1273 447 1292 478 l.
1320 456 1371 487 53.
1403 447 1444 477 D.
1468 448 1501 477 de
1519 447 1652 488 judiciis.
1675 447 1693 478 l.
1715 457 1762 479 ρο.
1787 448 1818 479 C.
1838 450 1871 478 cle

1007 488 1050 517 bis
1074 489 1125 528 qui
1148 492 1278 523 accusare
1303 497 1360 518 non
1376 487 1500 528 poffunt.
1535 488 1553 518 l.
1572 493 1601 519 6.
1628 488 1660 519 C.
1682 489 1715 518 de
1739 489 1870 520 delatori·

1007 529 1058 558 bus
1112 528 1175 559 Sed
1201 530 1230 559 id
1257 538 1360 569 neque
1391 528 1453 559 huc
1476 529 1633 568 pertinet,
1658 538 1763 569 neque
1782 532 1821 560 de
1839 540 1870 561 a·

1007 569 1147 601 dulterio
1172 579 1302 609 usquam
1331 570 1492 609 proditum
1519 569 1590 609 est;
1622 569 1676 600 etii
1698 570 1750 602 hic
1775 572 1814 601 de
1837 580 1868 601 a*

1004 611 1140 641 dulterio
1161 620 1251 650 aeque
1276 610 1376 642 serino
1397 610 1453 650 sit,
1475 619 1513 642 ac
1536 611 1575 642 de
1601 610 1748 644 fraudato
1772 610 1868 644 censu

1004 652 1034 682 ἃ
1053 652 1283 692 perduellione.

1080 770 1166 807 VI.

106 878 136 903 1.
172 867 307 918 Quando
340 868 371 900 i'n
406 865 504 909 caufis
536 868 717 911 pecuniariis
749 874 899 902 tormenta
923 867 1086 914 servorum
1119 866 1262 910 adversus
1288 870 1420 904 dominos
1446 870 1648 905 adhibeantur
1674 868 1691 903 ἶ)
1744 868 1865 904 Earum

173 929 242 952 cum
267 917 443 951 criminibus
468 918 661 961 comparatio.

176 968 242 1000 bus.

176 1022 224 1048 ter
249 1013 500 1059 demonstratum.

714 917 873 950 Sententia
909 915 949 956 ὃ)
976 917 1060 950 lociio
1082 916 1251 962 posterioris
1274 919 1374 964 partis
1400 918 1428 952 (τ’.
1464 919 1484 953 l.
1512 929 1540 952 Ι.
1577 919 1607 953 C.
1637 919 1672 953 de
1698 918 1869 965 quaestionz'-

295 974 325 1000 2.
352 962 392 1003 &
445 975 475 1008 3.
503 965 618 998 Ibidem
647 976 759 1008 inopia
789 966 1025 1008 probationum
1052 967 1124 1010 quid
1139 964 1201 1009 fic,
1235 978 1272 1000 ex
1297 967 1424 1012 Apulejo
1451 975 1539 1011 alque
1566 968 1676 1001 Ovidio
1693 965 1868 1012 singulari-

554 1014 671 1058 Cujacii
706 1015 816 1058 rejeera
850 1015 1026 1048 emendacio.

1080 1013 1209 1048 Leonini
1242 1016 1316 1048 item
1351 1016 1528 1060 Robertique
1544 1014 1711 1061 fhiitentin.
1763 1014 1868 1050 Defe-

178 1062 251 1097 &us
277 1062 520 1108 probationum
547 1062 662 1106 quando
681 1060 725 1105 fii
745 1062 762 1094 ἰ)
812 1062 959 1108 Quando
987 1062 1081 1096 aliter
1107 1062 1231 1096 veritas
1264 1063 1437 1105 inveniri,
1470 1072 1524 1097 aut
1560 1064 1652 1099 aliter
1688 1063 1870 1099 illuminari

176 1123 247 1146 non
276 1109 374 1156 poffit
391 1135 402 1152 ,
436 1121 535 1155 quam
566 1122 623 1155 per
652 1111 854 1144 tormenta?
900 1111 1061 1156 Scrupulus
1086 1122 1124 1144 ex
1150 1112 1350 1155 compluribus
1376 1111 1447 1145 Iocis
1473 1121 1638 1158 exemptus.

1692 1124 1725 1156 4.
1755 1113 1869 1158 Jzisju-

178 1160 325 1200 randum,
352 1159 427 1202 quod
440 1158 660 1204 suppletorium
685 1158 775 1202 vulgo
802 1167 927 1200 vocant,
963 1159 1076 1204 quondo
1101 1171 1120 1193 a
1146 1159 1261 1204 Judice
1286 1158 1402 1205 deferri
1419 1158 1518 1205 fhleat
1537 1161 1554 1193 ἲὲ·
1605 1161 1769 1207 Illustrata
1794 1161 1813 1195 l.
1836 1170 1869 1204 3.

180 1210 210 1242 C.
238 1208 272 1241 de
299 1208 384 1240 rebus
408 1209 529 1240 creditis
557 1204 596 1244 &³
615 1207 823 1251 jurejurando.
868 1209 938 1242 iterii
966 1210 985 1241 l.
1008 1218 1064 1252 31.
1092 1209 1135 1243 D.
1163 1208 1197 1242 de
1215 1209 1427 1255 jurejurando,

1479 1207 1633 1254 Franciscz'
1659 1211 1803 1245 Duareni
1828 1206 1870 1248 &²

179 1257 323 1302 Hugonis
350 1256 471 1289 Donelli
496 1255 620 1289 laudata
646 1266 681 1287 ac
700 1253 833 1299 firmam
850 1255 1018 1302 sententia.

108 1361 133 1384 1.
158 1353 204 1426 l)
215 1346 348 1422 οῂίξεέτίόι·
363 1358 433 1390 pars
450 1349 470 1381 l.
486 1359 510 1382 1.
536 1349 569 1381 C.
586 1351 619 1381 de
636 1348 834 1392 questionibus
855 1349 895 1383 fic
910 1351 963 1383 ha-

145 1434 182 1465 In
197 1433 370 1473 pecuniariis
388 1442 452 1463 vero
471 1431 563 1466 caulis
581 1442 632 1463 nec
648 1434 744 1474 inopia
764 1434 964 1473 probationum

157 1475 259 1515 servos
282 1481 382 1504 contra
406 1476 552 1506 dominum
577 1476 749 1516 interrogari
770 1474 844 1515 poffe
871 1476 963 1505 niuni-

160 1513 269 1555 ftstmn
285 1514 332 1554 eft.

109 1556 190 1589 Haec
215 1563 344 1596 recepta
372 1556 468 1588 lectio
493 1556 536 1587 est
555 1579 564 1594 ,
597 1557 626 1588 &
657 1556 791 1596 Johanni
818 1556 963 1587 Roberto

106 1599 152 1629 lib.
170 1608 195 1629 2.
224 1598 412 1638 Receptaruuz
432 1597 582 1629 iocinerum
602 1609 625 1628 c.
642 1604 686 1632 18.
712 1606 807 1638 atque
830 1597 964 1628 Elberto

105 1639 255 1670 Leonino
277 1639 323 1669 lib.
342 1643 371 1669 6.
397 1639 639 1670 Emeruiniiouum
661 1650 675 1670 c
700 1649 745 1675 19,
763 1640 878 1679 placet.
906 1637 966 1669 Cu-

106 1681 204 1720 jacius
234 1681 283 1710 lib.
306 1690 334 1711 2.
362 1680 515 1713 Observat.
545 1690 569 1711 c,
593 1691 644 1721 1353.
675 1680 710 1715 ἑὸ)
733 1681 778 1711 lib.
798 1690 845 1711 20.
870 1689 894 1710 c.
915 1684 963 1712 28.

106 1721 228 1753 mavult
255 1731 291 1751 ex
317 1723 420 1760 inopia.
447 1731 553 1762 itaque
582 1719 695 1762 legitur
725 1722 806 1762 apud
839 1720 963 1752 Gratia-

107 1772 183 1794 num
207 1771 231 1792 c.
253 1760 430 1802 questionem
442 1773 482 1803 59
515 1767 592 1800 caus.
612 1773 657 1794 12.
682 1773 708 1804 q.
727 1773 752 1794 2.
779 1763 841 1794 Sed
861 1762 965 1793 verior

107 1803 185 1835 milii
219 1804 344 1833 videtur
375 1803 525 1843 scriptura
544 1827 552 1840 ‚
587 1814 638 1834 nec
664 1806 770 1845 inopia.
803 1804 964 1843 primum,

109 1846 181 1884 quia
206 1844 394 1884 generaliter
418 1846 460 1875 ait
485 1844 639 1884 Ulpianus
658 1847 686 1875 in
714 1846 731 1875 i.
753 1854 779 1876 1.
797 1845 831 1886 r§.
853 1849 896 1874 16.
923 1844 963 1875 D.

108 1888 142 1916 u‘e
163 1882 382 1926 quoestionibus‚
419 1885 571 1916 Severum
597 1885 797 1925 rescripsisse,
822 1884 964 1925 quaestio-

107 1936 182 1958 nem
199 1928 239 1957 de
257 1926 349 1957 servis
365 1935 476 1957 contra
494 1928 641 1958 dominos
659 1937 763 1967 neque
788 1926 894 1957 haberi
915 1927 968 1957 de-

109 1967 186 1999 bere
202 1990 211 2005 ,
242 1976 346 2006 neque
363 1990 372 2005 ,
405 1967 423 1998 fi
443 1967 523 1998 faeta
551 1969 585 1999 iit
603 1991 612 2006 ‚
645 1968 756 1999 dicturi
778 1967 965 1999 sententiam

110 2008 272 2040 consilium
301 2013 462 2039 instruere.
495 2018 588 2050 igitur
610 2019 669 2040 una
686 2010 807 2040 Severo
828 2008 889 2039 fuit
911 2009 965 2039 cri-

108 2050 272 2082 minalium
298 2050 504 2089 civiliumque
530 2050 689 2081 causarum
706 2051 834 2091 regula:
872 2058 965 2089 quam

111 2093 139 2122 ἃ
161 2089 340 2121 Gordianus
356 2091 471 2131 probat
495 2091 513 2122 l.
532 2095 560 2122 6.
586 2092 617 2121 C.
636 2093 693 2122 eod.
717 2093 761 2122 tit.
789 2092 817 2122 ἀ
837 2090 965 2128 Paulus,

110 2133 158 2163 lib.
177 2143 204 2171 5.
230 2131 444 2162 Sententiarum
461 2156 471 2171 ‚
503 2134 547 2163 iii.
577 2136 624 2164 16.
655 2133 684 2174 §.
707 2143 737 2173 5.
768 2131 845 2170 sed,
875 2141 966 2172 quarn

111 2172 265 2212 Ulpianus
282 2196 291 2211 ‚
326 2181 460 2212 uterque
486 2174 619 2214 plenius.
674 2174 779 2206 Verba
803 2174 968 2214 utriusque

109 2214 314 2245 adscribenda
337 2217 452 2253 putavi.
497 2214 542 2246 Ea
566 2215 661 2246 verba
686 2225 725 2246 ex
758 2215 854 2246 Paulo
877 2213 966 2247 sunt:

111 2256 195 2286 Servi
218 2257 249 2285 in
272 2263 356 2295 caput
381 2257 486 2286 domini
508 2266 597 2297 neque
621 2267 638 2287 o
664 2255 787 2293 Proefide
801 2280 810 2295 ‚
840 2266 929 2297 neque
950 2266 968 2287 a

112 2296 320 2333 Precianum,
343 2307 431 2338 neque
453 2299 483 2327 z'n
496 2299 688 2335 pecuniariis,
709 2308 796 2339 quam
811 2299 842 2328 in
859 2299 967 2337 capita-

114 2338 188 2367 libus
213 2336 302 2374 tausis
325 2340 496 2379 interrogari
508 2338 633 2379 poffunt.
678 2338 759 2370 Haec
783 2349 823 2370 ex
847 2339 966 2371 Paulo:

113 2388 153 2409 ex
171 2377 335 2409 Gordiano
352 2379 405 2409 iiia
428 2381 505 2410 sunt.
551 2380 664 2411 l’riclern
679 2381 810 2420 placuit,
841 2378 967 2420 domesti-

112 2428 304 2457 cosor-norum
321 2422 541 2461 interrogacione
556 2422 587 2451 z'n
602 2421 696 2459 coufis
711 2423 748 2452 od
765 2422 889 2452 dominos
902 2428 967 2462 per-

115 2462 270 2491 tinentibus
289 2459 486 2495 abstinendum
509 2461 558 2502 effe
574 2473 581 2495 ς
615 2469 646 2493 ut
664 2472 754 2504 neque
769 2469 821 2502 pro
841 2463 900 2499 bis,
923 2471 968 2492 ne-

112 2511 166 2542 que
183 2504 269 2532 adver
284 2512 318 2532 us
334 2512 377 2532 eos
392 2513 423 2533 in
439 2504 624 2543 capitalibus,
648 2505 693 2534 vel
705 2504 881 2543 pecuniariis
897 2513 971 2544 quae-

106 2542 249 2584 stionibus
268 2545 401 2574 veritatis
416 2548 476 2575 vim
495 2546 615 2575 obtinere
632 2544 711 2584 poffit
723 2568 732 2583 ,
756 2546 830 2585 quod
854 2546 885 2574 in
908 2554 973 2574 con-

108 2583 256 2624 feffionein
281 2590 315 2615 ob
337 2587 375 2615 eis
392 2585 656 2625 dediibiunifuerit.
702 2586 734 2617 ld
755 2586 890 2626 primum
915 2595 970 2615 no·

117 2632 152 2655 to
178 2635 212 2655 ac
237 2635 366 2656 moneo.
392 2628 570 2666 proximum
592 2627 636 2658 est
656 2629 742 2666 quod
765 2637 782 2657 a
806 2626 971 2657 criminali-

115 2665 174 2697 bus
192 2667 381 2698 adulterium
396 2691 405 2704 ,
434 2667 596 2699 fraudatus
616 2668 743 2707 census,
776 2669 805 2699 ἀ
825 2668 970 2708 perduel-

118 2705 163 2735 lio
180 2730 188 2745 ,
220 2717 291 2738 cum
317 2710 423 2747 paucis
449 2710 534 2747 aliis,
559 2711 718 2749 excipitur
739 2710 765 2739 d.
790 2709 807 2739 l.
829 2718 852 2739 1.
880 2708 913 2739 C.
940 2710 972 2738 de

119 2745 333 2790 questionibus;
355 2751 432 2780 item
451 2751 480 2780 in
503 2751 690 2787 pecuniariis
705 2774 714 2788 ,
738 2750 758 2781 fi
784 2749 889 2780 servus
907 2758 970 2780 ma-

120 2794 166 2826 gis
183 2788 212 2817 iti
231 2788 278 2826 se,
301 2797 351 2820 aut
370 2792 408 2822 de
423 2791 477 2821 suo
495 2790 600 2830 facto,
625 2800 717 2832 quani
737 2792 766 2822 in
784 2791 970 2828 dominum,

118 2835 222 2866 prove
239 2829 388 2868 domino,
414 2840 540 2871 rogatur
563 2833 581 2862 l.
606 2842 650 2864 12.
675 2833 694 2864 l.
720 2842 763 2872 15.
788 2832 821 2862 C.
844 2832 892 2862 eod
923 2832 969 2862 iii.

120 2867 141 2897 l.
162 2877 188 2907 7.
221 2867 258 2898 D.
276 2871 308 2899 de
328 2873 546 2909 probationibus.
571 2873 683 2905 Paulus
700 2876 729 2904 cl.
755 2873 797 2903 lit.
822 2876 867 2903 16.
892 2872 921 2914 §
945 2882 971 2904 1.

121 2907 143 2939 fi
160 2909 199 2939 de
217 2908 308 2941 rebus
325 2912 535 2951 hereditariis,
561 2915 611 2945 vel
630 2913 691 2945 fide
705 2914 848 2954 generis;
872 2913 892 2944 ss
913 2922 972 2954 pro

120 2947 313 2995 succeffioiie
333 2953 450 2984 domini
470 2955 607 2986 defuneti
625 2957 791 2995 quaeritur,
815 2964 878 2985 non
897 2963 973 2985 con·

122 2998 170 3036 tra
199 2991 345 3022 dominos
370 3001 501 3025 caeteros
526 2995 607 3026 filios
627 3020 635 3033 ,
671 2995 834 3036 quaestioni
867 2996 972 3027 locum

121 3030 183 3062 esse
199 3054 206 3064 .
241 3033 320 3062 ratio
338 3035 491 3072 aequitatis
509 3036 645 3067 ostendit
668 3038 686 3068 l.
712 3047 751 3077 ¹7-
777 3037 804 3078 §.
823 3047 850 3068 2.
876 3036 916 3067 D.
942 3039 974 3068 de

120 3069 329 3112 questionibus.
374 3073 484 3106 Paulus
500 3078 527 3106 d.
553 3077 602 3106 lib.
619 3089 645 3115 5.
672 3080 715 3109 iit.
740 3082 783 3109 16.
807 3077 835 3119 ᾗ.
857 3087 883 3108 2.
907 3077 972 3117 Jam

120 3121 157 3143 ut
178 3116 206 3143 in
231 3113 291 3143 illis
311 3123 380 3154 quae
399 3124 414 3145 a
433 3117 644 3148 criminalibus
661 3121 883 3159 excipiuntur,
908 3129 972 3151 tuin

122 3155 248 3199 demum
267 3163 395 3195 rogatur
413 3156 516 3188 servus
531 3159 583 3187 adi
594 3159 673 3191 ersus
691 3161 878 3197 dominum3
900 3169 973 3192 cum

122 3193 175 3225 hic
197 3195 411 3233 probabilibus
428 3221 437 3235 ,
469 3200 496 3229 o}
523 3208 622 3237 prope
647 3202 742 3232 certis
759 3225 768 3240 ,
800 3209 896 3240 atque
912 3202 973 3233 evi-

123 3236 298 3310 ᾱεέῑίῂυῗ,
329 3241 518 3280 argumentis
538 3249 684 3281 urgetur:
708 3241 749 3274 fic
771 3251 831 3274 nec
857 3244 889 3275 in
910 3242 974 3276 istis

184 3286 236 3310 om.
278 3301 286 3310 .
766 3302 767 3305 ¹

1008 1353 1135 1391 quidem
1154 1362 1224 1393 quae
1242 1362 1257 1384 a
1273 1352 1418 1385 civilibus
1436 1352 1638 1393 separantur,
1670 1352 1760 1384 aliter
1785 1360 1869 1391 quaea

1007 1393 1066 1424 stio
1085 1394 1235 1433 liabetur,
1259 1404 1351 1434 quam
1369 1395 1475 1434 inopia
1494 1394 1740 1434 probationum3
1763 1394 1793 1424 in
1812 1403 1872 1424 cae-

1008 1439 1082 1466 tei-is
1107 1444 1212 1467 autem
1237 1444 1306 1476 quae
1330 1436 1368 1467 ad
1395 1436 1533 1476 regulam
1559 1436 1721 1475 utriusque
1747 1436 1872 1475 generis
1922 1465 1925 1470 ,

1008 1476 1147 1516 spectant
1166 1500 1175 1515 ‚
1208 1486 1248 1508 ne
1271 1477 1398 1517 inopia,
1431 1478 1460 1507 id
1479 1476 1541 1514 est,
1564 1486 1604 1508 ne
1624 1485 1716 1513 tune,
1741 1476 1872 1515 quidem

1008 1519 1177 1549 tormentis
1203 1519 1293 1549 locus
1313 1517 1376 1557 est,
1409 1518 1461 1549 ubi
1487 1519 1634 1550 dominus
1652 1517 1871 1549 verisimilibus

1009 1562 1036 1590 ὁ(
1057 1560 1144 1590 velut
1164 1560 1259 1590 certis
1279 1560 1404 1590 indiciis
1420 1568 1581 1599 premitur.

1049 1610 1075 1631 2.
1101 1600 1215 1631 Itane?
1228 1601 1351 1640 inquiet
1370 1601 1498 1641 aliquis:
1516 1600 1623 1640 inopia
1643 1600 1698 1630 tibi
1716 1598 1778 1638 est,
1797 1609 1874 1632 cum

1008 1641 1124 1672 indicia
1150 1642 1188 1672 ad
1208 1642 1430 1681 probationem
1457 1642 1563 1682 gravia
1589 1642 1617 1672 ‘St
1638 1650 1739 1681 prope
1756 1642 1871 1673 certa?

1008 1692 1108 1723 nugae.
1141 1684 1180 1713 ad
1198 1682 1321 1714 nostros
1343 1682 1443 1723 specta
1465 1694 1471 1714 :
1503 1683 1551 1713 his
1569 1683 1675 1722 inopia
1694 1681 1765 1720 est;
1797 1691 1874 1715 cum

1008 1725 1122 1756 vei-itas
1147 1724 1214 1756 aliis
1231 1724 1473 1765 probationibus
1490 1723 1655 1755 illuminari
1672 1723 1691 1754 l.
1712 1732 1756 1754 12.
1786 1723 1819 1753 C.
1840 1725 1877 1755 de

1007 1763 1223 1806 quaestionibus,
1248 1765 1379 1796 aliterve
1397 1765 1532 1796 inveniri
1551 1774 1615 1796 non
1634 1763 1758 1805 potest,
1775 1773 1874 1805 quam.

1008 1816 1065 1846 pei·
1092 1814 1252 1837 tormenta
1280 1806 1298 1836 i.
1314 1816 1343 1842 9.
1366 1806 1385 1837 l.
1411 1811 1455 1840 18.
1479 1806 1507 1847 §.
1525 1815 1553 1844 4.
1581 1805 1623 1837 D.
1648 1807 1705 1836 eod.
1722 1806 1768 1836 tit.
1796 1806 1875 1838 Pau-

1009 1848 1056 1878 lus
1078 1848 1106 1877 d.
1137 1847 1184 1878 lib.
1201 1857 1230 1887 5.
1267 1848 1482 1878 Sententiarum
1507 1849 1553 1879 tit.
1577 1851 1621 1878 16.
1646 1847 1673 1888 §.
1695 1857 1721 1878 2.
1746 1856 1818 1878 cum
1842 1857 1876 1879 a·

1009 1889 1049 1920 lia
1065 1888 1213 1927 probatio
1233 1888 1271 1919 ad
1298 1890 1469 1920 eruendam
1493 1889 1660 1919 veritatem
1685 1897 1750 1919 non
1775 1887 1820 1919 est
1851 1889 1872 1920 l.

1009 1938 1037 1969 7.
1067 1928 1101 1959 D.
1125 1931 1158 1960 de
1180 1927 1314 1969 testibus,
1347 1939 1419 1961 cum
1438 1928 1546 1960 deficit
1563 1930 1712 1968 probatio
1736 1929 1754 1959 l.
1776 1939 1804 1968 7.
1829 1929 1875 1961 D.

1008 1972 1041 2000 de
1061 1971 1284 2010 probationibus.
1330 1970 1416 2013 Quid
1446 1970 1580 2001 dicam?
1613 1971 1700 2009 quod
1727 1969 1775 2000 lib.
1795 1978 1820 2001 1.
1845 1981 1870 2002 c.

1009 2012 1062 2042 ult.
1087 2022 1116 2042 n.
1139 2021 1182 2049 14.
1210 2011 1246 2045 ὅ)
1262 2013 1315 2052 seq.
1340 2011 1435 2042 vei-ba
1460 2011 1529 2042 haec
1553 2011 1581 2043 Gt
1599 2011 1706 2042 similia
1734 2010 1813 2051 saepe
1831 2011 1874 2042 la-

1009 2054 1070 2084 tius
1087 2054 1168 2093 apud
1191 2053 1324 2084 Veteres
1343 2052 1502 2093 usurpari;
1526 2052 1574 2089 &‚
1599 2061 1635 2083 ut
1651 2054 1747 2093 vulgo
1767 2052 1873 2092 ajunt,

1010 2095 1108 2134 magis
1130 2093 1300 2124 secundum
1319 2095 1414 2133 quid,
1439 2103 1532 2134 quam
1556 2093 1759 2133 simpliciter,
1792 2095 1875 2125 acci-

1010 2136 1066 2176 pi:
1098 2136 1193 2175 igitur
1221 2136 1359 2173 iriopiam
1380 2158 1389 2173 ‚
1426 2135 1631 2166 defeetumve
1651 2158 1660 2173 ,
1695 2134 1874 2175 appellari,

1010 2177 1160 2216 quotiens
1183 2186 1247 2207 non
1268 2176 1403 2217 liquida,
1431 2185 1540 2208 verum
1563 2176 1655 2207 dubia
1682 2175 1712 2207 δε
1737 2184 1876 2216 anceps,

1010 2217 1097 2248 causa
1116 2217 1178 2249 est:
1203 2220 1278 2248 item
1295 2219 1427 2258 negari,
1451 2219 1617 2249 veritatem
1641 2217 1731 2247 aliter
1754 2217 1877 2249 inveni*-

1010 2261 1055 2297 ri,
1080 2260 1206 2298 quoties
1226 2268 1261 2289 ea
1287 2260 1378 2289 aliter
1401 2268 1465 2290 non
1485 2261 1639 2296 omniuo,
1663 2257 1717 2289 nifi
1734 2267 1790 2298 pei·
1809 2266 1874 2290 tor-

1011 2309 1136 2337 menta,
1160 2300 1329 2330 invenitur.
1355 2306 1388 2330 ut
1411 2301 1497 2331 enim
1521 2301 1692 2338 omittam,
1723 2299 1799 2330 olim
1819 2299 1878 2330 Di-

1011 2351 1083 2372 vum
1104 2340 1275 2381 Augustum
1293 2340 1506 2378 constituiffe‚
1531 2351 1594 2372 non
1613 2340 1675 2372 esse
1692 2350 1709 2370 a
1731 2348 1873 2372 tormen-

1012 2382 1052 2413 tis
1076 2383 1292 2421 incipiendum
1310 2405 1319 2420 ,
1351 2391 1456 2422 neque
1480 2382 1561 2413 adeo
1586 2381 1681 2412 fidem
1709 2381 1876 2420 quaestion'i

1011 2423 1241 2454 adhibendam:
1265 2432 1299 2453 ut
1323 2423 1469 2454 omittam
1489 2446 1498 2461 ‚
1530 2422 1650 2453 Divum
1677 2420 1876 2454 Hadrianum

1013 2465 1131 2496 Sennio
1157 2464 1272 2495 Sabino
1296 2463 1499 2502 rescripsisti-³,
1525 2464 1562 2495 ad
1591 2470 1750 2495 tormenta
1772 2463 1877 2495 servo-

1014 2514 1080 2536 rum
1107 2506 1148 2535 ita
1174 2505 1274 2536 veniri
1299 2507 1425 2536 demum
1454 2512 1606 2545 oportere
1627 2528 1636 2542 ,
1668 2513 1741 2535 cum
1775 2504 1875 2545 suspe-

1014 2547 1080 2576 tius
1097 2546 1141 2577 est
1158 2555 1246 2584 reus,
1270 2546 1299 2577 &
1322 2546 1390 2577 aliis
1413 2547 1606 2587 argumentis
1625 2547 1667 2577 ita
1692 2545 1877 2586 probationi

1014 2588 1204 2618 admovetur
1220 2610 1229 2625 ‚
1261 2595 1296 2617 ut
1323 2586 1387 2617 sola
1414 2588 1574 2618 servorum
1598 2586 1754 2618 confeffio
1771 2587 1877 2619 deeffe

1014 2628 1156 2660 videatur
1172 2629 1190 2658 l.
1206 2637 1230 2658 1.
1246 2627 1265 2669 §
1294 2637 1319 2659 1.
1337 2627 1373 2662 δ’
1390 2637 1418 2660 2.
1440 2628 1479 2659 D.
1501 2629 1533 2659 de
1549 2626 1766 2670 quoefli'onibus:
1799 2638 1878 2660 non-

1014 2679 1054 2700 ne
1076 2669 1129 2699 liic
1156 2678 1251 2700 unum
1278 2669 1309 2701 id
1329 2668 1489 2701 suffecerit
1513 2670 1599 2710 quod
1617 2670 1744 2710 egregie
1764 2669 1877 2701 Paulus

1014 2711 1045 2742 in
1071 2711 1089 2741 l.
1110 2720 1156 2741 20.
1184 2709 1223 2740 D,
1251 2711 1309 2741 eod.
1334 2712 1378 2741 iit.
1405 2711 1468 2742 hoc
1489 2710 1587 2742 refert
1605 2710 1714 2742 senlu:
1739 2710 1878 2742 Maritus

1015 2752 1161 2791 quidam,
1183 2751 1274 2783 heres
1297 2752 1402 2782 uxoris
1422 2752 1499 2791 suae,
1529 2752 1692 2793 petebata
1716 2752 1797 2784 Suro
1821 2760 1877 2792 pe-

1013 2794 1136 2824 cuniam
1148 2792 1252 2832 ‚quasi
1269 2793 1308 2823 ab
1327 2803 1426 2824 uxore
1442 2794 1524 2833 apud
1541 2802 1613 2824 eum
1630 2793 1822 2832 depositam,
1846 2791 1877 2823 se

1014 2833 1166 2864 absente:
1190 2833 1219 2864 ἀ
1235 2835 1265 2864 in
1283 2843 1351 2865 eam
1373 2844 1438 2866 rem
1462 2833 1572 2865 testem
1598 2843 1692 2865 unum
1718 2834 1876 2872 produce-

1015 2875 1087 2912 bat3
1101 2875 1130 2905 ἂ
1146 2874 1351 2914 quaestionem
1371 2876 1410 2906 de
1425 2876 1536 2907 ancilla
1549 2876 1655 2907 haberi
1667 2874 1873 2906 desiderabat.

1016 2923 1125 2946 contra
1152 2916 1287 2957 negabat
1312 2916 1407 2948 Sui-us
1425 2940 1434 2955 ,
1458 2916 1488 2948 se
1514 2916 1667 2955 accepisse
1691 2915 1877 2955 pecuniam;

1019 2957 1152 2995 negabat
1169 2966 1318 2998 quoque,
1335 2959 1458 2989 admitti
1475 2958 1565 2988 unius
1583 2957 1718 2988 hominis
1738 2955 1879 2987 testimo-

1017 2999 1103 3028 nium
1121 3020 1129 3030 .
1162 2998 1191 3029 &
1209 3008 1225 3029 a
1252 2998 1476 3039 quaestionibus
1497 3000 1613 3038 incipi3
1638 2996 1690 3027 etsi
1709 2997 1807 3028 aliena
1824 3006 1877 3029 an-

1019 3039 1091 3070 cilla
1114 3038 1219 3076 foret,
1251 3042 1367 3071 nedum
1392 3041 1528 3080 propria.
1554 3039 1628 3078 quid
1654 3036 1719 3069 fit?
1751 3037 1880 3070 admiss'a

1017 3079 1167 3119 quaestio,
1192 3081 1221 3112 &
1240 3081 1344 3113 habita
1362 3093 1369 3113 z
1393 3080 1699 3120 deinde-appellatum
1719 3080 1757 3111 ad
1775 3079 1878 3120 Impe-

1017 3130 1163 3152 ratorem.
1189 3123 1212 3153 is
1229 3123 1280 3153 ubi
1298 3121 1516 3163 cognovisset:
1541 3119 1761 3156 pronuntiavit
1775 3144 1785 3159 ‚
1808 3131 1879 3153 eam

1017 3162 1221 3202 quaestionem
1238 3163 1346 3194 illicite
1361 3163 1499 3194 habitam
1516 3161 1594 3192 esse:
1616 3169 1675 3191 nec
1691 3162 1791 3193 videri
1809 3163 1877 3193 uni-

1016 3212 1051 3235 us
1062 3203 1199 3235 hominis
1219 3203 1482 3236 testimoniuiiiad
1499 3202 1705 3242 ‹iuaestionem
1723 3202 1877 3236 sufficere.

1055 3254 1084 3286 3.
1107 3244 1185 3277 Non
1206 3246 1300 3286 igitur
1333 3244 1551 3316 distinguGenda
1576 3245 1627 3276 hie
1658 3244 1763 3285 inopia
1784 3254 1801 3276 a
1824 3245 1883 3316 dse-

1504 3294 1522 3316 2
1853 3295 1882 3316 e-
