2052 3487
194 103 272 158 ,κῃ

204 180 238 213 in
260 179 435 213 Kalendorio
450 176 581 217 scribit:
612 180 662 205 nec
688 179 800 202 avarus
825 169 941 201 aanor
965 169 1002 200 acl
1025 168 1071 200 bo·
1094 181 1097 183 ·
1116 182 1119 184 >

205 233 269 255 ram
291 221 327 257 ὅ)
349 222 421 251 diem
445 216 575 258 appellnt.
623 211 687 244 sed
715 211 744 242 &
769 211 862 243 multi
885 212 917 242 in
941 218 1070 257 contra-

206 264 315 296 hendo
346 261 472 292 foenore
506 257 571 288 hoc
601 251 839 290 observabant,
877 259 913 296 ut
936 261 1071 292 majores

207 305 312 336 usuras
336 301 582 340 stipularentur,
615 295 637 326 fi
660 293 782 332 usum,
814 294 853 324 ad
884 295 969 324 diem
1000 302 1071 332 pro-

206 344 320 382 miffae,
346 351 380 372 ea
397 341 467 379 die,
490 347 543 369 aut
566 337 645 374 alia,
670 335 758 379 verbi
777 336 895 375 gratia,
921 333 992 374 post
1009 342 1070 364 ter-

206 389 285 418 tium
308 380 467 419 mensem,
491 388 557 411 non
582 376 814 422 essent-solutae
837 376 854 406 l.
872 386 901 422 o.
918 383 965 415 pr.
982 373 1017 408 &⁰
1040 375 1070 415 ὃ.

207 438 233 459 1.
255 427 272 456 l.
296 433 341 456 11.
366 420 401 456 &²
423 422 442 452 l.
467 429 512 452 12.
538 419 579 450 D.
602 419 635 449 de
654 420 760 455 ulurzs.
784 417 804 448 l.
826 426 852 448 1.
876 418 904 458 ᾗ.
925 426 954 457 3.
979 417 1020 447 D.
1039 419 1072 448 cle

201 466 371 509 pitsnoribus
388 462 425 498 ὅ)
447 459 620 502 hypothecis.
897 499 902 504 ι
924 499 929 503 ¹

233 497 281 538 '‘ld
303 513 382 536 vero
406 503 426 535 fi
449 503 522 543 est,
554 509 670 532 vereor
687 522 697 539 ,
731 507 765 530 ut
796 497 931 545 assentiri
960 498 1071 540 poffim

205 547 330 590 Jacobs)
347 544 504 585 Cujacio,
530 542 628 575 Τναέῖ.
648 546 676 576 8.
700 542 737 572 ad
754 540 894 580 African.
911 549 950 586 *ln
971 549 1073 579 expo-

206 590 319 628 litione
341 588 360 618 l.
378 594 441 628 pen.
462 585 504 618 D.
523 587 555 617 de
573 585 655 615 rebus
672 583 806 620 credilis,
830 580 964 612 Laevmo
988 580 1073 612 Tor—

206 630 334 668 rentio,
366 630 403 660 acl
428 627 589 659 Horatium
610 626 638 655 [ἰ.
662 623 714 655 loc.
745 622 843 654 Petro
867 622 998 654 Pithoeo
1023 623 1071 654 lib.

206 683 236 704 2.
261 671 419 709 Aci-versor.
447 679 472 700 e.
489 679 519 709 4.
544 666 644 699 Paulo
669 665 844 702 Mariano,
878 663 908 694 ἃ
931 662 1073 695 Ausonio

206 714 340 753 Popmae
359 735 368 751 ,
404 712 442 743 acl
463 710 590 742 ciceron.
615 708 663 738 lib.
685 716 731 746 14.
756 707 794 737 ad
809 706 901 736 Attic.
926 703 1005 750 epist.
1026 715 1075 737 20.

208 756 343 795 aliisque
365 753 495 794 ingenio
519 751 549 782 &
572 748 717 780 doctrina
733 746 1001 778 excellentissimis
1019 746 1076 777 ho-

208 796 368 834 minibus3
394 803 466 825 cum
483 791 684 828 existimant,
715 788 831 819 saetam
855 789 986 828 quidem
1011 787 1097 818 usus

207 846 311 871 sarum
335 836 569 875 stipulationem
586 830 677 862 fuiffe
696 830 727 861 in
743 829 920 869 Kalendas,
952 828 1004 861 sed
1023 830 1075 861 da·

207 887 273 911 tam
291 877 406 909 deinde
431 874 571 907 debitori
588 871 774 905 dilationem
798 879 900 911 usque
927 872 966 902 ad
984 871 1075 902 ldus:

208 920 366 960 denique;
389 918 433 948 ita
454 916 581 948 solitum
598 924 614 945 a
632 912 845 945 creditoribus
862 914 910 954 agi
922 935 931 950 ,
957 920 991 943 ut
1008 921 1077 958 qum

209 961 449 993 foeneraverant
476 960 506 989 in
533 956 691 988 Kalendas
708 978 718 994 ‚
750 954 857 985 idibus
885 955 979 984 rebus
998 963 1076 985 reci-

210 1009 326 1044 perent
343 1024 352 1040 ,
387 1001 416 1031 &
441 1000 634 1040 relegerent.
658 1005 812 1036 nusquam
837 995 922 1026 enirn
939 995 1003 1026 hoc
1028 1004 1081 1027 ex-

208 1044 291 1076 stat:
323 1042 354 1074 δε
371 1041 566 1073 contrarium
591 1037 806 1079 supe-rioribus
830 1037 987 1077 exemplis
1006 1046 1082 1077 pro-

211 1086 313 1117 batur.
359 1082 433 1115 Nec
447 1083 537 1123 juvat
554 1090 611 1113 eos
629 1079 747 1111 Cicero
765 1078 918 1109 Catilinor.
934 1087 960 1109 1.
978 1086 1039 1118 cop.
1050 1081 1080 1109 6.

209 1126 418 1168 sequentibus
443 1123 548 1155 verbis
566 1146 575 1161 ‚
609 1121 801 1153 Praetermitto
825 1121 928 1150 ruinas
940 1120 1081 1159 fortuna-

210 1178 277 1200 rum
308 1173 429 1198 tuarum
456 1175 526 1207 quas
551 1173 644 1195 omnes
672 1162 833 1202 impendere
856 1162 909 1192 tibi
936 1161 1080 1201 proximis

211 1211 307 1242 idibus
322 1209 442 1247 senties.
484 1205 572 1250 Quid
597 1204 617 1236 fi
644 1203 728 1249 enim
750 1202 887 1249 Catilina
906 1201 1013 1250 Idibus
1031 1211 1080 1248 ac-

214 1251 339 1291 ceperit
354 1248 535 1281 foenebrem
560 1254 747 1286 pecuniam,
780 1244 809 1275 &
828 1253 892 1284 ejus
910 1243 1079 1275 restitutio·

213 1302 288 1326 nem
314 1291 421 1323 Idibus
438 1288 619 1330 promiserit
633 1287 649 1318 ἵ)
674 1286 818 1326 quamvis
841 1287 925 1316 enirn
943 1284 1082 1317 solerent

213 1333 359 1376 pecuniae
381 1331 528 1363 Kalendis
554 1330 618 1361 dari
639 1328 668 1360 ἃ
692 1327 825 1373 repeti,
840 1335 946 1358 tamen
967 1327 1010 1358 nil
1028 1336 1081 1373 vc-

214 1375 303 1407 tabat
321 1397 331 1413 ‚
360 1373 381 1405 fi
406 1374 449 1404 ita
468 1382 516 1404 res
541 1370 641 1402 ferret
660 1392 670 1408 ,
702 1378 755 1399 eas
776 1369 842 1415 aliis
867 1376 998 1413 quoque
1015 1368 1081 1399 dre-

215 1418 275 1449 bus
293 1439 302 1454 ‚
334 1415 423 1446 verbi
447 1413 546 1455 gratia
563 1435 573 1450 ,
603 1411 710 1443 Idibus
731 1409 795 1440 dari
823 1410 852 1439 oc
889 1417 1016 1449 repeti:
1050 1408 1081 1439 δε

216 1456 401 1497 exemplum
431 1455 515 1495 apud
538 1452 714 1485 Scaevolam
738 1451 756 1480 l.
777 1455 825 1495 89.
850 1449 878 1491 §.
895 1450 949 1481 ult.
983 1450 1024 1481 D.
1048 1451 1081 1480 de

218 1499 410 1530 toluciomous.
436 1495 513 1526 nibil
535 1495 630 1535 igitur
646 1502 687 1523 ex
711 1501 752 1522 eo
771 1492 937 1535 Coeeronis
959 1491 1034 1523 loco
1050 1500 1081 1521 e-

217 1539 270 1572 lici
303 1537 408 1578 pooest
438 1536 528 1576 quod
553 1537 591 1566 ad
622 1534 708 1564 hunc
739 1532 824 1563 usum
849 1532 995 1573 lpettet:
1027 1531 1083 1564 etsi

215 1579 398 1613 meminerit
435 1578 531 1608 ruinae
571 1575 772 1607 fortunarum
812 1573 958 1605 Catilinae
975 1597 985 1612 ,
1023 1574 1084 1605 illis

215 1621 371 1663 proximis
403 1618 508 1650 Idibus
536 1616 730 1649 metuendae.
780 1613 936 1654 Idemque
965 1615 1084 1647 haben-

216 1663 291 1696 dum
309 1662 348 1693 de
371 1660 426 1692 illo
443 1658 568 1691 Horatii
592 1658 680 1699 Epod.
701 1668 728 1689 2.

255 1710 330 1743 Haec
352 1710 400 1740 ubi
423 1708 559 1749 loquutus
574 1706 740 1747 foenercztor
761 1704 888 1746 Alphius

293 1752 367 1792 Jam
382 1750 446 1792 jam
461 1749 591 1789 futurus
614 1745 761 1786 rusticus,

225 1823 229 1826 .
257 1794 381 1826 Omnem
403 1790 502 1830 relegit
526 1789 625 1821 Idibus
643 1789 814 1830 pecuniam:

229 1839 253 1845 ’“
298 1834 413 1881 Quaerit
438 1831 577 1864 Kalendis
597 1838 708 1871 ponere.
767 1870 772 1874 ῃ

218 1875 361 1909 Tantum
391 1874 477 1905 enim
498 1873 619 1905 indicat
636 1895 645 1911 ‚
678 1870 829 1912 Alphrum
856 1869 1087 1903 foeneratorem

217 1919 267 1950 eui
291 1918 353 1958 jam
379 1915 527 1958 placebat
550 1915 615 1945 vita
637 1912 750 1945 rustica
777 1921 817 1944 ex
842 1911 972 1943 Horatii
998 1921 1086 1944 com-

218 1958 424 1991 mendatione
447 1981 456 1997 ,
489 1955 621 1988 mutass'e
647 1954 837 1986 confilium:
876 1953 905 1984 ὅ(
931 1962 1004 1984 cum
1035 1963 1087 1985 ex-

219 2000 413 2041 spestaretur
433 2023 442 2037 ,
471 2006 506 2029 ut
527 2006 579 2028 rus
602 1996 704 2027 abiret
721 2018 730 2033 ‚
762 2002 875 2041 contra
894 1994 1037 2036 relegisse
1053 2005 1086 2025 o.

220 2051 311 2073 nmes
336 2039 440 2071 usuras
460 2063 469 2078 ,
500 2038 555 2070 fibi
582 2048 623 2069 ex
646 2036 799 2069 Kalendis
824 2036 966 2068 debitas:
1000 2036 1088 2076 quod

220 2092 294 2114 cum
326 2081 445 2113 futrum
477 2080 553 2111 ess'et
579 2078 712 2117 Idibus,
747 2078 864 2109 deinde
893 2087 957 2108 non
990 2078 1088 2109 vitam

222 2123 367 2156 rusticam
394 2121 572 2163 cogitass'e;
604 2120 656 2152 sed
685 2119 962 2160 opportunitatem
994 2128 1088 2160 pecu-

222 2168 306 2202 nice,
337 2174 377 2196 ne
401 2162 503 2195 otiosa
529 2161 630 2200 esset,
662 2160 779 2192 futuris
806 2159 957 2192 Kalendis
987 2160 1089 2191 rursus

221 2205 341 2237 foenori
367 2204 574 2236 collocandae„
622 2202 699 2234 Non
728 2202 826 2243 magis
843 2211 976 2234 movere
994 2211 1090 2242 quern

223 2247 317 2288 possit
342 2245 474 2286 sequens
491 2244 586 2285 Lapis
602 2267 611 2282 ,
636 2244 719 2284 apud
736 2242 910 2276 Gruterum
928 2250 999 2285 pag.
1017 2248 1089 2284 478.

224 2288 316 2329 Inscr.
341 2297 371 2325 9.
396 2287 483 2328 cujus
499 2286 569 2317 haec
588 2285 684 2316 verba
708 2284 789 2315 sunt.
1093 2310 1097 2314 .

504 2338 534 2359 L.
560 2335 653 2358 vAL.
678 2335 709 2358 L.
732 2334 801 2357 Ρη,

469 2376 847 2400 GAL.1⁴·AVENT1N0

546 2418 589 2440 11-
613 2417 769 2440 VIRALI

509 2459 595 2491 QUi.
624 2458 805 2483 ANNONA

808 78 1393 126 GERARD1JN00D1·

1379 174 1703 202 FRUMENTAMA
1741 189 1744 191 >

1368 219 1524 242 EMPTA.
1555 219 1724 244 PLEBEM

1361 259 1562 283 Aniuvrr.
1596 262 1658 283 ET.
1683 263 1732 284 on

1321 299 1435 323 ALIA.
1453 302 1645 325 Mssnrrti.
1669 301 1769 335 EJUS

1394 342 1633 366 cormeum:
1651 343 1700 366 ΚΑ

1198 382 1785 407 LENDARlUM.ET.tDUAR1A
1807 383 1895 407 Duo

1347 425 1745 449 clVl.CRAT1851M0

1420 466 1684 490 POSUERUNT
1910 494 1915 498 ¹
1958 495 1976 500 ἢ

1115 496 1167 528 Sic
1186 495 1345 529 Gruterus
1363 499 1482 538 edidit3
1506 498 1557 530 sed
1577 498 1738 532 mendose.
1763 498 1884 538 scribe,
1907 503 1979 540 Qu!

1117 539 1323 577 Annona,
1343 539 1380 571 'id
1404 539 1467 578 est;
1499 548 1592 580 QUIA.
1618 549 1814 579 ANNONA,
1843 543 1982 581 gemina-

1118 587 1148 611 ta
1180 580 1271 611 litera
1296 582 1321 610 A
1338 590 1348 610 .-
1365 589 1416 611 -ut
1445 582 1564 621 duplex
1594 582 1630 614 fit
1657 582 1748 623 positi
1780 583 1981 621 monumenti

1117 620 1226 661 causa3
1250 630 1331 660 una,
1357 622 1445 662 quod
1467 632 1584 653 annona
1596 624 1799 663 frumentaria
1820 629 1914 663 empta
1926 623 1982 664 ple·

1118 664 1178 693 bem
1194 662 1311 703 adjuvit
1328 661 1366 693 L.
1390 662 1534 696 Valerius
1552 664 1766 704 Faventinu33
1795 664 1914 703 altera,
1946 663 1982 698 δ’

1119 705 1151 734 ob
1173 702 1233 734 alia
1255 704 1359 734 merita
1379 705 1451 745 ejus.
1498 704 1682 747 Utcumque
1705 707 1766 737 erit
1786 716 1797 745 3
1827 713 1918 746 putat
1941 704 1982 737 V.

1121 744 1181 776 CL.
1206 744 1243 776 P.
1268 744 1413 776 Pithoeus
1436 747 1463 776 cl.
1487 746 1534 778 lib.
1561 757 1589 779 2.
1614 748 1774 786 Adversor.
1799 757 1823 777 c.
1840 757 1869 786 4.
1900 747 1984 779 eain

1119 784 1333 825 inscriptione
1365 787 1514 826 appellari
1551 787 1745 819 Kolendarz'os
1779 788 1831 829 qui
1865 787 1985 820 foenori

1120 828 1286 868 ponebant
1303 827 1461 868 publicam
1487 831 1653 868 pecuniam
1670 840 1680 869 3
1705 829 1847 861 iduarios
1867 830 1919 870 qui
1939 838 1988 860 re·

1121 868 1282 910 legebant.
1306 868 1336 899 ἀ
1361 871 1448 909 quod
1467 871 1507 901 <le
1527 870 1722 902 Kalendariis
1746 871 1844 909 dicit,
1867 881 1884 902 a
1908 879 1987 902 vero

1121 919 1185 941 non
1208 909 1380 942 abhorret:
1404 910 1457 942 sed
1476 913 1562 952 quod
1588 914 1627 944 de
1650 912 1889 951 lduariis'dicit,
1917 913 1989 952 ejus

1122 951 1348 992 probationem
1388 960 1508 992 quaero.
1563 963 1716 994 nusquam
1758 953 1843 985 enim
1888 961 1988 985 extat.

1124 1001 1334 1034 quamquam,
1359 1000 1428 1033 quae
1449 992 1506 1025 fint
1524 994 1588 1025 duo
1612 995 1746 1036 collegia
1764 995 1904 1033 Iduaria,
1927 1004 1990 1026 nec

1123 1033 1188 1074 ipse
1207 1034 1364 1074 intelligo.
1390 1036 1478 1074 quod
1503 1035 1524 1066 ss
1543 1035 1710 1076 suspicioni
1735 1036 1826 1069 locus
1842 1036 1878 1068 {it
1898 1036 1929 1068 in
1955 1045 1991 1068 re

1124 1075 1278 1113 obscura,
1311 1076 1384 1116 quia
1409 1076 1551 1107 laudatur
1576 1077 1768 1110 Faventinus
1790 1077 1990 1118 praesertim,

1125 1118 1214 1157 quod
1235 1126 1360 1147 annona
1377 1115 1582 1149 frumentaria
1605 1119 1732 1159 plebem
1752 1119 1892 1160 adjuvit,
1923 1118 1990 1151 for-

1123 1158 1174 1189 san
1199 1159 1299 1189 videri
1318 1158 1435 1198 poffint
1454 1168 1490 1189 ea
1508 1160 1644 1202 collegia
1663 1160 1725 1192 else
1751 1169 1860 1192 eorum
1885 1160 1936 1201 qui
1959 1160 1992 1193 in

1122 1199 1301 1239 municipio
1329 1200 1488 1231 habebant
1514 1209 1620 1233 curam
1651 1203 1795 1242 pecuniae
1822 1202 1992 1233 alimento-

1123 1251 1190 1272 rum
1215 1240 1348 1272 infirmae
1371 1242 1472 1272 :etatis
1496 1251 1536 1273 ex
1561 1244 1675 1282 plebe,
1698 1252 1749 1275 aut
1774 1241 1909 1275 annonae
1934 1252 2007 1284 po··

1125 1283 1201 1324 pulo
1227 1282 1378 1322 praebitae.
1415 1292 1551 1323 quorum
1583 1294 1749 1316 munerum
1781 1284 1928 1317 meminit
1949 1284 1993 1316 se-

1124 1333 1224 1364 quens
1244 1322 1433 1364 inscriptio,
1456 1326 1539 1365 apud
1564 1326 1738 1359 Gruterum
1758 1333 1829 1369 pag.
1844 1330 1918 1368 386.
1940 1325 1993 1358 Im

1114 1369 1176 1406 scr.
1204 1376 1234 1404 4.
1361 1391 1365 1394 .

1379 1415 1409 1437 L.
1433 1415 1639 1441 CASURlo.
1662 1419 1693 1442 L.
1716 1416 1776 1441 R·

1345 1456 1431 1479 CLV.
1463 1459 1773 1483 SPECULATORI

1270 1500 1816 1541 AED.11i1.V1R.1.1).Q⁴An

1263 1549 1378 1570 runt.
1403 1549 1455 1571 ET
1479 1549 1564 1572 pne.
1588 1548 1858 1573 AL1MENThR

1255 1589 1513 1612 Dersstwsonr.
1540 1590 1572 1612 R.
1595 1590 1622 1613 Ρ.
1646 1591 1736 1613 cun.
1763 1580 1894 1614 ANN.'

1309 1627 1530 1660 }‘01³ULO.4⁴
1559 1631 1812 1655 PRAEBITAE

1129 1661 1234 1694 Etiam
1260 1663 1442 1695 Alexander
1470 1663 1490 1694 l.
1515 1673 1544 1704 3.
1574 1664 1603 1694 C.
1639 1666 1672 1695 de
1699 1663 2015 1705 compensationibus?

1129 1713 1202 1735 cum
1227 1705 1297 1742 ait,
1330 1704 1366 1736 In
1391 1714 1423 1735 ea
1445 1715 1507 1746 quae
1531 1705 1690 1745 reipublicae
1711 1712 1738 1736 te
1762 1707 1855 1736 debere
1865 1706 1995 1745 fateris,

1128 1747 1303 1786 compensari
1324 1755 1357 1776 ea
1374 1756 1436 1787 quae
1459 1747 1584 1777 invicem
1599 1748 1633 1777 ab
1650 1749 1745 1777 eadem
1763 1747 1816 1777 tiln'
1837 1748 1974 1777 debemur
1985 1769 1996 1784 ,

1129 1788 1154 1818 is
1176 1787 1258 1827 cujus
1281 1788 1314 1817 de
1337 1796 1370 1817 ea
1390 1797 1420 1817 re
1442 1789 1518 1817 notio
1538 1786 1576 1827 est
1591 1809 1601 1826 ‚
1626 1788 1763 1829 jubebit,
1793 1786 1821 1825 Jz
1849 1797 1938 1829 neque
1961 1796 2005 1819 ex-

1130 1827 1328 1866 Kaumana,
1352 1837 1442 1869 neque
1462 1838 1499 1859 ex
1519 1827 1730 1870 vectigalibus,
1762 1839 1852 1870 neque
1872 1839 1909 1860 ex
1919 1829 1994 1868 fru-

1130 1870 1219 1900 menti
1235 1869 1281 1899 vel
1304 1869 1355 1899 olei
1372 1869 1484 1910 publici
1502 1872 1627 1910 pecunia
1646 1893 1655 1909 ‚
1686 1880 1776 1912 neque
1801 1872 2009 1910 tributorum,.

1130 1919 1219 1951 neque
1236 1911 1436 1941 alimentorum
1446 1934 1456 1950 ,
1479 1920 1569 1952 neque
1585 1912 1648 1953 ejus
1664 1914 1714 1953 qui
1735 1910 1853 1951 [tatutis
1869 1913 1999 1953 sumpti-

1130 1953 1182 1982 bus
1192 1952 1288 1992 firvit
1304 1975 1313 1989 ‚
1345 1962 1379 1982 ne
1401 1962 1435 1982 ue
1444 1951 1649 1992 fideicommzffi
1671 1954 1800 1985 civitatis
1822 1955 1929 1984 debitor
1939 1951 1994 1992 fis.

1131 1992 1187 2024 Illa
1211 2001 1316 2024 tamen
1340 2001 1380 2024 co
1397 1994 1475 2032 legia
1495 1994 1616 2025 lduarz‘a
1637 1994 1720 2034 dici,
1743 2004 1806 2025 non
1831 1995 1943 2035 liquet.
1967 1995 1998 2028 ἅτ

1132 2043 1243 2065 contra
1269 2034 1288 2065 l.
1310 2044 1337 2066 2.
1363 2034 1395 2066 C.
1423 2034 1475 2065 Tb.
1499 2036 1532 2065 de
1546 2037 1728 2067 curatoribus
1745 2034 1919 2068 Kalendariz
1933 2046 2000 2068 me-

1132 2075 1224 2107 minit
1254 2074 1521 2115 Kalendariorum,
1557 2083 1617 2108 tam
1641 2077 1750 2108 oleariae
1775 2087 1848 2108 arcte
1863 2100 1874 2116 ‚
1909 2087 2000 2118 quam

1127 2118 1349 2157 frumentariae,
1373 2126 1510 2157 quorum
1534 2120 1663 2149 nomina
1678 2141 1688 2157 ‚
1712 2117 1764 2149 seu
1780 2119 1907 2158 debita,
1930 2128 1997 2151 non

1133 2159 1235 2190 multo
1262 2165 1336 2189 ante
1366 2159 1513 2190 oratione
1539 2160 1578 2189 ad
1603 2159 1754 2191 Senatum
1778 2158 1863 2191 missa
1881 2183 1890 2199 ‚
1920 2160 2000 2192 anti-

1133 2208 1228 2240 quata
1249 2198 1317 2231 fiut.
1362 2199 1423 2231 Sed
1449 2201 1481 2231 id
1512 2198 1709 2242 Rescriptum
1734 2201 1771 2231 ad
1800 2202 1911 2233 urbem
1934 2201 2001 2233 Ro·

1133 2250 1214 2272 mam
1242 2240 1390 2281 respicit:
1421 2247 1456 2272 ut
1478 2239 1615 2280 Jacobus
1635 2240 1864 2274 Gothofredus
1888 2252 1928 2274 eo
1951 2243 1998 2275 lo-

1133 2283 1162 2314 ci
1184 2283 1433 2314 animadvertit:
1464 2291 1536 2314 cum
1568 2291 1659 2314 vetus
1689 2282 1859 2324 Inscriptio
1882 2285 1921 2316 ad
1943 2285 1998 2317 ali-

1133 2325 1222 2364 quod
1247 2324 1437 2364 pertinuerit
1458 2324 1667 2365 municipium
1689 2325 1720 2356 in
1749 2334 1814 2365 quo
1836 2326 1925 2358 aliam
1943 2333 2001 2358 aut

1134 2366 1279 2397 eamdem
1302 2366 1441 2405 ejusdem
1460 2367 1504 2396 rei
1521 2366 1769 2412 appellationem
1793 2365 1903 2406 fuiss'e,
1927 2369 2002 2408 quis

1134 2407 1278 2480 pixerit93
1308 2415 1361 2438 aut
1383 2415 1550 2449 negaverit
1566 2430 1576 2447 ,
1606 2417 1638 2439 111
1671 2415 1761 2439 tanto
1787 2407 1941 2442 Veterum
1963 2409 1999 2442 fi·

1148 2456 1236 2480 entio
1253 2474 1261 2480 .

949 2569 1161 2604 CAPUT
1211 2569 1276 2605 11.

227 2666 278 2703 De
295 2667 464 2702 nominibus
482 2666 655 2712 usurarum.
684 2666 809 2712 quidstt
828 2665 1010 2702 centesima
1029 2666 1141 2707 usura,
1167 2664 1208 2706 ἐξ)
1221 2665 1298 2701 unde
1317 2665 1405 2700 ιὶίἑῖα.
1435 2676 1501 2699 eam
1528 2665 1611 2699 alias
1635 2665 1783 2712 appellari
1799 2665 1928 2701 usuram
1949 2678 2000 2702 as·

277 2715 357 2751 sem.
386 2712 427 2753 ὅ)
448 2716 528 2749 cur?
553 2717 709 2761 ingeniola
736 2714 776 2754 &²
791 2717 955 2759 probabilis
972 2714 1118 2760 Salmafii
1140 2717 1235 2761 opinio
1260 2715 1294 2749 de
1312 2715 1439 2760 quodam
1459 2714 1555 2748 Plinii
1572 2714 1643 2748 loco.
1669 2713 1742 2749 affis
1770 2714 1876 2751 usurae
1895 2726 2001 2763 parles

278 2762 334 2811 effe
351 2766 480 2798 minores
500 2762 618 2809 usuras.
646 2773 760 2808 quanta
768 2764 876 2810 fuerit
895 2763 1057 2809 centesima
1073 2765 1252 2812 Jnstininni
1272 2772 1423 2809 tempore,
1451 2764 1545 2797 ctiam
1561 2763 1629 2810 1²le
1648 2775 1727 2798 eum.

292 2869 315 2891 x
336 2858 385 2890 his
403 2867 472 2899 quae
491 2858 531 2890 de
553 2865 665 2890 vetere
690 2859 847 2891 usurarum
865 2861 991 2892 ratione
1007 2860 1095 2900 dixi,

313 2909 412 2941 porro
442 2910 507 2932 non
543 2900 679 2931 difficilis
710 2903 769 2931 erit
792 2902 972 2933 imellettus
996 2905 1096 2934 nomi-

232 2951 310 2974 num
327 2951 397 2983 quae
418 2950 525 2973 earum
549 2940 631 2973 fint:
662 2940 727 2972 five
750 2942 789 2972 de
813 2943 1010 2982 centesimis,
1033 2944 1096 2975 sive

232 2983 274 3014 de
296 2983 494 3021 minoribus,
518 2989 685 3020 quaeratur.
719 2982 823 3022 placet
847 2993 973 3022 autem,
1006 2986 1094 3025 quod

233 3024 293 3056 Vir
319 3024 474 3065 Insignis,
509 3022 703 3055 Hermolaus
731 3023 885 3054 Barbarus
904 3047 913 3062 ‚
946 3026 1094 3066 princeps

233 3066 458 3097 animadvertit
475 3075 516 3096 cx
544 3065 722 3097 Columella
740 3087 750 3103 ,
780 3063 828 3094 De
851 3075 879 3095 re
896 3064 1023 3105 rustica,
1046 3068 1092 3099 lib.

259 3129 265 3135 .
288 3113 349 3146 cop.
363 3117 396 3147 3.
420 3107 449 3138 &
469 3107 585 3138 deinde
602 3106 760 3137 Antonius
784 3105 975 3145 Augustinus
997 3108 1045 3137 lib.
1066 3119 1094 3142 9,

233 3115 355 3179 {lineum
378 3158 402 3179 c.
422 3157 468 3179 10.
491 3148 606 3188 aliique
631 3146 825 3178 eruditiffimi
845 3146 1020 3186 probarunt
1039 3148 1096 3179 ho-

234 3187 354 3227 mines,
375 3187 545 3229 centefimae,
567 3188 631 3221 five
647 3186 799 3227 centefinzae
816 3192 928 3228 usurae,
959 3189 1098 3229 appella-

1141 2861 1229 2892 tione
1249 2857 1414 2900 fignificari
1439 2858 1640 2892 centesimam
1667 2859 1759 2892 sortis
1780 2868 1924 2902 partem,
1946 2860 2006 2893 fin-v

1139 2902 1219 2943 gulis
1242 2899 1399 2931 menslbUS
1425 2899 1521 2931 usurae
1549 2902 1620 2932 vice
1643 2900 1844 2934 solvendam:
1874 2911 1910 2934 ut
1928 2911 2008 2937 cumr

1139 2943 1255 2984 (quod
1281 2941 1326 2973 est
1348 2942 1435 2973 Pauli
1463 2943 1646 2983 exemplum
1674 2943 1694 2974 l.
1713 2954 1764 2981 40.
1794 2943 1836 2975 D.
1861 2945 1894 2975 de
1918 2947 2000 2975 rebus

1139 2983 1281 3023 creditis)
1306 2982 1435 3014 Publius
1459 2983 1596 3015 Maevius
1615 2986 1644 3015 in
1664 2985 1731 3015 dies
1750 2985 1880 3025 triginta
1902 2985 1998 3026 inque

1137 3025 1285 3057 denarios
1323 3033 1478 3056 centenos
1514 3025 1678 3065 stipulatur
1716 3025 1862 3057 denarios
1900 3026 2000 3067 fingu-

1136 3067 1195 3099 los.
1241 3064 1348 3096 Unum
1375 3066 1609 3098 observandum
1626 3090 1636 3105 ,
1668 3068 1756 3107 quod
1773 3090 1783 3106 ‚
1813 3076 1886 3100 cum
1909 3075 2000 3098 cente-

1131 3108 1238 3146 fimum
1267 3107 1377 3138 dicunt
1402 3107 1564 3145 Veteres,
1602 3117 1667 3139 non
1694 3107 1831 3140 insolens
1848 3132 1859 3148 ,
1895 3117 2000 3148 neque

1139 3150 1232 3189 plena
1253 3172 1262 3187 ‚
1294 3149 1417 3180 locutio
1452 3148 1522 3180 est:
1553 3158 1617 3180 non
1648 3149 1771 3190 magis,
1811 3159 1902 3189 quam
1926 3157 2001 3181 cum

1140 3188 1315 3228 centaefimom
1346 3190 1482 3229 dieunt,
1517 3198 1586 3230 quae
1614 3188 1660 3221 est
1685 3199 1793 3222 rerum
1814 3191 1997 3230 venalium,

1944 3239 1996 3263 aut
