2036 3495
137 100 209 141 468
732 89 766 125 G
790 98 811 123 a
836 98 858 123 n
884 97 905 122 Α
929 97 953 123 R
979 97 1002 133 n
1028 96 1041 125 1

139 183 288 220 interesse
304 180 488 224 spectaculis
505 178 664 221 publicis,
683 178 762 218 item
778 178 914 211 militare
931 187 1014 220 quaa-

137 227 202 258 stus
216 225 326 261 causa,
350 224 379 254 se
396 222 566 260 occidere,
590 222 619 251 δε
636 217 783 259 accusare
799 220 938 261 ali-quem
955 221 1015 252 cri·

138 261 232 299 minis
255 264 417 303 capitalis3
441 262 556 298 deinde
580 261 747 299 opinatur,
769 260 803 300 in
825 262 941 301 eodem
959 271 1014 300 nu-

138 318 231 341 rnero
249 306 311 338 effe
327 303 484 335 infantum
502 301 820 343 sanguinolentorum
831 313 945 337 necem
965 312 1018 334 ex-

140 349 416 391 positionemque:
438 353 510 376 nam
534 352 702 384 utramque
718 344 802 384 apud
821 344 1018 383 Christianos

140 400 182 421 ex
204 396 316 419 eorum
342 385 503 426 disciplina
522 394 613 426 aeque
629 385 757 425 impiam
776 394 814 416 ac
835 385 1018 423 sceleratam

139 429 271 462 haberi:
295 428 440 468 quamvis
458 427 602 459 moribus
618 426 757 467 publicis
777 427 906 466 licitam.
940 427 1016 460 Vei·-

140 473 182 505 ba
197 469 351 501 LaElantii
367 469 440 509 quia
455 469 620 509 complura
637 467 725 506 sunt,
749 467 923 502 adscribam
939 479 1018 501 con-

140 511 255 544 traCta:
280 509 349 541 sunt
364 518 469 542 autern
489 510 557 541 haec
575 509 647 550 post
664 510 734 541 alia.
769 509 842 542 Non
859 513 937 547 enirn
952 521 1019 545 cum

137 555 263 586 occidere
274 551 355 582 Deus
370 557 452 583 vetat
462 575 471 590 ‚
484 551 655 583 latrocinari
671 560 722 582 nos
738 556 854 588 tantum
868 553 1016 593 prohibet,

138 596 215 636 quod
231 603 265 625 ne
272 600 325 635 per
341 593 415 635 leges
431 594 546 634 quidem
549 593 684 633 publicas
698 592 763 624 licet
773 593 843 636 :sed
858 604 892 624 ea
906 603 1018 635 quoque

137 647 173 669 ne
184 635 272 676 fiant
288 641 401 673 monet,
422 645 483 676 quae
507 636 585 675 apud
601 634 726 666 homines
738 641 790 675 pro
805 635 892 666 licitis
911 636 1016 674 bahen-

137 685 194 710 zur.
218 678 263 709 ita
277 686 312 707 ne
335 686 368 707 ue
385 678 510 708 militare
519 673 599 718 justo
614 676 728 713 licebit,
750 676 832 716 cujus
856 677 962 716 militia
978 674 1017 717 eft

135 722 170 751 in
187 721 249 761 ipsa
260 719 311 760 juJ
326 719 396 749 itia:
418 727 508 759 neque
529 727 595 748 vero
621 717 755 755 accusare
771 727 944 759 quemquam
961 720 1017 749 tri-

137 762 215 793 mine
230 760 371 801 capitali,
395 761 465 801 quia
489 759 562 791 nihil
577 756 686 799 distat,
707 765 845 793 utrumne
858 760 952 798 ferro,
975 770 1016 798 an

133 804 220 834 verbo
233 803 331 844 potius
346 802 456 832 occidas
466 824 476 839 ,
494 800 632 842 quoniam
647 798 744 837 occifio
764 800 823 842 ipsa
835 802 1013 841 prohibetur.

134 844 242 886 Itaque
264 845 295 874 in
317 844 367 874 hoc
385 841 444 874 Det
454 848 596 883 praecepto
618 841 730 873 nullam
739 843 858 883 prorsus
872 845 1010 882 exceptio-

137 895 204 917 nem
216 884 283 925 fieri
295 890 402 924 oportet
413 907 423 923 ,
446 885 519 925 quin
537 885 661 915 occidere
677 884 835 922 hominem,
851 885 963 925 semper
975 883 1014 923 fit

134 928 241 967 nefas,
264 936 346 968 quem
362 925 447 957 Deus
465 924 598 961 saneiunz
612 925 723 956 animal
739 925 790 966 effe
805 925 908 959 voluit.
932 926 1014 968 Ergo

137 978 172 1000 ne
187 969 261 1000 illua
276 968 390 1009 quidem
407 967 522 998 concedi
535 967 642 1008 aliquis
656 964 799 1006 existimet
810 989 820 1006 ‚
840 973 873 998 ut
891 975 1015 999 recentes

135 1016 219 1041 natos
236 1010 320 1040 liceat
336 1009 479 1049 oblidere,
502 1018 565 1050 quie
585 1008 631 1039 vel
655 1009 785 1040 maxima
810 1006 848 1050 esi
874 1010 1015 1049 impietas.

133 1052 171 1083 ad
186 1052 282 1082 vitam
293 1052 371 1082 enim
387 1050 470 1081 Deus
485 1050 608 1090 inspirat
622 1050 754 1089 animas,
769 1059 827 1081 nan
842 1051 880 1081 ad
888 1058 1015 1082 mortem.

135 1093 248 1124 Verum
263 1093 407 1131 homines,
430 1101 465 1122 ne
481 1092 556 1133 quod
566 1090 739 1131 fitfacinus
754 1101 808 1132 quo
825 1102 932 1125 manus
941 1092 1016 1132 suas

134 1143 191 1166 non
213 1134 368 1175 polluant,
390 1135 512 1165 rudibus
535 1133 630 1164 adbuc
656 1132 693 1167 δ’
709 1132 890 1173 simplicibus
908 1135 1015 1164 animis

135 1178 283 1217 abnegant
298 1176 391 1206 lucem
405 1185 463 1206 non
485 1185 503 1206 a
516 1173 552 1215 se
569 1176 679 1206 datam.
726 1173 866 1215 Expeilet
880 1185 948 1206 vero
962 1176 1015 1206 ali-

132 1219 217 1258 quis,
241 1222 275 1247 ut
297 1217 389 1248 alieno
406 1217 552 1258 sanguini
572 1222 714 1255 parcant,
739 1217 792 1257 qui
808 1226 866 1247 non
886 1222 1014 1256 parcunt

131 1265 192 1299 suo.
224 1258 280 1290 Sed
293 1256 398 1297 hifine
412 1258 473 1290 ulla
489 1256 684 1296 controversia
692 1258 829 1299 scelerati
846 1257 883 1293 δ’
898 1255 1011 1300 injusti.

862 1363 1030 1398 CAPU

1107 86 1338 126 Noon’t·

1059 178 1144 224 Quid
1166 179 1197 211 bi
1221 190 1292 222 quos.
1302 180 1388 222 falsa
1405 181 1501 222 pietas
1516 183 1590 224 cogit
1604 184 1767 224 exponere?
1789 186 1861 218 Non
1871 193 1939 229 pos»

1049 221 1300 263 suntinnocentes
1313 221 1491 263 existimari,
1514 224 1566 265 qai
1579 223 1691 263 viscera
1696 226 1754 263 sua
1770 227 1801 259 in
1811 233 1941 268 predam

1059 263 1179 303 canibus
1193 264 1333 309 abjiciunt
1343 287 1352 303 ‚
1364 288 1367 295 1
1378 263 1570 307 &quantum
1587 266 1619 306 in
1635 263 1701 307 ipsis
1715 263 1772 306 est,
1794 268 1940 307 cfudeliusst

1059 309 1183 347 necant,
1206 314 1294 347 quam
1304 304 1331 344 si
1340 303 1583 348 sirangalaffcnt.
1622 305 1844 350 Quis-dubitet,
1867 313 1942 352 quin

1058 344 1207 385 irrqziussit
1218 369 1227 386 ‚
1238 349 1291 389 qui
1302 347 1402 389 aliene
1416 347 1614 387 misericordiae
1631 351 1725 388 lacum
1735 358 1797 388 Χποθι
1812 351 1941 384 tribuit?

1058 386 1231 433 quietiam,
1241 387 1269 428 [2
1286 390 1436 431 contingat
1450 399 1477 429 ez
1492 391 1568 431 quod
1583 385 1695 429 voluit,
1710 396 1743 423 ut
1759 389 1942 434 alatar,5ad-

1059 429 1139 467 dixu
1154 435 1228 463 certe
1240 431 1420 472 sanguinem
1427 432 1517 470 suum
1534 431 1581 462 vet
1597 431 1823 470 adseruitutem
1840 433 1888 463 vel
1902 431 1939 471 ati

1060 468 1187 510 lupanar
1201 494 1209 503 .
1220 492 1229 502 .
1240 495 1247 502 .
1259 495 1268 504 .
1288 470 1360 508 Tam
1369 473 1463 513 igitur
1471 473 1619 514 nefarium
1626 470 1837 515 estssexponere,
1849 474 1941 516 quani

1059 519 1178 558 neca-ra
1215 511 1267 552 Sic
1284 512 1484 555 Lactantius:
1508 515 1592 547 clare
1615 512 1808 557 osteudens,
1832 515 1902 562 haee
1920 526 1941 548 a

1061 550 1266 597 Christianis,
1283 553 1393 594 haberi
1409 555 1548 596 nefaria:
1565 565 1639 587 cum
1655 555 1686 593 in
1703 553 1792 595 ⁸Foro
1804 556 1938 597 publice

1061 593 1148 640 licita
1162 601 1259 634 atque
1276 596 1430 637 impunita
1445 597 1514 629 fint.
1547 596 1621 629 Nec
1635 594 1727 633 aliter
1743 598 1829 630 idem
1846 598 1878 629 in
1895 598 1937 634 212-

1054 640 1155 675 pztom.
1175 634 1284 667 Divin.
1302 634 1368 677 inst,
1381 648 1410 677 Vc.
1426 643 1456 670 6.
1476 640 1581 678 verbis
1600 638 1821 681 sequentibus:
1845 638 1941 672 Vetus

1056 676 1295 724 praeceptumnesl,
1304 688 1360 714 non
1376 681 1508 713 occidere.
1526 682 1602 723 quod
1612 679 1654 719 sic
1668 681 1760 722 accipi
1773 682 1869 720 debet,
1881 691 1938 713 non

1059 724 1209 760 tamquam
1218 720 1375 761 jubeamur
1390 722 1426 752 ab
1440 722 1589 754 homicidio
1607 728 1743 761 tantam,
1765 724 1841 764 quod
1853 724 1939 755 etiarn

1057 759 1166 806 legibus
1182 761 1307 801 publicis
1334 761 1463 802 'ahetur,
1485 773 1590 803 manus
1612 761 1761 804 abstinere.
1807 764 1863 796 Sed
1885 764 1940 797 bac

1057 799 1182 843 Juffitme
1196 804 1305 843 interpr>
1319 809 1379 841 ita,
1394 813 1445 834 nec
1461 807 1545 836 verbo
1561 806 1655 846 licebit
1665 805 1830 846 periculum
1845 806 1939 846 infcr-

1057 853 1106 880 re,
1130 851 1181 873 nec
1196 844 1340 881 infantem
1357 854 1458 876 necare
1474 852 1529 877 aut
1548 853 1704 887 exponere,
1727 857 1777 879 nec
1796 848 1826 888 se
1845 848 1937 889 {lyam

1058 884 1230 917 voluntaria
1248 892 1335 917 morte
1352 887 1500 925 damnare.

1099 925 1161 957 Sed
1185 935 1336 967 apparet,
1356 927 1504 966 moribus
1528 928 1676 963 adversus
1697 928 1774 967 XII.
1797 928 1939 962 Tabulas

1059 965 1150 999 fuisse
1177 968 1284 1003 datum
1310 978 1376 1001 non
1402 969 1506 1009 dicam
1531 971 1632 1011 patri,
1658 970 1709 1004 secl
1731 972 1939 1013 parentibus;

1058 1009 1149 1049 (nam
1169 1009 1200 1041 δι
1218 1010 1326 1042 matris
1344 1010 1491 1044 meminit
1508 1010 1652 1043 Scaevola
1670 1013 1750 1048 Λευ.
1769 1012 1810 1043 D.
1830 1014 1863 1044 de
1876 1022 1939 1044 ma-

1056 1048 1190 1124 numiffis
1207 1048 1371 1093 testamento
1383 1075 1393 1090 ‚
1411 1052 1441 1083 ἃ
1461 1052 1678 1094 Quintilianus
1696 1052 1824 1085 Declam.
1845 1054 1937 1095 306.)

1059 1100 1113 1131 ut,
1150 1092 1156 1098 '
1175 1094 1315 1132 vellent,
1337 1093 1482 1134 poffent,
1498 1093 1614 1134 tollere
1630 1093 1889 1135 sanguinolentos
1905 1095 1940 1126 li·

1058 1134 1171 1166 beros:
1194 1132 1238 1166 fin
1254 1144 1440 1175 exponere,
1464 1143 1517 1166 aut
1537 1144 1674 1174 necare,
1698 1136 1849 1173 mallent,
1871 1145 1936 1168 non

1057 1175 1262 1215 punirentur:
1285 1185 1409 1217 eosque
1431 1185 1538 1208 mores
1555 1177 1756 1218 temporibus
1776 1177 1935 1216 Juriscon.

1056 1216 1210 1248 sultorum
1237 1226 1373 1258 quornm
1400 1218 1595 1249 centonibus
1620 1219 1747 1250 constat
1761 1218 1936 1260 Pandessa-

1056 1267 1125 1290 rum
1143 1267 1281 1299 corpus,
1306 1258 1370 1292 fine
1387 1260 1584 1300 exceptione
1601 1259 1741 1300 viguiffe.

1054 1373 1077 1397 T
1134 1363 1208 1399 111.

135 1440 200 1476 Eos
223 1452 323 1476 mores
348 1452 406 1475 non
431 1440 530 1475 videri
553 1440 719 1485 expauitos
747 1438 1018 1484 Senatuscmffulco
1042 1439 1234 1483 Planciano,
1260 1451 1351 1485 neque
1369 1440 1466 1476 altero
1482 1440 1561 1486 quad
1573 1441 1686 1475 dicitur
1706 1448 1838 1488 ternpore
1854 1439 1936 1476 Divi

179 1490 340 1525 Hadriani
349 1489 479 1535 fabiam
492 1515 500 1529 ,
526 1500 617 1533 neque
634 1486 793 1533 Rescripta
808 1487 963 1523 Diva-um
980 1488 1143 1531 Ean-um,
1169 1500 1260 1534 neque
1276 1490 1386 1524 Edicto
1406 1491 1572 1534 Praemris,
1601 1501 1694 1535 neque
1710 1491 1841 1526 remedio
1860 1491 1937 1537 quod

180 1539 293 1584 majori
308 1539 399 1572 trimo
418 1545 509 1572 extra
528 1537 662 1571 ordinem
680 1535 871 1581 indulgetur.

130 1633 257 1710 Nec
281 1633 327 1665 est
350 1635 438 1676 quod
465 1632 534 1673 quis
551 1632 604 1664 hic
621 1633 660 1666 ad
675 1631 1013 1674 Senatusconsultum,

230 1684 304 1707 cum
322 1676 524 1708 Plancianum
535 1697 545 1711 ,
562 1683 629 1708 tum
641 1675 774 1709 alterum
787 1675 874 1716 quod
887 1674 922 1706 fit
934 1683 1012 1707 tem-

129 1727 212 1759 pore
237 1716 315 1749 Divi
343 1717 498 1750 Hadriani
521 1715 639 1747 fattum
658 1739 667 1754 ,
697 1724 885 1757 provocet;
909 1716 1013 1757 iisque

128 1760 282 1792 sublatam
306 1759 368 1792 esse
387 1767 482 1791 tantae
500 1758 675 1798 impietatis
696 1759 922 1790 enormitatem
941 1759 1010 1796 opi-

128 1810 234 1834 netur.
258 1798 336 1833 Non
352 1802 440 1833 enim
453 1801 496 1832 ita
512 1799 574 1830 cst:
590 1808 628 1830 ac
645 1808 799 1840 quantum
815 1800 853 1831 ad
865 1800 948 1839 prius
959 1799 1011 1831 Se-

127 1843 422 1882 natusconsultum,
447 1842 479 1873 id
495 1839 559 1879 est,
580 1841 806 1880 Plancianum,
822 1841 955 1880 attinet,
979 1851 1011 1872 e-

126 1886 173 1925 jus
195 1883 315 1916 sensum
338 1883 495 1925 Ulpianus
518 1883 538 1913 1.
567 1891 580 1914 1
613 1882 641 1924 §.
666 1892 678 1914 1
712 1882 755 1914 D.
773 1884 806 1914 de
822 1883 1013 1924 agnoscendis

128 1926 287 1961 &alendis
302 1926 397 1957 liberis
413 1924 564 1966 exprimit
579 1923 786 1965 sequentibus
802 1924 918 1955 verbis.
940 1924 1011 1956 Per-

126 1969 218 1999 mittit
232 1969 326 2010 igitur
336 1967 470 2005 mulieri,
482 1967 635 2007 parentiva
645 1989 655 2004 ‚
670 1967 701 1997 in
711 1966 794 2007 cujus
806 1963 942 2006 potestate
953 1964 992 2006 esi
1001 1989 1011 2005 ,

130 2009 177 2039 vel
193 2011 236 2048 ez',
251 2011 299 2040 cui
313 2011 487 2041 mandatum
501 2008 536 2039 ab
552 2007 589 2038 iis
605 2005 662 2047 est,
671 2005 701 2045 fi
714 2013 798 2048 putet
812 2013 1010 2048 praegnatem,

128 2051 305 2081 denunciare
329 2052 412 2082 intra
433 2051 491 2081 dies
512 2049 637 2090 triginta
648 2047 711 2090 pasl
728 2049 888 2080 divortium
903 2058 1010 2079 connu-

128 2093 276 2124 nit‘ranclos
291 2092 343 2133 ipfi
358 2094 462 2124 marito
473 2115 483 2130 ,
508 2091 556 2122 vel
569 2092 705 2131 parenti,
730 2091 762 2121 in
775 2091 860 2131 cajus
871 2088 1011 2131 potestate

127 2132 187 2175 est,
210 2138 263 2167 aut
276 2134 390 2165 domum
405 2134 600 2172 denunciare,
616 2130 645 2170 fi
661 2132 771 2163 nullius
789 2141 885 2163 earum
901 2133 1010 2171 copiam

129 2176 245 2207 habeat.
272 2173 313 2205 Et
330 2174 358 2216 ᾗ,
376 2184 406 2213 4.
425 2175 517 2206 Poena
533 2174 635 2204 mariti
649 2182 682 2204 ea
698 2171 756 2214 est,
770 2179 803 2204 ut
819 2172 875 2211 nisi
891 2178 945 2204 aut
959 2183 1008 2204 cu-

123 2215 217 2258 stodes
230 2216 417 2256 premiserit,
440 2221 492 2247 aut
508 2221 610 2247 contra
623 2214 863 2253 denunciaverit,
886 2224 943 2246 non
958 2213 1009 2255 effe

128 2268 168 2289 ex
180 2258 208 2294 se
221 2263 413 2299 pragnatem:
435 2262 557 2298 cogatur
571 2257 694 2288 maritus
705 2262 826 2297 partum
840 2257 1009 2298 agntffcere3

129 2300 169 2335 ἐξ
178 2297 207 2338 si
221 2308 279 2330 non
297 2299 468 2340 agnoverit,
483 2302 569 2328 extra
583 2299 710 2330 ordinem
725 2298 877 2329 coercetur.
901 2299 1009 2337 Atque

127 2342 196 2373 hoc
212 2349 343 2381 quoque
351 2338 637 2372 Senatusconsulto
651 2338 917 2379 comprehensum
933 2338 1009 2370 fuis-

127 2382 180 2422 se,
197 2390 329 2423 apparet
346 2391 387 2413 ex
404 2381 432 2423 ᾗ.
454 2391 500 2412 12.
517 2382 545 2412 d.
562 2380 581 2412 l.
602 2389 628 2412 1.
646 2379 811 2420 Significat
826 2388 933 2413 autem
950 2379 1008 2413 Ul-

128 2425 259 2464 pianus,
283 2423 456 2455 Planciano
476 2422 762 2454 Senatusconsulto
778 2423 957 2455 contineri:
975 2430 1010 2454 ut

126 2464 216 2496 fafto
233 2465 374 2496 divortio
389 2465 521 2503 mulier,
545 2473 702 2505 parensve
717 2464 747 2495 in
766 2464 853 2504 quus
873 2462 1010 2505 potcsta-

128 2515 164 2538 te
191 2505 254 2544 est,
274 2506 325 2537 vel
348 2507 373 2537 is
393 2506 449 2540 ,cui
474 2506 654 2538 mandatum
672 2505 711 2536 ab
733 2504 771 2537 iis
787 2505 851 2544 est,
875 2505 894 2537 fi
914 2513 1008 2545 putet

128 2555 366 2588 praegnantem,
383 2547 478 2588 poffit
490 2549 570 2579 intra
581 2547 648 2578 dies
666 2547 794 2588 triginta
811 2547 1006 2579 denunciare

128 2588 185 2629 ipfi
202 2589 316 2619 marito
327 2611 335 2627 ,
352 2589 403 2620 vel
419 2589 543 2628 patenti
560 2588 591 2619 in
609 2589 697 2629 cujus
711 2587 870 2628 potestate
881 2588 936 2627 fit,
951 2596 1006 2620 aut

130 2631 170 2662 ad
193 2630 343 2666 domum,
365 2628 387 2661 fi
409 2630 524 2663 nullius
541 2639 653 2662 eorum
668 2630 796 2670 copiam
814 2630 950 2669 habeat3
974 2630 1005 2661 &

127 2671 281 2708 marituS,
299 2669 353 2701 nisi
368 2670 514 2703 custodes
531 2670 732 2712 praemiserit,
749 2679 803 2702 aut
820 2679 933 2704 contra
950 2671 1005 2703 de-

127 2712 309 2750 nunciarit,
332 2720 397 2742 non
422 2711 483 2743 esse
500 2722 540 2744 ex
559 2713 590 2744 se
610 2720 846 2754 praegnantem,
871 2719 1007 2753 cogatur

127 2762 256 2796 partum
271 2752 466 2793 agnoscere3
482 2755 529 2792 &,
545 2753 567 2785 fi
584 2764 649 2786 non
665 2756 831 2796 agnoverit
848 2762 938 2785 extra
956 2764 1007 2786 or-

130 2797 242 2828 dinem
260 2796 458 2825 coiirceatuin
483 2794 516 2826 ld
532 2804 609 2826 vero
627 2805 691 2827 non
709 2795 750 2827 fic
765 2795 1008 2836 accipiendum,

131 2836 217 2879 quafi
233 2835 382 2873 maritus,
393 2835 446 2874 qui
462 2844 566 2880 neque
581 2836 730 2869 custodes
744 2836 1010 2878 praemiserit‚ne-

131 2889 196 2920 que
211 2884 325 2909 contra
339 2877 552 2921 denuntiarit,
576 2887 641 2909 non
665 2878 727 2910 ess'e
744 2888 784 2910 ex
799 2878 829 2910 se
844 2887 1008 2919 praegnan-

132 2929 219 2959 tem,
243 2917 410 2960 postquam
426 2926 455 2948 ei
468 2917 507 2948 ab
525 2927 625 2949 uxore
644 2921 867 2952 denuntiatum
887 2920 951 2959 est,
977 2919 1008 2951 se

130 2967 352 3004 praegnantem
369 2968 411 2991 ex
432 2967 473 2989 eo
493 2957 573 2996 effe,
596 2968 613 2990 a
629 2959 787 2993 Praefecto
814 2960 895 2993 Urbi
920 2961 1008 3001 cujus

129 3011 200 3036 turn
217 3004 247 3034 in
265 3000 357 3033 Urbe
373 3009 495 3033 merum
511 3000 677 3037 imperium
695 3011 763 3034 erat
779 3003 800 3035 l.
821 3013 847 3034 1.
861 3011 909 3044 pr.
927 3002 964 3038 δ”
979 3003 1010 3044 §.

132 3055 164 3085 4.
182 3043 225 3076 D.
241 3044 274 3075 de
291 3041 382 3084 officio
404 3039 540 3082 Praefetu
560 3040 865 3086 Urbicorporaliter
879 3044 1011 3086 castige-

133 3094 204 3119 tur:
219 3085 305 3126 (hoc
319 3084 404 3117 enim
420 3091 574 3123 nusquam
589 3083 722 3122 dicitur)
739 3083 790 3116 sed
801 3085 884 3124 quasi
899 3095 915 3117 a
933 3085 1012 3117 Prae.

133 3134 209 3160 tore
224 3127 277 3167 qui
295 3126 465 3167 imperium
479 3133 543 3157 non
561 3132 702 3162 merum,
720 3124 771 3156 sed
788 3127 941 3165 mixtum,
958 3127 1012 3159 ha-

134 3170 253 3208 bebat,
277 3177 383 3207 neque
398 3167 440 3199 de
462 3164 694 3201 criminalibus,
717 3163 770 3196 sed
788 3166 828 3197 de
845 3168 1011 3207 civilibus,

133 3210 231 3246 causis
241 3208 458 3251 cognoscebat
474 3208 493 3241 l.
514 3217 541 3240 1.
558 3206 589 3249 §.
607 3206 661 3240 ult.
680 3207 701 3238 l.
718 3216 748 3239 2.
766 3206 809 3238 D.
828 3206 1013 3248 desuspettis'

1057 1636 1203 1666 tutoribus
1215 1658 1225 1671 ,
1239 1633 1378 1666 civiliter
1394 1637 1584 1667 coerceatur
1600 1634 1666 1681 ejus
1681 1634 1831 1667 remediis
1843 1657 1853 1674 ,
1869 1633 1935 1667 hoc
1982 1666 1988 1673 ,

1057 1675 1119 1714 est,
1137 1676 1262 1708 mulflae
1277 1675 1439 1714 dictione,
1463 1676 1492 1708 ἃ
1510 1677 1651 1716 pignoris
1666 1677 1828 1717 captione.
1853 1677 1884 1707 id
1900 1686 1934 1708 e·

1056 1718 1120 1749 nim
1137 1717 1258 1749 indicat
1274 1725 1346 1748 cum
1365 1716 1532 1757 Inscriptio
1545 1720 1573 1748 cl.
1589 1717 1608 1747 l.
1629 1726 1653 1748 ι.
1673 1717 1716 1748 D.
1732 1719 1765 1748 de
1781 1720 1934 1758 agnoscen-

1055 1759 1101 1790 dis
1124 1758 1161 1793 &²
1185 1759 1293 1790 alendis
1315 1758 1431 1798 liberis,
1456 1767 1528 1800 quae
1549 1758 1594 1789 est
1610 1768 1650 1790 ex
1667 1757 1796 1798 Ulpiani
1813 1759 1861 1788 lib.
1880 1768 1933 1799 34.

1055 1801 1107 1832 Ad
1127 1800 1282 1838 Ecfflum,
1314 1807 1380 1830 tum
1396 1800 1462 1841 ipse
1476 1801 1507 1832 in
1524 1800 1633 1841 primis
1650 1797 1806 1840 Ulpianus
1821 1799 1840 1831 l.
1861 1808 1886 1831 1.
1902 1799 1934 1841 ᾗ.

1054 1851 1085 1888 3.
1103 1841 1146 1873 D.
1164 1843 1197 1872 de
1211 1847 1314 1873 ventre
1329 1841 1513 1882 inspiciendo.
1559 1841 1667 1883 Atque
1691 1841 1760 1872 haec
1776 1841 1821 1872 est
1837 1849 1933 1880 poena

1057 1883 1110 1915 illa
1133 1882 1324 1921 denunciati,
1348 1883 1436 1923 cujus
1458 1883 1495 1916 fit
1512 1883 1635 1915 mentio
1652 1884 1683 1914 in
1699 1882 1718 1914 l.
1735 1892 1765 1919 9.
1784 1882 1817 1914 C.
1837 1883 1869 1914 de
1883 1889 1932 1924 pa-

1056 1925 1116 1956 tria
1125 1923 1284 1966 potestate.-
1308 1924 1359 1956 ubi
1379 1925 1478 1966 vulgo
1494 1924 1657 1963 scribitur,
1677 1932 1762 1964 prena
1777 1925 1932 1956 derzuncia-

1054 1972 1105 2003 τας
1129 1965 1201 2002 sed.
1226 1966 1315 2006 quod
1335 1966 1398 2006 jam
1416 1965 1599 1998 observavit
1615 1965 1820 1998 Doctiffimus
1835 1965 1933 1998 Inter-

1054 2017 1146 2048 preS,
1169 2007 1308 2047 Jacobus
1327 2008 1475 2046 anacius
1497 2008 1544 2040 lib.
1566 2017 1612 2044 19.
1634 2008 1754 2048 Observ.
1779 2018 1803 2039 c.
1820 2016 1872 2048 40.
1888 2007 1932 2040 le-

1052 2050 1193 2090 gendum
1217 2050 1404 2087 denuntiati,
1427 2049 1459 2081 iil
1484 2048 1548 2088 est,
1570 2048 1629 2080 viri
1655 2048 1836 2087 admoniti,
1866 2047 1928 2080 sive

1052 2090 1103 2123 cui
1119 2091 1327 2122 denunciatio
1350 2089 1430 2121 faeta
1457 2089 1518 2122 est:
1543 2097 1577 2122 ut
1593 2090 1625 2122 in
1639 2090 1659 2121 l.
1678 2100 1727 2127 29·
1746 2090 1789 2122 D.
1806 2091 1840 2121 αἰ,2
1851 2089 1931 2130 judi·

1051 2133 1113 2163 ciis.
1140 2131 1216 2163 Hoc
1227 2132 1335 2172 priore
1349 2132 1523 2169 cavebatur-
1532 2131 1827 2164 Senatusconsulto.
1841 2131 1931 2174 Quid

1052 2171 1259 2214 posteriore?
1283 2174 1325 2204 ait
1342 2171 1497 2214 Ulpianus
1515 2173 1573 2213 l.3.
1590 2173 1619 2215 §.
1635 2183 1660 2205 1.
1672 2173 1714 2205 D.
1731 2174 1765 2204 de
1779 2178 1931 2215 agnoscen-

1050 2215 1094 2246 dis
1110 2213 1148 2249 &⁹
1164 2215 1273 2247 alendis
1289 2215 1393 2246 liberis.
1426 2214 1510 2258 Quia
1527 2215 1722 2254 Plancianum
1739 2215 1931 2246 Senatascou-

1042 2256 1161 2297 sulcum
1184 2257 1224 2288 ad
1247 2266 1292 2287 eos
1303 2262 1408 2297 partus
1421 2258 1567 2297 pertinet,
1588 2257 1641 2298 qui
1652 2253 1715 2297 post
1730 2257 1886 2288 divortium
1901 2265 1931 2286 c·

1051 2298 1181 2336 duntur,
1205 2297 1288 2329 aliud
1306 2297 1594 2334 Senatusconlultum
1610 2298 1778 2338 temporibus
1793 2297 1835 2329 D.
1860 2297 1929 2328 Ha-

1050 2340 1150 2370 driani
1159 2338 1278 2378 fabium
1291 2337 1349 2379 esi,
1377 2337 1420 2370 Ut
1436 2337 1563 2378 etiamsi
1583 2338 1730 2379 constante
1745 2339 1925 2370 matrimonio

1045 2386 1151 2422 partus
1159 2379 1201 2419 fit
1219 2381 1332 2420 editus,
1350 2381 1384 2412 cte
1398 2383 1571 2422 agnascendo
1586 2390 1614 2411 eo
1630 2387 1747 2422 agatur.
1772 2378 1928 2420 Ulpianus

1053 2422 1139 2462 vult,
1158 2432 1199 2454 eo
1218 2421 1503 2462 Senatusconsulto
1520 2430 1647 2460 cautum
1664 2420 1773 2460 fuisse3
1799 2429 1851 2458 ut,
1866 2421 1928 2451 eti-

1050 2462 1124 2496 arnsi
1142 2463 1308 2496 constante
1332 2464 1535 2496 matrimonio
1552 2463 1655 2497 editus
1678 2461 1714 2493 fit
1737 2469 1860 2501 partus,
1885 2463 1928 2493 de

1052 2514 1093 2537 eo
1111 2505 1315 2546 agnoscendo
1335 2505 1428 2545 poffit
1446 2505 1506 2546 agi.
1531 2503 1762 2544 Loquebantur
1779 2503 1873 2544 igitur
1891 2504 1928 2534 il-

1050 2546 1079 2579 la
1099 2546 1380 2578 senatusconsulta
1402 2548 1442 2578 de
1465 2545 1674 2588 agnoscendis
1691 2554 1707 2575 a
1722 2552 1811 2585 patre
1826 2543 1930 2576 infan-

1050 2588 1152 2628 tibus,
1168 2588 1222 2628 qui
1238 2588 1277 2619 ab
1293 2598 1350 2627 eo,
1363 2588 1461 2621 invita
1476 2594 1595 2625 matre,
1613 2594 1666 2618 aut
1675 2585 1859 2625 constante,
1875 2593 1929 2618 aut

1047 2630 1171 2667 soluto,
1194 2632 1418 2666 matrimonio,
1441 2629 1532 2661 liberi
1548 2627 1611 2660 ess'e
1627 2628 1832 2669 negabantur.
1865 2627 1928 2663 Sed

1049 2671 1159 2712 (quod
1174 2670 1323 2702 observat
1340 2669 1494 2711 Ulpianus
1512 2670 1533 2702 l.
1551 2679 1577 2701 1.
1595 2669 1622 2711 ς.
1636 2679 1660 2701 1.
1672 2670 1715 2705 D.
1731 2671 1763 2700 de
1779 2669 1928 2710 inspicien-

1049 2714 1084 2744 aa
1101 2717 1204 2743 ventre
1216 2735 1225 2750 ‚
1247 2712 1278 2744 ὅ(
1297 2711 1469 2747 confirmat
1491 2710 1659 2751 Rescripto
1675 2709 1835 2747 Divorum
1853 2709 1926 2742 Fra-

1053 2761 1137 2787 trum
1154 2753 1243 2794 quod
1258 2753 1303 2784 est
1319 2754 1352 2790 in
1363 2761 1409 2794 pr.
1429 2754 1554 2796 ejusdem
1570 2753 1642 2794 loti)
1661 2761 1699 2788 ea
1713 2752 1926 2786 Senatuscon-

1053 2794 1131 2828 sulta
1149 2794 1257 2826 locum
1276 2804 1340 2826 non
1359 2795 1519 2834 habuere,
1536 2794 1558 2827 fi
1575 2794 1686 2829 mulier
1703 2793 1925 2831 dissimularet„

1052 2835 1084 2869 se
1107 2845 1301 2876 praegnatem
1321 2838 1372 2868 vel
1395 2845 1544 2878 negaret:
1566 2837 1674 2874 addita
1691 2836 1837 2874 ratione,
1857 2844 1928 2874 quae

1051 2878 1134 2910 ratio
1151 2869 1213 2916 est,
1237 2878 1326 2917 quod
1342 2886 1451 2918 partus
1472 2886 1643 2918 antequam
1667 2876 1797 2914 edatur,
1819 2876 1929 2922 mulie-

1050 2920 1093 2952 ris
1115 2919 1179 2958 est,
1204 2920 1256 2951 vel
1278 2918 1444 2952 viscerum.
1493 2919 1532 2951 Et
1554 2919 1652 2957 ideo,
1675 2927 1749 2949 cum
1772 2915 1927 2949 incidisset

1053 2961 1254 3002 temporibus
1281 2959 1440 2992 Divorum
1464 2960 1627 3000 Fratrum,
1652 2967 1686 2991 ut
1706 2959 1836 2995 maritus
1857 2958 1928 2996 qui-

1055 3004 1131 3036 dem
1141 3010 1334 3044 praegnatem
1351 3002 1519 3034 mulierem
1529 3002 1667 3042 diceret,
1683 3009 1766 3034 uxor
1777 3004 1908 3038 negaret
1916 3019 1926 3036 ‚

1053 3044 1259 3083 Principesin
1269 3043 1438 3075 necessaria
1454 3043 1543 3075 causa
1558 3043 1732 3081 subvenere
1747 3040 1775 3075 cl.
1784 3039 1802 3070 l.
1817 3037 1885 3085 μς.-
1896 3047 1925 3071 1.

1057 3086 1134 3120 dum
1151 3086 1280 3117 Valerio
1291 3084 1452 3118 Prisciano
1463 3108 1473 3124 ‚
1489 3083 1621 3117 Praetori
1632 3081 1779 3117 Urbane,
1795 3078 1927 3119 rescrip-

1055 3126 1161 3159 serunt
1177 3127 1210 3159 in
1228 3128 1297 3159 haec
1313 3127 1411 3161 verba
1427 3128 1455 3158 d.
1474 3127 1492 3157 l.
1516 3135 1542 3158 1.
1554 3132 1602 3165 pr.
1616 3122 1810 3167 Novamfiem
1823 3118 1926 3173 defide-

1054 3179 1118 3201 rart·
1142 3168 1278 3204 Rutilius
1303 3168 1428 3201 Severus
1451 3168 1583 3202 videtur,
1606 3169 1641 3195 ut
1664 3170 1750 3198 uxow*
1764 3170 1826 3202 Qu&
1842 3170 1927 3199 flam

1055 3211 1232 3255 diverterat,
1248 3209 1286 3245 &f
1294 3210 1330 3250 se
1344 3219 1401 3245 nen¹
1413 3208 1463 3250 effe
1475 3210 1651 3249 proegnatem
1665 3201 1925 3284 &final-ubst}-
