2036 3495
146 115 217 150 430

154 203 216 234 que
234 191 345 225 sermo.
370 189 487 222 sensus:
512 187 656 224 Demus,
684 184 793 226 patto,
818 181 869 213 Ne
885 190 1021 222 pecunia

155 243 297 274 petatur,
323 241 383 263 non
403 230 525 261 directo
540 229 606 269 agi,
626 225 678 257 Ne
696 223 881 268 hypotheca
901 222 1020 268 fitgta-

153 286 225 307 men
251 275 302 304 ubi
328 272 518 304 convenitur
540 272 579 299 de
605 267 749 297 tollendo
772 265 901 301 debito,
925 272 1020 294 etiam

154 316 351 347 consentitur
368 314 406 344 de
425 310 565 342 tollenda
582 305 783 348 hypotheca:
806 305 890 351 nulla
908 305 1020 345 pigno-

152 359 192 388 ris
209 355 403 388 acCCffione,
419 351 541 382 sublato
558 348 721 390 principali
739 346 863 377 debito.
886 344 1018 376 solvitur

150 398 245 438 igitur
273 393 457 436 hypotheca
485 391 605 432 paeto,
646 387 697 421 Ne
722 389 857 428 pecunia
880 395 1018 428 petatur.

151 438 218 470 Hic
234 437 334 467 senius
352 435 521 465 verborum
540 429 718 468 Marciani,
740 428 781 460 Et
797 427 904 470 quidsi
919 428 969 459 hoc
986 437 1018 458 α-

152 479 229 510 Cium
246 476 313 516 fit?
338 475 418 507 Nam
443 475 622 515 sequentia,
647 472 721 502 Cum
740 470 821 509 forte
844 470 920 500 alius
935 470 1019 509 hypo-

151 520 259 550 thecam
273 517 435 558 poffidebit,
455 522 577 547 vacant.
593 511 735 545 siccine?
752 520 792 542 ne
809 510 926 541 dubita.
951 503 1022 541 sub-

151 561 212 592 lata
237 562 320 590 enim
345 567 440 597 atque
465 555 604 588 extinsta
628 552 814 598 hypotheca
831 551 1018 598 patto-con.

149 610 249 633 vento
269 601 423 632 debitoris
447 599 475 630 ἂ
494 596 678 628 creditoris:
702 594 827 634 quaeio,
850 600 915 638 quo
932 602 1016 633 lure,

148 651 201 673 aut
218 651 282 681 quo
299 642 409 673 colore
425 638 560 680 superest
576 636 657 668 attio
673 634 930 676 hypothecaria?
950 633 1017 664 nul-

146 684 180 715 lo
198 684 300 724 plane.
335 682 486 723 Ulpianus
504 686 592 710 certe
610 678 629 708 l.
653 686 697 718 17.
723 675 764 707 D.
782 676 814 705 de
829 676 1016 721 pigrioribus,

146 725 303 766 Pignori5‚
327 723 448 764 inquit,
470 720 625 761 persecutio
648 719 679 749 in
704 726 763 747 rem
782 722 862 757 parit
878 715 1017 747 actionem

146 768 288 797 creditori.
307 765 450 805 pignoris
467 771 572 793 autem
588 758 810 805 persecutione
821 767 883 789 non
899 757 1016 803 facturn

147 806 304 849 designat,
323 807 374 836 sed
389 806 435 845 jus
452 801 660 844 persequendi
679 808 839 847 pignoris:
866 808 929 838 pari
949 799 1016 830 for-

146 857 196 880 ma
215 857 272 888 qua
289 848 429 878 culturam
448 845 477 876 dt
493 854 591 875 curam
608 851 667 883 pro
682 841 897 887 Jure‘culturae
915 840 943 871 ἃ.
961 849 1014 871 cu-

144 899 205 927 rae,
223 890 298 920 item
316 888 490 920 alluvionem
507 894 565 926 pro
580 884 649 924 jure
664 884 853 927 alluvionis3
875 883 903 913 dt
920 888 975 911 iter
986 891 1016 928 a?

145 931 277 972 &umque
304 939 363 969 pro
385 930 452 968 jure
477 927 597 959 itineris
620 923 868 968 actusquea1ci,
892 922 1013 969 ostendi

143 972 192 1004 lib.
213 981 241 1003 2.
262 971 455 1003 Probabiiium
470 980 494 1000 c.
511 978 539 1009 7.
587 964 697 1011 Sensus
717 963 846 1011 Ulpiani
863 962 923 996 est:
950 962 1013 994 Ubi

144 1013 188 1044 est
206 1013 356 1044 creditori
372 1012 419 1051 jus
437 1007 643 1051 persequendi
662 1014 820 1053 pignoris-3
844 1014 950 1046 parata
969 1004 1014 1036 est

142 1055 170 1085 ei
187 1054 216 1085 in
236 1063 300 1085 rem
319 1054 411 1084 actio.
445 1052 497 1082 ubi
517 1058 581 1082 non
599 1047 644 1080 est
668 1057 696 1078 ei
724 1047 869 1092 hochjus3
892 1055 952 1077 nec
968 1046 1013 1076 est

143 1096 171 1126 ei
191 1096 222 1126 in
244 1105 308 1126 rem
327 1094 428 1133 acti03
453 1093 516 1125 five
533 1091 660 1123 debitor
680 1088 743 1119 ssve
759 1088 836 1119 altus
853 1087 1010 1128 hypothe-

139 1146 208 1167 cam
234 1137 397 1176 possitieat.
429 1141 524 1175 atque
550 1132 613 1163 hoc
639 1129 659 1161 si
684 1129 747 1167 est·‚
770 1138 803 1160 ut
830 1129 874 1160 est
900 1128 1011 1160 veriffi-

140 1187 245 1209 mum:
272 1178 385 1208 dubito
405 1199 414 1214 ,
440 1185 478 1206 an
506 1174 699 1214 supervacua
722 1170 779 1202 fint
805 1170 872 1201 haec
897 1170 1010 1201 verba:

141 1219 306 1258 Cumforte
321 1218 395 1249 alius
406 1216 589 1257 hypothecam
602 1211 758 1258 poffidebit.
783 1211 910 1252 possunt
925 1212 1011 1242 enim

140 1260 244 1291 abelle
255 1283 264 1297 ,
280 1261 402 1300 integra
413 1257 568 1289 Marciani
586 1256 819 1300 disputatione:
837 1261 943 1293 eoque
958 1253 1009 1283 de·

138 1301 268 1333 liberavi
288 1302 333 1331 lib.
354 1310 382 1332 2.
418 1297 614 1330 Probabilium
629 1305 653 1325 c.
672 1299 689 1328 8
702 1317 711 1331 ,
735 1293 771 1328 δέ)
789 1295 836 1325 lib.
856 1304 883 1332 4.
902 1303 925 1324 c.
954 1302 1009 1331 10,

140 1352 178 1374 an
194 1343 405 1382 expungenda
423 1339 479 1371 [int
498 1337 582 1379 quast
602 1335 804 1375 interpretis,
821 1343 935 1381 pr'aeter
952 1343 1010 1380 cae-

139 1391 204 1415 tera
222 1392 290 1423 quae
309 1383 351 1414 ibi
369 1382 498 1418 notavi,
517 1388 581 1411 non
598 1377 878 1422 animadvertentis
890 1399 897 1412 ,
915 1375 1009 1406 aCtio-

138 1434 212 1456 nem
238 1423 502 1466 hypothecariam
527 1421 565 1450 ab
584 1427 648 1449 uno
667 1417 806 1462 pendere
821 1425 888 1462 jure
907 1415 1007 1456 hypo-

137 1466 261 1505 thecae3
277 1466 305 1497 δι
323 1463 542 1505 poss‘effionem
561 1461 591 1491 in
608 1467 674 1489 rem
693 1465 799 1498 agenti
814 1457 938 1503 afflone
953 1455 1008 1498 hy-

134 1507 322 1548 pothecaria
347 1511 469 1535 tantum
487 1499 655 1532 ostendere
672 1497 894 1543 adversarium.
921 1506 1007 1543 ¹quo·

134 1548 235 1580 modo
251 1546 295 1577 rei
312 1544 484 1575 vindicatio
499 1552 515 1572 a
531 1540 598 1573 solo
615 1538 826 1580 proficiscitur
841 1539 1005 1578 domini03

135 1597 200 1621 cum
215 1589 246 1618 in
259 1597 318 1618 rem
331 1585 438 1617 actioni
452 1582 570 1625 paffeffio
581 1582 681 1622 pariat
696 1581 906 1620 adversarium.
928 1588 1006 1620 quo-

131 1630 233 1661 modo
258 1628 288 1659 in
314 1627 334 1658 l.
356 1627 433 1658 unic.
459 1625 492 1656 C.
520 1626 552 1655 de
568 1622 741 1655 alienatione
750 1622 858 1663 judicii
872 1622 1006 1653 mutandi

132 1675 218 1707 caula
228 1668 314 1710 faeta
331 1667 448 1699 restitui
470 1673 643 1706 oportere,
667 1662 840 1694 admodum
858 1662 1005 1694 verisimi-

132 1712 163 1744 le
180 1711 242 1743 est:
258 1709 377 1750 vulgari
392 1707 560 1748 scriptura,
578 1706 651 1737 Cum
667 1705 699 1734 in
716 1714 775 1735 rem
791 1703 929 1735 antonem
942 1710 1005 1744 pos-

130 1752 206 1793 seffio
228 1752 327 1793 pariat
355 1750 535 1790 adverfizrz'o,
559 1747 646 1779 forte
670 1744 816 1792 profecta
840 1746 879 1776 ab
891 1755 1004 1792 errore

131 1794 317 1835 interpretis
333 1800 387 1824 aut
399 1791 529 1823 Librarii
542 1788 693 1829 superiori
702 1795 772 1832 ‘non
786 1786 932 1818 dissimili.
947 1786 1003 1833 *sed

130 1845 192 1878 pro
216 1834 441 1867 emendatione
463 1831 544 1864 stant
567 1829 638 1862 libri
657 1829 784 1868 quidam
801 1826 1003 1868 manuscripti

131 1879 171 1909 ab
187 1875 337 1910 Accurfio
354 1874 502 1916 allegati3
525 1873 555 1904 ot
572 1872 602 1903 in
619 1870 724 1912 primis
741 1868 876 1917 Graeci,
888 1869 937 1900 lib.
956 1878 1000 1915 to.

130 1918 245 1958 Bafilic.
272 1919 318 1949 tit.
346 1917 400 1948 ult.
420 1923 487 1947 torn.
508 1924 532 1946 1.
551 1920 620 1955 pag.
638 1915 713 1951 718:
738 1912 766 1942 d.
785 1911 804 1942 l.
823 1920 939 1958 unicam
961 1918 1004 1941 tta

133 1968 313 1998 vertentes,
339 1957 481 1989 Fabi-oto
503 1957 678 1995 interprete
692 1974 701 1990 ,
725 1952 762 1983 In
785 1962 842 1983 rem
861 1952 934 1983 αὲἶιο
950 1953 1001 1998 ad-

130 2002 289 2041 versarium
305 1997 433 2038 nostrum
447 1997 595 2040 adgnoscit
610 2003 675 2026 eum
690 1992 873 2034 qztipoffidet.
893 1993 1002 2033 Sequi-

132 2041 182 2075 tur
201 2043 282 2083 apud
298 2041 497 2073 Marcianum
516 2039 543 2070 d.
561 2037 580 2069 l.
599 2047 629 2077 5.
660 2034 716 2082 Sed
731 2033 1001 2082 cumpaaum‘cffl-

131 2090 251 2116 veritum
269 2084 456 2122 exceptionem
467 2086 635 2122 perpetuam
649 2082 767 2116 partat,
791 2078 887 2123 eadem
910 2075 946 2109 ἐς)
970 2085 1002 2106 zn

130 2126 180 2157 hoc
197 2130 263 2164 casu
276 2124 390 2164 poffunt
407 2124 480 2161 dici,
504 2128 537 2153 ut
555 2120 591 2155 ὅ)
609 2120 644 2151 ab
660 2117 815 2157 hypotheca
828 2117 1000 2164 discedatur.

134 2167 265 2198 Scribo:
282 2165 336 2195 Sei
354 2174 416 2195 cum
431 2163 547 2204 pactum
557 2166 729 2193 conventum
744 2164 931 2198 exceptionem
938 2165 1001 2198 per-

125 2214 244 2249 petuam
257 2207 375 2248 pariat,
397 2206 511 2243 eddem,
528 2203 564 2238 ὅ*
581 2205 610 2234 in
627 2203 676 2233 boc
693 2201 762 2241 casu
775 2198 862 2240 potest
878 2200 950 2238 dici,
968 2204 1002 2230 ut

130 2249 167 2285 δ’
181 2250 215 2280 ab
232 2247 386 2289 hypotheca
408 2247 575 2286 discedatur.
619 2241 693 2275 Post
713 2242 865 2287 verbum,
888 2241 1001 2279 eadem,

131 2291 219 2333 quod
240 2289 365 2329 accipio
388 2288 418 2318 in
444 2287 584 2318 ablativo
609 2283 698 2320 casu,
723 2283 810 2324 poiui
836 2282 1000 2328 virgulam.

131 2340 199 2364 tum
211 2330 332 2371 scripsi,
346 2326 454 2369 potest,
473 2337 530 2368 pro
542 2325 796 2367 poffuizt:„nulla
806 2331 1002 2371 mutatione,

132 2374 154 2405 fi
168 2372 344 2414 cogitamus
360 2370 462 2409 Sigla:
479 2370 510 2400 in
527 2369 641 2409 quibus
659 2366 705 2403 ΡΞ
720 2374 891 2405 utrumque
906 2366 1000 2410 iigm-

130 2414 207 2446 ficat
225 2416 254 2444 in
275 2411 370 2444 Notis
389 2410 554 2442 Veterum.
573 2416 652 2449 puto
671 2416 775 2439 autem
788 2404 894 2447 ,potest
911 2404 1001 2437 fuisse

131 2466 149 2486 a
168 2455 333 2486 Marciano
360 2452 528 2492 scriptum:
553 2450 583 2482 ὅς
607 2449 669 2481 esse
687 2447 826 2486 sensum,
851 2447 912 2478 Sed
929 2455 1000 2479 cum

131 2496 313 2537 principalis
322 2494 478 2535 obligatio
488 2492 617 2524 tollatur
628 2500 683 2532 per
694 2491 919 2536 exceptionem
932 2498 1001 2529 per·

130 2545 278 2578 petuam,
303 2536 398 2566 etiarn
416 2535 497 2574 dici,
516 2535 547 2565 id
562 2532 626 2572 est,
643 2531 775 2564 defendi
793 2530 898 2577 poffe,
916 2528 1000 2570 quasi

130 2579 242 2609 eadem
267 2577 460 2616 exceptione
486 2577 515 2607 &
540 2575 579 2605 ab
598 2573 802 2614 hypotheca,
826 2570 937 2617 iti-est,
962 2571 1001 2602 ab

130 2618 307 2650 accessione
323 2617 508 2648 discedatur.
533 2616 629 2654 Dixi,
645 2615 731 2656 quod
746 2613 823 2645 mihi
840 2611 938 2659 Visum
954 2611 1000 2643 est

129 2659 296 2701 probabile
314 2658 397 2688 circa
413 2657 569 2689 Marciani
581 2656 685 2688 verba.
711 2655 741 2686 Si
762 2663 866 2685 tamen
885 2662 933 2684 cui
951 2662 997 2684 re-

130 2702 208 2742 ligio
225 2699 279 2737 sit,
296 2708 337 2729 ex
353 2699 398 2729 his
415 2700 545 2738 ejicere,
562 2707 626 2729 cum
638 2698 712 2736 forte
726 2696 802 2727 alius
817 2695 998 2740 hypothecam

125 2741 290 2785 poffidebit:
307 2739 458 2778 tentabo,
476 2740 504 2770 ἃ
521 2749 556 2769 ea
567 2741 705 2770 retinere
724 2737 831 2768 verba.
859 2735 998 2767 Primum

130 2786 226 2825 igitur
240 2789 333 2822 puta,
352 2780 491 2818 versum,
506 2779 574 2818 Nrfi
586 2782 650 2821 quis
665 2781 742 2811 dicat
754 2802 762 2817 ‚
775 2777 892 2819 patrum
908 2779 997 2807 inter-

127 2824 253 2868 pofitum
266 2821 335 2863 effe,
350 2827 383 2853 ut
399 2831 417 2852 a
429 2822 547 2860 persona
564 2831 621 2852 non
632 2828 769 2862 petatur,
787 2819 874 2860 poise
893 2819 996 2858 perin-

130 2868 172 2898 de
195 2864 354 2901 exaudiri,
376 2871 413 2893 ac
437 2860 458 2892 si
484 2860 616 2900 subjecta
640 2863 667 2893 ei
683 2862 718 2893 iit
735 2860 888 2898 clausula,
912 2857 996 2891 Nam

129 2907 319 2948 hypotheca
333 2912 400 2935 tum
420 2911 485 2933 non
504 2900 632 2933 solvitur
648 2903 762 2942 pasto,
787 2901 838 2933 Ne
860 2901 996 2941 pecunia

128 2957 272 2990 petatur:
289 2946 362 2986 quia
377 2943 421 2976 est
439 2943 731 2982 tantumspastunu
755 2953 794 2975 ne
810 2951 826 2973 a
842 2941 994 2982 persona,

125 2991 160 3022 id
181 2990 245 3027 est,
268 2997 308 3019 ne
330 2997 345 3017 a
366 2985 467 3017 Lucio
485 2982 577 3014 Titio
598 2991 732 3023 petatur.
764 2985 848 3015 hunc
872 2982 992 3014 sensum

126 3031 265 3072 postulat
284 3028 433 3059 sermonis
449 3026 598 3056 brevitas.
645 3023 770 3056 Deinde
796 3034 927 3062 vereor-3
952 3033 992 3054 ne

127 3073 262 3112 sequens
279 3070 382 3100 versus
394 3091 403 3107 ,
427 3068 466 3098 Et
481 3063 586 3107 quidsi
602 3064 652 3095 hoc
666 3064 761 3094 astum
772 3064 830 3102 fit,
853 3075 917 3096 cum
932 3066 990 3101 for.

125 3119 152 3145 te
174 3116 247 3143 otius
263 3112 444 3152 hypothecam
460 3105 619 3146 poffidebit,
643 3114 706 3136 non
732 3107 891 3136 cohaereat
919 3116 992 3138 curn

128 3156 277 3195 proximo
294 3151 381 3183 versu
393 3175 401 3189 ,
428 3148 497 3187 Nzfi
508 3147 534 3185 fi
549 3148 612 3190 quis
627 3147 703 3177 dicat
714 3168 723 3184 ,
736 3145 854 3191 pactum
870 3149 992 3192 interpo-

120 3195 212 3235 fitum
224 3194 274 3234 effe
285 3218 294 3234 ,
310 3201 343 3225 ut
359 3194 505 3235 apersona
519 3199 576 3223 non
586 3193 720 3230 petatur:
737 3186 790 3219 ied
799 3186 914 3219 debeat
926 3197 992 3226 Jun-

730 83 1051 132 Germani
1096 92 1329 127 Noonr

1062 181 1091 221 gi
1108 180 1256 212 anteriori
1276 180 1395 219 versui,
1413 180 1476 212 Aut
1488 179 1786 220 pacisciturcreditor,
1801 189 1836 211 ne
1846 185 1930 221 pecu-

1062 223 1142 252 niam
1155 227 1253 262 petat3
1280 223 1375 261 eique
1402 230 1517 252 novam
1536 228 1676 260 apponat
1691 219 1928 259 inspectionem.

1063 261 1138 294 Non
1153 262 1194 294 ess
1206 285 1216 301 ,
1231 263 1357 301 fateor,
1374 263 1535 294 laudabilis
1552 261 1705 292 scribendi
1721 260 1842 299 forma,
1858 271 1929 300 quae

1063 305 1199 340 doceas,
1224 305 1312 336 nullo
1336 304 1447 335 ordine
1467 304 1639 334 collocare.
1670 300 1722 332 sed
1747 309 1811 332 non
1835 301 1930 334 infre.

1061 353 1161 385 quens
1179 345 1347 377 Veteribus
1362 344 1424 376 fuit
1439 354 1473 374 ea
1490 342 1645 375 confusio.
1669 341 1799 386 fuerunt
1814 342 1857 372 illi
1873 343 1930 373 ho-

1062 386 1179 424 mines,
1191 387 1298 426 quales
1313 396 1372 418 nos
1386 385 1487 417 sumus
1498 408 1507 423 ‚
1524 384 1604 423 saepe
1618 390 1776 421 accurati,
1793 383 1930 421 aliquan·

1062 427 1105 457 do
1121 427 1232 459 minus.
1263 437 1300 459 ac
1324 427 1412 467 supra
1436 428 1483 458 lib.
1503 437 1530 458 2.
1558 426 1678 464 Observ.
1707 434 1730 454 c.
1749 427 1798 454 26.
1829 422 1928 456 fimile·

1062 467 1136 508 quid
1152 469 1300 500 annotavi
1315 469 1397 509 apud
1415 467 1625 512 Callistratum
1643 467 1662 496 l.
1679 473 1727 505 27.
1743 463 1773 505 §.
1791 473 1817 495 1.
1835 464 1877 496 D.
1894 467 1928 497 de

1055 510 1159 550 poerzis.
1204 509 1369 541 Habebam
1389 509 1456 540 haec
1473 508 1514 540 iic
1531 509 1570 539 ab
1587 508 1692 547 aliquo
1712 513 1858 546 tempore
1875 516 1928 547 pa·

1062 558 1128 581 rata
1146 551 1279 582 editioni
1297 551 1385 590 hujus
1402 549 1537 587 Operis:
1562 558 1633 580 cum
1650 546 1766 585 deinde
1783 548 1928 580 intellexi

1062 601 1101 622 ex
1117 590 1258 622 familiari
1275 592 1406 632 epistola
1424 591 1574 623 Gulielmi
1590 588 1682 621 Bestii
1694 587 1817 634 ’.Doffi
1833 589 1927 628 Juris-

1061 631 1216 671 consulti,
1231 634 1270 663 ad
1286 643 1337 664 me
1354 635 1442 671 data,
1467 632 1561 664 etiam
1577 630 1629 668 ipfi
1650 629 1790 660 incldiffe
1804 632 1927 670 pridem

1061 672 1271 713 suspicionem
1287 674 1361 705 huic
1377 684 1453 706 meae
1465 684 1528 705 non
1545 671 1734 708 dissimilem‚
1751 671 1927 711 deprehen-

1060 715 1088 745 sa
1105 716 1134 745 in
1152 716 1179 745 d.
1202 715 1221 745 l.
1239 726 1277 754 5,
1302 716 1331 746 ὅ(
1351 716 1537 754 quibusdam
1555 714 1620 744 aliis
1639 712 1862 744 Pandettarum
1878 714 1927 745 lo-

1059 756 1104 786 cis
1128 755 1289 796 Synchifi‚
1313 756 1383 797 post
1399 758 1456 788 alia
1473 754 1634 795 interjecta
1646 777 1655 792 ,
1679 762 1820 794 ponente
1839 756 1927 795 quod

1059 806 1208 837 oporteat
1225 799 1264 829 ad
1281 799 1384 837 priora
1402 797 1523 828 referri.
1541 797 1570 828 id
1589 795 1664 827 ficut
1683 795 1826 827 lubenter
1839 797 1925 836 vidi,

1058 839 1101 869 ita
1119 839 1258 875 credidi,
1281 840 1455 870 convenire
1479 837 1620 869 societati
1645 835 1836 875 studiorum,
1860 839 1928 878 ejus

1057 888 1121 910 non
1135 880 1234 911 minus
1246 880 1407 912 honestam
1419 903 1428 918 ,
1446 888 1537 920 quarn
1554 880 1706 915 amicam,
1722 877 1927 910 facere‘men-

1058 922 1190 952 tionem.
1236 921 1298 952 Sed
1322 922 1484 953 videamus
1509 920 1665 952 Marciani
1686 919 1817 951 sensum.
1848 921 1925 952 mihi

1056 962 1125 993 talis
1157 962 1317 994 succurrit.
1371 964 1423 994 Ait
1450 963 1631 993 Mai-cianus
1650 984 1659 997 ,
1690 960 1822 991 Solvitur
1842 963 1927 1003 hypo-

1056 1004 1136 1034 theca
1152 1002 1228 1040 &fi
1241 1005 1275 1034 ab
1292 1013 1325 1035 ea
1340 1004 1508 1041 discedatur.
1541 1003 1740 1043 exemplum:
1765 1001 1786 1033 fi
1801 1001 1853 1034 fiat
1872 1013 1925 1044 pa-

1056 1044 1161 1083 ctum,
1187 1044 1237 1075 Ne
1261 1055 1312 1077 res
1337 1046 1459 1086 pignori
1483 1044 1527 1076 sit.
1559 1045 1589 1076 id
1609 1044 1793 1084 exemplum
1809 1045 1924 1077 nullam

1057 1086 1153 1117 habet
1181 1086 1428 1119 difficultatem:
1460 1087 1540 1117 clara
1568 1086 1733 1116 voluntate
1756 1086 1928 1118 creditoris

1054 1126 1273 1168 hypothecam
1289 1128 1489 1159 remittentis.
1524 1126 1651 1158 Deinde
1666 1126 1708 1157 ait
1722 1125 1902 1158 Marcianus
1913 1150 1924 1166 ,

1054 1168 1117 1199 Aut
1133 1169 1298 1209 paciscatur
1313 1170 1448 1207 creditor,
1473 1169 1522 1200 Ne
1536 1169 1690 1208 pecuniam
1701 1173 1791 1208 petat.
1837 1169 1924 1199 Mat·-

1054 1209 1135 1240 ciani
1154 1209 1253 1240 sensus
1273 1209 1335 1249 est,
1352 1211 1447 1241 etiam
1466 1211 1516 1241 tali
1536 1210 1627 1250 patto
1645 1209 1860 1250 hypothecam
1878 1210 1924 1250 ip-

1053 1248 1085 1280 so
1098 1250 1167 1290 jure
1184 1250 1281 1282 solvi:
1306 1260 1347 1282 co
1366 1253 1451 1289 quod
1468 1250 1508 1282 sic
1528 1250 1706 1291 paciscens,
1730 1250 1784 1282 etsi
1800 1251 1923 1282 directo

1054 1300 1118 1322 non
1143 1291 1346 1330 consentiat,
1374 1291 1424 1323 Ne
1450 1292 1632 1334 hypotheca
1656 1291 1707 1329 iit,
1735 1301 1839 1323 tamen
1866 1301 1923 1332 per

1054 1331 1312 1373 consequentiam
1332 1334 1484 1373 pactionis
1501 1336 1540 1364 de
1556 1333 1721 1373 principali
1738 1333 1920 1372 debito,sic

1052 1373 1165 1413 pacisci
1184 1375 1386 1415 intelligitur:
1411 1384 1482 1406 cum
1501 1374 1593 1406 finito
1616 1374 1675 1405 hac
1692 1373 1841 1414 pactione
1864 1376 1920 1406 de-

1052 1414 1141 1451 bito,
1165 1414 1293 1447 difficile
1309 1415 1363 1454 fit,
1389 1424 1423 1447 ut
1438 1425 1500 1447 non
1520 1416 1613 1447 etiam
1632 1415 1816 1457 hypotheca
1833 1417 1920 1446 tacito

1052 1454 1203 1487 consensu
1214 1456 1406 1488 extinctam.
1432 1456 1616 1488 Nectamen
1629 1456 1692 1487 hoc
1703 1456 1824 1495 semper
1835 1456 1920 1488 Mar-

1051 1497 1144 1527 ciano
1161 1496 1275 1538 placet.
1295 1506 1406 1529 contra
1419 1499 1480 1536 ait,
1496 1497 1658 1535 intereise3
1675 1506 1779 1529 utrum
1795 1498 1856 1529 tale
1866 1507 1920 1538 pa-

1051 1537 1154 1576 Ctum,
1179 1537 1232 1569 Ne
1254 1540 1388 1578 pecunia
1406 1547 1549 1578 petatur,
1573 1539 1609 1570 fit
1625 1540 1653 1570 in
1672 1539 1855 1579 personam,
1879 1548 1919 1571 an

1048 1578 1078 1609 in
1097 1588 1173 1610 rem.
1198 1588 1268 1610 nam
1286 1578 1304 1609 si
1321 1580 1350 1610 in
1368 1579 1529 1620 personam
1546 1580 1670 1619 pactum
1687 1579 1740 1618 iit3
1756 1580 1788 1611 id
1805 1579 1866 1619 est,
1884 1587 1919 1611 ut

1049 1626 1170 1651 tantum
1187 1629 1203 1650 a
1222 1619 1352 1660 persona
1376 1621 1529 1653 debitoris
1548 1621 1636 1652 Lucii
1654 1620 1734 1652 Titii
1754 1630 1815 1652 non
1832 1629 1920 1661 peta-

1049 1669 1100 1692 tur
1126 1661 1280 1702 pecunia;
1305 1670 1371 1694 tum
1395 1672 1458 1693 non
1485 1662 1560 1694 solvi
1578 1662 1795 1703 hypothecam
1810 1669 1918 1703 putat:

1048 1711 1089 1734 eo
1108 1704 1196 1743 quod
1219 1703 1263 1734 est
1281 1711 1401 1735 tantum
1419 1704 1594 1745 temporale
1613 1703 1753 1743 pactum3
1781 1704 1809 1734 dt
1833 1703 1920 1735 salvo

1048 1742 1118 1783 post
1143 1745 1173 1775 id
1199 1744 1324 1785 paetum
1347 1745 1479 1783 debito,
1504 1754 1568 1776 non
1593 1745 1637 1776 est
1660 1743 1748 1776 causa
1764 1744 1917 1777 tollendae

1047 1784 1243 1826 hypothecae
1259 1809 1269 1825 ,
1294 1786 1325 1817 id
1349 1785 1411 1822 est,
1436 1786 1620 1818 acceffionis
1643 1786 1683 1818 de
1705 1795 1766 1825 qua
1790 1795 1854 1817 non
1871 1785 1918 1818 est

1047 1834 1255 1859 conventum.
1279 1828 1366 1868 quod
1385 1826 1406 1859 fi
1423 1828 1454 1859 in
1470 1837 1536 1860 rem
1552 1827 1676 1868 pactum
1693 1827 1748 1866 fit,
1765 1828 1852 1868 quod
1889 1836 1919 1859 a·

1048 1868 1130 1900 stum
1160 1868 1205 1900 est
1228 1877 1436 1909 perpetuum3
1460 1877 1494 1900 ut
1516 1869 1537 1901 fi
1563 1876 1759 1900 conventum
1786 1867 1841 1907 fit,
1899 1878 1918 1900 e

1047 1911 1180 1941 omnino
1198 1917 1322 1951 petatur
1336 1911 1488 1950 pecunia:
1512 1909 1619 1942 censet
1636 1909 1836 1949 Marcianus,
1860 1910 1919 1941 eti-

1046 1960 1096 1983 am
1114 1950 1189 1982 solvi
1209 1951 1438 1992 hypothecam.
1462 1952 1492 1983 &
1509 1960 1612 1983 tamen
1630 1952 1750 1991 (modo
1768 1950 1806 1988 fi,
1823 1958 1856 1982 ut
1871 1951 1916 1983 di-

1045 1993 1098 2030 xi,
1122 1991 1180 2024 fint
1199 1993 1266 2023 haec
1286 1992 1440 2024 Marciani
1460 1993 1573 2031 verba,
1596 1993 1748 2032 cumforte
1772 1992 1848 2022 alius
1864 1992 1916 2033 hy-

1040 2034 1186 2074 pothecam
1196 2032 1362 2074 poffidebit:
1384 2034 1472 2074 quod
1496 2043 1554 2074 pro
1576 2042 1665 2064 certo
1683 2043 1746 2064 non
1764 2031 1916 2072 adfirmo,

1045 2083 1178 2115 propter
1206 2075 1362 2106 rationem
1388 2075 1476 2113 supra
1499 2075 1643 2114 allatam)
1666 2074 1811 2105 observat
1830 2074 1916 2105 Mar-

1044 2116 1170 2154 cianus,
1193 2116 1242 2146 vel
1268 2123 1335 2147 tum
1361 2116 1448 2155 posse
1473 2116 1546 2147 oriri
1571 2116 1813 2146 dubitationem.
1838 2115 1916 2156 quid

1044 2157 1148 2194 enim,
1171 2155 1192 2187 fi
1208 2156 1334 2187 debitor
1353 2156 1544 2197 paciscatur,
1568 2155 1619 2187 Ne
1637 2157 1770 2188 omnino
1789 2165 1914 2196 petatur

1044 2198 1195 2238 pecunia,
1222 2198 1252 2229 (Sc
1275 2198 1351 2229 alius
1377 2198 1531 2238 possideat
1554 2197 1797 2239 hypothecam?
1821 2205 1915 2229 caete-

1045 2248 1114 2270 rum
1138 2238 1278 2279 cogitat,
1302 2238 1323 2270 ss
1348 2239 1452 2272 astum
1476 2239 1531 2278 fit,
1556 2239 1607 2271 Ne
1637 2239 1769 2271 omnino
1788 2246 1914 2279 petatur

1044 2280 1179 2320 pecunia
1189 2280 1313 2318 debita,
1330 2289 1395 2312 non
1412 2280 1473 2312 ess'e
1483 2280 1830 2322 causamhypothecae‚
1846 2281 1914 2311 nul-

1044 2322 1077 2353 lo
1094 2321 1260 2361 principali
1279 2322 1410 2352 debito:
1430 2323 1588 2362 ideoque,
1611 2322 1641 2352 in
1661 2331 1727 2353 rem
1748 2330 1913 2353 convento

1043 2363 1126 2394 inter
1142 2363 1320 2394 debitorem
1338 2363 1366 2394 ἃ
1382 2364 1575 2395 creditorem
1586 2386 1596 2401 ,
1614 2361 1665 2394 Ne
1681 2363 1812 2401 pecunia
1829 2371 1914 2403 peta-

1044 2411 1115 2442 tur,
1140 2404 1234 2435 etiam
1252 2404 1376 2444 pactum
1393 2404 1473 2443 eise,
1498 2403 1549 2436 Ne
1567 2404 1751 2445 hypotheca
1769 2412 1914 2444 petatur;

1043 2454 1103 2476 nec
1120 2454 1307 2483 occurrere,
1333 2454 1389 2477 cur
1407 2455 1471 2477 non
1492 2446 1544 2476 hic
1559 2455 1688 2486 quoque
1706 2445 1908 2486 hypotheca,

1043 2494 1078 2517 ut
1094 2493 1129 2517 ut
1146 2486 1184 2517 ab
1202 2486 1264 2516 alio
1281 2486 1490 2526 possideatur,
1513 2485 1580 2527 ipso
1595 2487 1664 2527 jure
1683 2488 1832 2527 tollatur3
1857 2496 1911 2518 eo-

1044 2536 1106 2568 que
1132 2527 1365 2569 hypothecaria
1382 2528 1464 2560 attio
1484 2529 1533 2559 vel
1551 2527 1613 2560 fine
1629 2529 1823 2569 exceptione
1840 2537 1911 2559 eva-

1042 2567 1159 2600 nescat.
1183 2567 1235 2599 Sic
1252 2568 1450 2601 Marcianus:
1467 2568 1591 2600 secutus
1608 2571 1775 2600 veritatem
1794 2569 1909 2602 EdiCti.

1041 2609 1104 2642 Sed
1127 2619 1163 2641 ea
1186 2619 1249 2640 non
1276 2610 1395 2650 placuit
1413 2611 1574 2642 omnibus.
1605 2611 1670 2642 imo
1688 2609 1779 2642 fuere
1800 2611 1913 2651 quibus

1041 2651 1164 2683 sederet
1181 2651 1290 2683 aliter:
1307 2651 1368 2682 hac
1385 2653 1526 2690 ratione,
1551 2653 1637 2691 quod
1657 2652 1838 2693 principalis
1854 2652 1910 2683 ob·

1040 2692 1150 2733 ligatio
1168 2692 1280 2731 pacm,
1305 2691 1356 2724 Ne
1375 2694 1510 2732 pecunia
1528 2701 1667 2733 petatur,
1692 2702 1756 2724 non
1782 2693 1849 2734 ipso
1862 2693 1908 2734 ju-

1040 2743 1099 2772 re,
1124 2732 1175 2765 sed
1201 2733 1281 2773 pacti
1306 2735 1499 2774 exceptione
1518 2742 1690 2775 perpetua,
1714 2734 1845 2765 tollitur.
1876 2737 1908 2766 in

1040 2784 1076 2806 ea
1094 2776 1187 2816 igitur
1206 2774 1358 2805 varietate
1377 2775 1509 2807 dubito:
1534 2785 1570 2807 an
1596 2777 1724 2807 tandem
1748 2776 1906 2807 concedat

1039 2815 1241 2853 Marcianus,
1265 2817 1359 2848 etiam
1386 2817 1474 2854 dici,
1504 2817 1535 2849 id
1558 2816 1622 2856 est,
1645 2816 1776 2848 defendi
1799 2816 1905 2856 poffe,

1039 2857 1119 2897 quali
1145 2857 1175 2889 ὅ(
1202 2856 1521 2898 hypotheca'eadem
1546 2859 1742 2899 exceptione
1762 2858 1903 2889 tollatur.

1038 2898 1080 2929 ita
1097 2898 1158 2929 est:
1175 2897 1217 2929 uii
1234 2897 1300 2929 sunt
1317 2907 1447 2939 utraque
1464 2900 1514 2930 via
1531 2898 1684 2931 Veteres:
1700 2907 1737 2930 ac
1756 2898 1816 2929 visa
1835 2899 1905 2929 haec

1038 2949 1108 2979 quae
1132 2939 1350 2979 hypothecam
1371 2941 1504 2972 tollebat
1528 2950 1584 2981 per
1601 2940 1847 2980 exceptionem,
1869 2940 1902 2971 in

1037 2982 1136 3012 dubio
1156 2981 1275 3019 tutior-3
1298 2990 1404 3021 eoque
1422 2984 1582 3022 receptior
1599 2982 1669 3013 fuit.

1078 3022 1153 3053 Hoc
1171 3021 1240 3053 sane
1262 3023 1360 3053 modo
1384 3022 1436 3053 nifi
1461 3024 1635 3063 accipiatur
1657 3022 1786 3058 Paulus,
1811 3021 1898 3051 inex-

1036 3063 1186 3095 tricabilis
1213 3062 1258 3094 est
1283 3064 1347 3104 ejus
1365 3063 1517 3096 sententia
1532 3067 1562 3096 in
1580 3064 1626 3095 his
1645 3062 1748 3093 verbis
1763 3061 1781 3090 l.
1804 3069 1848 3099 17.
1867 3061 1897 3102 δ.

1035 3114 1063 3135 2.
1082 3104 1121 3135 D.
1142 3106 1175 3135 de
1187 3104 1289 3145 pactis.
1329 3104 1373 3135 De
1384 3106 1505 3145 pignore
1520 3105 1596 3145 Jure
1610 3103 1753 3134 honorario
1769 3102 1898 3135 nascitur

1029 3145 1114 3185 pafto
1135 3145 1226 3176 aetio:
1249 3146 1361 3176 tollitur
1384 3153 1480 3177 autern
1497 3153 1550 3186 per
1565 3144 1768 3183 exceptionem,
1790 3145 1899 3182 quoties

1029 3188 1175 3229 paciscor,
1198 3196 1233 3219 ne
1252 3193 1356 3228 petam.
1402 3187 1479 3220 Sunt
1502 3186 1627 3228 quidem
1648 3182 1792 3223 ambigua
1810 3183 1898 3216 Pauli

1832 3234 1900 3257 ver·
1917 3246 1920 3251 -
