2108 3479
541 104 708 154 virA
759 115 806 152 v.
857 112 894 151 c,
948 101 1259 153 GERA'RD'J
1311 115 1559 155 Nooor.

161 211 234 238 mas
256 195 402 247 judicans
428 202 503 240 quae
527 204 548 229 a
576 192 831 240 quamplurimis
858 192 923 239 legi
945 191 1103 238 pollent,
1144 194 1178 228 in
1207 191 1377 228 Gallicam*
1398 194 1564 242 Linguam
1598 195 1713 240 verti,
1749 196 1785 232 <Sc
1813 196 1954 234 Notulis

160 247 356 297 quibusdam
376 240 516 284 additis,
543 246 623 276 c'um
652 240 855 277 Praefatione
875 269 885 285 ‚
921 242 975 277 edi
1002 241 1120 277 curavi
1147 243 1366 288 Amstelodami
1396 243 1499 286 Anno
1525 245 1685 291 sequenti.
1749 246 1825 295 Qua
1849 259 1949 283 occa-

160 299 252 335 {ione
276 291 409 340 (dicere
433 290 557 336 liceat)
583 290 615 325 in
643 290 797 325 notitiam
821 289 858 325 ἃ
889 290 1073 326 amicitiam
1101 290 1176 325 Viri
1204 290 1330 326 Eximit
1358 293 1465 335 veni,
1501 303 1668 340 perpetuo
1691 295 1810 330 deinde
1843 307 1948 342 usque

163 347 201 384 ad
218 345 361 379 mortem
377 338 478 385 ipfius
494 339 619 374 cultam
633 366 642 383 ‚
656 349 719 374 nec
736 340 895 385 umquam
910 340 1025 374 animo
1043 351 1121 374 meo
1138 339 1404 382 obliterandam,
1433 341 1589 388 quamdiu
1616 342 1748 388 spiritus
1768 344 1829 379 hos
1849 354 1944 391 reget

159 402 257 430 artus-0
308 388 461 433 Utraque
489 387 610 422 Oratio
632 387 777 434 Anglice
800 396 935 436 quoque
961 388 1103 434 prodiit,
1140 388 1244 423 Anno
1271 388 1449 424 millesimo
1474 389 1771 437 septingentesimo
1792 393 1941 438 ostavo,

155 442 341 485 interprete
365 436 413 471 Cl.
441 435 641 484 JOANNE
667 436 877 480 SAVAGE,
904 436 989 484 qui,
1023 447 1092 472 non
1120 436 1275 483 inspeetis·
1299 437 1466 482 fontibus,
1504 450 1548 474 ex
1573 445 1649 475 mea
1678 439 1779 488 ipsius
1803 441 1944 477 Verfio·

151 500 198 527 ne
227 486 342 524 omnia
363 484 395 521 in
419 485 511 520 suam
543 484 709 532 Linguam
739 484 924 520 transfudit.
978 485 1098 520 Oratio
1121 497 1206 520 vero
1233 484 1285 521 De}
1311 487 1471 532 Religione
1495 488 1535 522 ab
1559 486 1697 534 Imperio
1713 515 1725 533 ,
1752 488 1837 536 Jure
1862 491 1941 526 Gen-

150 540 248 581 tium,
275 535 390 577 libera,
418 531 530 569 statim
556 538 654 580 atque
678 535 787 570 lucem
813 533 920 578 vidit,
949 534 1075 580 Belgica
1103 532 1192 570 faeta
1219 532 1346 570 fuerat:
1381 535 1520 583 ejusque
1543 536 1718 573 Versio‘nis
1744 542 1833 573 'nova
1863 539 1942 575 Edi-

149 588 202 624 tio
227 594 335 632 nuper
354 581 469 619 emiss‘a
492 581 566 625 est,
594 583 697 617 Anno
721 582 898 617 millesimo
925 581 1216 630 septingentefimo
1242 583 1413 630 trigesimo
1439 594 1577 630 quarto,
1604 592 1683 621 cum
1704 587 1773 622 aliis
1789 587 1942 634 ejusdem

149 632 361 683 argumenti,
396 631 483 666 VV.
510 630 607 666 CLL.
633 630 843 678 JOANNIS
872 631 1049 674 LOCKH,
1083 631 1348 678 BENJAMINI
1375 632 1630 677 HOADLEY,
1666 634 1826 682 Episcopi
1848 647 1942 672 nunc

150 679 401 728 Salisburienfis,
426 678 637 726 JOANNIS
666 679 957 723 DRIEBERGE,
984 679 1021 716 <St
1043 680 1216 727 eitcerptis
1238 691 1375 727 quoque
1393 681 1561 718 nonnullis
1587 694 1606 717 e
1633 683 1736 719 Libro
1763 696 1841 719 meo
1858 685 1939 720 Gal*-

149 731 220 771 lico
242 732 292 768 De
314 730 464 767 Domina
489 729 609 764 Morali
635 729 768 764 Parrum
801 728 943 774 Ecclest'ae
969 727 1038 764 (Sec.
1098 730 1135 765 In
1163 728 1227 764 hac
1257 729 1414 765 Editione
1445 730 1581 777 Belgica
1608 730 1707 766 didtae
1740 733 1935 773 Orationis.

150 779 306 831 quaedam
330 777 432 825 etiam
460 786 505 813 ex
535 777 619 813 meis
644 777 785 812 Notulis
806 777 947 824 adjefitae
970 777 1052 812 sunt.
1103 778 1188 813 Mea
1214 788 1328 813 autem
1359 778 1531 825 utriusque
1555 780 1729 816 Orationis
1752 782 1865 817 recusa
1889 782 1938 819 cst

148 828 370 879 Amstelodami
394 825 499 862 Anno
531 825 707 865 millesimo
737 825 1031 872 septingentesimo
1056 825 1193 861 decimo
1220 835 1357 874 quarto:
1390 825 1428 862 δε
1457 828 1612 872 tertium,
1640 828 1743 865 Anno
1765 830 1937 877 trigesimo

148 880 281 927 ¹primo,
315 873 825 921 Volumine-prim'oFasciculi
857 873 1132 910 Dissertationum
1166 874 1208 909 de
1239 876 1340 911 variis
1373 877 1484 922 magni
1514 878 1677 913 momenti
1709 881 1934 925 argumentis:

147 926 280 966 Recueil
304 925 339 961 do
365 920 582 971 Discourssur
604 922 735 968 diverses
759 924 905 960 mutieres
930 925 1127 970 imponantes
1152 922 1222 960 ἃς.
1249 924 1305 960 cui
1329 923 1509 962 volumini
1530 925 1671 974 praefixa
1685 926 1735 964 est
1751 927 1837 964 Vita
1860 928 1937 964 No*

147 975 224 1018 stri,
248 983 341 1011 nunc
365 984 386 1009 a
408 972 465 1009 ine
491 971 612 1008 Latine
636 972 766 1020 scripta.
1755 988 1763 997 ·

196 1023 299 1060 Aliud
323 1032 435 1070 opus,
458 1020 612 1070 ejusdem
639 1022 769 1069 generis
789 1028 830 1057 ac
853 1019 1031 1070 Probabiliu
1056 1019 1175 1066 Juris‚
1199 1019 1328 1056 Noster
1353 1021 1475 1064 edidit,
1501 1019 1604 1059 Anno
1620 1023 1797 1061 millesimo
1814 1027 1937 1073 septim

147 1071 336 1122 gentesimo
363 1071 479 1112 sexto,
505 1070 570 1106 hac
589 1069 818 1116 inscriptione:
847 1069 1104 1116 Observationum
1131 1069 1222 1104 Libri
1247 1071 1322 1105 cluo:
1358 1071 1390 1104 in
1413 1072 1519 1116 quibus
1542 1074 1699 1120 complura
1713 1074 1935 1121 Juris‘Civi·

146 1124 203 1168 lis,
230 1123 416 1167 aliorumque
441 1119 585 1157 Veterum
611 1119 800 1166 Scriptorum
827 1119 893 1156 lora
917 1125 973 1155 aut
995 1117 1212 1164 illustrantur,
1235 1126 1291 1154 aut
1316 1121 1524 1156 emendantur.
1552 1122 1718 1169 Lugduni,
1745 1125 1836 1170 apud
1864 1126 1938 1161 Fre-

150 1173 284 1209 derittum
307 1168 434 1205 Haarin
457 1195 467 1204 .
1048 1200 1051 1203 Δ

198 1218 321 1255 Tertio
343 1215 420 1265 post
431 1180 562 1260 ianne,
596 1214 696 1264 hujus
723 1216 845 1253 Saeculi
867 1227 984 1259 non0,
1019 1215 1153 1252 Librum
1173 1215 1266 1264 justo
1292 1216 1412 1252 ordine
1435 1216 1631 1262 conscripsit
1662 1213 1700 1254 Sc
1728 1221 1933 1265 publicavit,-

147 1270 199 1306 De
210 1266 324 1315 forma
345 1265 524 1302 emendandi
558 1264 633 1300 D‘oli
661 1265 764 1308 Mali,
804 1265 836 1301 in
858 1262 1069 1302 contrahendis
1100 1264 1232 1312 negotiis
1254 1260 1376 1313 admiffi
1393 1293 1403 1309 ,
1438 1267 1522 1312 apud
1544 1267 1681 1303 Veteres.
1724 1266 1775 1303 Ex
1803 1269 1937 1306 officina

146 1317 285 1364 Joannis
310 1326 374 1351 van
395 1314 448 1350 der
465 1314 610 1356 Lindon,
643 1314 800 1361 Junioris;
852 1315 1103 1361 Argumentum
1124 1313 1194 1356 est,
1236 1323 1272 1349 ut
1305 1323 1434 1349 norunt
1460 1315 1588 1360 periti,
1624 1315 1712 1351 inter
1735 1316 1936 1355 subtiliffima'

145 1365 244 1413 Juris
266 1364 412 1402 Romani.
465 1363 567 1399 Anno
589 1363 757 1409 sequenti,
784 1363 944 1407 decimo,
971 1364 1012 1399 ab
1035 1362 1159 1399 eodem
1185 1362 1373 1410 Bibliopola
1395 1363 1595 1411 Lugdzcnerfi
1620 1365 1762 1410 repetita
1789 1365 1838 1402 est
1865 1367 1936 1403 edi·³

146 1415 197 1451 tio
226 1414 312 1460 Julii
335 1412 447 1456 Pauli,
475 1411 628 1448 nonnihil
652 1411 809 1448 austioris
835 1411 926 1448 faffi.

195 1463 325 1500 Placuit
350 1460 486 1497 tandem
512 1459 643 1496 Nostro
665 1461 780 1497 omnia
804 1461 920 1509 Opera
945 1460 1023 1506 sua,
1049 1460 1214 1498 haetenus
1239 1460 1390 1506 separata
1408 1488 1419 1505 ,
1449 1458 1483 1497 in
1505 1463 1611 1498 un'um
1637 1456 1814 1500 volumen
1841 1463 1935 1501 colli„

170 1524 247 1555 ere,
277 1510 391 1545 forma
413 1510 629 1557 quadruplici,
662 1519 697 1546 ut
721 1520 879 1546 vocant:
913 1521 977 1545 nec
1003 1520 1116 1546 tamen
1143 1510 1212 1546 sme
1242 1509 1364 1558 infigni
1397 1510 1597 1547 acceffione.
1649 1511 1729 1547 Duo
1756 1513 1847 1548 enim
1878 1515 1935 1549 adn

140 1525 260 1610 fausta
282 1559 356 1596 sunt
379 1560 477 1605 plane
506 1564 619 1595 nova:
648 1561 769 1602 unum,
798 1559 847 1595 De
875 1558 1168 1603 USUFRUCTU,
1195 1559 1288 1594 Libri
1310 1560 1391 1595 duo:
1416 1561 1448 1594 in
1472 1561 1577 1606 quibus
1600 1560 1697 1595 multa
1720 1561 1866 1597 Veterum
1890 1563 1935 1597 lo-

143 1622 183 1647 ca
207 1617 261 1645 aut
282 1608 502 1652 emendantur,
527 1615 583 1644 aut
611 1608 833 1655 explicantur3
869 1609 1033 1652 alterum,
1066 1609 1132 1645 DE
1159 1607 1320 1644 FACTIS
1344 1605 1386 1648 &³
1414 1608 1869 1653 TRANSACTIONIBUS,
1893 1612 1936 1646 ati

146 1659 292 1697 Edictum
317 1657 483 1701 Praetoris‚
522 1657 622 1693 Lib-'er
644 1657 832 1704 Singularis.
886 1658 1081 1705 Utrumque
1112 1665 1352 1704 argumentum
1372 1685 1382 1700 ,
1417 1669 1437 1692 e
1470 1657 1680 1694 subtiliffimis
1707 1660 1811 1694 etiarn
1831 1659 1936 1705 Juris·

142 1706 333 1757 prudentiae
358 1706 548 1748 Romanae,
574 1705 610 1742 in
632 1705 684 1742 his
711 1705 823 1742 Libris
847 1706 947 1754 plene
970 1705 1201 1753 pertradiavit.
1262 1706 1316 1741 Ex
1341 1704 1477 1742 officina
1503 1705 1656 1754 ejusdem
1683 1707 1753 1743 Van
1779 1708 1831 1743 der
1854 1708 1934 1744 Lin-

145 1757 201 1793 den
222 1756 297 1792 haec
327 1764 461 1803 quoque
486 1754 626 1803 Sylloge
657 1754 811 1803 prodiit:
849 1765 914 1803 qua
948 1755 1078 1791 Noster
1105 1764 1187 1791 tunc
1215 1755 1350 1801 putavit
1384 1755 1416 1791 se
1442 1753 1643 1791 defunetum
1670 1755 1735 1792 eise
1766 1755 1934 1793 laboribus

143 1804 212 1841 suis
239 1804 280 1840 ad
304 1802 533 1840 illustrandam
555 1803 592 1840 δε
615 1804 803 1840 ornandam
825 1814 933 1839 artem
951 1832 961 1847 ,
996 1815 1097 1852 quam
1125 1803 1367 1851 profitebatur,
1403 1803 1569 1851 susceptis.
1622 1804 1674 1840 Ita
1698 1804 1790 1840 enim
1819 1805 1874 1841 ille
1897 1806 1934 1842 in

142 1851 354 1900 Praefatione:
411 1877 436 1895 „
462 1851 537 1897 Ipse
557 1852 689 1893 nescio,
716 1858 759 1886 an
786 1852 926 1887 ulterius
952 1851 1013 1886 sim
1038 1851 1118 1898 quid
1141 1852 1339 1886 moliturus:
1367 1861 1468 1896 quem
1495 1852 1614 1887 Annus
1641 1853 1751 1889 sextus
1778 1853 1816 1890 ἃ
1841 1854 1934 1892 sexa-

143 1920 173 1947 -„
199 1899 344 1949 gefimus
368 1909 487 1935 monet
511 1898 595 1946 legis
622 1908 751 1934 naturae
779 1924 935 1933 .....
962 1908 1169 1945 quapropter
1193 1899 1329 1934 decrevi
1354 1898 1467 1934 facere
1484 1925 1494 1942 ,
1529 1894 1619 1946 quod
1652 1894 1756 1935 solent
1785 1903 1934 1950 peregri-

143 1973 170 1994 „
196 1948 314 1986 naturi.
341 1947 388 1983 illi
412 1948 446 1983 in
473 1957 628 1994 tempore
653 1945 819 1993 colligunt
843 1946 923 1982 vasa
932 1958 943 1989 3
968 1945 1004 1982 ἃ
1023 1952 1098 1994 quae
1116 1958 1135 1981 e
1150 1948 1188 1981 re
1213 1946 1268 1981 sua
1286 1946 1488 1993 suorumque
1509 1947 1584 1983 fore
1600 1947 1817 1993 existimant,
1850 1952 1932 1986 dum

144 2024 171 2044 ‚,
195 1998 297 2041 licet,
323 1996 512 2043 disponunt.
541 2006 629 2042 ege,
659 2004 825 2042 quotquot
848 1994 1005 2030 honestas
1032 2005 1147 2031 amant
1175 2004 1262 2031 artes
1282 2022 1292 2039 ,
1326 2006 1382 2031 rne
1409 2007 1529 2031 eorum
1554 1995 1713 2033 societate
1742 1998 1834 2044 quast
1856 2000 1933 2037 vin·³

143 2066 170 2092 „
196 2048 276 2083 culo
301 2044 514 2093 cognationis
546 2044 704 2087 attinere,
730 2043 815 2079 mihi
840 2044 1042 2090 persuadeo:
1081 2044 1224 2090 ideoque
1247 2044 1386 2091 cupiens
1414 2044 1484 2088 his,
1518 2043 1541 2079 fi
1565 2044 1685 2091 poffim
1704 2074 1713 2090 ‚
1748 2058 1844 2094 aeque
1873 2050 1931 2084 ab.

143 2124 167 2142 ‚,
190 2097 262 2132 sens
285 2106 325 2130 ac
348 2094 489 2142 praesens
512 2091 686 2140 prodess'e,
723 2104 797 2139 quae
822 2092 1025 2139 imperfeeta
1052 2093 1241 2140 pendebant
1265 2098 1389 2139 opera,
1423 2093 1465 2129 ad
1487 2094 1667 2141 quamdam
1701 2097 1929 2133 maturitatem

80 2150 81 2153 ’
144 2171 168 2191 ,,
194 2145 316 2181 idonea
342 2142 485 2186 perduxi
510 2144 601 2177 cura.
657 2142 794 2188 Insuper
820 2153 896 2189 quae
918 2140 1058 2177 diversss
1093 2142 1302 2189 'temporibus
1327 2149 1404 2178 ante
1426 2143 1766 2180 communicaveram
1793 2156 1871 2181 cum
1887 2145 1931 2182 E·-

143 2210 170 2239 ‚‚
195 2193 306 2229 rudito
329 2192 439 2234 Orbe,
463 2191 583 2226 eadem
609 2190 687 2226 alibi
717 2190 826 2236 aliqua
854 2192 1036 2226 'verborum
1065 2196 1268 2238 rerumque,
1296 2191 1374 2227 alibi
1393 2200 1542 2226 totorum
1568 2193 1740 2238 capitum,
1767 2185 1930 2241 ad'jeffio-

144 2270 170 2288 ,‚
196 2255 239 2278 ne
261 2241 377 2288 adjuvi
399 2249 456 2276 aut
478 2239 556 2275 auxi
579 2250 589 2282 ;
621 2238 658 2275 ἃ
679 2239 746 2286 jam
775 2239 894 2286 saepius
922 2239 1095 2286 separatim
1122 2240 1211 2275 edita
1232 2268 1241 2282 ,
1277 2246 1345 2287 quo
1367 2240 1486 2276 melius
1516 2241 1800 2277 conservarentur
1815 2270 1825 2286 ,
1860 2243 1928 2279 hoc.

143 2319 169 2336 ,‚
194 2290 354 2337 conjunxi
379 2289 576 2331 volumine;
609 2300 673 2324 nec
704 2287 750 2323 fic
774 2289 821 2324 eis
854 2288 1024 2334 pollicitus
1051 2290 1285 2325 aeternitatem.
1319 2292 1387 2324 non'
1411 2288 1460 2324 est
1481 2300 1521 2324 ea
1549 2289 1771 2326 humanarum
1796 2295 1926 2329 rerum?

143 2367 168 2385 ‚,
194 2339 231 2375 ἃ
256 2337 385 2385 superbi
412 2337 479 2381 stt,
513 2337 600 2372 hanc
623 2336 715 2383 spem
746 2337 1025 2384 praesumere.‘}it
1054 2336 1130 2373 nec*
1149 2338 1278 2373 mundo
1315 2338 1437 2384 peribit
1471 2337 1618 2373 multum
1656 2338 1746 2374 hisce
1785 2342 1925 2376 carenti.

146 2416 170 2432 ‚,
195 2397 395 2434 quamquam
424 2386 506 2422 dum
532 2384 730 2429 exstabunt,
757 2397 819 2421 cur
853 2386 958 2422 nolim
989 2385 1176 2433 proficere,
1213 2386 1235 2421 fi
1260 2397 1400 2434 queant,
1435 2385 1572 2422 curiosis
1597 2387 1732 2431 talium,
1760 2399 1825 2423 nec
1846 2400 1927 2433 cau->

144 2464 169 2482 „
195 2437 262 2472 sam
289 2436 408 2471 habeo.
458 2435 596 2470 Interim
621 2434 702 2469 nihil
731 2434 897 2480 profiteor
920 2435 1004 2470 ultra
1025 2435 1214 2481 probabile.
1248 2436 1358 2470 minus
1389 2434 1461 2470 aliis
1490 2435 1585 2482 posui
1614 2436 1723 2482 legem
1747 2448 1847 2483 quam
1879 2438 1926 2474 se-

146 2504 171 2529 „
198 2493 349 2532 quantur.
375 2490 528 2525 tantum,
556 2492 592 2517 ut
613 2483 646 2518 in
671 2483 776 2519 libera
796 2484 1005 2530 Republica,
1028 2495 1144 2520 meum
1164 2484 1241 2520 dedi
1272 2484 1475 2531 suffragium.
1513 2484 1548 2519 id
1576 2483 1600 2519 fi
1627 2484 1682 2520 cui
1702 2485 1858 2521 videatur
1883 2487 1925 2523 aci

145 2561 170 2578 „
197 2532 381 2569 verisimile
410 2533 573 2568 accedere
590 2557 602 2577 ‚
639 2532 777 2578 probet:
813 2532 861 2568 fin
885 2533 998 2576 aliter,
1035 2542 1154 2569 mutet.
1181 2533 1324 2568 alterum
1349 2536 1480 2579 ‘optor
1503 2532 1644 2569 alterum
1672 2544 1739 2569 non
1772 2533 1923 2571 invideo,

140 2607 168 2628 ‚‚
192 2581 275 2619 abfit
304 2580 408 2617 modo
427 2581 651 2616 contumelia:
680 2589 698 2615 a
723 2586 786 2627 qua
811 2581 879 2628 ipse
905 2581 1046 2617 abstinui
1073 2581 1340 2628 diligentiffime:
1373 2582 1572 2616 indecoram
1596 2581 1773 2618 arbitratus
1796 2582 1924 2619 famam

142 2657 167 2675 „
193 2632 235 2666 ab
259 2630 393 2666 alterius
417 2629 656 2665 imminutione
684 2632 833 2676 petitam.
866 2631 957 2676 quod
980 2630 1002 2664 sl
1027 2631 1099 2677 'quis
1124 2631 1332 2666 contrarium
1362 2630 1473 2665 malit:
1501 2641 1557 2666 me
1583 2641 1650 2666 non
1682 2630 1835 2667 offendet
1861 2632 1924 2669 suis

141 2705 167 2722 „
192 2680 266 2715 usus
285 2679 445 2716 moribus.
495 2678 586 2714 Meis
605 2678 734 2726 placet,
762 2686 801 2714 ac
825 2679 955 2725 semper
980 2679 1127 2726 placebit
1146 2679 1214 2714 hoc
1234 2678 1392 2715 OVIDlI
1416 2678 1489 2716 Lib.
1507 2690 1540 2714 2.
1556 2679 1605 2716 De
1620 2680 1717 2716 Ponto
1731 2698 1745 2725 ,-
1769 2680 1871 2729 Epzst.
1889 2691 1923 2725 9Χ

399 2795 500 2803 -—
523 2794 604 2804 ---
629 2776 787 2822 Jngenuas
810 2776 941 2823 diclriffi’
958 2776 1095 2824 fideliter
1120 2785 1202 2812 artes

499 2825 628 2861 Emollit
654 2836 749 2861 mores
763 2851 775 2870 ‚
799 2837 851 2861 nec
867 2826 945 2872 stuic
968 2826 1022 2873 rffe
1036 2825 1137 2872 feros.

191 2919 367 2966 sicigitur
388 2921 517 2958 Noster
538 2921 725 2959 miffionem
747 2922 922 2959 honestam
944 2923 1033 2969 quasi
1053 2925 1207 2970 petebat:
1234 2934 1310 2969 quae
1334 2933 1427 2961 certe
1451 2923 1531 2971 ipsi,
1560 2934 1601 2961 ea
1629 2924 1728 2961 aetate
1742 2950 1753 2966 ‚
1784 2919 1822 2959 &
1845 2920 1921 2970 posi

141 2977 193 3006 tot
207 2977 364 3017 tantaque
385 2972 418 3006 in
439 2972 612 3018 poblicum
643 2973 865 3009 commodum
884 2971 1043 3018 praestita,
1071 2973 1230 3020 denegari
1246 2973 1486 3020 iniquiffimum
1505 2973 1622 3010 fuiffet.
1674 2972 1739 3008 Sed
1760 2973 1818 3019 qui
1842 2983 1921 3019 pos·

138 3017 188 3055 set
208 3017 316 3053 homo
341 3019 444 3053 labori
467 3020 620 3061 deditus,
647 3022 752 3056 otium
783 3022 902 3056 ferre?
930 3021 1099 3058 Catenatis
1120 3023 1274 3070 quamvis
1298 3023 1581 3070 occupationibus
1609 3021 1824 3057 Academicis
1851 3032 1921 3057 non

137 3065 397 3103 exhauriebatur
414 3066 509 3101 ardor
525 3068 641 3105 Nostri
659 3071 700 3105 ad
718 3071 836 3105 Studia
861 3070 1010 3113 privata:v
1038 3080 1147 3118 neque
1168 3072 1218 3106 diu
1226 3069 1377 3119 sustinuit
1404 3071 1544 3119 (verbis
1572 3071 1642 3117 ejus
1666 3070 1768 3116 utor)
1779 3069 1920 3114 senmu-

136 3123 217 3155 πω.
240 3122 330 3162 qua,
348 3116 409 3152 Dei
427 3114 588 3161 beneficio,
605 3116 776 3163 fruebatur
786 3118 899 3166 felice,
935 3117 976 3159 ἐξ
999 3131 1098 3156 vacua
1121 3122 1160 3156 ab
1183 3122 1249 3167 ejus
1269 3121 1481 3162 incommodis,
1508 3121 1624 3165 ignavo
1647 3120 1705 3153 otio
1729 3116 1919 3164 traufigere,

127 3163 231 3211 specie
250 3166 370 3210 quietis.
394 3176 475 3200 certe
497 3167 603 3201 metuit
624 3170 824 3213 committere,
857 3180 893 3204 ne
912 3175 1052 3217 pergeret
1072 3195 1084 3212 ‚
1109 3180 1164 3217 pro
1186 3171 1330 3216 portione'
1345 3171 1378 3204 in
1401 3179 1559 3204 commuue
1585 3166 1745 3214 emiseno,
1779 3167 1923 3212 quidquid

132 3213 215 3296 4¹⁴³ss
230 3213 318 3298 qual}
329 3214 465 3251 lectionis
479 3213 721 3255 meditationisve
731 3218 801 3266 Juae
823 3216 878 3266 'fi‘
887 3218 981 3267 poffi’t
1002 3220 1043 3256 ad
1057 3220 1227 3268 aliquorum
1246 3219 1433 3257 commodum
1448 3216 1637 3264 srufflrnve
1649 3216 1816 3262 pertinffre.
1868 3216 1919 3250 Ea

206 3266 267 3301 um.
318 3288 329 3298 ς
1324 3266 1372 3287 aa
1862 3266 1919 3309 ig?-
