<?xml version="1.0" encoding="UTF-8"?>
<!DOCTYPE html PUBLIC "-//W3C//DTD XHTML 1.0 Transitional//EN"
    "http://www.w3.org/TR/xhtml1/DTD/xhtml1-transitional.dtd">
<html xmlns="http://www.w3.org/1999/xhtml" xml:lang="en" lang="en">
 <head>
  <title>
</title>
<meta http-equiv="Content-Type" content="text/html;charset=utf-8" />
  <meta name='ocr-system' content='tesseract 3.04.00' />
  <meta name='ocr-capabilities' content='ocr_page ocr_carea ocr_par ocr_line ocrx_word'/>
</head>
<body>
  <div class='ocr_page' id='page_1' title='image "./gerardinoodtnovi00nood_0983.png"; bbox 0 0 2036 3495; ppageno 0'>
   <div class='ocr_carea' id='block_1_1' title="bbox 344 141 1624 186">
    <p class='ocr_par' dir='ltr' id='par_1_1' title="bbox 344 141 1624 186">
     <span class='ocr_line' id='line_1_1' title="bbox 344 141 1624 186; baseline -0.004 -3"><span class='ocrx_word' id='word_1_1' title='bbox 344 151 407 186; x_wconf 77' lang='lat' dir='ltr'>An</span> <span class='ocrx_word' id='word_1_2' title='bbox 434 150 525 186; x_wconf 78' lang='lat' dir='ltr'>LxB.</span> <span class='ocrx_word' id='word_1_3' title='bbox 562 145 693 183; x_wconf 74' lang='lat' dir='ltr'>xxiv.</span> <span class='ocrx_word' id='word_1_4' title='bbox 730 145 786 180; x_wconf 83' lang='lat' dir='ltr'>Ti</span> <span class='ocrx_word' id='word_1_5' title='bbox 800 157 832 180; x_wconf 88' lang='lat' dir='ltr'>T.</span> <span class='ocrx_word' id='word_1_6' title='bbox 863 144 887 178; x_wconf 91' lang='lat' dir='ltr'>I.</span> <span class='ocrx_word' id='word_1_7' title='bbox 916 143 965 179; x_wconf 79' lang='lat' dir='ltr'>De</span> <span class='ocrx_word' id='word_1_8' title='bbox 988 142 1196 176; x_wconf 70' lang='lat' dir='ltr'>donationibus</span> <span class='ocrx_word' id='word_1_9' title='bbox 1212 144 1292 178; x_wconf 81' lang='lat' dir='ltr'>inter</span> <span class='ocrx_word' id='word_1_10' title='bbox 1309 145 1411 179; x_wconf 77' lang='lat' dir='ltr'>virum</span> <span class='ocrx_word' id='word_1_11' title='bbox 1430 141 1471 183; x_wconf 63' lang='grc' dir='ltr'>ὃ)</span> <span class='ocrx_word' id='word_1_12' title='bbox 1487 154 1624 179; x_wconf 76' lang='lat' dir='ltr'>uxorem.</span> 
     </span>
    </p>
   </div>
   <div class='ocr_carea' id='block_1_2' title="bbox 73 234 964 3237">
    <p class='ocr_par' dir='ltr' id='par_1_2' title="bbox 84 234 964 1754">
     <span class='ocr_line' id='line_1_2' title="bbox 96 234 963 281; baseline -0.013 -7"><span class='ocrx_word' id='word_1_13' title='bbox 96 248 160 280; x_wconf 82' lang='lat' dir='ltr'>tuin</span> <span class='ocrx_word' id='word_1_14' title='bbox 176 241 226 274; x_wconf 76' lang='lat' dir='ltr'>hoc</span> <span class='ocrx_word' id='word_1_15' title='bbox 238 240 353 272; x_wconf 80' lang='lat' dir='ltr'>donatio</span> <span class='ocrx_word' id='word_1_16' title='bbox 368 237 407 281; x_wconf 75' lang='lat' dir='ltr'>eft</span> <span class='ocrx_word' id='word_1_17' title='bbox 424 238 552 281; x_wconf 78' lang='lat' dir='ltr'>quaesub</span> <span class='ocrx_word' id='word_1_18' title='bbox 568 237 724 268; x_wconf 70' lang='lat' dir='ltr'>conditione</span> <span class='ocrx_word' id='word_1_19' title='bbox 724 234 875 280; x_wconf 35' lang='lat' dir='ltr'>solvat-ur:</span> <span class='ocrx_word' id='word_1_20' title='bbox 895 242 963 274; x_wconf 81' lang='lat' dir='ltr'>qua-</span> 
     </span>
     <span class='ocr_line' id='line_1_3' title="bbox 95 277 964 324; baseline -0.012 -9"><span class='ocrx_word' id='word_1_21' title='bbox 95 285 130 316; x_wconf 86' lang='lat' dir='ltr'>lis</span> <span class='ocrx_word' id='word_1_22' title='bbox 147 282 185 324; x_wconf 79' lang='lat' dir='ltr'>esi</span> <span class='ocrx_word' id='word_1_23' title='bbox 201 284 298 314; x_wconf 82' lang='lat' dir='ltr'>mortis</span> <span class='ocrx_word' id='word_1_24' title='bbox 314 287 400 320; x_wconf 78' lang='lat' dir='ltr'>causa</span> <span class='ocrx_word' id='word_1_25' title='bbox 417 281 541 312; x_wconf 81' lang='lat' dir='ltr'>donatio.</span> <span class='ocrx_word' id='word_1_26' title='bbox 570 277 651 310; x_wconf 87' lang='lat' dir='ltr'>Haec</span> <span class='ocrx_word' id='word_1_27' title='bbox 666 277 802 323; x_wconf 82' lang='lat' dir='ltr'>Julianus</span> <span class='ocrx_word' id='word_1_28' title='bbox 818 284 849 306; x_wconf 92' lang='lat' dir='ltr'>in</span> <span class='ocrx_word' id='word_1_29' title='bbox 866 283 964 320; x_wconf 81' lang='lat' dir='ltr'>expo-</span> 
     </span>
     <span class='ocr_line' id='line_1_4' title="bbox 95 320 963 361; baseline -0.014 -5"><span class='ocrx_word' id='word_1_30' title='bbox 95 325 208 357; x_wconf 82' lang='lat' dir='ltr'>fitione</span> <span class='ocrx_word' id='word_1_31' title='bbox 227 323 409 360; x_wconf 86' lang='lat' dir='ltr'>Orationis,</span> <span class='ocrx_word' id='word_1_32' title='bbox 429 322 505 361; x_wconf 90' lang='lat' dir='ltr'>quid</span> <span class='ocrx_word' id='word_1_33' title='bbox 523 320 753 361; x_wconf 88' lang='lat' dir='ltr'>proprie,quid</span> <span class='ocrx_word' id='word_1_34' title='bbox 771 324 963 361; x_wconf 79' lang='lat' dir='ltr'>improprie,</span> 
     </span>
     <span class='ocr_line' id='line_1_5' title="bbox 92 357 961 404; baseline -0.013 -7"><span class='ocrx_word' id='word_1_35' title='bbox 92 365 129 398; x_wconf 85' lang='lat' dir='ltr'>fit</span> <span class='ocrx_word' id='word_1_36' title='bbox 146 366 275 397; x_wconf 84' lang='lat' dir='ltr'>donatio</span> <span class='ocrx_word' id='word_1_37' title='bbox 289 386 299 403; x_wconf 89' lang='lat'>,</span> <span class='ocrx_word' id='word_1_38' title='bbox 321 363 495 395; x_wconf 84' lang='lat' dir='ltr'>definiens:</span> <span class='ocrx_word' id='word_1_39' title='bbox 517 370 581 393; x_wconf 91' lang='lat' dir='ltr'>non</span> <span class='ocrx_word' id='word_1_40' title='bbox 598 369 705 400; x_wconf 74' lang='lat' dir='ltr'>aeque,</span> <span class='ocrx_word' id='word_1_41' title='bbox 730 367 823 404; x_wconf 78' lang='lat' dir='ltr'>quani</span> <span class='ocrx_word' id='word_1_42' title='bbox 850 357 961 388; x_wconf 88' lang='lat' dir='ltr'>Oratio</span> 
     </span>
     <span class='ocr_line' id='line_1_6' title="bbox 92 397 961 445; baseline -0.013 -7"><span class='ocrx_word' id='word_1_43' title='bbox 92 407 250 439; x_wconf 85' lang='lat' dir='ltr'>exaudiat.</span> <span class='ocrx_word' id='word_1_44' title='bbox 297 405 380 436; x_wconf 88' lang='lat' dir='ltr'>Mihi</span> <span class='ocrx_word' id='word_1_45' title='bbox 404 411 508 435; x_wconf 87' lang='lat' dir='ltr'>tamen</span> <span class='ocrx_word' id='word_1_46' title='bbox 533 402 649 440; x_wconf 88' lang='lat' dir='ltr'>crede,</span> <span class='ocrx_word' id='word_1_47' title='bbox 684 397 844 445; x_wconf 34' lang='lat' dir='ltr'>volu-isse,</span> <span class='ocrx_word' id='word_1_48' title='bbox 867 399 961 442; x_wconf 76' lang='lat' dir='ltr'>dona·</span> 
     </span>
     <span class='ocr_line' id='line_1_7' title="bbox 94 438 960 488; baseline -0.01 -10"><span class='ocrx_word' id='word_1_49' title='bbox 94 447 190 480; x_wconf 83' lang='lat' dir='ltr'>tionis</span> <span class='ocrx_word' id='word_1_50' title='bbox 214 446 429 488; x_wconf 82' lang='lat' dir='ltr'>appellatione</span> <span class='ocrx_word' id='word_1_51' title='bbox 460 445 491 475; x_wconf 89' lang='lat' dir='ltr'>in</span> <span class='ocrx_word' id='word_1_52' title='bbox 514 441 670 473; x_wconf 86' lang='lat' dir='ltr'>Oratione</span> <span class='ocrx_word' id='word_1_53' title='bbox 695 450 802 487; x_wconf 78' lang='lat' dir='ltr'>venii-e</span> <span class='ocrx_word' id='word_1_54' title='bbox 826 438 960 485; x_wconf 75' lang='lat' dir='ltr'>liberali—</span> 
     </span>
     <span class='ocr_line' id='line_1_8' title="bbox 93 485 960 527; baseline -0.013 -6"><span class='ocrx_word' id='word_1_55' title='bbox 93 493 191 520; x_wconf 84' lang='lat' dir='ltr'>tatem</span> <span class='ocrx_word' id='word_1_56' title='bbox 210 497 315 519; x_wconf 87' lang='lat' dir='ltr'>veram</span> <span class='ocrx_word' id='word_1_57' title='bbox 333 488 362 518; x_wconf 73' lang='grc' dir='ltr'>ἃ</span> <span class='ocrx_word' id='word_1_58' title='bbox 379 486 554 527; x_wconf 80' lang='lat' dir='ltr'>propriam:</span> <span class='ocrx_word' id='word_1_59' title='bbox 577 485 766 523; x_wconf 80' lang='lat' dir='ltr'>improprias</span> <span class='ocrx_word' id='word_1_60' title='bbox 789 490 856 512; x_wconf 87' lang='lat' dir='ltr'>non</span> <span class='ocrx_word' id='word_1_61' title='bbox 874 488 960 510; x_wconf 82' lang='lat' dir='ltr'>veni-</span> 
     </span>
     <span class='ocr_line' id='line_1_9' title="bbox 91 521 958 573; baseline -0.01 -12"><span class='ocrx_word' id='word_1_62' title='bbox 91 539 135 561; x_wconf 84' lang='lat' dir='ltr'>re.</span> <span class='ocrx_word' id='word_1_63' title='bbox 160 529 285 573; x_wconf 83' lang='lat' dir='ltr'>Quaeris</span> <span class='ocrx_word' id='word_1_64' title='bbox 301 524 542 568; x_wconf 78' lang='lat' dir='ltr'>argumentum?</span> <span class='ocrx_word' id='word_1_65' title='bbox 566 524 652 556; x_wconf 84' lang='lat' dir='ltr'>Ecce</span> <span class='ocrx_word' id='word_1_66' title='bbox 669 524 857 568; x_wconf 64' lang='lat' dir='ltr'>egregium:⁸</span> <span class='ocrx_word' id='word_1_67' title='bbox 872 521 958 561; x_wconf 89' lang='lat' dir='ltr'>quod</span> 
     </span>
     <span class='ocr_line' id='line_1_10' title="bbox 94 565 957 611; baseline -0.009 -11"><span class='ocrx_word' id='word_1_68' title='bbox 94 567 168 611; x_wconf 84' lang='lat' dir='ltr'>ipse‘</span> <span class='ocrx_word' id='word_1_69' title='bbox 180 572 294 602; x_wconf 85' lang='lat' dir='ltr'>eodem</span> <span class='ocrx_word' id='word_1_70' title='bbox 311 569 389 600; x_wconf 91' lang='lat' dir='ltr'>libro</span> <span class='ocrx_word' id='word_1_71' title='bbox 405 576 486 598; x_wconf 81' lang='lat' dir='ltr'>xvu.</span> <span class='ocrx_word' id='word_1_72' title='bbox 511 566 623 598; x_wconf 80' lang='lat' dir='ltr'>mortis</span> <span class='ocrx_word' id='word_1_73' title='bbox 640 565 728 596; x_wconf 87' lang='lat' dir='ltr'>causa</span> <span class='ocrx_word' id='word_1_74' title='bbox 752 567 957 596; x_wconf 86' lang='lat' dir='ltr'>donationem</span> 
     </span>
     <span class='ocr_line' id='line_1_11' title="bbox 89 605 957 652; baseline -0.012 -9"><span class='ocrx_word' id='word_1_75' title='bbox 89 620 158 652; x_wconf 82' lang='lat' dir='ltr'>quae</span> <span class='ocrx_word' id='word_1_76' title='bbox 167 611 212 643; x_wconf 91' lang='lat' dir='ltr'>est</span> <span class='ocrx_word' id='word_1_77' title='bbox 228 608 468 650; x_wconf 86' lang='lat' dir='ltr'>impropria‚ab</span> <span class='ocrx_word' id='word_1_78' title='bbox 485 606 649 639; x_wconf 87' lang='lat' dir='ltr'>Orationis</span> <span class='ocrx_word' id='word_1_79' title='bbox 667 605 883 646; x_wconf 81' lang='lat' dir='ltr'>prohibitione</span> <span class='ocrx_word' id='word_1_80' title='bbox 902 612 957 649; x_wconf 80' lang='lat' dir='ltr'>ex-</span> 
     </span>
     <span class='ocr_line' id='line_1_12' title="bbox 91 646 958 693; baseline -0.013 -8"><span class='ocrx_word' id='word_1_81' title='bbox 91 652 169 693; x_wconf 85' lang='lat' dir='ltr'>cipit</span> <span class='ocrx_word' id='word_1_82' title='bbox 184 652 202 683; x_wconf 89' lang='lat' dir='ltr'>l.</span> <span class='ocrx_word' id='word_1_83' title='bbox 222 660 269 683; x_wconf 81' lang='lat'>11.</span> <span class='ocrx_word' id='word_1_84' title='bbox 292 650 321 692; x_wconf 83' lang='lat'>§.</span> <span class='ocrx_word' id='word_1_85' title='bbox 347 660 373 682; x_wconf 82' lang='lat' dir='ltr'>i.</span> <span class='ocrx_word' id='word_1_86' title='bbox 398 649 440 681; x_wconf 91' lang='lat' dir='ltr'>D.</span> <span class='ocrx_word' id='word_1_87' title='bbox 457 650 485 680; x_wconf 85' lang='lat' dir='ltr'>h.</span> <span class='ocrx_word' id='word_1_88' title='bbox 502 656 523 681; x_wconf 74' lang='lat' dir='ltr'>r.</span> <span class='ocrx_word' id='word_1_89' title='bbox 547 649 698 689; x_wconf 84' lang='lat' dir='ltr'>idemque</span> <span class='ocrx_word' id='word_1_90' title='bbox 712 650 795 692; x_wconf 80' lang='lat' dir='ltr'>circa</span> <span class='ocrx_word' id='word_1_91' title='bbox 811 646 958 691; x_wconf 77' lang='lat' dir='ltr'>donatio-</span> 
     </span>
     <span class='ocr_line' id='line_1_13' title="bbox 88 686 956 731; baseline -0.01 -6"><span class='ocrx_word' id='word_1_92' title='bbox 88 703 161 726; x_wconf 88' lang='lat' dir='ltr'>nem</span> <span class='ocrx_word' id='word_1_93' title='bbox 179 693 306 724; x_wconf 90' lang='lat' dir='ltr'>divortii</span> <span class='ocrx_word' id='word_1_94' title='bbox 328 690 417 723; x_wconf 87' lang='lat' dir='ltr'>causa</span> <span class='ocrx_word' id='word_1_95' title='bbox 434 689 628 728; x_wconf 75' lang='lat' dir='ltr'>observasse,</span> <span class='ocrx_word' id='word_1_96' title='bbox 651 688 772 729; x_wconf 89' lang='lat' dir='ltr'>accipio</span> <span class='ocrx_word' id='word_1_97' title='bbox 788 696 829 718; x_wconf 86' lang='lat' dir='ltr'>ex</span> <span class='ocrx_word' id='word_1_98' title='bbox 850 686 956 731; x_wconf 74' lang='lat' dir='ltr'>Ulpia·</span> 
     </span>
     <span class='ocr_line' id='line_1_14' title="bbox 91 728 956 775; baseline -0.01 -9"><span class='ocrx_word' id='word_1_99' title='bbox 91 744 135 766; x_wconf 86' lang='lat' dir='ltr'>no</span> <span class='ocrx_word' id='word_1_100' title='bbox 149 735 176 766; x_wconf 85' lang='lat' dir='ltr'>cl.</span> <span class='ocrx_word' id='word_1_101' title='bbox 195 733 214 765; x_wconf 92' lang='lat' dir='ltr'>l.</span> <span class='ocrx_word' id='word_1_102' title='bbox 236 743 282 766; x_wconf 83' lang='lat'>11.</span> <span class='ocrx_word' id='word_1_103' title='bbox 310 732 338 775; x_wconf 84' lang='lat'>§.</span> <span class='ocrx_word' id='word_1_104' title='bbox 360 742 407 765; x_wconf 93' lang='lat'>10.</span> <span class='ocrx_word' id='word_1_105' title='bbox 432 731 468 766; x_wconf 77' lang='lat'>&amp;³</span> <span class='ocrx_word' id='word_1_106' title='bbox 487 739 532 763; x_wconf 86' lang='lat'>11.</span> <span class='ocrx_word' id='word_1_107' title='bbox 573 730 669 762; x_wconf 85' lang='lat' dir='ltr'>Simili</span> <span class='ocrx_word' id='word_1_108' title='bbox 689 729 812 761; x_wconf 87' lang='lat' dir='ltr'>ratione</span> <span class='ocrx_word' id='word_1_109' title='bbox 830 728 924 759; x_wconf 89' lang='lat' dir='ltr'>video</span> <span class='ocrx_word' id='word_1_110' title='bbox 938 735 956 757; x_wconf 89' lang='lat' dir='ltr'>a</span> 
     </span>
     <span class='ocr_line' id='line_1_15' title="bbox 93 771 956 815; baseline -0.009 -8"><span class='ocrx_word' id='word_1_111' title='bbox 93 775 263 807; x_wconf 85' lang='lat' dir='ltr'>Marciano</span> <span class='ocrx_word' id='word_1_112' title='bbox 292 775 312 805; x_wconf 93' lang='lat' dir='ltr'>l.</span> <span class='ocrx_word' id='word_1_113' title='bbox 337 784 408 812; x_wconf 81' lang='lat'>2¹4·</span> <span class='ocrx_word' id='word_1_114' title='bbox 435 773 476 804; x_wconf 93' lang='lat' dir='ltr'>D.</span> <span class='ocrx_word' id='word_1_115' title='bbox 500 775 533 804; x_wconf 77' lang='lat' dir='ltr'>de</span> <span class='ocrx_word' id='word_1_116' title='bbox 552 774 629 804; x_wconf 80' lang='lat' dir='ltr'>verb.</span> <span class='ocrx_word' id='word_1_117' title='bbox 652 771 756 813; x_wconf 73' lang='lat' dir='ltr'>figitis.</span> <span class='ocrx_word' id='word_1_118' title='bbox 791 771 910 815; x_wconf 80' lang='lat' dir='ltr'>donum</span> <span class='ocrx_word' id='word_1_119' title='bbox 939 776 956 799; x_wconf 86' lang='lat' dir='ltr'>a</span> 
     </span>
     <span class='ocr_line' id='line_1_16' title="bbox 90 813 954 858; baseline -0.01 -9"><span class='ocrx_word' id='word_1_120' title='bbox 90 825 222 850; x_wconf 85' lang='lat' dir='ltr'>munere</span> <span class='ocrx_word' id='word_1_121' title='bbox 254 815 409 857; x_wconf 85' lang='lat' dir='ltr'>distingui.</span> <span class='ocrx_word' id='word_1_122' title='bbox 460 813 580 846; x_wconf 87' lang='lat' dir='ltr'>Munus</span> <span class='ocrx_word' id='word_1_123' title='bbox 605 815 689 844; x_wconf 87' lang='lat' dir='ltr'>enim</span> <span class='ocrx_word' id='word_1_124' title='bbox 720 813 784 858; x_wconf 64' lang='lat' dir='ltr'>dici⁴</span> <span class='ocrx_word' id='word_1_125' title='bbox 804 818 954 854; x_wconf 81' lang='lat' dir='ltr'>proprie,</span> 
     </span>
     <span class='ocr_line' id='line_1_17' title="bbox 89 856 954 898; baseline -0.012 -8"><span class='ocrx_word' id='word_1_126' title='bbox 89 858 178 898; x_wconf 87' lang='lat' dir='ltr'>quod</span> <span class='ocrx_word' id='word_1_127' title='bbox 195 856 364 889; x_wconf 72' lang='lat' dir='ltr'>necessarie</span> <span class='ocrx_word' id='word_1_128' title='bbox 381 856 506 888; x_wconf 88' lang='lat' dir='ltr'>obimus</span> <span class='ocrx_word' id='word_1_129' title='bbox 527 856 596 896; x_wconf 88' lang='lat' dir='ltr'>lege</span> <span class='ocrx_word' id='word_1_130' title='bbox 608 878 616 893; x_wconf 97' lang='lat'>,</span> <span class='ocrx_word' id='word_1_131' title='bbox 640 864 729 886; x_wconf 90' lang='lat' dir='ltr'>more</span> <span class='ocrx_word' id='word_1_132' title='bbox 744 876 752 891; x_wconf 93' lang='lat'><strong>‚</strong></span> <span class='ocrx_word' id='word_1_133' title='bbox 777 859 954 892; x_wconf 89' lang='lat' dir='ltr'>imperiove</span> 
     </span>
     <span class='ocr_line' id='line_1_18' title="bbox 86 893 953 940; baseline -0.009 -10"><span class='ocrx_word' id='word_1_134' title='bbox 86 900 154 940; x_wconf 86' lang='lat' dir='ltr'>ejus</span> <span class='ocrx_word' id='word_1_135' title='bbox 170 898 223 939; x_wconf 90' lang='lat' dir='ltr'>qui</span> <span class='ocrx_word' id='word_1_136' title='bbox 236 897 367 939; x_wconf 85' lang='lat' dir='ltr'>jubendi</span> <span class='ocrx_word' id='word_1_137' title='bbox 384 897 481 929; x_wconf 87' lang='lat' dir='ltr'>habet</span> <span class='ocrx_word' id='word_1_138' title='bbox 497 896 692 938; x_wconf 87' lang='lat' dir='ltr'>potestatem.</span> <span class='ocrx_word' id='word_1_139' title='bbox 735 893 829 925; x_wconf 84' lang='lat' dir='ltr'>Dona</span> <span class='ocrx_word' id='word_1_140' title='bbox 847 899 953 937; x_wconf 80' lang='lat' dir='ltr'>autem</span> 
     </span>
     <span class='ocr_line' id='line_1_19' title="bbox 89 932 952 981; baseline -0.01 -9"><span class='ocrx_word' id='word_1_141' title='bbox 89 942 220 981; x_wconf 85' lang='lat' dir='ltr'>proprie</span> <span class='ocrx_word' id='word_1_142' title='bbox 237 939 300 971; x_wconf 81' lang='lat' dir='ltr'>effe</span> <span class='ocrx_word' id='word_1_143' title='bbox 321 948 391 980; x_wconf 88' lang='lat' dir='ltr'>quae</span> <span class='ocrx_word' id='word_1_144' title='bbox 415 939 498 970; x_wconf 90' lang='lat' dir='ltr'>nulla</span> <span class='ocrx_word' id='word_1_145' title='bbox 522 938 701 969; x_wconf 84' lang='lat' dir='ltr'>neceffitate</span> <span class='ocrx_word' id='word_1_146' title='bbox 723 936 817 976; x_wconf 86' lang='lat' dir='ltr'>juris,</span> <span class='ocrx_word' id='word_1_147' title='bbox 839 932 952 970; x_wconf 86' lang='lat' dir='ltr'>officii,</span> 
     </span>
     <span class='ocr_line' id='line_1_20' title="bbox 91 975 953 1021; baseline -0.01 -8"><span class='ocrx_word' id='word_1_148' title='bbox 91 981 145 1013; x_wconf 86' lang='lat' dir='ltr'>sed</span> <span class='ocrx_word' id='word_1_149' title='bbox 161 981 291 1021; x_wconf 87' lang='lat' dir='ltr'>sponte,</span> <span class='ocrx_word' id='word_1_150' title='bbox 315 980 513 1021; x_wconf 63' lang='lat' dir='ltr'>praestantur:</span> <span class='ocrx_word' id='word_1_151' title='bbox 539 988 608 1018; x_wconf 85' lang='lat' dir='ltr'>quae</span> <span class='ocrx_word' id='word_1_152' title='bbox 625 978 644 1010; x_wconf 81' lang='lat' dir='ltr'>fi</span> <span class='ocrx_word' id='word_1_153' title='bbox 669 987 731 1010; x_wconf 91' lang='lat' dir='ltr'>non</span> <span class='ocrx_word' id='word_1_154' title='bbox 750 975 953 1017; x_wconf 74' lang='lat' dir='ltr'>praestentur,</span> 
     </span>
     <span class='ocr_line' id='line_1_21' title="bbox 90 1016 954 1064; baseline -0.009 -10"><span class='ocrx_word' id='word_1_155' title='bbox 90 1022 209 1055; x_wconf 87' lang='lat' dir='ltr'>nullam</span> <span class='ocrx_word' id='word_1_156' title='bbox 232 1021 294 1054; x_wconf 82' lang='lat' dir='ltr'>effe</span> <span class='ocrx_word' id='word_1_157' title='bbox 312 1021 607 1062; x_wconf 83' lang='lat' dir='ltr'>reprehensionem;</span> <span class='ocrx_word' id='word_1_158' title='bbox 631 1020 678 1057; x_wconf 72' lang='lat' dir='ltr'>(St,</span> <span class='ocrx_word' id='word_1_159' title='bbox 702 1018 722 1050; x_wconf 84' lang='lat' dir='ltr'><strong>fi</strong></span> <span class='ocrx_word' id='word_1_160' title='bbox 751 1016 954 1064; x_wconf 66' lang='lat' dir='ltr'>praestentur,</span> 
     </span>
     <span class='ocr_line' id='line_1_22' title="bbox 90 1056 952 1105; baseline -0.009 -10"><span class='ocrx_word' id='word_1_161' title='bbox 90 1064 281 1105; x_wconf 75' lang='lat' dir='ltr'>plerumque</span> <span class='ocrx_word' id='word_1_162' title='bbox 302 1063 425 1094; x_wconf 89' lang='lat' dir='ltr'>laudem</span> <span class='ocrx_word' id='word_1_163' title='bbox 443 1061 548 1094; x_wconf 81' lang='lat' dir='ltr'>inesse.</span> <span class='ocrx_word' id='word_1_164' title='bbox 591 1061 712 1105; x_wconf 81' lang='lat' dir='ltr'>Munus</span> <span class='ocrx_word' id='word_1_165' title='bbox 728 1061 821 1099; x_wconf 83' lang='lat' dir='ltr'>igitur</span> <span class='ocrx_word' id='word_1_166' title='bbox 836 1057 881 1089; x_wconf 88' lang='lat' dir='ltr'>est</span> <span class='ocrx_word' id='word_1_167' title='bbox 900 1056 952 1100; x_wconf 83' lang='lat' dir='ltr'>do-</span> 
     </span>
     <span class='ocr_line' id='line_1_23' title="bbox 90 1097 953 1144; baseline -0.008 -8"><span class='ocrx_word' id='word_1_168' title='bbox 90 1105 178 1136; x_wconf 80' lang='lat' dir='ltr'>natio</span> <span class='ocrx_word' id='word_1_169' title='bbox 200 1113 273 1136; x_wconf 90' lang='lat' dir='ltr'>cum</span> <span class='ocrx_word' id='word_1_170' title='bbox 297 1104 399 1135; x_wconf 87' lang='lat' dir='ltr'>causa.</span> <span class='ocrx_word' id='word_1_171' title='bbox 433 1110 541 1144; x_wconf 80' lang='lat' dir='ltr'>utputa</span> <span class='ocrx_word' id='word_1_172' title='bbox 557 1127 565 1140; x_wconf 94' lang='lat'>,</span> <span class='ocrx_word' id='word_1_173' title='bbox 590 1102 788 1139; x_wconf 78' lang='lat' dir='ltr'>natalicium,</span> <span class='ocrx_word' id='word_1_174' title='bbox 822 1097 953 1143; x_wconf 69' lang='lat' dir='ltr'>nuptali·</span> 
     </span>
     <span class='ocr_line' id='line_1_24' title="bbox 91 1139 953 1185; baseline -0.008 -8"><span class='ocrx_word' id='word_1_175' title='bbox 91 1145 174 1177; x_wconf 83' lang='lat' dir='ltr'>cium</span> <span class='ocrx_word' id='word_1_176' title='bbox 196 1146 216 1176; x_wconf 90' lang='lat' dir='ltr'>l.</span> <span class='ocrx_word' id='word_1_177' title='bbox 238 1155 301 1184; x_wconf 82' lang='lat'>¹94·</span> <span class='ocrx_word' id='word_1_178' title='bbox 326 1145 365 1176; x_wconf 89' lang='lat' dir='ltr'>D.</span> <span class='ocrx_word' id='word_1_179' title='bbox 381 1146 407 1177; x_wconf 86' lang='lat' dir='ltr'>d.</span> <span class='ocrx_word' id='word_1_180' title='bbox 423 1151 445 1176; x_wconf 82' lang='lat' dir='ltr'>t.</span> <span class='ocrx_word' id='word_1_181' title='bbox 469 1146 561 1185; x_wconf 87' lang='lat' dir='ltr'>quale</span> <span class='ocrx_word' id='word_1_182' title='bbox 585 1143 740 1174; x_wconf 81' lang='lat' dir='ltr'>Oratione</span> <span class='ocrx_word' id='word_1_183' title='bbox 763 1150 826 1172; x_wconf 91' lang='lat' dir='ltr'>non</span> <span class='ocrx_word' id='word_1_184' title='bbox 848 1139 953 1181; x_wconf 91' lang='lat' dir='ltr'>prohi-</span> 
     </span>
     <span class='ocr_line' id='line_1_25' title="bbox 90 1181 952 1229; baseline -0.009 -11"><span class='ocrx_word' id='word_1_185' title='bbox 90 1187 178 1224; x_wconf 85' lang='lat' dir='ltr'>beri,</span> <span class='ocrx_word' id='word_1_186' title='bbox 200 1187 309 1218; x_wconf 69' lang='lat' dir='ltr'>auctor</span> <span class='ocrx_word' id='word_1_187' title='bbox 334 1186 379 1218; x_wconf 87' lang='lat' dir='ltr'>est</span> <span class='ocrx_word' id='word_1_188' title='bbox 402 1185 592 1227; x_wconf 58' lang='lat' dir='ltr'>Pomponius</span> <span class='ocrx_word' id='word_1_189' title='bbox 613 1185 631 1216; x_wconf 89' lang='lat' dir='ltr'>l.</span> <span class='ocrx_word' id='word_1_190' title='bbox 653 1193 702 1225; x_wconf 75' lang='lat'>&#39;3¹-</span> <span class='ocrx_word' id='word_1_191' title='bbox 725 1183 754 1225; x_wconf 82' lang='lat'>§.</span> <span class='ocrx_word' id='word_1_192' title='bbox 773 1187 800 1229; x_wconf 71' lang='grc'>8.</span> <span class='ocrx_word' id='word_1_193' title='bbox 826 1181 866 1213; x_wconf 94' lang='lat' dir='ltr'>D.</span> <span class='ocrx_word' id='word_1_194' title='bbox 883 1181 952 1225; x_wconf 17' lang='lat' dir='ltr'>but.</span> 
     </span>
     <span class='ocr_line' id='line_1_26' title="bbox 93 1223 954 1267; baseline -0.007 -9"><span class='ocrx_word' id='word_1_195' title='bbox 93 1228 248 1267; x_wconf 76' lang='lat' dir='ltr'>idemque</span> <span class='ocrx_word' id='word_1_196' title='bbox 264 1227 325 1258; x_wconf 78' lang='lat' dir='ltr'>ess&#39;e</span> <span class='ocrx_word' id='word_1_197' title='bbox 342 1230 402 1265; x_wconf 88' lang='lat' dir='ltr'>ait,</span> <span class='ocrx_word' id='word_1_198' title='bbox 426 1227 446 1258; x_wconf 77' lang='lat' dir='ltr'>{i</span> <span class='ocrx_word' id='word_1_199' title='bbox 471 1229 518 1258; x_wconf 86' lang='lat' dir='ltr'>vir</span> <span class='ocrx_word' id='word_1_200' title='bbox 545 1226 635 1258; x_wconf 72' lang='lat' dir='ltr'>uxori</span> <span class='ocrx_word' id='word_1_201' title='bbox 662 1223 807 1257; x_wconf 81' lang='lat' dir='ltr'>Kalendis</span> <span class='ocrx_word' id='word_1_202' title='bbox 832 1223 954 1254; x_wconf 81' lang='lat' dir='ltr'>Martiis</span> 
     </span>
     <span class='ocr_line' id='line_1_27' title="bbox 95 1262 954 1301; baseline -0.008 0"><span class='ocrx_word' id='word_1_203' title='bbox 95 1268 236 1301; x_wconf 75' lang='lat' dir='ltr'>dediss‘et.</span> <span class='ocrx_word' id='word_1_204' title='bbox 284 1268 363 1299; x_wconf 85' lang='lat' dir='ltr'>Dies</span> <span class='ocrx_word' id='word_1_205' title='bbox 393 1268 601 1300; x_wconf 85' lang='lat' dir='ltr'>Kalendarum</span> <span class='ocrx_word' id='word_1_206' title='bbox 634 1266 741 1298; x_wconf 83' lang='lat' dir='ltr'>Martii</span> <span class='ocrx_word' id='word_1_207' title='bbox 769 1271 834 1296; x_wconf 88' lang='lat' dir='ltr'>erat</span> <span class='ocrx_word' id='word_1_208' title='bbox 856 1262 954 1295; x_wconf 84' lang='lat' dir='ltr'>festus</span> 
     </span>
     <span class='ocr_line' id='line_1_28' title="bbox 92 1304 953 1349; baseline -0.008 -8"><span class='ocrx_word' id='word_1_209' title='bbox 92 1310 254 1342; x_wconf 87' lang='lat' dir='ltr'>matronis.</span> <span class='ocrx_word' id='word_1_210' title='bbox 279 1319 319 1340; x_wconf 88' lang='lat' dir='ltr'>eo</span> <span class='ocrx_word' id='word_1_211' title='bbox 336 1309 395 1340; x_wconf 80' lang='lat' dir='ltr'>illis</span> <span class='ocrx_word' id='word_1_212' title='bbox 418 1310 570 1340; x_wconf 81' lang='lat' dir='ltr'>dabantur</span> <span class='ocrx_word' id='word_1_213' title='bbox 585 1308 623 1339; x_wconf 90' lang='lat' dir='ltr'>ab</span> <span class='ocrx_word' id='word_1_214' title='bbox 640 1307 747 1339; x_wconf 86' lang='lat' dir='ltr'>amicis</span> <span class='ocrx_word' id='word_1_215' title='bbox 762 1314 891 1337; x_wconf 84' lang='lat' dir='ltr'>munera</span> <span class='ocrx_word' id='word_1_216' title='bbox 907 1304 953 1349; x_wconf 79' lang='lat' dir='ltr'>so-</span> 
     </span>
     <span class='ocr_line' id='line_1_29' title="bbox 91 1346 954 1392; baseline -0.006 -11"><span class='ocrx_word' id='word_1_217' title='bbox 91 1351 222 1382; x_wconf 88' lang='lat' dir='ltr'>lemnia:</span> <span class='ocrx_word' id='word_1_218' title='bbox 247 1350 286 1380; x_wconf 88' lang='lat' dir='ltr'>de</span> <span class='ocrx_word' id='word_1_219' title='bbox 303 1349 415 1388; x_wconf 84' lang='lat' dir='ltr'>quibus</span> <span class='ocrx_word' id='word_1_220' title='bbox 434 1350 567 1380; x_wconf 75' lang='lat' dir='ltr'>Budaeus</span> <span class='ocrx_word' id='word_1_221' title='bbox 580 1357 610 1390; x_wconf 84' lang='lat' dir='ltr'>p.</span> <span class='ocrx_word' id='word_1_222' title='bbox 630 1356 699 1390; x_wconf 63' lang='lat'>380.</span> <span class='ocrx_word' id='word_1_223' title='bbox 724 1348 752 1378; x_wconf 74' lang='grc' dir='ltr'>ὅ(</span> <span class='ocrx_word' id='word_1_224' title='bbox 769 1346 893 1392; x_wconf 73' lang='lat' dir='ltr'>allegati</span> <span class='ocrx_word' id='word_1_225' title='bbox 910 1353 954 1376; x_wconf 88' lang='lat' dir='ltr'>1n-</span> 
     </span>
     <span class='ocr_line' id='line_1_30' title="bbox 86 1387 953 1429; baseline -0.003 -8"><span class='ocrx_word' id='word_1_226' title='bbox 86 1390 134 1422; x_wconf 87' lang='lat' dir='ltr'>fra</span> <span class='ocrx_word' id='word_1_227' title='bbox 158 1390 211 1421; x_wconf 88' lang='lat' dir='ltr'>sub</span> <span class='ocrx_word' id='word_1_228' title='bbox 232 1389 346 1421; x_wconf 86' lang='lat' dir='ltr'>Titulo</span> <span class='ocrx_word' id='word_1_229' title='bbox 362 1413 372 1429; x_wconf 94' lang='lat'>,</span> <span class='ocrx_word' id='word_1_230' title='bbox 407 1391 451 1421; x_wconf 87' lang='lat' dir='ltr'>De</span> <span class='ocrx_word' id='word_1_231' title='bbox 480 1392 586 1421; x_wconf 79' lang='lat' dir='ltr'>adiizin.</span> <span class='ocrx_word' id='word_1_232' title='bbox 615 1397 702 1421; x_wconf 79' lang='lat' dir='ltr'>tutor.</span> <span class='ocrx_word' id='word_1_233' title='bbox 734 1388 900 1419; x_wconf 83' lang='lat' dir='ltr'>Brissonius</span> <span class='ocrx_word' id='word_1_234' title='bbox 923 1387 953 1418; x_wconf 72' lang='lat' dir='ltr'>v&amp;</span> 
     </span>
     <span class='ocr_line' id='line_1_31' title="bbox 87 1430 952 1471; baseline -0.005 -8"><span class='ocrx_word' id='word_1_235' title='bbox 87 1431 270 1463; x_wconf 84' lang='lat' dir='ltr'>Raevardus.</span> <span class='ocrx_word' id='word_1_236' title='bbox 314 1431 390 1463; x_wconf 91' lang='lat' dir='ltr'>Hoc</span> <span class='ocrx_word' id='word_1_237' title='bbox 413 1433 561 1471; x_wconf 83' lang='lat' dir='ltr'>exemplo</span> <span class='ocrx_word' id='word_1_238' title='bbox 584 1431 645 1462; x_wconf 87' lang='lat' dir='ltr'>fuit</span> <span class='ocrx_word' id='word_1_239' title='bbox 667 1431 780 1462; x_wconf 87' lang='lat' dir='ltr'>marito</span> <span class='ocrx_word' id='word_1_240' title='bbox 811 1430 952 1466; x_wconf 85' lang='lat' dir='ltr'>licitum,</span> 
     </span>
     <span class='ocr_line' id='line_1_32' title="bbox 85 1467 952 1517; baseline -0.006 -13"><span class='ocrx_word' id='word_1_241' title='bbox 85 1474 180 1505; x_wconf 83' lang='lat' dir='ltr'>uxori</span> <span class='ocrx_word' id='word_1_242' title='bbox 196 1474 269 1503; x_wconf 86' lang='lat' dir='ltr'>dare</span> <span class='ocrx_word' id='word_1_243' title='bbox 288 1472 464 1513; x_wconf 87' lang='lat' dir='ltr'>hujusmodi</span> <span class='ocrx_word' id='word_1_244' title='bbox 483 1482 609 1504; x_wconf 86' lang='lat' dir='ltr'>munus:</span> <span class='ocrx_word' id='word_1_245' title='bbox 633 1474 704 1513; x_wconf 84' lang='lat' dir='ltr'>quia</span> <span class='ocrx_word' id='word_1_246' title='bbox 729 1471 858 1502; x_wconf 89' lang='lat' dir='ltr'>donatio</span> <span class='ocrx_word' id='word_1_247' title='bbox 875 1467 952 1517; x_wconf 59' lang='lat' dir='ltr'>Ora-</span> 
     </span>
     <span class='ocr_line' id='line_1_33' title="bbox 88 1511 949 1553; baseline -0.002 -9"><span class='ocrx_word' id='word_1_248' title='bbox 88 1514 178 1544; x_wconf 87' lang='lat' dir='ltr'>tione</span> <span class='ocrx_word' id='word_1_249' title='bbox 199 1513 403 1553; x_wconf 81' lang='lat' dir='ltr'>prohibetur3</span> <span class='ocrx_word' id='word_1_250' title='bbox 426 1523 538 1545; x_wconf 90' lang='lat' dir='ltr'>munus</span> <span class='ocrx_word' id='word_1_251' title='bbox 560 1523 623 1544; x_wconf 89' lang='lat' dir='ltr'>non</span> <span class='ocrx_word' id='word_1_252' title='bbox 651 1512 845 1551; x_wconf 83' lang='lat' dir='ltr'>prohibetur.</span> <span class='ocrx_word' id='word_1_253' title='bbox 891 1511 949 1542; x_wconf 73' lang='lat' dir='ltr'>hx-</span> 
     </span>
     <span class='ocr_line' id='line_1_34' title="bbox 88 1551 946 1594; baseline -0.002 -10"><span class='ocrx_word' id='word_1_254' title='bbox 88 1554 168 1594; x_wconf 86' lang='lat' dir='ltr'>cipit</span> <span class='ocrx_word' id='word_1_255' title='bbox 184 1553 378 1593; x_wconf 87' lang='lat' dir='ltr'>Pomponius</span> <span class='ocrx_word' id='word_1_256' title='bbox 394 1578 403 1592; x_wconf 97' lang='lat'>,</span> <span class='ocrx_word' id='word_1_257' title='bbox 427 1553 496 1593; x_wconf 79' lang='lat' dir='ltr'>Nifi</span> <span class='ocrx_word' id='word_1_258' title='bbox 510 1554 586 1591; x_wconf 73' lang='lat' dir='ltr'>forie</span> <span class='ocrx_word' id='word_1_259' title='bbox 602 1551 847 1589; x_wconf 63' lang='lat' dir='ltr'>iiiiiirodicnrzzfit:</span> <span class='ocrx_word' id='word_1_260' title='bbox 871 1552 946 1583; x_wconf 60' lang='lat' dir='ltr'>arbi»</span> 
     </span>
     <span class='ocr_line' id='line_1_35' title="bbox 90 1592 949 1634; baseline -0.002 -9"><span class='ocrx_word' id='word_1_261' title='bbox 90 1601 206 1632; x_wconf 85' lang='lat' dir='ltr'>tratus,</span> <span class='ocrx_word' id='word_1_262' title='bbox 228 1595 283 1626; x_wconf 92' lang='lat' dir='ltr'>illo</span> <span class='ocrx_word' id='word_1_263' title='bbox 299 1603 454 1634; x_wconf 82' lang='lat' dir='ltr'>praetcxtu</span> <span class='ocrx_word' id='word_1_264' title='bbox 473 1597 591 1626; x_wconf 89' lang='lat' dir='ltr'>donum</span> <span class='ocrx_word' id='word_1_265' title='bbox 608 1593 672 1625; x_wconf 81' lang='lat' dir='ltr'>fieri</span> <span class='ocrx_word' id='word_1_266' title='bbox 690 1596 719 1625; x_wconf 91' lang='lat' dir='ltr'>in</span> <span class='ocrx_word' id='word_1_267' title='bbox 743 1595 886 1625; x_wconf 78' lang='lat' dir='ltr'>fraudem</span> <span class='ocrx_word' id='word_1_268' title='bbox 906 1592 949 1623; x_wconf 89' lang='lat' dir='ltr'>O-</span> 
     </span>
     <span class='ocr_line' id='line_1_36' title="bbox 86 1635 949 1676; baseline 0 -10"><span class='ocrx_word' id='word_1_269' title='bbox 86 1635 218 1667; x_wconf 78' lang='lat' dir='ltr'>rationis</span> <span class='ocrx_word' id='word_1_270' title='bbox 235 1646 244 1668; x_wconf 90' lang='lat'>:</span> <span class='ocrx_word' id='word_1_271' title='bbox 267 1643 301 1666; x_wconf 90' lang='lat' dir='ltr'>ut</span> <span class='ocrx_word' id='word_1_272' title='bbox 320 1636 437 1676; x_wconf 85' lang='lat' dir='ltr'>estjam</span> <span class='ocrx_word' id='word_1_273' title='bbox 455 1636 570 1667; x_wconf 86' lang='lat' dir='ltr'>dudum</span> <span class='ocrx_word' id='word_1_274' title='bbox 590 1635 788 1667; x_wconf 77' lang='lat' dir='ltr'>observatum</span> <span class='ocrx_word' id='word_1_275' title='bbox 804 1645 819 1665; x_wconf 88' lang='lat' dir='ltr'>a</span> <span class='ocrx_word' id='word_1_276' title='bbox 841 1635 949 1666; x_wconf 81' lang='lat' dir='ltr'>Brum-</span> 
     </span>
     <span class='ocr_line' id='line_1_37' title="bbox 84 1676 948 1719; baseline -0.001 -11"><span class='ocrx_word' id='word_1_277' title='bbox 84 1685 197 1713; x_wconf 73' lang='lat' dir='ltr'>mero,</span> <span class='ocrx_word' id='word_1_278' title='bbox 219 1676 326 1708; x_wconf 87' lang='lat' dir='ltr'>Comm.</span> <span class='ocrx_word' id='word_1_279' title='bbox 345 1679 383 1709; x_wconf 80' lang='lat' dir='ltr'>ad</span> <span class='ocrx_word' id='word_1_280' title='bbox 402 1679 472 1719; x_wconf 84' lang='lat' dir='ltr'>Leg.</span> <span class='ocrx_word' id='word_1_281' title='bbox 499 1678 579 1709; x_wconf 86' lang='lat' dir='ltr'>Cinc.</span> <span class='ocrx_word' id='word_1_282' title='bbox 599 1687 622 1708; x_wconf 87' lang='lat' dir='ltr'>c.</span> <span class='ocrx_word' id='word_1_283' title='bbox 646 1688 673 1709; x_wconf 85' lang='lat'>2.</span> <span class='ocrx_word' id='word_1_284' title='bbox 699 1676 829 1717; x_wconf 66' lang='lat' dir='ltr'>CuJacio</span> <span class='ocrx_word' id='word_1_285' title='bbox 854 1677 901 1707; x_wconf 79' lang='lat' dir='ltr'>lib.</span> <span class='ocrx_word' id='word_1_286' title='bbox 919 1680 948 1707; x_wconf 92' lang='lat'>6.</span> 
     </span>
     <span class='ocr_line' id='line_1_38' title="bbox 88 1717 318 1754; baseline 0.004 -7"><span class='ocrx_word' id='word_1_287' title='bbox 88 1717 207 1754; x_wconf 76' lang='lat' dir='ltr'>Observ.</span> <span class='ocrx_word' id='word_1_288' title='bbox 229 1727 251 1747; x_wconf 72' lang='lat' dir='ltr'>c.</span> <span class='ocrx_word' id='word_1_289' title='bbox 275 1722 318 1751; x_wconf 85' lang='lat'>¹8.</span> 
     </span>
    </p>

    <p class='ocr_par' dir='ltr' id='par_1_3' title="bbox 73 1757 952 3237">
     <span class='ocr_line' id='line_1_39' title="bbox 125 1757 952 1799; baseline 0.001 -10"><span class='ocrx_word' id='word_1_290' title='bbox 125 1758 280 1790; x_wconf 77' lang='lat' dir='ltr'>Prohibet</span> <span class='ocrx_word' id='word_1_291' title='bbox 296 1759 390 1799; x_wconf 87' lang='lat' dir='ltr'>igitur</span> <span class='ocrx_word' id='word_1_292' title='bbox 407 1757 520 1790; x_wconf 80' lang='lat' dir='ltr'>Oratio</span> <span class='ocrx_word' id='word_1_293' title='bbox 538 1760 620 1790; x_wconf 86' lang='lat' dir='ltr'>inter</span> <span class='ocrx_word' id='word_1_294' title='bbox 637 1760 738 1789; x_wconf 82' lang='lat' dir='ltr'>virum</span> <span class='ocrx_word' id='word_1_295' title='bbox 765 1758 794 1789; x_wconf 67' lang='grc' dir='ltr'>ὃς</span> <span class='ocrx_word' id='word_1_296' title='bbox 818 1766 952 1790; x_wconf 70' lang='lat' dir='ltr'>uxorem</span> 
     </span>
     <span class='ocr_line' id='line_1_40' title="bbox 84 1799 952 1840; baseline 0 -10"><span class='ocrx_word' id='word_1_297' title='bbox 84 1799 275 1831; x_wconf 81' lang='lat' dir='ltr'>donationes</span> <span class='ocrx_word' id='word_1_298' title='bbox 292 1809 379 1831; x_wconf 89' lang='lat' dir='ltr'>veras</span> <span class='ocrx_word' id='word_1_299' title='bbox 395 1809 431 1829; x_wconf 90' lang='lat' dir='ltr'>ac</span> <span class='ocrx_word' id='word_1_300' title='bbox 448 1800 606 1840; x_wconf 85' lang='lat' dir='ltr'>proprias:</span> <span class='ocrx_word' id='word_1_301' title='bbox 630 1801 656 1831; x_wconf 85' lang='lat'>&amp;</span> <span class='ocrx_word' id='word_1_302' title='bbox 676 1799 802 1840; x_wconf 86' lang='lat' dir='ltr'>quidem</span> <span class='ocrx_word' id='word_1_303' title='bbox 821 1808 952 1838; x_wconf 85' lang='lat' dir='ltr'>omnes,</span> 
     </span>
     <span class='ocr_line' id='line_1_41' title="bbox 83 1839 951 1881; baseline -0.001 -9"><span class='ocrx_word' id='word_1_304' title='bbox 83 1839 106 1872; x_wconf 83' lang='lat' dir='ltr'>fi</span> <span class='ocrx_word' id='word_1_305' title='bbox 124 1841 291 1872; x_wconf 70' lang='lat' dir='ltr'>serviamus</span> <span class='ocrx_word' id='word_1_306' title='bbox 310 1841 413 1872; x_wconf 83' lang='lat' dir='ltr'>verbis</span> <span class='ocrx_word' id='word_1_307' title='bbox 431 1842 493 1872; x_wconf 91' lang='lat' dir='ltr'>late</span> <span class='ocrx_word' id='word_1_308' title='bbox 510 1842 689 1881; x_wconf 80' lang='lat' dir='ltr'>patentibus</span> <span class='ocrx_word' id='word_1_309' title='bbox 706 1852 713 1872; x_wconf 92' lang='lat'><strong>:</strong></span> <span class='ocrx_word' id='word_1_310' title='bbox 737 1840 788 1872; x_wconf 87' lang='lat' dir='ltr'>sed</span> <span class='ocrx_word' id='word_1_311' title='bbox 806 1841 951 1880; x_wconf 87' lang='lat' dir='ltr'>amplitu-</span> 
     </span>
     <span class='ocr_line' id='line_1_42' title="bbox 83 1881 951 1920; baseline -0.001 -7"><span class='ocrx_word' id='word_1_312' title='bbox 83 1881 189 1913; x_wconf 86' lang='lat' dir='ltr'>dinem</span> <span class='ocrx_word' id='word_1_313' title='bbox 220 1881 394 1913; x_wconf 68' lang='lat' dir='ltr'>coaretavit</span> <span class='ocrx_word' id='word_1_314' title='bbox 418 1882 504 1920; x_wconf 83' lang='lat' dir='ltr'>usus,</span> <span class='ocrx_word' id='word_1_315' title='bbox 529 1882 726 1914; x_wconf 85' lang='lat' dir='ltr'>severitatem</span> <span class='ocrx_word' id='word_1_316' title='bbox 752 1883 879 1913; x_wconf 90' lang='lat' dir='ltr'>nimiam</span> <span class='ocrx_word' id='word_1_317' title='bbox 898 1881 951 1912; x_wconf 86' lang='lat' dir='ltr'>ali-</span> 
     </span>
     <span class='ocr_line' id='line_1_43' title="bbox 82 1921 951 1963; baseline 0 -10"><span class='ocrx_word' id='word_1_318' title='bbox 82 1931 144 1963; x_wconf 89' lang='lat' dir='ltr'>qua</span> <span class='ocrx_word' id='word_1_319' title='bbox 167 1922 312 1954; x_wconf 88' lang='lat' dir='ltr'>molliens</span> <span class='ocrx_word' id='word_1_320' title='bbox 335 1922 548 1958; x_wconf 74' lang='lat' dir='ltr'>humanitate,</span> <span class='ocrx_word' id='word_1_321' title='bbox 571 1932 633 1954; x_wconf 91' lang='lat' dir='ltr'>non</span> <span class='ocrx_word' id='word_1_322' title='bbox 657 1924 753 1954; x_wconf 87' lang='lat' dir='ltr'>invita</span> <span class='ocrx_word' id='word_1_323' title='bbox 777 1921 951 1954; x_wconf 84' lang='lat' dir='ltr'>Oratione:</span> 
     </span>
     <span class='ocr_line' id='line_1_44' title="bbox 84 1962 949 2005; baseline -0.001 -10"><span class='ocrx_word' id='word_1_324' title='bbox 84 1963 290 1995; x_wconf 78' lang='lat' dir='ltr'>credentibus</span> <span class='ocrx_word' id='word_1_325' title='bbox 318 1962 509 2001; x_wconf 80' lang='lat' dir='ltr'>Veteribus,</span> <span class='ocrx_word' id='word_1_326' title='bbox 543 1964 584 1996; x_wconf 89' lang='lat' dir='ltr'>illi</span> <span class='ocrx_word' id='word_1_327' title='bbox 609 1974 672 1995; x_wconf 81' lang='lat' dir='ltr'>non</span> <span class='ocrx_word' id='word_1_328' title='bbox 701 1963 790 1994; x_wconf 82' lang='lat' dir='ltr'>fuiffe</span> <span class='ocrx_word' id='word_1_329' title='bbox 813 1962 949 2005; x_wconf 82' lang='lat' dir='ltr'>proposi-</span> 
     </span>
     <span class='ocr_line' id='line_1_45' title="bbox 82 2005 949 2046; baseline 0.001 -11"><span class='ocrx_word' id='word_1_330' title='bbox 82 2011 168 2043; x_wconf 87' lang='lat' dir='ltr'>tum,</span> <span class='ocrx_word' id='word_1_331' title='bbox 192 2006 341 2035; x_wconf 88' lang='lat' dir='ltr'>damnare</span> <span class='ocrx_word' id='word_1_332' title='bbox 357 2012 409 2036; x_wconf 85' lang='lat' dir='ltr'>aut</span> <span class='ocrx_word' id='word_1_333' title='bbox 427 2006 541 2036; x_wconf 84' lang='lat' dir='ltr'>tollere</span> <span class='ocrx_word' id='word_1_334' title='bbox 564 2005 759 2046; x_wconf 76' lang='lat' dir='ltr'>conjugalem</span> <span class='ocrx_word' id='word_1_335' title='bbox 778 2005 949 2046; x_wconf 83' lang='lat' dir='ltr'>benignita-</span> 
     </span>
     <span class='ocr_line' id='line_1_46' title="bbox 79 2044 950 2085; baseline 0 -8"><span class='ocrx_word' id='word_1_336' title='bbox 79 2052 165 2077; x_wconf 81' lang='lat' dir='ltr'>tem:</span> <span class='ocrx_word' id='word_1_337' title='bbox 189 2044 242 2077; x_wconf 83' lang='lat' dir='ltr'>sed</span> <span class='ocrx_word' id='word_1_338' title='bbox 266 2055 399 2083; x_wconf 88' lang='lat' dir='ltr'>cavere,</span> <span class='ocrx_word' id='word_1_339' title='bbox 422 2056 461 2077; x_wconf 91' lang='lat' dir='ltr'>ne</span> <span class='ocrx_word' id='word_1_340' title='bbox 484 2056 522 2077; x_wconf 89' lang='lat' dir='ltr'>eo</span> <span class='ocrx_word' id='word_1_341' title='bbox 547 2054 701 2085; x_wconf 71' lang='lat' dir='ltr'>pizctextu</span> <span class='ocrx_word' id='word_1_342' title='bbox 724 2046 950 2084; x_wconf 71' lang='lat' dir='ltr'>abutentibus,</span> 
     </span>
     <span class='ocr_line' id='line_1_47' title="bbox 84 2085 949 2128; baseline 0.001 -11"><span class='ocrx_word' id='word_1_343' title='bbox 84 2086 168 2128; x_wconf 81' lang='lat' dir='ltr'>(ipsa</span> <span class='ocrx_word' id='word_1_344' title='bbox 184 2086 295 2118; x_wconf 88' lang='lat' dir='ltr'>adfero</span> <span class='ocrx_word' id='word_1_345' title='bbox 315 2085 478 2119; x_wconf 84' lang='lat' dir='ltr'>Orationis</span> <span class='ocrx_word' id='word_1_346' title='bbox 495 2089 611 2127; x_wconf 88' lang='lat' dir='ltr'>verba)</span> <span class='ocrx_word' id='word_1_347' title='bbox 629 2088 725 2118; x_wconf 81' lang='lat' dir='ltr'>melior</span> <span class='ocrx_word' id='word_1_348' title='bbox 747 2089 777 2118; x_wconf 84' lang='lat' dir='ltr'>in</span> <span class='ocrx_word' id='word_1_349' title='bbox 795 2093 949 2128; x_wconf 80' lang='lat' dir='ltr'>pauperta-</span> 
     </span>
     <span class='ocr_line' id='line_1_48' title="bbox 82 2127 949 2169; baseline 0.001 -10"><span class='ocrx_word' id='word_1_350' title='bbox 82 2134 138 2159; x_wconf 75' lang='lat' dir='ltr'>tem</span> <span class='ocrx_word' id='word_1_351' title='bbox 154 2129 307 2165; x_wconf 70' lang='lat' dir='ltr'>incideret,</span> <span class='ocrx_word' id='word_1_352' title='bbox 323 2130 443 2159; x_wconf 81' lang='lat' dir='ltr'>deterior</span> <span class='ocrx_word' id='word_1_353' title='bbox 459 2130 546 2160; x_wconf 83' lang='lat' dir='ltr'>ditior</span> <span class='ocrx_word' id='word_1_354' title='bbox 562 2129 654 2169; x_wconf 80' lang='lat' dir='ltr'>fieret.</span> <span class='ocrx_word' id='word_1_355' title='bbox 680 2128 748 2159; x_wconf 88' lang='lat' dir='ltr'>Sint</span> <span class='ocrx_word' id='word_1_356' title='bbox 766 2129 857 2169; x_wconf 85' lang='lat' dir='ltr'>igitur</span> <span class='ocrx_word' id='word_1_357' title='bbox 881 2127 949 2160; x_wconf 90' lang='lat' dir='ltr'>infl-</span> 
     </span>
     <span class='ocr_line' id='line_1_49' title="bbox 82 2167 950 2210; baseline 0.001 -10"><span class='ocrx_word' id='word_1_358' title='bbox 82 2170 148 2200; x_wconf 81' lang='lat' dir='ltr'>nita</span> <span class='ocrx_word' id='word_1_359' title='bbox 172 2169 278 2209; x_wconf 87' lang='lat' dir='ltr'>priora</span> <span class='ocrx_word' id='word_1_360' title='bbox 303 2167 464 2201; x_wconf 88' lang='lat' dir='ltr'>Orationis</span> <span class='ocrx_word' id='word_1_361' title='bbox 490 2171 604 2202; x_wconf 85' lang='lat' dir='ltr'>verba:</span> <span class='ocrx_word' id='word_1_362' title='bbox 628 2178 659 2200; x_wconf 89' lang='lat' dir='ltr'>at</span> <span class='ocrx_word' id='word_1_363' title='bbox 685 2170 844 2210; x_wconf 76' lang='lat' dir='ltr'>sequentia</span> <span class='ocrx_word' id='word_1_364' title='bbox 863 2170 950 2201; x_wconf 85' lang='lat' dir='ltr'>eviri-</span> 
     </span>
     <span class='ocr_line' id='line_1_50' title="bbox 80 2210 950 2251; baseline 0.002 -11"><span class='ocrx_word' id='word_1_365' title='bbox 80 2216 180 2248; x_wconf 85' lang='lat' dir='ltr'>cunt,</span> <span class='ocrx_word' id='word_1_366' title='bbox 202 2211 268 2250; x_wconf 89' lang='lat' dir='ltr'>ejus</span> <span class='ocrx_word' id='word_1_367' title='bbox 292 2218 432 2242; x_wconf 85' lang='lat' dir='ltr'>mentem</span> <span class='ocrx_word' id='word_1_368' title='bbox 456 2210 564 2249; x_wconf 75' lang='lat' dir='ltr'>furffe,</span> <span class='ocrx_word' id='word_1_369' title='bbox 589 2211 683 2242; x_wconf 83' lang='lat' dir='ltr'>solam</span> <span class='ocrx_word' id='word_1_370' title='bbox 707 2210 877 2251; x_wconf 86' lang='lat' dir='ltr'>prohibere</span> <span class='ocrx_word' id='word_1_371' title='bbox 893 2214 950 2242; x_wconf 90' lang='lat' dir='ltr'>do-</span> 
     </span>
     <span class='ocr_line' id='line_1_51' title="bbox 80 2251 948 2292; baseline 0 -9"><span class='ocrx_word' id='word_1_372' title='bbox 80 2252 246 2283; x_wconf 87' lang='lat' dir='ltr'>nationem</span> <span class='ocrx_word' id='word_1_373' title='bbox 262 2260 332 2290; x_wconf 86' lang='lat' dir='ltr'>quae</span> <span class='ocrx_word' id='word_1_374' title='bbox 356 2253 528 2283; x_wconf 89' lang='lat' dir='ltr'>donantem</span> <span class='ocrx_word' id='word_1_375' title='bbox 555 2253 791 2292; x_wconf 86' lang='lat' dir='ltr'>pauperiorem,</span> <span class='ocrx_word' id='word_1_376' title='bbox 816 2252 846 2283; x_wconf 88' lang='lat'>&amp;</span> <span class='ocrx_word' id='word_1_377' title='bbox 871 2251 948 2283; x_wconf 85' lang='lat' dir='ltr'>acci·</span> 
     </span>
     <span class='ocr_line' id='line_1_52' title="bbox 79 2292 949 2333; baseline 0.002 -11"><span class='ocrx_word' id='word_1_378' title='bbox 79 2292 224 2333; x_wconf 86' lang='lat' dir='ltr'>pientem</span> <span class='ocrx_word' id='word_1_379' title='bbox 242 2293 388 2324; x_wconf 82' lang='lat' dir='ltr'>ditiorem</span> <span class='ocrx_word' id='word_1_380' title='bbox 405 2292 510 2324; x_wconf 88' lang='lat' dir='ltr'>faciat.</span> <span class='ocrx_word' id='word_1_381' title='bbox 536 2295 668 2332; x_wconf 82' lang='lat' dir='ltr'>proinde</span> <span class='ocrx_word' id='word_1_382' title='bbox 686 2293 705 2324; x_wconf 81' lang='lat' dir='ltr'>fi</span> <span class='ocrx_word' id='word_1_383' title='bbox 729 2302 798 2332; x_wconf 88' lang='lat' dir='ltr'>quae</span> <span class='ocrx_word' id='word_1_384' title='bbox 821 2294 949 2324; x_wconf 84' lang='lat' dir='ltr'>donatio</span> 
     </span>
     <span class='ocr_line' id='line_1_53' title="bbox 82 2333 949 2375; baseline 0.001 -11"><span class='ocrx_word' id='word_1_385' title='bbox 82 2333 255 2365; x_wconf 87' lang='lat' dir='ltr'>donantem</span> <span class='ocrx_word' id='word_1_386' title='bbox 271 2333 365 2365; x_wconf 86' lang='lat' dir='ltr'>faciat</span> <span class='ocrx_word' id='word_1_387' title='bbox 384 2334 605 2375; x_wconf 79' lang='lat' dir='ltr'>pauperiorem</span> <span class='ocrx_word' id='word_1_388' title='bbox 617 2358 626 2372; x_wconf 90' lang='lat'>,</span> <span class='ocrx_word' id='word_1_389' title='bbox 642 2334 853 2374; x_wconf 85' lang='lat' dir='ltr'>accipientem</span> <span class='ocrx_word' id='word_1_390' title='bbox 873 2343 949 2365; x_wconf 89' lang='lat' dir='ltr'>vero</span> 
     </span>
     <span class='ocr_line' id='line_1_54' title="bbox 80 2373 948 2416; baseline 0.001 -11"><span class='ocrx_word' id='word_1_391' title='bbox 80 2382 146 2405; x_wconf 88' lang='lat' dir='ltr'>non</span> <span class='ocrx_word' id='word_1_392' title='bbox 157 2373 255 2405; x_wconf 86' lang='lat' dir='ltr'>faciat</span> <span class='ocrx_word' id='word_1_393' title='bbox 267 2375 506 2416; x_wconf 70' lang='lat' dir='ltr'>locupletiorem</span> <span class='ocrx_word' id='word_1_394' title='bbox 517 2399 525 2412; x_wconf 90' lang='lat'>,</span> <span class='ocrx_word' id='word_1_395' title='bbox 537 2384 588 2406; x_wconf 82' lang='lat' dir='ltr'>aut</span> <span class='ocrx_word' id='word_1_396' title='bbox 598 2383 709 2406; x_wconf 83' lang='lat' dir='ltr'>contra</span> <span class='ocrx_word' id='word_1_397' title='bbox 721 2386 728 2406; x_wconf 73' lang='grc' dir='ltr'><strong><em>ε</em></strong></span> <span class='ocrx_word' id='word_1_398' title='bbox 740 2374 814 2406; x_wconf 90' lang='lat' dir='ltr'>nihil</span> <span class='ocrx_word' id='word_1_399' title='bbox 832 2375 948 2415; x_wconf 87' lang='lat' dir='ltr'>impro-</span> 
     </span>
     <span class='ocr_line' id='line_1_55' title="bbox 78 2414 949 2455; baseline 0.002 -10"><span class='ocrx_word' id='word_1_400' title='bbox 78 2414 340 2453; x_wconf 72' lang='lat' dir='ltr'>batur-‚cellante</span> <span class='ocrx_word' id='word_1_401' title='bbox 359 2417 481 2448; x_wconf 79' lang='lat' dir='ltr'>ratione</span> <span class='ocrx_word' id='word_1_402' title='bbox 499 2415 733 2455; x_wconf 74' lang='lat' dir='ltr'>prohibitionis.</span> <span class='ocrx_word' id='word_1_403' title='bbox 751 2415 803 2448; x_wconf 88' lang='lat' dir='ltr'>Ne</span> <span class='ocrx_word' id='word_1_404' title='bbox 821 2426 869 2447; x_wconf 83' lang='lat' dir='ltr'>res</span> <span class='ocrx_word' id='word_1_405' title='bbox 886 2416 949 2447; x_wconf 89' lang='lat' dir='ltr'>sine</span> 
     </span>
     <span class='ocr_line' id='line_1_56' title="bbox 82 2456 947 2499; baseline 0.003 -14"><span class='ocrx_word' id='word_1_406' title='bbox 82 2457 232 2495; x_wconf 81' lang='lat' dir='ltr'>exemplo</span> <span class='ocrx_word' id='word_1_407' title='bbox 256 2456 350 2495; x_wconf 80' lang='lat' dir='ltr'>effer,</span> <span class='ocrx_word' id='word_1_408' title='bbox 392 2460 542 2498; x_wconf 60' lang='lat' dir='ltr'>ulpianus</span> <span class='ocrx_word' id='word_1_409' title='bbox 565 2458 582 2489; x_wconf 88' lang='lat' dir='ltr'>l.</span> <span class='ocrx_word' id='word_1_410' title='bbox 599 2469 628 2498; x_wconf 79' lang='lat'>5.</span> <span class='ocrx_word' id='word_1_411' title='bbox 652 2457 680 2499; x_wconf 82' lang='lat'>§.</span> <span class='ocrx_word' id='word_1_412' title='bbox 699 2462 728 2492; x_wconf 75' lang='lat'>8.</span> <span class='ocrx_word' id='word_1_413' title='bbox 755 2457 797 2488; x_wconf 90' lang='lat' dir='ltr'>D.</span> <span class='ocrx_word' id='word_1_414' title='bbox 815 2458 842 2488; x_wconf 83' lang='lat' dir='ltr'>h.</span> <span class='ocrx_word' id='word_1_415' title='bbox 858 2465 879 2488; x_wconf 85' lang='lat' dir='ltr'>t.</span> <span class='ocrx_word' id='word_1_416' title='bbox 905 2457 947 2488; x_wconf 87' lang='lat' dir='ltr'>se-</span> 
     </span>
     <span class='ocr_line' id='line_1_57' title="bbox 79 2495 946 2538; baseline 0.003 -12"><span class='ocrx_word' id='word_1_417' title='bbox 79 2495 240 2535; x_wconf 83' lang='lat' dir='ltr'>pulturae,</span> <span class='ocrx_word' id='word_1_418' title='bbox 261 2499 378 2538; x_wconf 87' lang='lat' dir='ltr'>inquit,</span> <span class='ocrx_word' id='word_1_419' title='bbox 402 2499 508 2530; x_wconf 89' lang='lat' dir='ltr'>locum</span> <span class='ocrx_word' id='word_1_420' title='bbox 534 2507 648 2530; x_wconf 85' lang='lat' dir='ltr'>mai-ito</span> <span class='ocrx_word' id='word_1_421' title='bbox 676 2500 714 2529; x_wconf 87' lang='lat' dir='ltr'>ab</span> <span class='ocrx_word' id='word_1_422' title='bbox 738 2508 838 2529; x_wconf 79' lang='lat' dir='ltr'>uxore</span> <span class='ocrx_word' id='word_1_423' title='bbox 853 2522 864 2538; x_wconf 91' lang='lat'>,</span> <span class='ocrx_word' id='word_1_424' title='bbox 894 2499 946 2529; x_wconf 87' lang='lat' dir='ltr'>vel</span> 
     </span>
     <span class='ocr_line' id='line_1_58' title="bbox 83 2538 942 2580; baseline 0.003 -13"><span class='ocrx_word' id='word_1_425' title='bbox 83 2544 214 2574; x_wconf 88' lang='lat' dir='ltr'>contra,</span> <span class='ocrx_word' id='word_1_426' title='bbox 238 2538 321 2578; x_wconf 90' lang='lat' dir='ltr'>posse</span> <span class='ocrx_word' id='word_1_427' title='bbox 337 2541 446 2571; x_wconf 88' lang='lat' dir='ltr'>donari</span> <span class='ocrx_word' id='word_1_428' title='bbox 466 2541 593 2572; x_wconf 84' lang='lat' dir='ltr'>constat.</span> <span class='ocrx_word' id='word_1_429' title='bbox 618 2541 646 2571; x_wconf 67' lang='grc' dir='ltr'>ἃ</span> <span class='ocrx_word' id='word_1_430' title='bbox 666 2539 684 2570; x_wconf 86' lang='lat' dir='ltr'>si</span> <span class='ocrx_word' id='word_1_431' title='bbox 703 2541 831 2580; x_wconf 86' lang='lat' dir='ltr'>quidem</span> <span class='ocrx_word' id='word_1_432' title='bbox 862 2539 942 2571; x_wconf 86' lang='lat' dir='ltr'>intu-</span> 
     </span>
     <span class='ocr_line' id='line_1_59' title="bbox 81 2576 942 2621; baseline 0.005 -13"><span class='ocrx_word' id='word_1_433' title='bbox 81 2577 172 2615; x_wconf 87' lang='lat' dir='ltr'>lerit,</span> <span class='ocrx_word' id='word_1_434' title='bbox 195 2576 291 2609; x_wconf 89' lang='lat' dir='ltr'>faciet</span> <span class='ocrx_word' id='word_1_435' title='bbox 308 2580 412 2613; x_wconf 88' lang='lat' dir='ltr'>locum</span> <span class='ocrx_word' id='word_1_436' title='bbox 429 2581 618 2621; x_wconf 81' lang='lat' dir='ltr'>religiosum.</span> <span class='ocrx_word' id='word_1_437' title='bbox 662 2580 714 2611; x_wconf 88' lang='lat' dir='ltr'>Ne</span> <span class='ocrx_word' id='word_1_438' title='bbox 732 2590 862 2620; x_wconf 89' lang='lat' dir='ltr'>quoque</span> <span class='ocrx_word' id='word_1_439' title='bbox 886 2582 942 2612; x_wconf 88' lang='lat' dir='ltr'>ob·</span> 
     </span>
     <span class='ocr_line' id='line_1_60' title="bbox 77 2616 944 2664; baseline 0.006 -16"><span class='ocrx_word' id='word_1_440' title='bbox 77 2616 169 2664; x_wconf 80' lang='lat' dir='ltr'>scura</span> <span class='ocrx_word' id='word_1_441' title='bbox 186 2617 262 2650; x_wconf 80' lang='lat' dir='ltr'>ess‘et</span> <span class='ocrx_word' id='word_1_442' title='bbox 276 2620 353 2651; x_wconf 84' lang='lat' dir='ltr'>ratio</span> <span class='ocrx_word' id='word_1_443' title='bbox 369 2623 505 2654; x_wconf 75' lang='lat' dir='ltr'>conceffi</span> <span class='ocrx_word' id='word_1_444' title='bbox 521 2624 611 2661; x_wconf 88' lang='lat' dir='ltr'>juris:</span> <span class='ocrx_word' id='word_1_445' title='bbox 635 2623 793 2660; x_wconf 80' lang='lat' dir='ltr'>causatur,</span> <span class='ocrx_word' id='word_1_446' title='bbox 813 2623 876 2653; x_wconf 91' lang='lat' dir='ltr'>hoc</span> <span class='ocrx_word' id='word_1_447' title='bbox 892 2632 944 2653; x_wconf 87' lang='lat' dir='ltr'>ve-</span> 
     </span>
     <span class='ocr_line' id='line_1_61' title="bbox 75 2662 942 2701; baseline 0.006 -12"><span class='ocrx_word' id='word_1_448' title='bbox 75 2667 145 2690; x_wconf 86' lang='lat' dir='ltr'>nire</span> <span class='ocrx_word' id='word_1_449' title='bbox 161 2668 201 2690; x_wconf 84' lang='lat' dir='ltr'>ex</span> <span class='ocrx_word' id='word_1_450' title='bbox 219 2669 260 2691; x_wconf 90' lang='lat' dir='ltr'>eo</span> <span class='ocrx_word' id='word_1_451' title='bbox 278 2662 364 2700; x_wconf 91' lang='lat' dir='ltr'>quod</span> <span class='ocrx_word' id='word_1_452' title='bbox 380 2662 456 2694; x_wconf 86' lang='lat' dir='ltr'>solet</span> <span class='ocrx_word' id='word_1_453' title='bbox 474 2664 616 2701; x_wconf 86' lang='lat' dir='ltr'>definiri,</span> <span class='ocrx_word' id='word_1_454' title='bbox 641 2673 709 2695; x_wconf 84' lang='lat' dir='ltr'>eam</span> <span class='ocrx_word' id='word_1_455' title='bbox 736 2664 862 2695; x_wconf 89' lang='lat' dir='ltr'>demum</span> <span class='ocrx_word' id='word_1_456' title='bbox 888 2665 942 2695; x_wconf 90' lang='lat' dir='ltr'>im-</span> 
     </span>
     <span class='ocr_line' id='line_1_62' title="bbox 81 2699 942 2746; baseline 0.007 -16"><span class='ocrx_word' id='word_1_457' title='bbox 81 2699 404 2746; x_wconf 23' lang='lat' dir='ltr'>pedirirdonationem</span> <span class='ocrx_word' id='word_1_458' title='bbox 421 2713 489 2742; x_wconf 80' lang='lat' dir='ltr'>quae</span> <span class='ocrx_word' id='word_1_459' title='bbox 509 2706 679 2736; x_wconf 85' lang='lat' dir='ltr'>donantem</span> <span class='ocrx_word' id='word_1_460' title='bbox 704 2706 942 2745; x_wconf 84' lang='lat' dir='ltr'>pauperiorem,</span> 
     </span>
     <span class='ocr_line' id='line_1_63' title="bbox 78 2740 944 2785; baseline 0.007 -14"><span class='ocrx_word' id='word_1_461' title='bbox 78 2740 110 2785; x_wconf 69' lang='grc' dir='ltr'>ὃς</span> <span class='ocrx_word' id='word_1_462' title='bbox 128 2744 339 2781; x_wconf 88' lang='lat' dir='ltr'>accipientem</span> <span class='ocrx_word' id='word_1_463' title='bbox 360 2743 601 2780; x_wconf 78' lang='lat' dir='ltr'>locupletiorem</span> <span class='ocrx_word' id='word_1_464' title='bbox 620 2746 708 2777; x_wconf 80' lang='lat' dir='ltr'>facit.</span> <span class='ocrx_word' id='word_1_465' title='bbox 752 2745 851 2776; x_wconf 85' lang='lat' dir='ltr'>Porro</span> <span class='ocrx_word' id='word_1_466' title='bbox 877 2756 944 2778; x_wconf 89' lang='lat' dir='ltr'>non</span> 
     </span>
     <span class='ocr_line' id='line_1_64' title="bbox 78 2781 942 2827; baseline 0.006 -15"><span class='ocrx_word' id='word_1_467' title='bbox 78 2781 179 2826; x_wconf 75' lang='lat' dir='ltr'>videri</span> <span class='ocrx_word' id='word_1_468' title='bbox 198 2783 444 2823; x_wconf 82' lang='lat' dir='ltr'>locupletiorem</span> <span class='ocrx_word' id='word_1_469' title='bbox 462 2785 526 2817; x_wconf 88' lang='lat' dir='ltr'>fieri</span> <span class='ocrx_word' id='word_1_470' title='bbox 545 2796 580 2817; x_wconf 86' lang='lat' dir='ltr'>ea</span> <span class='ocrx_word' id='word_1_471' title='bbox 597 2787 625 2818; x_wconf 81' lang='lat' dir='ltr'>in</span> <span class='ocrx_word' id='word_1_472' title='bbox 644 2796 800 2827; x_wconf 87' lang='lat' dir='ltr'>re,quam</span> <span class='ocrx_word' id='word_1_473' title='bbox 820 2788 942 2827; x_wconf 78' lang='lat' dir='ltr'>religio-</span> 
     </span>
     <span class='ocr_line' id='line_1_65' title="bbox 75 2823 943 2867; baseline 0.006 -14"><span class='ocrx_word' id='word_1_474' title='bbox 75 2823 110 2854; x_wconf 84' lang='lat' dir='ltr'>ni</span> <span class='ocrx_word' id='word_1_475' title='bbox 128 2823 266 2863; x_wconf 82' lang='lat' dir='ltr'>dicavit3</span> <span class='ocrx_word' id='word_1_476' title='bbox 288 2833 360 2856; x_wconf 91' lang='lat' dir='ltr'>cum</span> <span class='ocrx_word' id='word_1_477' title='bbox 378 2825 413 2856; x_wconf 82' lang='lat' dir='ltr'>fit</span> <span class='ocrx_word' id='word_1_478' title='bbox 437 2827 559 2858; x_wconf 66' lang='lat' dir='ltr'>nullius.</span> <span class='ocrx_word' id='word_1_479' title='bbox 604 2828 700 2867; x_wconf 67' lang='lat' dir='ltr'>Atqui</span> <span class='ocrx_word' id='word_1_480' title='bbox 723 2836 865 2865; x_wconf 87' lang='lat' dir='ltr'>emeret,</span> <span class='ocrx_word' id='word_1_481' title='bbox 890 2828 943 2859; x_wconf 78' lang='lat' dir='ltr'>nisi</span> 
     </span>
     <span class='ocr_line' id='line_1_66' title="bbox 78 2865 943 2911; baseline 0.007 -17"><span class='ocrx_word' id='word_1_482' title='bbox 78 2872 98 2894; x_wconf 90' lang='lat' dir='ltr'>a</span> <span class='ocrx_word' id='word_1_483' title='bbox 119 2865 234 2911; x_wconf 82' lang='lat' dir='ltr'>marito</span> <span class='ocrx_word' id='word_1_484' title='bbox 259 2865 437 2905; x_wconf 80' lang='lat' dir='ltr'>accepiffet.</span> <span class='ocrx_word' id='word_1_485' title='bbox 480 2867 540 2898; x_wconf 85' lang='lat' dir='ltr'>Sed</span> <span class='ocrx_word' id='word_1_486' title='bbox 565 2867 716 2909; x_wconf 83' lang='lat' dir='ltr'>Ulpianus</span> <span class='ocrx_word' id='word_1_487' title='bbox 742 2871 855 2902; x_wconf 87' lang='lat' dir='ltr'>nolens</span> <span class='ocrx_word' id='word_1_488' title='bbox 880 2870 943 2900; x_wconf 89' lang='lat' dir='ltr'>hoc</span> 
     </span>
     <span class='ocr_line' id='line_1_67' title="bbox 77 2910 945 2949; baseline 0.007 -13"><span class='ocrx_word' id='word_1_489' title='bbox 77 2913 203 2936; x_wconf 88' lang='lat' dir='ltr'>moveri</span> <span class='ocrx_word' id='word_1_490' title='bbox 227 2914 435 2947; x_wconf 84' lang='lat' dir='ltr'>quemquam,</span> <span class='ocrx_word' id='word_1_491' title='bbox 469 2917 578 2940; x_wconf 87' lang='lat' dir='ltr'>contra</span> <span class='ocrx_word' id='word_1_492' title='bbox 602 2912 644 2941; x_wconf 75' lang='lat' dir='ltr'>ait</span> <span class='ocrx_word' id='word_1_493' title='bbox 661 2935 668 2947; x_wconf 85' lang='lat'><strong>‚</strong></span> <span class='ocrx_word' id='word_1_494' title='bbox 701 2920 833 2942; x_wconf 80' lang='lat' dir='ltr'>uxorem</span> <span class='ocrx_word' id='word_1_495' title='bbox 851 2935 859 2949; x_wconf 96' lang='lat'>,</span> <span class='ocrx_word' id='word_1_496' title='bbox 890 2910 945 2942; x_wconf 82' lang='lat' dir='ltr'>etsi</span> 
     </span>
     <span class='ocr_line' id='line_1_68' title="bbox 78 2947 945 2989; baseline 0.007 -12"><span class='ocrx_word' id='word_1_497' title='bbox 78 2947 251 2987; x_wconf 86' lang='lat' dir='ltr'>pauperior</span> <span class='ocrx_word' id='word_1_498' title='bbox 266 2947 378 2987; x_wconf 84' lang='lat' dir='ltr'>fieret,</span> <span class='ocrx_word' id='word_1_499' title='bbox 402 2948 455 2980; x_wconf 87' lang='lat' dir='ltr'>nisi</span> <span class='ocrx_word' id='word_1_500' title='bbox 479 2951 604 2982; x_wconf 65' lang='lat' dir='ltr'>maritus</span> <span class='ocrx_word' id='word_1_501' title='bbox 630 2952 778 2989; x_wconf 74' lang='lat' dir='ltr'>dedisset,</span> <span class='ocrx_word' id='word_1_502' title='bbox 812 2962 877 2984; x_wconf 89' lang='lat' dir='ltr'>non</span> <span class='ocrx_word' id='word_1_503' title='bbox 903 2960 945 2983; x_wconf 81' lang='lat' dir='ltr'>ta-</span> 
     </span>
     <span class='ocr_line' id='line_1_69' title="bbox 78 2988 943 3031; baseline 0.005 -11"><span class='ocrx_word' id='word_1_504' title='bbox 78 2996 153 3020; x_wconf 85' lang='lat' dir='ltr'>men</span> <span class='ocrx_word' id='word_1_505' title='bbox 175 2988 295 3020; x_wconf 84' lang='lat' dir='ltr'>idcirco</span> <span class='ocrx_word' id='word_1_506' title='bbox 318 2988 385 3021; x_wconf 88' lang='lat' dir='ltr'>fieri</span> <span class='ocrx_word' id='word_1_507' title='bbox 405 2990 664 3030; x_wconf 85' lang='lat' dir='ltr'>locupletiorem,</span> <span class='ocrx_word' id='word_1_508' title='bbox 689 2994 777 3031; x_wconf 88' lang='lat' dir='ltr'>quod</span> <span class='ocrx_word' id='word_1_509' title='bbox 801 3003 865 3024; x_wconf 90' lang='lat' dir='ltr'>non</span> <span class='ocrx_word' id='word_1_510' title='bbox 891 3003 943 3024; x_wconf 85' lang='lat' dir='ltr'>ex—</span> 
     </span>
     <span class='ocr_line' id='line_1_70' title="bbox 78 3029 945 3074; baseline 0.006 -14"><span class='ocrx_word' id='word_1_511' title='bbox 78 3029 201 3069; x_wconf 84' lang='lat' dir='ltr'>pendit.</span> <span class='ocrx_word' id='word_1_512' title='bbox 226 3029 298 3061; x_wconf 86' lang='lat' dir='ltr'>Plus</span> <span class='ocrx_word' id='word_1_513' title='bbox 317 3031 358 3061; x_wconf 81' lang='lat' dir='ltr'>ait</span> <span class='ocrx_word' id='word_1_514' title='bbox 378 3029 529 3071; x_wconf 83' lang='lat' dir='ltr'>Ulpianus</span> <span class='ocrx_word' id='word_1_515' title='bbox 546 3033 572 3074; x_wconf 80' lang='lat'>§.</span> <span class='ocrx_word' id='word_1_516' title='bbox 590 3044 618 3070; x_wconf 87' lang='lat'>9.</span> <span class='ocrx_word' id='word_1_517' title='bbox 642 3037 660 3063; x_wconf 80' lang='lat' dir='ltr'>c!</span> <span class='ocrx_word' id='word_1_518' title='bbox 691 3035 708 3063; x_wconf 85' lang='lat' dir='ltr'>l.</span> <span class='ocrx_word' id='word_1_519' title='bbox 728 3045 757 3073; x_wconf 81' lang='lat'>5.</span> <span class='ocrx_word' id='word_1_520' title='bbox 783 3034 864 3065; x_wconf 79' lang='lat' dir='ltr'>hanc</span> <span class='ocrx_word' id='word_1_521' title='bbox 879 3043 945 3065; x_wconf 83' lang='lat' dir='ltr'>rem</span> 
     </span>
     <span class='ocr_line' id='line_1_71' title="bbox 76 3069 946 3114; baseline 0.006 -13"><span class='ocrx_word' id='word_1_522' title='bbox 76 3070 109 3102; x_wconf 72' lang='grc' dir='ltr'>ἂ</span> <span class='ocrx_word' id='word_1_523' title='bbox 122 3069 199 3102; x_wconf 88' lang='lat' dir='ltr'>illud</span> <span class='ocrx_word' id='word_1_524' title='bbox 215 3071 341 3103; x_wconf 88' lang='lat' dir='ltr'>suadere</span> <span class='ocrx_word' id='word_1_525' title='bbox 353 3095 362 3110; x_wconf 93' lang='lat'>,</span> <span class='ocrx_word' id='word_1_526' title='bbox 385 3071 405 3104; x_wconf 86' lang='lat' dir='ltr'>fi</span> <span class='ocrx_word' id='word_1_527' title='bbox 424 3080 551 3104; x_wconf 79' lang='lat' dir='ltr'>maritus</span> <span class='ocrx_word' id='word_1_528' title='bbox 568 3076 655 3105; x_wconf 73' lang='lat' dir='ltr'>uxori</span> <span class='ocrx_word' id='word_1_529' title='bbox 679 3075 842 3114; x_wconf 65' lang='lat' dir='ltr'>sepulturae</span> <span class='ocrx_word' id='word_1_530' title='bbox 858 3075 946 3106; x_wconf 83' lang='lat' dir='ltr'>causa</span> 
     </span>
     <span class='ocr_line' id='line_1_72' title="bbox 77 3110 944 3154; baseline 0.008 -13"><span class='ocrx_word' id='word_1_531' title='bbox 77 3110 261 3146; x_wconf 82' lang='lat' dir='ltr'>donaverit.</span> <span class='ocrx_word' id='word_1_532' title='bbox 285 3113 390 3144; x_wconf 90' lang='lat' dir='ltr'>locum</span> <span class='ocrx_word' id='word_1_533' title='bbox 409 3114 451 3144; x_wconf 81' lang='lat' dir='ltr'>ita</span> <span class='ocrx_word' id='word_1_534' title='bbox 475 3115 598 3146; x_wconf 88' lang='lat' dir='ltr'>demum</span> <span class='ocrx_word' id='word_1_535' title='bbox 616 3116 754 3146; x_wconf 68' lang='lat' dir='ltr'>mulieris</span> <span class='ocrx_word' id='word_1_536' title='bbox 768 3115 852 3154; x_wconf 84' lang='lat' dir='ltr'>fieri,</span> <span class='ocrx_word' id='word_1_537' title='bbox 873 3126 944 3149; x_wconf 85' lang='lat' dir='ltr'>cum</span> 
     </span>
     <span class='ocr_line' id='line_1_73' title="bbox 76 3153 940 3198; baseline 0.009 -17"><span class='ocrx_word' id='word_1_538' title='bbox 76 3159 195 3198; x_wconf 73' lang='lat' dir='ltr'>corpus</span> <span class='ocrx_word' id='word_1_539' title='bbox 218 3153 380 3186; x_wconf 86' lang='lat' dir='ltr'>humatur:</span> <span class='ocrx_word' id='word_1_540' title='bbox 403 3162 572 3193; x_wconf 80' lang='lat' dir='ltr'>caeterum,</span> <span class='ocrx_word' id='word_1_541' title='bbox 602 3165 770 3195; x_wconf 73' lang='lat' dir='ltr'>autequam</span> <span class='ocrx_word' id='word_1_542' title='bbox 795 3157 848 3188; x_wconf 76' lang='lat' dir='ltr'>fiat</span> <span class='ocrx_word' id='word_1_543' title='bbox 875 3158 940 3189; x_wconf 86' lang='lat' dir='ltr'>reli-</span> 
     </span>
     <span class='ocr_line' id='line_1_74' title="bbox 73 3194 944 3237; baseline 0.008 -14"><span class='ocrx_word' id='word_1_544' title='bbox 73 3194 202 3234; x_wconf 83' lang='lat' dir='ltr'>glosus‚</span> <span class='ocrx_word' id='word_1_545' title='bbox 225 3195 373 3228; x_wconf 88' lang='lat' dir='ltr'>donantis</span> <span class='ocrx_word' id='word_1_546' title='bbox 388 3205 537 3228; x_wconf 82' lang='lat' dir='ltr'>manere:</span> <span class='ocrx_word' id='word_1_547' title='bbox 563 3198 695 3237; x_wconf 79' lang='lat' dir='ltr'>proinde</span> <span class='ocrx_word' id='word_1_548' title='bbox 719 3196 738 3228; x_wconf 88' lang='lat' dir='ltr'>si</span> <span class='ocrx_word' id='word_1_549' title='bbox 769 3198 944 3230; x_wconf 75' lang='lat' dir='ltr'>distraxerit</span> 
     </span>
    </p>
   </div>
   <div class='ocr_carea' id='block_1_3' title="bbox 69 3235 942 3309">
    <p class='ocr_par' dir='ltr' id='par_1_4' title="bbox 69 3235 942 3309">
     <span class='ocr_line' id='line_1_75' title="bbox 76 3235 942 3309; baseline 0.006 -42"><span class='ocrx_word' id='word_1_550' title='bbox 76 3235 345 3309; x_wconf 52' lang='lat' dir='ltr'>mqll‘ler&#39;lllocum</span> <span class='ocrx_word' id='word_1_551' title='bbox 369 3237 533 3272; x_wconf 83' lang='lat' dir='ltr'>donatoris</span> <span class='ocrx_word' id='word_1_552' title='bbox 550 3247 687 3273; x_wconf 83' lang='lat' dir='ltr'>manere.</span> <span class='ocrx_word' id='word_1_553' title='bbox 730 3239 880 3272; x_wconf 83' lang='lat' dir='ltr'>Similiter</span> <span class='ocrx_word' id='word_1_554' title='bbox 900 3240 942 3273; x_wconf 85' lang='lat' dir='ltr'>ait</span> 
     </span>
     <span class='ocr_line' id='line_1_76' title="bbox 69 3284 267 3309; baseline 0.015 -3"><span class='ocrx_word' id='word_1_555' title='bbox 69 3284 79 3289; x_wconf 48' lang='lat'>·‘</span> <span class='ocrx_word' id='word_1_556' title='bbox 146 3284 198 3308; x_wconf 81' lang='lat' dir='ltr'>om.</span> <span class='ocrx_word' id='word_1_557' title='bbox 259 3301 267 3309; x_wconf 94' lang='lat'>.</span> 
     </span>
    </p>
   </div>
   <div class='ocr_carea' id='block_1_4' title="bbox 1808 139 1875 187">
    <p class='ocr_par' dir='ltr' id='par_1_5' title="bbox 1808 139 1875 187">
     <span class='ocr_line' id='line_1_77' title="bbox 1808 139 1875 187; baseline 0 -10"><span class='ocrx_word' id='word_1_558' title='bbox 1808 139 1875 187; x_wconf 51' lang='lat'>405</span> 
     </span>
    </p>
   </div>
   <div class='ocr_carea' id='block_1_5' title="bbox 980 229 1877 3315">
    <p class='ocr_par' dir='ltr' id='par_1_6' title="bbox 980 229 1877 3312">
     <span class='ocr_line' id='line_1_78' title="bbox 1007 229 1877 271; baseline 0 -10"><span class='ocrx_word' id='word_1_559' title='bbox 1007 229 1035 270; x_wconf 85' lang='lat'>§.</span> <span class='ocrx_word' id='word_1_560' title='bbox 1061 238 1104 261; x_wconf 87' lang='lat'>10.</span> <span class='ocrx_word' id='word_1_561' title='bbox 1130 230 1300 263; x_wconf 76' lang='lat' dir='ltr'>secundum</span> <span class='ocrx_word' id='word_1_562' title='bbox 1326 232 1394 263; x_wconf 68' lang='lat' dir='ltr'>haec</span> <span class='ocrx_word' id='word_1_563' title='bbox 1410 255 1419 271; x_wconf 92' lang='lat'>,</span> <span class='ocrx_word' id='word_1_564' title='bbox 1441 233 1462 264; x_wconf 86' lang='lat' dir='ltr'>fi</span> <span class='ocrx_word' id='word_1_565' title='bbox 1487 232 1613 265; x_wconf 87' lang='lat' dir='ltr'>maritus</span> <span class='ocrx_word' id='word_1_566' title='bbox 1637 230 1726 263; x_wconf 74' lang='lat' dir='ltr'>uxori</span> <span class='ocrx_word' id='word_1_567' title='bbox 1744 231 1802 262; x_wconf 82' lang='lat' dir='ltr'>suae</span> <span class='ocrx_word' id='word_1_568' title='bbox 1818 231 1877 263; x_wconf 88' lang='lat' dir='ltr'>do·</span> 
     </span>
     <span class='ocr_line' id='line_1_79' title="bbox 1006 271 1876 315; baseline 0.001 -14"><span class='ocrx_word' id='word_1_569' title='bbox 1006 272 1128 302; x_wconf 81' lang='lat' dir='ltr'>naverit</span> <span class='ocrx_word' id='word_1_570' title='bbox 1148 281 1389 305; x_wconf 83' lang='lat' dir='ltr'>monumentum</span> <span class='ocrx_word' id='word_1_571' title='bbox 1408 282 1519 313; x_wconf 88' lang='lat' dir='ltr'>purum</span> <span class='ocrx_word' id='word_1_572' title='bbox 1542 274 1645 315; x_wconf 83' lang='lat' dir='ltr'>magni</span> <span class='ocrx_word' id='word_1_573' title='bbox 1664 272 1775 314; x_wconf 86' lang='lat' dir='ltr'>pretii,</span> <span class='ocrx_word' id='word_1_574' title='bbox 1792 271 1876 302; x_wconf 86' lang='lat' dir='ltr'>vale-</span> 
     </span>
     <span class='ocr_line' id='line_1_80' title="bbox 1006 311 1875 353; baseline 0.001 -11"><span class='ocrx_word' id='word_1_575' title='bbox 1006 321 1039 342; x_wconf 90' lang='lat' dir='ltr'>re</span> <span class='ocrx_word' id='word_1_576' title='bbox 1062 314 1288 344; x_wconf 80' lang='lat' dir='ltr'>donationem:</span> <span class='ocrx_word' id='word_1_577' title='bbox 1318 313 1357 344; x_wconf 89' lang='lat' dir='ltr'>sic</span> <span class='ocrx_word' id='word_1_578' title='bbox 1382 322 1507 353; x_wconf 82' lang='lat' dir='ltr'>tamen3</span> <span class='ocrx_word' id='word_1_579' title='bbox 1531 323 1565 346; x_wconf 88' lang='lat' dir='ltr'>ut</span> <span class='ocrx_word' id='word_1_580' title='bbox 1586 315 1711 352; x_wconf 88' lang='lat' dir='ltr'>valeat,</span> <span class='ocrx_word' id='word_1_581' title='bbox 1742 322 1815 345; x_wconf 90' lang='lat' dir='ltr'>cum</span> <span class='ocrx_word' id='word_1_582' title='bbox 1838 311 1875 343; x_wconf 83' lang='lat' dir='ltr'>fit</span> 
     </span>
     <span class='ocr_line' id='line_1_81' title="bbox 1004 353 1877 396; baseline 0.001 -13"><span class='ocrx_word' id='word_1_583' title='bbox 1004 353 1195 394; x_wconf 79' lang='lat' dir='ltr'>religiosum.</span> <span class='ocrx_word' id='word_1_584' title='bbox 1237 354 1333 385; x_wconf 83' lang='lat' dir='ltr'>Addit</span> <span class='ocrx_word' id='word_1_585' title='bbox 1348 354 1376 395; x_wconf 84' lang='lat'>§.</span> <span class='ocrx_word' id='word_1_586' title='bbox 1397 364 1444 386; x_wconf 90' lang='lat'>11.</span> <span class='ocrx_word' id='word_1_587' title='bbox 1470 355 1525 387; x_wconf 79' lang='lat' dir='ltr'>etii</span> <span class='ocrx_word' id='word_1_588' title='bbox 1540 355 1603 396; x_wconf 88' lang='lat' dir='ltr'>ipsa</span> <span class='ocrx_word' id='word_1_589' title='bbox 1616 355 1714 387; x_wconf 90' lang='lat' dir='ltr'>fuerit</span> <span class='ocrx_word' id='word_1_590' title='bbox 1736 355 1790 386; x_wconf 89' lang='lat' dir='ltr'>illo</span> <span class='ocrx_word' id='word_1_591' title='bbox 1813 353 1877 385; x_wconf 87' lang='lat' dir='ltr'>illa·</span> 
     </span>
     <span class='ocr_line' id='line_1_82' title="bbox 1004 393 1874 437; baseline 0 -13"><span class='ocrx_word' id='word_1_592' title='bbox 1004 401 1053 432; x_wconf 88' lang='lat' dir='ltr'>ta,</span> <span class='ocrx_word' id='word_1_593' title='bbox 1078 393 1297 426; x_wconf 63' lang='lat' dir='ltr'>favorabiliter</span> <span class='ocrx_word' id='word_1_594' title='bbox 1323 403 1428 426; x_wconf 82' lang='lat' dir='ltr'>tamen</span> <span class='ocrx_word' id='word_1_595' title='bbox 1455 396 1537 435; x_wconf 89' lang='lat' dir='ltr'>dici,</span> <span class='ocrx_word' id='word_1_596' title='bbox 1562 398 1668 429; x_wconf 90' lang='lat' dir='ltr'>locum</span> <span class='ocrx_word' id='word_1_597' title='bbox 1693 394 1874 437; x_wconf 86' lang='lat' dir='ltr'>religiosum</span> 
     </span>
     <span class='ocr_line' id='line_1_83' title="bbox 1003 433 1874 478; baseline 0.003 -13"><span class='ocrx_word' id='word_1_598' title='bbox 1003 433 1094 465; x_wconf 74' lang='lat' dir='ltr'>fieri.v</span> <span class='ocrx_word' id='word_1_599' title='bbox 1123 436 1197 475; x_wconf 82' lang='lat' dir='ltr'>Ait,</span> <span class='ocrx_word' id='word_1_600' title='bbox 1215 437 1430 475; x_wconf 77' lang='lat' dir='ltr'>favorabiliter.</span> <span class='ocrx_word' id='word_1_601' title='bbox 1471 437 1590 470; x_wconf 76' lang='lat' dir='ltr'>Recte:</span> <span class='ocrx_word' id='word_1_602' title='bbox 1613 439 1684 478; x_wconf 87' lang='lat' dir='ltr'>quia</span> <span class='ocrx_word' id='word_1_603' title='bbox 1701 437 1809 470; x_wconf 71' lang='lat' dir='ltr'>striflo</span> <span class='ocrx_word' id='word_1_604' title='bbox 1822 434 1874 476; x_wconf 89' lang='lat' dir='ltr'>Ju-</span> 
     </span>
     <span class='ocr_line' id='line_1_84' title="bbox 1004 476 1872 516; baseline 0.003 -10"><span class='ocrx_word' id='word_1_605' title='bbox 1004 484 1037 507; x_wconf 89' lang='lat' dir='ltr'>re</span> <span class='ocrx_word' id='word_1_606' title='bbox 1062 484 1127 507; x_wconf 92' lang='lat' dir='ltr'>non</span> <span class='ocrx_word' id='word_1_607' title='bbox 1152 476 1344 509; x_wconf 85' lang='lat' dir='ltr'>convalescit</span> <span class='ocrx_word' id='word_1_608' title='bbox 1369 479 1521 516; x_wconf 86' lang='lat' dir='ltr'>donatio,</span> <span class='ocrx_word' id='word_1_609' title='bbox 1551 479 1683 510; x_wconf 91' lang='lat' dir='ltr'>muliere</span> <span class='ocrx_word' id='word_1_610' title='bbox 1699 477 1872 515; x_wconf 67' lang='lat' dir='ltr'>defuncta,</span> 
     </span>
     <span class='ocr_line' id='line_1_85' title="bbox 1001 517 1870 559; baseline 0.003 -12"><span class='ocrx_word' id='word_1_611' title='bbox 1001 517 1106 548; x_wconf 84' lang='lat' dir='ltr'>adhuc</span> <span class='ocrx_word' id='word_1_612' title='bbox 1131 517 1205 549; x_wconf 88' lang='lat' dir='ltr'>vivo</span> <span class='ocrx_word' id='word_1_613' title='bbox 1236 519 1351 550; x_wconf 82' lang='lat' dir='ltr'>marito</span> <span class='ocrx_word' id='word_1_614' title='bbox 1382 521 1434 559; x_wconf 84' lang='lat' dir='ltr'>qui</span> <span class='ocrx_word' id='word_1_615' title='bbox 1463 520 1595 551; x_wconf 88' lang='lat' dir='ltr'>donavit</span> <span class='ocrx_word' id='word_1_616' title='bbox 1618 521 1636 550; x_wconf 91' lang='lat' dir='ltr'>l.</span> <span class='ocrx_word' id='word_1_617' title='bbox 1663 525 1708 554; x_wconf 91' lang='lat'>18.</span> <span class='ocrx_word' id='word_1_618' title='bbox 1732 521 1764 552; x_wconf 89' lang='lat' dir='ltr'>C.</span> <span class='ocrx_word' id='word_1_619' title='bbox 1788 518 1816 550; x_wconf 77' lang='lat' dir='ltr'>h.</span> <span class='ocrx_word' id='word_1_620' title='bbox 1846 522 1870 550; x_wconf 86' lang='lat' dir='ltr'>t.</span> 
     </span>
     <span class='ocr_line' id='line_1_86' title="bbox 1000 557 1872 598; baseline 0.005 -10"><span class='ocrx_word' id='word_1_621' title='bbox 1000 557 1124 598; x_wconf 85' lang='lat' dir='ltr'>Pergit:</span> <span class='ocrx_word' id='word_1_622' title='bbox 1159 559 1315 598; x_wconf 86' lang='lat' dir='ltr'>Proinde,</span> <span class='ocrx_word' id='word_1_623' title='bbox 1348 559 1376 591; x_wconf 69' lang='grc' dir='ltr'>ἀ</span> <span class='ocrx_word' id='word_1_624' title='bbox 1407 560 1427 591; x_wconf 93' lang='lat' dir='ltr'>si</span> <span class='ocrx_word' id='word_1_625' title='bbox 1449 562 1577 592; x_wconf 81' lang='lat' dir='ltr'>maritus</span> <span class='ocrx_word' id='word_1_626' title='bbox 1604 561 1643 592; x_wconf 84' lang='lat' dir='ltr'>ad</span> <span class='ocrx_word' id='word_1_627' title='bbox 1673 561 1872 592; x_wconf 88' lang='lat' dir='ltr'>oblationem</span> 
     </span>
     <span class='ocr_line' id='line_1_87' title="bbox 1000 599 1872 642; baseline 0.003 -13"><span class='ocrx_word' id='word_1_628' title='bbox 1000 599 1064 630; x_wconf 80' lang='lat' dir='ltr'>Dei</span> <span class='ocrx_word' id='word_1_629' title='bbox 1083 600 1172 631; x_wconf 81' lang='lat' dir='ltr'>uxori</span> <span class='ocrx_word' id='word_1_630' title='bbox 1190 602 1323 632; x_wconf 86' lang='lat' dir='ltr'>donavit</span> <span class='ocrx_word' id='word_1_631' title='bbox 1338 623 1347 639; x_wconf 88' lang='lat'>,</span> <span class='ocrx_word' id='word_1_632' title='bbox 1371 602 1421 632; x_wconf 92' lang='lat' dir='ltr'>vel</span> <span class='ocrx_word' id='word_1_633' title='bbox 1441 602 1548 633; x_wconf 86' lang='lat' dir='ltr'>locum</span> <span class='ocrx_word' id='word_1_634' title='bbox 1566 603 1596 633; x_wconf 89' lang='lat' dir='ltr'>in</span> <span class='ocrx_word' id='word_1_635' title='bbox 1619 611 1684 642; x_wconf 85' lang='lat' dir='ltr'>quo</span> <span class='ocrx_word' id='word_1_636' title='bbox 1711 610 1791 642; x_wconf 85' lang='lat' dir='ltr'>opus</span> <span class='ocrx_word' id='word_1_637' title='bbox 1815 609 1872 641; x_wconf 89' lang='lat' dir='ltr'>pu-</span> 
     </span>
     <span class='ocr_line' id='line_1_88' title="bbox 999 640 1872 684; baseline 0.002 -14"><span class='ocrx_word' id='word_1_638' title='bbox 999 640 1118 684; x_wconf 87' lang='lat' dir='ltr'>blicum</span> <span class='ocrx_word' id='word_1_639' title='bbox 1137 642 1224 682; x_wconf 88' lang='lat' dir='ltr'>quod</span> <span class='ocrx_word' id='word_1_640' title='bbox 1240 642 1425 682; x_wconf 80' lang='lat' dir='ltr'>promiserat</span> <span class='ocrx_word' id='word_1_641' title='bbox 1447 643 1637 682; x_wconf 83' lang='lat' dir='ltr'>facere,vel</span> <span class='ocrx_word' id='word_1_642' title='bbox 1654 650 1689 674; x_wconf 90' lang='lat' dir='ltr'>ut</span> <span class='ocrx_word' id='word_1_643' title='bbox 1704 644 1803 674; x_wconf 77' lang='lat' dir='ltr'>aedem</span> <span class='ocrx_word' id='word_1_644' title='bbox 1815 651 1872 681; x_wconf 90' lang='lat' dir='ltr'>pu-</span> 
     </span>
     <span class='ocr_line' id='line_1_89' title="bbox 1000 681 1870 722; baseline 0.002 -11"><span class='ocrx_word' id='word_1_645' title='bbox 1000 681 1114 712; x_wconf 87' lang='lat' dir='ltr'>blicam</span> <span class='ocrx_word' id='word_1_646' title='bbox 1139 684 1318 722; x_wconf 68' lang='lat' dir='ltr'>dedicaretg</span> <span class='ocrx_word' id='word_1_647' title='bbox 1341 682 1407 714; x_wconf 84' lang='lat' dir='ltr'>fieri</span> <span class='ocrx_word' id='word_1_648' title='bbox 1435 684 1542 715; x_wconf 88' lang='lat' dir='ltr'>locum</span> <span class='ocrx_word' id='word_1_649' title='bbox 1566 684 1694 716; x_wconf 77' lang='lat' dir='ltr'>sacrum.</span> <span class='ocrx_word' id='word_1_650' title='bbox 1717 683 1770 714; x_wconf 90' lang='lat' dir='ltr'>sed</span> <span class='ocrx_word' id='word_1_651' title='bbox 1795 683 1825 713; x_wconf 90' lang='lat'>&amp;</span> <span class='ocrx_word' id='word_1_652' title='bbox 1848 681 1870 714; x_wconf 83' lang='lat' dir='ltr'><strong>fi</strong></span> 
     </span>
     <span class='ocr_line' id='line_1_90' title="bbox 1000 722 1868 767; baseline 0.002 -14"><span class='ocrx_word' id='word_1_653' title='bbox 1000 724 1077 763; x_wconf 84' lang='lat' dir='ltr'>quid</span> <span class='ocrx_word' id='word_1_654' title='bbox 1094 723 1122 754; x_wconf 85' lang='lat' dir='ltr'>ei</span> <span class='ocrx_word' id='word_1_655' title='bbox 1140 725 1213 763; x_wconf 84' lang='lat' dir='ltr'>det,</span> <span class='ocrx_word' id='word_1_656' title='bbox 1243 733 1278 755; x_wconf 83' lang='lat' dir='ltr'>ut</span> <span class='ocrx_word' id='word_1_657' title='bbox 1301 726 1420 757; x_wconf 88' lang='lat' dir='ltr'>donum</span> <span class='ocrx_word' id='word_1_658' title='bbox 1437 724 1513 759; x_wconf 86' lang='lat' dir='ltr'>Deo</span> <span class='ocrx_word' id='word_1_659' title='bbox 1543 725 1731 767; x_wconf 33' lang='lat' dir='ltr'>detur,·vel</span> <span class='ocrx_word' id='word_1_660' title='bbox 1757 722 1868 756; x_wconf 88' lang='lat' dir='ltr'>conse-</span> 
     </span>
     <span class='ocr_line' id='line_1_91' title="bbox 998 765 1868 808; baseline 0.002 -14"><span class='ocrx_word' id='word_1_661' title='bbox 998 771 1122 802; x_wconf 83' lang='lat' dir='ltr'>cretur,</span> <span class='ocrx_word' id='word_1_662' title='bbox 1154 766 1283 797; x_wconf 89' lang='lat' dir='ltr'>dubium</span> <span class='ocrx_word' id='word_1_663' title='bbox 1310 774 1374 798; x_wconf 89' lang='lat' dir='ltr'>non</span> <span class='ocrx_word' id='word_1_664' title='bbox 1398 765 1479 806; x_wconf 74' lang='lat' dir='ltr'>else,</span> <span class='ocrx_word' id='word_1_665' title='bbox 1512 768 1587 808; x_wconf 87' lang='lat' dir='ltr'>quin</span> <span class='ocrx_word' id='word_1_666' title='bbox 1609 766 1725 798; x_wconf 82' lang='lat' dir='ltr'>debeat</span> <span class='ocrx_word' id='word_1_667' title='bbox 1749 766 1868 797; x_wconf 84' lang='lat' dir='ltr'>valere.</span> 
     </span>
     <span class='ocr_line' id='line_1_92' title="bbox 997 806 1870 848; baseline 0.003 -14"><span class='ocrx_word' id='word_1_668' title='bbox 997 813 1093 844; x_wconf 81' lang='lat' dir='ltr'>quare</span> <span class='ocrx_word' id='word_1_669' title='bbox 1109 806 1138 836; x_wconf 72' lang='lat' dir='ltr'>dc</span> <span class='ocrx_word' id='word_1_670' title='bbox 1156 807 1175 838; x_wconf 86' lang='lat' dir='ltr'>li</span> <span class='ocrx_word' id='word_1_671' title='bbox 1195 807 1303 838; x_wconf 87' lang='lat' dir='ltr'>oleum</span> <span class='ocrx_word' id='word_1_672' title='bbox 1321 816 1381 848; x_wconf 91' lang='lat' dir='ltr'>pro</span> <span class='ocrx_word' id='word_1_673' title='bbox 1398 817 1435 838; x_wconf 89' lang='lat' dir='ltr'>ea</span> <span class='ocrx_word' id='word_1_674' title='bbox 1456 808 1486 840; x_wconf 88' lang='lat' dir='ltr'>in</span> <span class='ocrx_word' id='word_1_675' title='bbox 1511 809 1577 840; x_wconf 82' lang='lat' dir='ltr'>aede</span> <span class='ocrx_word' id='word_1_676' title='bbox 1601 808 1684 840; x_wconf 85' lang='lat' dir='ltr'>sacra</span> <span class='ocrx_word' id='word_1_677' title='bbox 1709 806 1870 848; x_wconf 85' lang='lat' dir='ltr'>posuerit,</span> 
     </span>
     <span class='ocr_line' id='line_1_93' title="bbox 998 846 1870 891; baseline 0.003 -16"><span class='ocrx_word' id='word_1_678' title='bbox 998 846 1103 876; x_wconf 77' lang='lat' dir='ltr'>valere</span> <span class='ocrx_word' id='word_1_679' title='bbox 1125 848 1333 880; x_wconf 85' lang='lat' dir='ltr'>donationem</span> <span class='ocrx_word' id='word_1_680' title='bbox 1360 849 1388 879; x_wconf 80' lang='lat' dir='ltr'>cl.</span> <span class='ocrx_word' id='word_1_681' title='bbox 1411 849 1430 879; x_wconf 89' lang='lat' dir='ltr'>l.</span> <span class='ocrx_word' id='word_1_682' title='bbox 1444 860 1473 890; x_wconf 87' lang='lat'>5.</span> <span class='ocrx_word' id='word_1_683' title='bbox 1504 849 1532 891; x_wconf 87' lang='lat'>§.</span> <span class='ocrx_word' id='word_1_684' title='bbox 1557 859 1604 881; x_wconf 86' lang='lat'>12.</span> <span class='ocrx_word' id='word_1_685' title='bbox 1646 848 1870 890; x_wconf 85' lang='lat' dir='ltr'>Superioribus</span> 
     </span>
     <span class='ocr_line' id='line_1_94' title="bbox 997 887 1870 930; baseline 0.005 -13"><span class='ocrx_word' id='word_1_686' title='bbox 997 887 1151 928; x_wconf 82' lang='lat' dir='ltr'>exemplis</span> <span class='ocrx_word' id='word_1_687' title='bbox 1172 888 1303 930; x_wconf 81' lang='lat' dir='ltr'>jungam</span> <span class='ocrx_word' id='word_1_688' title='bbox 1327 888 1460 929; x_wconf 88' lang='lat' dir='ltr'>sequens</span> <span class='ocrx_word' id='word_1_689' title='bbox 1485 900 1524 922; x_wconf 86' lang='lat' dir='ltr'>ex</span> <span class='ocrx_word' id='word_1_690' title='bbox 1548 891 1568 922; x_wconf 83' lang='lat'>1.</span> <span class='ocrx_word' id='word_1_691' title='bbox 1586 901 1634 923; x_wconf 81' lang='lat'>22.</span> <span class='ocrx_word' id='word_1_692' title='bbox 1651 891 1685 923; x_wconf 90' lang='lat' dir='ltr'>C.</span> <span class='ocrx_word' id='word_1_693' title='bbox 1703 890 1731 922; x_wconf 85' lang='lat' dir='ltr'>b.</span> <span class='ocrx_word' id='word_1_694' title='bbox 1749 895 1769 920; x_wconf 82' lang='lat' dir='ltr'>t.</span> <span class='ocrx_word' id='word_1_695' title='bbox 1798 888 1870 919; x_wconf 83' lang='lat' dir='ltr'>Ma-</span> 
     </span>
     <span class='ocr_line' id='line_1_95' title="bbox 996 928 1868 971; baseline 0.001 -13"><span class='ocrx_word' id='word_1_696' title='bbox 996 929 1072 958; x_wconf 79' lang='lat' dir='ltr'>ritus</span> <span class='ocrx_word' id='word_1_697' title='bbox 1089 929 1313 971; x_wconf 67' lang='lat' dir='ltr'>manumissionis</span> <span class='ocrx_word' id='word_1_698' title='bbox 1335 931 1422 971; x_wconf 77' lang='lat' dir='ltr'>causa</span> <span class='ocrx_word' id='word_1_699' title='bbox 1430 935 1550 971; x_wconf 83' lang='lat' dir='ltr'>servum</span> <span class='ocrx_word' id='word_1_700' title='bbox 1566 932 1697 970; x_wconf 80' lang='lat' dir='ltr'>mulieri,</span> <span class='ocrx_word' id='word_1_701' title='bbox 1721 928 1868 970; x_wconf 81' lang='lat' dir='ltr'>conflante</span> 
     </span>
     <span class='ocr_line' id='line_1_96' title="bbox 997 971 1868 1014; baseline 0.005 -15"><span class='ocrx_word' id='word_1_702' title='bbox 997 972 1176 1001; x_wconf 77' lang='lat' dir='ltr'>matrimonio</span> <span class='ocrx_word' id='word_1_703' title='bbox 1188 994 1198 1010; x_wconf 91' lang='lat'>‚</span> <span class='ocrx_word' id='word_1_704' title='bbox 1220 977 1325 1003; x_wconf 82' lang='lat' dir='ltr'>aoncire</span> <span class='ocrx_word' id='word_1_705' title='bbox 1334 971 1436 1013; x_wconf 79' lang='lat' dir='ltr'>potest.</span> <span class='ocrx_word' id='word_1_706' title='bbox 1460 972 1630 1005; x_wconf 86' lang='lat' dir='ltr'>Rationem</span> <span class='ocrx_word' id='word_1_707' title='bbox 1649 973 1740 1014; x_wconf 76' lang='lat' dir='ltr'>huius</span> <span class='ocrx_word' id='word_1_708' title='bbox 1757 980 1868 1004; x_wconf 87' lang='lat' dir='ltr'>exem-</span> 
     </span>
     <span class='ocr_line' id='line_1_97' title="bbox 997 1010 1868 1055; baseline 0.005 -14"><span class='ocrx_word' id='word_1_709' title='bbox 997 1011 1039 1050; x_wconf 92' lang='lat' dir='ltr'>pli</span> <span class='ocrx_word' id='word_1_710' title='bbox 1057 1010 1118 1042; x_wconf 78' lang='lat' dir='ltr'>effe</span> <span class='ocrx_word' id='word_1_711' title='bbox 1137 1013 1281 1044; x_wconf 87' lang='lat' dir='ltr'>eamdem</span> <span class='ocrx_word' id='word_1_712' title='bbox 1305 1012 1478 1055; x_wconf 85' lang='lat' dir='ltr'>superiori,</span> <span class='ocrx_word' id='word_1_713' title='bbox 1502 1015 1609 1046; x_wconf 74' lang='lat' dir='ltr'>censet</span> <span class='ocrx_word' id='word_1_714' title='bbox 1635 1014 1749 1047; x_wconf 85' lang='lat' dir='ltr'>Paulus</span> <span class='ocrx_word' id='word_1_715' title='bbox 1771 1013 1819 1044; x_wconf 85' lang='lat' dir='ltr'>lib.</span> <span class='ocrx_word' id='word_1_716' title='bbox 1837 1022 1868 1044; x_wconf 84' lang='lat'>2·</span> 
     </span>
     <span class='ocr_line' id='line_1_98' title="bbox 997 1051 1867 1096; baseline 0.003 -15"><span class='ocrx_word' id='word_1_717' title='bbox 997 1051 1126 1083; x_wconf 77' lang='lat' dir='ltr'>sentent.</span> <span class='ocrx_word' id='word_1_718' title='bbox 1149 1055 1195 1086; x_wconf 86' lang='lat' dir='ltr'>tit,</span> <span class='ocrx_word' id='word_1_719' title='bbox 1221 1064 1270 1095; x_wconf 84' lang='lat'>23.</span> <span class='ocrx_word' id='word_1_720' title='bbox 1293 1054 1321 1096; x_wconf 82' lang='lat'>§.</span> <span class='ocrx_word' id='word_1_721' title='bbox 1350 1065 1377 1087; x_wconf 82' lang='lat'>2.</span> <span class='ocrx_word' id='word_1_722' title='bbox 1402 1055 1545 1096; x_wconf 86' lang='lat' dir='ltr'>quamvis</span> <span class='ocrx_word' id='word_1_723' title='bbox 1570 1057 1712 1088; x_wconf 77' lang='lat' dir='ltr'>causatur</span> <span class='ocrx_word' id='word_1_724' title='bbox 1734 1062 1867 1096; x_wconf 89' lang='lat' dir='ltr'>quoque</span> 
     </span>
     <span class='ocr_line' id='line_1_99' title="bbox 995 1091 1866 1138; baseline 0.003 -15"><span class='ocrx_word' id='word_1_725' title='bbox 995 1091 1140 1125; x_wconf 85' lang='lat' dir='ltr'>favorem</span> <span class='ocrx_word' id='word_1_726' title='bbox 1159 1094 1328 1127; x_wconf 84' lang='lat' dir='ltr'>libertatis:</span> <span class='ocrx_word' id='word_1_727' title='bbox 1352 1096 1403 1128; x_wconf 89' lang='lat' dir='ltr'>sed</span> <span class='ocrx_word' id='word_1_728' title='bbox 1419 1105 1454 1128; x_wconf 90' lang='lat' dir='ltr'>ut</span> <span class='ocrx_word' id='word_1_729' title='bbox 1470 1098 1612 1129; x_wconf 84' lang='lat' dir='ltr'>videatur</span> <span class='ocrx_word' id='word_1_730' title='bbox 1634 1097 1770 1138; x_wconf 87' lang='lat' dir='ltr'>priorem</span> <span class='ocrx_word' id='word_1_731' title='bbox 1788 1095 1866 1128; x_wconf 89' lang='lat' dir='ltr'>mal-</span> 
     </span>
     <span class='ocr_line' id='line_1_100' title="bbox 996 1134 1865 1180; baseline 0.002 -15"><span class='ocrx_word' id='word_1_732' title='bbox 996 1134 1035 1165; x_wconf 90' lang='lat' dir='ltr'>le.</span> <span class='ocrx_word' id='word_1_733' title='bbox 1077 1135 1229 1168; x_wconf 87' lang='lat' dir='ltr'>Similiter</span> <span class='ocrx_word' id='word_1_734' title='bbox 1260 1137 1281 1168; x_wconf 89' lang='lat' dir='ltr'>fi</span> <span class='ocrx_word' id='word_1_735' title='bbox 1313 1137 1488 1177; x_wconf 76' lang='lat' dir='ltr'>apiscendae</span> <span class='ocrx_word' id='word_1_736' title='bbox 1511 1138 1672 1180; x_wconf 85' lang='lat' dir='ltr'>dignitatis</span> <span class='ocrx_word' id='word_1_737' title='bbox 1697 1138 1795 1180; x_wconf 85' lang='lat' dir='ltr'>gratia</span> <span class='ocrx_word' id='word_1_738' title='bbox 1825 1136 1865 1167; x_wconf 88' lang='lat' dir='ltr'>ab</span> 
     </span>
     <span class='ocr_line' id='line_1_101' title="bbox 997 1177 1864 1218; baseline 0.003 -12"><span class='ocrx_word' id='word_1_739' title='bbox 997 1185 1097 1207; x_wconf 86' lang='lat' dir='ltr'>uxore</span> <span class='ocrx_word' id='word_1_740' title='bbox 1118 1179 1193 1218; x_wconf 86' lang='lat' dir='ltr'>quid</span> <span class='ocrx_word' id='word_1_741' title='bbox 1210 1177 1239 1209; x_wconf 92' lang='lat' dir='ltr'>in</span> <span class='ocrx_word' id='word_1_742' title='bbox 1257 1180 1402 1210; x_wconf 90' lang='lat' dir='ltr'>maritum</span> <span class='ocrx_word' id='word_1_743' title='bbox 1420 1179 1464 1212; x_wconf 87' lang='lat' dir='ltr'>est</span> <span class='ocrx_word' id='word_1_744' title='bbox 1478 1181 1650 1218; x_wconf 88' lang='lat' dir='ltr'>collatum,</span> <span class='ocrx_word' id='word_1_745' title='bbox 1672 1188 1802 1212; x_wconf 87' lang='lat' dir='ltr'>eatenus</span> <span class='ocrx_word' id='word_1_746' title='bbox 1817 1182 1864 1210; x_wconf 52' lang='lat' dir='ltr'>rab</span> 
     </span>
     <span class='ocr_line' id='line_1_102' title="bbox 996 1218 1864 1262; baseline 0.003 -15"><span class='ocrx_word' id='word_1_747' title='bbox 996 1223 1063 1248; x_wconf 90' lang='lat' dir='ltr'>tum</span> <span class='ocrx_word' id='word_1_748' title='bbox 1080 1218 1324 1259; x_wconf 82' lang='lat' dir='ltr'>effe,quatenus</span> <span class='ocrx_word' id='word_1_749' title='bbox 1341 1221 1483 1262; x_wconf 87' lang='lat' dir='ltr'>dignitati</span> <span class='ocrx_word' id='word_1_750' title='bbox 1502 1220 1682 1262; x_wconf 80' lang='lat' dir='ltr'>supplendae</span> <span class='ocrx_word' id='word_1_751' title='bbox 1700 1229 1781 1262; x_wconf 92' lang='lat' dir='ltr'>opus</span> <span class='ocrx_word' id='word_1_752' title='bbox 1798 1218 1864 1257; x_wconf 89' lang='lat' dir='ltr'>est,</span> 
     </span>
     <span class='ocr_line' id='line_1_103' title="bbox 996 1256 1864 1303; baseline 0.002 -14"><span class='ocrx_word' id='word_1_753' title='bbox 996 1256 1151 1303; x_wconf 71' lang='lat' dir='ltr'>Ulpianus</span> <span class='ocrx_word' id='word_1_754' title='bbox 1175 1260 1284 1292; x_wconf 63' lang='lat' dir='ltr'>auctor</span> <span class='ocrx_word' id='word_1_755' title='bbox 1309 1261 1354 1293; x_wconf 84' lang='lat' dir='ltr'>est</span> <span class='ocrx_word' id='word_1_756' title='bbox 1370 1263 1388 1293; x_wconf 91' lang='lat' dir='ltr'>l.</span> <span class='ocrx_word' id='word_1_757' title='bbox 1409 1273 1459 1301; x_wconf 82' lang='lat'>40.</span> <span class='ocrx_word' id='word_1_758' title='bbox 1482 1262 1521 1294; x_wconf 91' lang='lat' dir='ltr'>D.</span> <span class='ocrx_word' id='word_1_759' title='bbox 1538 1265 1566 1294; x_wconf 87' lang='lat' dir='ltr'>d.</span> <span class='ocrx_word' id='word_1_760' title='bbox 1586 1269 1608 1294; x_wconf 88' lang='lat' dir='ltr'>t.</span> <span class='ocrx_word' id='word_1_761' title='bbox 1640 1261 1741 1302; x_wconf 75' lang='lat' dir='ltr'>Gaius</span> <span class='ocrx_word' id='word_1_762' title='bbox 1768 1261 1788 1292; x_wconf 88' lang='lat' dir='ltr'>l.</span> <span class='ocrx_word' id='word_1_763' title='bbox 1812 1270 1864 1299; x_wconf 81' lang='lat'>42-</span> 
     </span>
     <span class='ocr_line' id='line_1_104' title="bbox 996 1301 1864 1340; baseline 0.006 -10"><span class='ocrx_word' id='word_1_764' title='bbox 996 1301 1093 1339; x_wconf 86' lang='lat' dir='ltr'>dicit‚</span> <span class='ocrx_word' id='word_1_765' title='bbox 1116 1301 1197 1332; x_wconf 89' lang='lat' dir='ltr'>hanc</span> <span class='ocrx_word' id='word_1_766' title='bbox 1214 1304 1421 1336; x_wconf 86' lang='lat' dir='ltr'>donationem</span> <span class='ocrx_word' id='word_1_767' title='bbox 1447 1302 1514 1335; x_wconf 87' lang='lat' dir='ltr'>fieri</span> <span class='ocrx_word' id='word_1_768' title='bbox 1538 1303 1672 1335; x_wconf 83' lang='lat' dir='ltr'>honoris</span> <span class='ocrx_word' id='word_1_769' title='bbox 1693 1302 1803 1340; x_wconf 87' lang='lat' dir='ltr'>causa,</span> <span class='ocrx_word' id='word_1_770' title='bbox 1832 1301 1864 1332; x_wconf 65' lang='grc' dir='ltr'>ὁὶ</span> 
     </span>
     <span class='ocr_line' id='line_1_105' title="bbox 996 1342 1866 1387; baseline 0.002 -15"><span class='ocrx_word' id='word_1_771' title='bbox 996 1349 1158 1382; x_wconf 82' lang='lat' dir='ltr'>receptam</span> <span class='ocrx_word' id='word_1_772' title='bbox 1175 1342 1237 1374; x_wconf 82' lang='lat' dir='ltr'>effe</span> <span class='ocrx_word' id='word_1_773' title='bbox 1254 1353 1355 1384; x_wconf 90' lang='lat' dir='ltr'>nuper</span> <span class='ocrx_word' id='word_1_774' title='bbox 1371 1350 1412 1377; x_wconf 66' lang='lat' dir='ltr'>ex</span> <span class='ocrx_word' id='word_1_775' title='bbox 1427 1345 1623 1387; x_wconf 82' lang='lat' dir='ltr'>indulgentia</span> <span class='ocrx_word' id='word_1_776' title='bbox 1633 1343 1788 1385; x_wconf 84' lang='lat' dir='ltr'>Principis</span> <span class='ocrx_word' id='word_1_777' title='bbox 1802 1344 1866 1374; x_wconf 90' lang='lat' dir='ltr'>An-</span> 
     </span>
     <span class='ocr_line' id='line_1_106' title="bbox 997 1384 1866 1428; baseline 0.001 -15"><span class='ocrx_word' id='word_1_778' title='bbox 997 1384 1111 1428; x_wconf 63' lang='lat' dir='ltr'>tonini.</span> <span class='ocrx_word' id='word_1_779' title='bbox 1133 1393 1223 1416; x_wconf 85' lang='lat' dir='ltr'>exem</span> <span class='ocrx_word' id='word_1_780' title='bbox 1250 1385 1314 1417; x_wconf 87' lang='lat' dir='ltr'>lum</span> <span class='ocrx_word' id='word_1_781' title='bbox 1334 1384 1437 1427; x_wconf 89' lang='lat' dir='ltr'>Gajo;</span> <span class='ocrx_word' id='word_1_782' title='bbox 1459 1386 1480 1419; x_wconf 87' lang='lat' dir='ltr'>fi</span> <span class='ocrx_word' id='word_1_783' title='bbox 1497 1393 1580 1418; x_wconf 86' lang='lat' dir='ltr'>uxor</span> <span class='ocrx_word' id='word_1_784' title='bbox 1603 1387 1673 1418; x_wconf 87' lang='lat' dir='ltr'>viro</span> <span class='ocrx_word' id='word_1_785' title='bbox 1697 1387 1798 1417; x_wconf 87' lang='lat' dir='ltr'>donet</span> <span class='ocrx_word' id='word_1_786' title='bbox 1824 1384 1866 1415; x_wconf 85' lang='lat' dir='ltr'>la-</span> 
     </span>
     <span class='ocr_line' id='line_1_107' title="bbox 997 1425 1864 1468; baseline 0.001 -14"><span class='ocrx_word' id='word_1_787' title='bbox 997 1425 1218 1465; x_wconf 84' lang='lat' dir='ltr'>ticlaviipeten</span> <span class='ocrx_word' id='word_1_788' title='bbox 1244 1427 1440 1466; x_wconf 86' lang='lat' dir='ltr'>igratia,vel</span> <span class='ocrx_word' id='word_1_789' title='bbox 1459 1427 1653 1468; x_wconf 78' lang='lat' dir='ltr'>utequestris</span> <span class='ocrx_word' id='word_1_790' title='bbox 1671 1426 1864 1459; x_wconf 80' lang='lat' dir='ltr'>ordinisfiat.</span> 
     </span>
     <span class='ocr_line' id='line_1_108' title="bbox 996 1465 1864 1509; baseline 0.003 -14"><span class='ocrx_word' id='word_1_791' title='bbox 996 1465 1243 1506; x_wconf 78' lang='lat' dir='ltr'>Quidiitclavus</span> <span class='ocrx_word' id='word_1_792' title='bbox 1255 1468 1352 1507; x_wconf 79' lang='lat' dir='ltr'>latuS,</span> <span class='ocrx_word' id='word_1_793' title='bbox 1370 1469 1399 1499; x_wconf 62' lang='grc' dir='ltr'>ὅ(</span> <span class='ocrx_word' id='word_1_794' title='bbox 1416 1468 1669 1509; x_wconf 79' lang='lat' dir='ltr'>angustus,alter</span> <span class='ocrx_word' id='word_1_795' title='bbox 1680 1467 1864 1505; x_wconf 68' lang='lat' dir='ltr'>senatoriae,</span> 
     </span>
     <span class='ocr_line' id='line_1_109' title="bbox 994 1508 1864 1551; baseline 0.005 -15"><span class='ocrx_word' id='word_1_796' title='bbox 994 1509 1073 1537; x_wconf 83' lang='lat' dir='ltr'>alter</span> <span class='ocrx_word' id='word_1_797' title='bbox 1082 1508 1233 1547; x_wconf 74' lang='lat' dir='ltr'>equestris</span> <span class='ocrx_word' id='word_1_798' title='bbox 1243 1532 1251 1546; x_wconf 90' lang='lat'>‚</span> <span class='ocrx_word' id='word_1_799' title='bbox 1263 1509 1564 1550; x_wconf 78' lang='lat' dir='ltr'>dignitatisinfigne,</span> <span class='ocrx_word' id='word_1_800' title='bbox 1574 1511 1697 1551; x_wconf 86' lang='lat' dir='ltr'>optime</span> <span class='ocrx_word' id='word_1_801' title='bbox 1714 1508 1864 1541; x_wconf 84' lang='lat' dir='ltr'>deleribit</span> 
     </span>
     <span class='ocr_line' id='line_1_110' title="bbox 995 1549 1864 1592; baseline 0.002 -14"><span class='ocrx_word' id='word_1_802' title='bbox 995 1549 1142 1579; x_wconf 78' lang='lat' dir='ltr'>Albertus</span> <span class='ocrx_word' id='word_1_803' title='bbox 1165 1549 1325 1581; x_wconf 73' lang='lat' dir='ltr'>Rubenius</span> <span class='ocrx_word' id='word_1_804' title='bbox 1342 1551 1390 1582; x_wconf 85' lang='lat' dir='ltr'>lib.</span> <span class='ocrx_word' id='word_1_805' title='bbox 1415 1560 1439 1582; x_wconf 89' lang='lat'>1.</span> <span class='ocrx_word' id='word_1_806' title='bbox 1465 1551 1511 1582; x_wconf 87' lang='lat' dir='ltr'>De</span> <span class='ocrx_word' id='word_1_807' title='bbox 1534 1561 1563 1582; x_wconf 85' lang='lat' dir='ltr'>re</span> <span class='ocrx_word' id='word_1_808' title='bbox 1585 1549 1740 1592; x_wconf 78' lang='lat' dir='ltr'>vestiaria,</span> <span class='ocrx_word' id='word_1_809' title='bbox 1764 1551 1794 1582; x_wconf 69' lang='grc' dir='ltr'>ἃ</span> <span class='ocrx_word' id='word_1_810' title='bbox 1815 1549 1864 1589; x_wconf 81' lang='lat' dir='ltr'>Ja-</span> 
     </span>
     <span class='ocr_line' id='line_1_111' title="bbox 993 1589 1862 1634; baseline 0.003 -15"><span class='ocrx_word' id='word_1_811' title='bbox 993 1590 1093 1621; x_wconf 64' lang='lat' dir='ltr'>cobus</span> <span class='ocrx_word' id='word_1_812' title='bbox 1113 1589 1257 1629; x_wconf 80' lang='lat' dir='ltr'>Cuiacius</span> <span class='ocrx_word' id='word_1_813' title='bbox 1273 1593 1321 1623; x_wconf 77' lang='lat' dir='ltr'>lio.</span> <span class='ocrx_word' id='word_1_814' title='bbox 1344 1598 1388 1624; x_wconf 75' lang='lat'>12.</span> <span class='ocrx_word' id='word_1_815' title='bbox 1416 1592 1537 1624; x_wconf 63' lang='lat' dir='ltr'>Obffirv.</span> <span class='ocrx_word' id='word_1_816' title='bbox 1555 1602 1579 1624; x_wconf 87' lang='lat' dir='ltr'>c.</span> <span class='ocrx_word' id='word_1_817' title='bbox 1598 1597 1647 1634; x_wconf 66' lang='lat'>39.</span> <span class='ocrx_word' id='word_1_818' title='bbox 1679 1591 1862 1624; x_wconf 81' lang='lat' dir='ltr'>Commode</span> 
     </span>
     <span class='ocr_line' id='line_1_112' title="bbox 992 1632 1865 1674; baseline 0.003 -14"><span class='ocrx_word' id='word_1_819' title='bbox 992 1639 1097 1674; x_wconf 69' lang='lat' dir='ltr'>autem</span> <span class='ocrx_word' id='word_1_820' title='bbox 1121 1632 1266 1663; x_wconf 72' lang='lat' dir='ltr'>observat</span> <span class='ocrx_word' id='word_1_821' title='bbox 1288 1632 1450 1665; x_wconf 89' lang='lat' dir='ltr'>Rubenius</span> <span class='ocrx_word' id='word_1_822' title='bbox 1471 1644 1495 1664; x_wconf 87' lang='lat' dir='ltr'>c.</span> <span class='ocrx_word' id='word_1_823' title='bbox 1527 1642 1573 1672; x_wconf 79' lang='lat'>14.</span> <span class='ocrx_word' id='word_1_824' title='bbox 1605 1633 1722 1666; x_wconf 81' lang='lat' dir='ltr'>vestem</span> <span class='ocrx_word' id='word_1_825' title='bbox 1748 1633 1865 1665; x_wconf 85' lang='lat' dir='ltr'>laticla-</span> 
     </span>
     <span class='ocr_line' id='line_1_113' title="bbox 993 1672 1864 1716; baseline 0.005 -15"><span class='ocrx_word' id='word_1_826' title='bbox 993 1681 1075 1702; x_wconf 91' lang='lat' dir='ltr'>viam</span> <span class='ocrx_word' id='word_1_827' title='bbox 1091 1672 1145 1703; x_wconf 88' lang='lat' dir='ltr'>etfi</span> <span class='ocrx_word' id='word_1_828' title='bbox 1165 1674 1290 1714; x_wconf 85' lang='lat' dir='ltr'>proprie</span> <span class='ocrx_word' id='word_1_829' title='bbox 1306 1674 1341 1706; x_wconf 80' lang='lat' dir='ltr'>lit</span> <span class='ocrx_word' id='word_1_830' title='bbox 1356 1674 1520 1706; x_wconf 85' lang='lat' dir='ltr'>Senatoria</span> <span class='ocrx_word' id='word_1_831' title='bbox 1532 1699 1540 1713; x_wconf 92' lang='lat'>,</span> <span class='ocrx_word' id='word_1_832' title='bbox 1558 1678 1663 1706; x_wconf 84' lang='lat' dir='ltr'>tamen</span> <span class='ocrx_word' id='word_1_833' title='bbox 1680 1675 1864 1716; x_wconf 84' lang='lat' dir='ltr'>Principum</span> 
     </span>
     <span class='ocr_line' id='line_1_114' title="bbox 993 1713 1862 1757; baseline 0.003 -14"><span class='ocrx_word' id='word_1_834' title='bbox 993 1713 1191 1753; x_wconf 75' lang='lat' dir='ltr'>indulgentia</span> <span class='ocrx_word' id='word_1_835' title='bbox 1205 1715 1299 1746; x_wconf 85' lang='lat' dir='ltr'>etiam</span> <span class='ocrx_word' id='word_1_836' title='bbox 1321 1717 1456 1747; x_wconf 88' lang='lat' dir='ltr'>concedi</span> <span class='ocrx_word' id='word_1_837' title='bbox 1481 1715 1667 1756; x_wconf 89' lang='lat' dir='ltr'>Equitibus‚</span> <span class='ocrx_word' id='word_1_838' title='bbox 1690 1715 1862 1757; x_wconf 83' lang='lat' dir='ltr'>praesertim</span> 
     </span>
     <span class='ocr_line' id='line_1_115' title="bbox 994 1754 1861 1797; baseline 0.006 -13"><span class='ocrx_word' id='word_1_839' title='bbox 994 1754 1184 1794; x_wconf 80' lang='lat' dir='ltr'>lplendidis,</span> <span class='ocrx_word' id='word_1_840' title='bbox 1208 1756 1237 1787; x_wconf 87' lang='lat'>&amp;</span> <span class='ocrx_word' id='word_1_841' title='bbox 1256 1756 1365 1789; x_wconf 80' lang='lat' dir='ltr'>‘ustum</span> <span class='ocrx_word' id='word_1_842' title='bbox 1382 1757 1509 1789; x_wconf 89' lang='lat' dir='ltr'>censum</span> <span class='ocrx_word' id='word_1_843' title='bbox 1534 1757 1742 1790; x_wconf 87' lang='lat' dir='ltr'>habentibus:</span> <span class='ocrx_word' id='word_1_844' title='bbox 1764 1764 1861 1797; x_wconf 85' lang='lat' dir='ltr'>atque</span> 
     </span>
     <span class='ocr_line' id='line_1_116' title="bbox 994 1794 1860 1839; baseline 0.005 -14"><span class='ocrx_word' id='word_1_845' title='bbox 994 1794 1059 1826; x_wconf 92' lang='lat' dir='ltr'>hoc</span> <span class='ocrx_word' id='word_1_846' title='bbox 1079 1797 1210 1828; x_wconf 86' lang='lat' dir='ltr'>innuere</span> <span class='ocrx_word' id='word_1_847' title='bbox 1270 1798 1406 1838; x_wconf 89' lang='lat' dir='ltr'>lpianum</span> <span class='ocrx_word' id='word_1_848' title='bbox 1432 1799 1462 1830; x_wconf 90' lang='lat' dir='ltr'>in</span> <span class='ocrx_word' id='word_1_849' title='bbox 1488 1800 1516 1831; x_wconf 81' lang='lat' dir='ltr'>d.</span> <span class='ocrx_word' id='word_1_850' title='bbox 1538 1799 1557 1831; x_wconf 88' lang='lat' dir='ltr'>l.</span> <span class='ocrx_word' id='word_1_851' title='bbox 1581 1809 1631 1839; x_wconf 76' lang='lat'>40.</span> <span class='ocrx_word' id='word_1_852' title='bbox 1662 1808 1735 1831; x_wconf 91' lang='lat' dir='ltr'>cum</span> <span class='ocrx_word' id='word_1_853' title='bbox 1762 1798 1860 1837; x_wconf 59' lang='lat' dir='ltr'>dicit,</span> 
     </span>
     <span class='ocr_line' id='line_1_117' title="bbox 994 1837 1860 1882; baseline 0.006 -17"><span class='ocrx_word' id='word_1_854' title='bbox 994 1837 1068 1876; x_wconf 79' lang='lat' dir='ltr'>qaod</span> <span class='ocrx_word' id='word_1_855' title='bbox 1084 1846 1159 1869; x_wconf 84' lang='lat' dir='ltr'>uxor</span> <span class='ocrx_word' id='word_1_856' title='bbox 1185 1840 1216 1868; x_wconf 84' lang='lat' dir='ltr'>in</span> <span class='ocrx_word' id='word_1_857' title='bbox 1239 1842 1376 1871; x_wconf 69' lang='lat' dir='ltr'>maritum</span> <span class='ocrx_word' id='word_1_858' title='bbox 1398 1841 1509 1881; x_wconf 77' lang='lat' dir='ltr'>confert</span> <span class='ocrx_word' id='word_1_859' title='bbox 1531 1840 1860 1882; x_wconf 75' lang='lat' dir='ltr'>apiscendaeldigriitatis</span> 
     </span>
     <span class='ocr_line' id='line_1_118' title="bbox 991 1879 1860 1928; baseline 0.005 -21"><span class='ocrx_word' id='word_1_860' title='bbox 991 1879 1091 1924; x_wconf 71' lang='lat' dir='ltr'>gratia</span> <span class='ocrx_word' id='word_1_861' title='bbox 1102 1901 1112 1917; x_wconf 91' lang='lat'>,</span> <span class='ocrx_word' id='word_1_862' title='bbox 1135 1884 1253 1910; x_wconf 80' lang='lat' dir='ltr'>eatenus</span> <span class='ocrx_word' id='word_1_863' title='bbox 1269 1886 1367 1912; x_wconf 80' lang='lat' dir='ltr'>ratum</span> <span class='ocrx_word' id='word_1_864' title='bbox 1383 1881 1453 1922; x_wconf 79' lang='lat' dir='ltr'>effe,</span> <span class='ocrx_word' id='word_1_865' title='bbox 1476 1888 1618 1923; x_wconf 79' lang='lat' dir='ltr'>quatenus</span> <span class='ocrx_word' id='word_1_866' title='bbox 1632 1882 1798 1928; x_wconf 78' lang='lat' dir='ltr'>supplendoe</span> <span class='ocrx_word' id='word_1_867' title='bbox 1815 1881 1860 1912; x_wconf 82' lang='lat' dir='ltr'>di·</span> 
     </span>
     <span class='ocr_line' id='line_1_119' title="bbox 990 1918 1861 1964; baseline 0.006 -16"><span class='ocrx_word' id='word_1_868' title='bbox 990 1921 1100 1962; x_wconf 68' lang='lat' dir='ltr'>gitium</span> <span class='ocrx_word' id='word_1_869' title='bbox 1114 1926 1182 1961; x_wconf 59' lang='lat' dir='ltr'>optas</span> <span class='ocrx_word' id='word_1_870' title='bbox 1196 1918 1244 1961; x_wconf 71' lang='lat' dir='ltr'>esi.</span> <span class='ocrx_word' id='word_1_871' title='bbox 1288 1921 1412 1955; x_wconf 85' lang='lat' dir='ltr'>Eodem</span> <span class='ocrx_word' id='word_1_872' title='bbox 1431 1922 1547 1964; x_wconf 68' lang='lat' dir='ltr'>spectat</span> <span class='ocrx_word' id='word_1_873' title='bbox 1565 1924 1626 1955; x_wconf 91' lang='lat' dir='ltr'>hoc</span> <span class='ocrx_word' id='word_1_874' title='bbox 1643 1922 1757 1955; x_wconf 88' lang='lat' dir='ltr'>Licinii</span> <span class='ocrx_word' id='word_1_875' title='bbox 1773 1921 1861 1954; x_wconf 83' lang='lat' dir='ltr'>Rufi-</span> 
     </span>
     <span class='ocr_line' id='line_1_120' title="bbox 993 1959 1859 2005; baseline 0.003 -12"><span class='ocrx_word' id='word_1_876' title='bbox 993 1968 1024 1990; x_wconf 74' lang='grc' dir='ltr'>ΠΙ</span> <span class='ocrx_word' id='word_1_877' title='bbox 1040 1959 1058 1989; x_wconf 84' lang='lat' dir='ltr'>l.</span> <span class='ocrx_word' id='word_1_878' title='bbox 1074 1969 1122 1998; x_wconf 87' lang='lat'>41.</span> <span class='ocrx_word' id='word_1_879' title='bbox 1146 1961 1229 1993; x_wconf 80' lang='lat' dir='ltr'>Nam</span> <span class='ocrx_word' id='word_1_880' title='bbox 1246 1961 1282 1996; x_wconf 68' lang='lat'>69⁹</span> <span class='ocrx_word' id='word_1_881' title='bbox 1297 1963 1371 2005; x_wconf 87' lang='lat' dir='ltr'>Imp.</span> <span class='ocrx_word' id='word_1_882' title='bbox 1390 1963 1558 1996; x_wconf 79' lang='lat' dir='ltr'>Antoninus</span> <span class='ocrx_word' id='word_1_883' title='bbox 1581 1962 1749 2005; x_wconf 69' lang='lat' dir='ltr'>constituit,</span> <span class='ocrx_word' id='word_1_884' title='bbox 1772 1969 1805 1996; x_wconf 85' lang='lat' dir='ltr'>ut</span> <span class='ocrx_word' id='word_1_885' title='bbox 1820 1963 1859 1995; x_wconf 83' lang='lat' dir='ltr'>acl</span> 
     </span>
     <span class='ocr_line' id='line_1_121' title="bbox 988 2000 1860 2047; baseline 0.007 -17"><span class='ocrx_word' id='word_1_886' title='bbox 988 2000 1128 2041; x_wconf 75' lang='lat' dir='ltr'>proceffus</span> <span class='ocrx_word' id='word_1_887' title='bbox 1145 2004 1205 2034; x_wconf 84' lang='lat' dir='ltr'>viri</span> <span class='ocrx_word' id='word_1_888' title='bbox 1223 2010 1299 2035; x_wconf 76' lang='lat' dir='ltr'>uxor</span> <span class='ocrx_word' id='word_1_889' title='bbox 1318 2007 1345 2036; x_wconf 79' lang='lat' dir='ltr'>ei</span> <span class='ocrx_word' id='word_1_890' title='bbox 1365 2006 1469 2038; x_wconf 84' lang='lat' dir='ltr'>donare</span> <span class='ocrx_word' id='word_1_891' title='bbox 1487 2003 1581 2047; x_wconf 86' lang='lat' dir='ltr'>poffit.</span> <span class='ocrx_word' id='word_1_892' title='bbox 1624 2006 1704 2039; x_wconf 90' lang='lat' dir='ltr'>Rem</span> <span class='ocrx_word' id='word_1_893' title='bbox 1730 2006 1860 2047; x_wconf 85' lang='lat' dir='ltr'>attingit:</span> 
     </span>
     <span class='ocr_line' id='line_1_122' title="bbox 991 2041 1858 2090; baseline 0.008 -19"><span class='ocrx_word' id='word_1_894' title='bbox 991 2041 1126 2089; x_wconf 35' lang='lat' dir='ltr'>‘lacobus</span> <span class='ocrx_word' id='word_1_895' title='bbox 1146 2044 1316 2077; x_wconf 80' lang='lat' dir='ltr'>Raevardus</span> <span class='ocrx_word' id='word_1_896' title='bbox 1338 2046 1386 2078; x_wconf 85' lang='lat' dir='ltr'>lib.</span> <span class='ocrx_word' id='word_1_897' title='bbox 1410 2049 1440 2079; x_wconf 67' lang='grc' dir='ltr'>ἐ.</span> <span class='ocrx_word' id='word_1_898' title='bbox 1471 2047 1636 2090; x_wconf 66' lang='lat' dir='ltr'>Conjettim.</span> <span class='ocrx_word' id='word_1_899' title='bbox 1660 2052 1684 2079; x_wconf 73' lang='lat' dir='ltr'>e.</span> <span class='ocrx_word' id='word_1_900' title='bbox 1707 2052 1737 2083; x_wconf 74' lang='lat'>9‘.</span> <span class='ocrx_word' id='word_1_901' title='bbox 1778 2045 1858 2078; x_wconf 83' lang='lat' dir='ltr'>Nou</span> 
     </span>
     <span class='ocr_line' id='line_1_123' title="bbox 992 2083 1860 2130; baseline 0.006 -17"><span class='ocrx_word' id='word_1_902' title='bbox 992 2083 1086 2115; x_wconf 90' lang='lat' dir='ltr'>alium</span> <span class='ocrx_word' id='word_1_903' title='bbox 1103 2084 1245 2129; x_wconf 68' lang='lat' dir='ltr'>infinem</span> <span class='ocrx_word' id='word_1_904' title='bbox 1264 2087 1307 2118; x_wconf 89' lang='lat' dir='ltr'>ait</span> <span class='ocrx_word' id='word_1_905' title='bbox 1329 2086 1426 2128; x_wconf 83' lang='lat' dir='ltr'>Gajus</span> <span class='ocrx_word' id='word_1_906' title='bbox 1452 2090 1480 2120; x_wconf 83' lang='lat' dir='ltr'>d.</span> <span class='ocrx_word' id='word_1_907' title='bbox 1497 2089 1516 2121; x_wconf 85' lang='lat' dir='ltr'>l.</span> <span class='ocrx_word' id='word_1_908' title='bbox 1533 2099 1582 2128; x_wconf 66' lang='lat'>42.</span> <span class='ocrx_word' id='word_1_909' title='bbox 1606 2089 1693 2130; x_wconf 74' lang='lat' dir='ltr'>p‘oss&#39;e</span> <span class='ocrx_word' id='word_1_910' title='bbox 1718 2088 1747 2120; x_wconf 85' lang='lat'>&amp;</span> <span class='ocrx_word' id='word_1_911' title='bbox 1770 2088 1860 2119; x_wconf 88' lang='lat' dir='ltr'>ludo-</span> 
     </span>
     <span class='ocr_line' id='line_1_124' title="bbox 992 2128 1859 2169; baseline 0.008 -15"><span class='ocrx_word' id='word_1_912' title='bbox 992 2133 1060 2155; x_wconf 86' lang='lat' dir='ltr'>rum</span> <span class='ocrx_word' id='word_1_913' title='bbox 1075 2134 1170 2165; x_wconf 82' lang='lat' dir='ltr'>gratia</span> <span class='ocrx_word' id='word_1_914' title='bbox 1189 2128 1395 2161; x_wconf 85' lang='lat' dir='ltr'>donationem</span> <span class='ocrx_word' id='word_1_915' title='bbox 1411 2129 1498 2162; x_wconf 85' lang='lat' dir='ltr'>fieri:</span> <span class='ocrx_word' id='word_1_916' title='bbox 1520 2130 1550 2162; x_wconf 85' lang='lat' dir='ltr'>i&#39;d</span> <span class='ocrx_word' id='word_1_917' title='bbox 1568 2130 1632 2169; x_wconf 87' lang='lat' dir='ltr'>est,</span> <span class='ocrx_word' id='word_1_918' title='bbox 1654 2132 1685 2161; x_wconf 91' lang='lat' dir='ltr'>in</span> <span class='ocrx_word' id='word_1_919' title='bbox 1701 2130 1859 2168; x_wconf 83' lang='lat' dir='ltr'>sumptum</span> 
     </span>
     <span class='ocr_line' id='line_1_125' title="bbox 992 2165 1860 2213; baseline 0.007 -18"><span class='ocrx_word' id='word_1_920' title='bbox 992 2165 1137 2197; x_wconf 90' lang='lat' dir='ltr'>ludorum</span> <span class='ocrx_word' id='word_1_921' title='bbox 1158 2176 1237 2207; x_wconf 87' lang='lat' dir='ltr'>quos</span> <span class='ocrx_word' id='word_1_922' title='bbox 1256 2169 1347 2201; x_wconf 90' lang='lat' dir='ltr'>initio</span> <span class='ocrx_word' id='word_1_923' title='bbox 1370 2170 1571 2213; x_wconf 82' lang='lat' dir='ltr'>Magistratus</span> <span class='ocrx_word' id='word_1_924' title='bbox 1594 2171 1716 2212; x_wconf 88' lang='lat' dir='ltr'>populo</span> <span class='ocrx_word' id='word_1_925' title='bbox 1739 2169 1860 2202; x_wconf 74' lang='lat' dir='ltr'>exhibi-</span> 
     </span>
     <span class='ocr_line' id='line_1_126' title="bbox 994 2207 1857 2254; baseline 0.006 -17"><span class='ocrx_word' id='word_1_926' title='bbox 994 2215 1080 2238; x_wconf 89' lang='lat' dir='ltr'>turus</span> <span class='ocrx_word' id='word_1_927' title='bbox 1098 2207 1133 2254; x_wconf 77' lang='lat' dir='ltr'>sit</span> <span class='ocrx_word' id='word_1_928' title='bbox 1155 2211 1293 2242; x_wconf 84' lang='lat' dir='ltr'>maritus.</span> <span class='ocrx_word' id='word_1_929' title='bbox 1317 2221 1378 2252; x_wconf 86' lang='lat' dir='ltr'>qua</span> <span class='ocrx_word' id='word_1_930' title='bbox 1394 2214 1434 2244; x_wconf 93' lang='lat' dir='ltr'>de</span> <span class='ocrx_word' id='word_1_931' title='bbox 1457 2223 1491 2244; x_wconf 88' lang='lat' dir='ltr'>re</span> <span class='ocrx_word' id='word_1_932' title='bbox 1512 2213 1595 2245; x_wconf 87' lang='lat' dir='ltr'>&#39;idem</span> <span class='ocrx_word' id='word_1_933' title='bbox 1615 2211 1785 2244; x_wconf 82' lang='lat' dir='ltr'>Raevardus</span> <span class='ocrx_word' id='word_1_934' title='bbox 1808 2211 1857 2242; x_wconf 74' lang='lat' dir='ltr'>lili.</span> 
     </span>
     <span class='ocr_line' id='line_1_127' title="bbox 996 2249 1857 2293; baseline 0.007 -15"><span class='ocrx_word' id='word_1_935' title='bbox 996 2257 1023 2279; x_wconf 87' lang='lat'>1.</span> <span class='ocrx_word' id='word_1_936' title='bbox 1048 2249 1212 2292; x_wconf 63' lang='lat' dir='ltr'>Conyebtun.</span> <span class='ocrx_word' id='word_1_937' title='bbox 1236 2261 1261 2282; x_wconf 87' lang='lat' dir='ltr'>c.</span> <span class='ocrx_word' id='word_1_938' title='bbox 1287 2256 1317 2283; x_wconf 88' lang='lat'>6.</span> <span class='ocrx_word' id='word_1_939' title='bbox 1363 2254 1483 2293; x_wconf 82' lang='lat' dir='ltr'>Aliquis</span> <span class='ocrx_word' id='word_1_940' title='bbox 1516 2254 1627 2291; x_wconf 86' lang='lat' dir='ltr'>dicet,</span> <span class='ocrx_word' id='word_1_941' title='bbox 1659 2258 1793 2285; x_wconf 80' lang='lat' dir='ltr'>uxorem</span> <span class='ocrx_word' id='word_1_942' title='bbox 1824 2252 1857 2284; x_wconf 84' lang='lat' dir='ltr'>in</span> 
     </span>
     <span class='ocr_line' id='line_1_128' title="bbox 992 2291 1859 2335; baseline 0.006 -16"><span class='ocrx_word' id='word_1_943' title='bbox 992 2291 1139 2321; x_wconf 75' lang='lat' dir='ltr'>omnibus</span> <span class='ocrx_word' id='word_1_944' title='bbox 1163 2291 1248 2323; x_wconf 76' lang='lat' dir='ltr'>hisce</span> <span class='ocrx_word' id='word_1_945' title='bbox 1265 2295 1383 2326; x_wconf 84' lang='lat' dir='ltr'>casibus</span> <span class='ocrx_word' id='word_1_946' title='bbox 1407 2295 1582 2326; x_wconf 87' lang='lat' dir='ltr'>donatione</span> <span class='ocrx_word' id='word_1_947' title='bbox 1604 2294 1670 2326; x_wconf 84' lang='lat' dir='ltr'>fieri</span> <span class='ocrx_word' id='word_1_948' title='bbox 1692 2293 1859 2335; x_wconf 83' lang='lat' dir='ltr'>pauperio-</span> 
     </span>
     <span class='ocr_line' id='line_1_129' title="bbox 993 2330 1858 2380; baseline 0.006 -19"><span class='ocrx_word' id='word_1_949' title='bbox 993 2339 1070 2376; x_wconf 85' lang='lat' dir='ltr'>rem.</span> <span class='ocrx_word' id='word_1_950' title='bbox 1112 2330 1185 2363; x_wconf 86' lang='lat' dir='ltr'>Nec</span> <span class='ocrx_word' id='word_1_951' title='bbox 1203 2334 1266 2364; x_wconf 82' lang='lat' dir='ltr'>huc</span> <span class='ocrx_word' id='word_1_952' title='bbox 1281 2335 1388 2380; x_wconf 78' lang='lat' dir='ltr'>negari</span> <span class='ocrx_word' id='word_1_953' title='bbox 1406 2335 1514 2367; x_wconf 83' lang='lat' dir='ltr'>debet.</span> <span class='ocrx_word' id='word_1_954' title='bbox 1552 2336 1614 2368; x_wconf 89' lang='lat' dir='ltr'>Sed</span> <span class='ocrx_word' id='word_1_955' title='bbox 1631 2334 1778 2367; x_wconf 89' lang='lat' dir='ltr'>Orationi</span> <span class='ocrx_word' id='word_1_956' title='bbox 1797 2334 1858 2366; x_wconf 85' lang='lat' dir='ltr'>suf-</span> 
     </span>
     <span class='ocr_line' id='line_1_130' title="bbox 990 2370 1857 2418; baseline 0.008 -17"><span class='ocrx_word' id='word_1_957' title='bbox 990 2370 1076 2410; x_wconf 89' lang='lat' dir='ltr'>ficit,</span> <span class='ocrx_word' id='word_1_958' title='bbox 1106 2375 1252 2406; x_wconf 87' lang='lat' dir='ltr'>maritum</span> <span class='ocrx_word' id='word_1_959' title='bbox 1275 2375 1396 2407; x_wconf 85' lang='lat' dir='ltr'>idcirco</span> <span class='ocrx_word' id='word_1_960' title='bbox 1418 2386 1482 2408; x_wconf 90' lang='lat' dir='ltr'>non</span> <span class='ocrx_word' id='word_1_961' title='bbox 1501 2376 1568 2408; x_wconf 84' lang='lat' dir='ltr'>fieri</span> <span class='ocrx_word' id='word_1_962' title='bbox 1589 2377 1857 2418; x_wconf 81' lang='lat' dir='ltr'>locupletiorem:</span> 
     </span>
     <span class='ocr_line' id='line_1_131' title="bbox 991 2415 1857 2460; baseline 0.008 -17"><span class='ocrx_word' id='word_1_963' title='bbox 991 2422 1091 2457; x_wconf 80' lang='lat' dir='ltr'>usque</span> <span class='ocrx_word' id='word_1_964' title='bbox 1107 2415 1207 2454; x_wconf 84' lang='lat' dir='ltr'>adeo,</span> <span class='ocrx_word' id='word_1_965' title='bbox 1231 2424 1264 2447; x_wconf 89' lang='lat' dir='ltr'>ut</span> <span class='ocrx_word' id='word_1_966' title='bbox 1289 2416 1319 2448; x_wconf 91' lang='lat' dir='ltr'>in</span> <span class='ocrx_word' id='word_1_967' title='bbox 1343 2417 1362 2448; x_wconf 90' lang='lat' dir='ltr'>l.</span> <span class='ocrx_word' id='word_1_968' title='bbox 1381 2426 1430 2449; x_wconf 83' lang='lat'>21.</span> <span class='ocrx_word' id='word_1_969' title='bbox 1452 2418 1478 2449; x_wconf 88' lang='lat' dir='ltr'><em>C</em></span> <span class='ocrx_word' id='word_1_970' title='bbox 1505 2420 1532 2449; x_wconf 78' lang='lat' dir='ltr'>b.</span> <span class='ocrx_word' id='word_1_971' title='bbox 1549 2422 1570 2450; x_wconf 83' lang='lat' dir='ltr'>t.</span> <span class='ocrx_word' id='word_1_972' title='bbox 1604 2419 1745 2460; x_wconf 90' lang='lat' dir='ltr'>placeat,</span> <span class='ocrx_word' id='word_1_973' title='bbox 1776 2417 1857 2450; x_wconf 89' lang='lat' dir='ltr'>Dio-</span> 
     </span>
     <span class='ocr_line' id='line_1_132' title="bbox 991 2455 1856 2500; baseline 0.009 -16"><span class='ocrx_word' id='word_1_974' title='bbox 991 2455 1129 2499; x_wconf 75' lang='lat' dir='ltr'>cletiano</span> <span class='ocrx_word' id='word_1_975' title='bbox 1154 2456 1183 2486; x_wconf 85' lang='lat'>&amp;</span> <span class='ocrx_word' id='word_1_976' title='bbox 1200 2456 1416 2497; x_wconf 78' lang='lat' dir='ltr'>Maximiano,</span> <span class='ocrx_word' id='word_1_977' title='bbox 1438 2458 1620 2498; x_wconf 89' lang='lat' dir='ltr'>mulierem,</span> <span class='ocrx_word' id='word_1_978' title='bbox 1643 2459 1664 2492; x_wconf 87' lang='lat' dir='ltr'><strong>fi</strong></span> <span class='ocrx_word' id='word_1_979' title='bbox 1681 2469 1773 2500; x_wconf 88' lang='lat' dir='ltr'>quam</span> <span class='ocrx_word' id='word_1_980' title='bbox 1800 2469 1856 2500; x_wconf 86' lang='lat' dir='ltr'>pe-</span> 
     </span>
     <span class='ocr_line' id='line_1_133' title="bbox 990 2498 1853 2542; baseline 0.009 -17"><span class='ocrx_word' id='word_1_981' title='bbox 990 2504 1112 2527; x_wconf 88' lang='lat' dir='ltr'>cuniam</span> <span class='ocrx_word' id='word_1_982' title='bbox 1131 2498 1312 2536; x_wconf 86' lang='lat' dir='ltr'>promarito</span> <span class='ocrx_word' id='word_1_983' title='bbox 1323 2499 1502 2540; x_wconf 88' lang='lat' dir='ltr'>erogaverit</span> <span class='ocrx_word' id='word_1_984' title='bbox 1517 2500 1547 2532; x_wconf 88' lang='lat' dir='ltr'>in</span> <span class='ocrx_word' id='word_1_985' title='bbox 1566 2502 1631 2541; x_wconf 83' lang='lat' dir='ltr'>ejus</span> <span class='ocrx_word' id='word_1_986' title='bbox 1646 2501 1832 2542; x_wconf 82' lang='lat' dir='ltr'>dignitatem</span> <span class='ocrx_word' id='word_1_987' title='bbox 1844 2524 1853 2539; x_wconf 80' lang='lat'>,</span> 
     </span>
     <span class='ocr_line' id='line_1_134' title="bbox 988 2537 1854 2584; baseline 0.007 -17"><span class='ocrx_word' id='word_1_988' title='bbox 988 2545 1057 2568; x_wconf 89' lang='lat' dir='ltr'>eam</span> <span class='ocrx_word' id='word_1_989' title='bbox 1074 2537 1149 2568; x_wconf 85' lang='lat' dir='ltr'>licet</span> <span class='ocrx_word' id='word_1_990' title='bbox 1166 2546 1303 2571; x_wconf 88' lang='lat' dir='ltr'>mutuam</span> <span class='ocrx_word' id='word_1_991' title='bbox 1322 2542 1498 2581; x_wconf 87' lang='lat' dir='ltr'>acceperit,</span> <span class='ocrx_word' id='word_1_992' title='bbox 1517 2551 1533 2572; x_wconf 88' lang='lat' dir='ltr'>a</span> <span class='ocrx_word' id='word_1_993' title='bbox 1555 2542 1669 2574; x_wconf 82' lang='lat' dir='ltr'>marito</span> <span class='ocrx_word' id='word_1_994' title='bbox 1684 2552 1749 2575; x_wconf 87' lang='lat' dir='ltr'>non</span> <span class='ocrx_word' id='word_1_995' title='bbox 1767 2542 1854 2584; x_wconf 76' lang='lat' dir='ltr'>posse</span> 
     </span>
     <span class='ocr_line' id='line_1_135' title="bbox 986 2581 1853 2625; baseline 0.009 -18"><span class='ocrx_word' id='word_1_996' title='bbox 986 2586 1142 2619; x_wconf 87' lang='lat' dir='ltr'>repetere.</span> <span class='ocrx_word' id='word_1_997' title='bbox 1184 2581 1235 2611; x_wconf 84' lang='lat' dir='ltr'>Ab</span> <span class='ocrx_word' id='word_1_998' title='bbox 1257 2582 1373 2613; x_wconf 86' lang='lat' dir='ltr'>eodem</span> <span class='ocrx_word' id='word_1_999' title='bbox 1396 2582 1489 2613; x_wconf 86' lang='lat' dir='ltr'>fonte</span> <span class='ocrx_word' id='word_1_1000' title='bbox 1506 2583 1550 2614; x_wconf 86' lang='lat' dir='ltr'>est</span> <span class='ocrx_word' id='word_1_1001' title='bbox 1568 2583 1631 2615; x_wconf 88' lang='lat' dir='ltr'>hoc</span> <span class='ocrx_word' id='word_1_1002' title='bbox 1647 2583 1771 2625; x_wconf 89' lang='lat' dir='ltr'>Ulpiani</span> <span class='ocrx_word' id='word_1_1003' title='bbox 1788 2585 1806 2615; x_wconf 90' lang='lat' dir='ltr'>l.</span> <span class='ocrx_word' id='word_1_1004' title='bbox 1821 2593 1853 2624; x_wconf 85' lang='lat'>5.</span> 
     </span>
     <span class='ocr_line' id='line_1_136' title="bbox 986 2618 1850 2667; baseline 0.005 -18"><span class='ocrx_word' id='word_1_1005' title='bbox 986 2618 1013 2660; x_wconf 88' lang='lat'>§.</span> <span class='ocrx_word' id='word_1_1006' title='bbox 1034 2620 1079 2660; x_wconf 72' lang='lat'>17‘.</span> <span class='ocrx_word' id='word_1_1007' title='bbox 1101 2619 1138 2652; x_wconf 89' lang='lat' dir='ltr'>D.</span> <span class='ocrx_word' id='word_1_1008' title='bbox 1152 2620 1178 2651; x_wconf 79' lang='grc' dir='ltr'>ι’).</span> <span class='ocrx_word' id='word_1_1009' title='bbox 1197 2627 1219 2653; x_wconf 86' lang='lat' dir='ltr'>t.</span> <span class='ocrx_word' id='word_1_1010' title='bbox 1239 2624 1403 2654; x_wconf 79' lang='lat' dir='ltr'>Marcellus</span> <span class='ocrx_word' id='word_1_1011' title='bbox 1418 2625 1464 2655; x_wconf 81' lang='lat' dir='ltr'>lib.</span> <span class='ocrx_word' id='word_1_1012' title='bbox 1482 2634 1509 2665; x_wconf 83' lang='lat'>7.</span> <span class='ocrx_word' id='word_1_1013' title='bbox 1527 2623 1710 2666; x_wconf 76' lang='lat' dir='ltr'>Digestorum</span> <span class='ocrx_word' id='word_1_1014' title='bbox 1726 2627 1850 2667; x_wconf 69' lang='lat' dir='ltr'>qum-it,</span> 
     </span>
     <span class='ocr_line' id='line_1_137' title="bbox 987 2661 1849 2707; baseline 0.006 -17"><span class='ocrx_word' id='word_1_1015' title='bbox 987 2662 1019 2691; x_wconf 68' lang='lat' dir='ltr'>Si</span> <span class='ocrx_word' id='word_1_1016' title='bbox 1035 2661 1138 2692; x_wconf 78' lang='lat' dir='ltr'>iizulier</span> <span class='ocrx_word' id='word_1_1017' title='bbox 1158 2669 1302 2703; x_wconf 83' lang='lat' dir='ltr'>acceptam</span> <span class='ocrx_word' id='word_1_1018' title='bbox 1323 2675 1340 2696; x_wconf 85' lang='lat' dir='ltr'>a</span> <span class='ocrx_word' id='word_1_1019' title='bbox 1356 2667 1461 2696; x_wconf 81' lang='lat' dir='ltr'>marito</span> <span class='ocrx_word' id='word_1_1020' title='bbox 1476 2668 1627 2706; x_wconf 76' lang='lat' dir='ltr'>pecaniam</span> <span class='ocrx_word' id='word_1_1021' title='bbox 1652 2667 1683 2697; x_wconf 83' lang='lat' dir='ltr'>in</span> <span class='ocrx_word' id='word_1_1022' title='bbox 1701 2665 1849 2707; x_wconf 75' lang='lat' dir='ltr'>sportulas</span> 
     </span>
     <span class='ocr_line' id='line_1_138' title="bbox 980 2705 1850 2748; baseline 0.006 -17"><span class='ocrx_word' id='word_1_1023' title='bbox 980 2709 1034 2742; x_wconf 86' lang='lat' dir='ltr'>pro</span> <span class='ocrx_word' id='word_1_1024' title='bbox 1052 2709 1170 2745; x_wconf 69' lang='lat' dir='ltr'>cognato</span> <span class='ocrx_word' id='word_1_1025' title='bbox 1184 2706 1236 2741; x_wconf 78' lang='lat' dir='ltr'>luo</span> <span class='ocrx_word' id='word_1_1026' title='bbox 1264 2705 1373 2737; x_wconf 79' lang='lat' dir='ltr'>Ordini</span> <span class='ocrx_word' id='word_1_1027' title='bbox 1395 2708 1573 2748; x_wconf 70' lang='lat' dir='ltr'>erogaverit,</span> <span class='ocrx_word' id='word_1_1028' title='bbox 1605 2718 1645 2740; x_wconf 81' lang='lat' dir='ltr'>an</span> <span class='ocrx_word' id='word_1_1029' title='bbox 1663 2709 1775 2738; x_wconf 73' lang='lat' dir='ltr'>donatio</span> <span class='ocrx_word' id='word_1_1030' title='bbox 1797 2715 1850 2736; x_wconf 89' lang='lat' dir='ltr'>va-</span> 
     </span>
     <span class='ocr_line' id='line_1_139' title="bbox 987 2744 1848 2790; baseline 0.003 -17"><span class='ocrx_word' id='word_1_1031' title='bbox 987 2744 1067 2775; x_wconf 77' lang='lat' dir='ltr'>leat?</span> <span class='ocrx_word' id='word_1_1032' title='bbox 1091 2744 1132 2774; x_wconf 84' lang='lat' dir='ltr'>Et</span> <span class='ocrx_word' id='word_1_1033' title='bbox 1148 2746 1190 2775; x_wconf 87' lang='lat' dir='ltr'>ait</span> <span class='ocrx_word' id='word_1_1034' title='bbox 1202 2769 1212 2784; x_wconf 92' lang='lat'>,</span> <span class='ocrx_word' id='word_1_1035' title='bbox 1234 2747 1354 2778; x_wconf 76' lang='lat' dir='ltr'>valere:</span> <span class='ocrx_word' id='word_1_1036' title='bbox 1377 2757 1428 2779; x_wconf 86' lang='lat' dir='ltr'>nec</span> <span class='ocrx_word' id='word_1_1037' title='bbox 1445 2750 1538 2780; x_wconf 84' lang='lat' dir='ltr'>videri</span> <span class='ocrx_word' id='word_1_1038' title='bbox 1557 2750 1761 2790; x_wconf 80' lang='lat' dir='ltr'>locupletiorem</span> <span class='ocrx_word' id='word_1_1039' title='bbox 1784 2755 1848 2777; x_wconf 84' lang='lat' dir='ltr'>mu·</span> 
     </span>
     <span class='ocr_line' id='line_1_140' title="bbox 986 2783 1851 2832; baseline 0.008 -19"><span class='ocrx_word' id='word_1_1040' title='bbox 986 2783 1224 2825; x_wconf 66' lang='lat' dir='ltr'>lieremfabicmi,</span> <span class='ocrx_word' id='word_1_1041' title='bbox 1247 2789 1382 2828; x_wconf 83' lang='lat' dir='ltr'>quamvis</span> <span class='ocrx_word' id='word_1_1042' title='bbox 1402 2796 1533 2822; x_wconf 67' lang='lat' dir='ltr'>mutuam</span> <span class='ocrx_word' id='word_1_1043' title='bbox 1551 2793 1703 2832; x_wconf 82' lang='lat' dir='ltr'>pecuniam</span> <span class='ocrx_word' id='word_1_1044' title='bbox 1718 2789 1781 2829; x_wconf 57' lang='lat' dir='ltr'>efflet</span> <span class='ocrx_word' id='word_1_1045' title='bbox 1803 2795 1851 2818; x_wconf 78' lang='lat' dir='ltr'>ac·</span> 
     </span>
     <span class='ocr_line' id='line_1_141' title="bbox 986 2826 1850 2873; baseline 0.006 -20"><span class='ocrx_word' id='word_1_1046' title='bbox 986 2832 1121 2865; x_wconf 74' lang='grc' dir='ltr'><em>εεριιινα,</em></span> <span class='ocrx_word' id='word_1_1047' title='bbox 1151 2826 1187 2861; x_wconf 74' lang='lat'>&amp;¹</span> <span class='ocrx_word' id='word_1_1048' title='bbox 1206 2835 1259 2868; x_wconf 88' lang='lat' dir='ltr'>pro</span> <span class='ocrx_word' id='word_1_1049' title='bbox 1275 2829 1373 2869; x_wconf 68' lang='lat' dir='ltr'>adfine</span> <span class='ocrx_word' id='word_1_1050' title='bbox 1395 2838 1555 2873; x_wconf 80' lang='lat' dir='ltr'>erogatura.</span> <span class='ocrx_word' id='word_1_1051' title='bbox 1607 2830 1688 2871; x_wconf 70' lang='lat' dir='ltr'>Qum</span> <span class='ocrx_word' id='word_1_1052' title='bbox 1713 2830 1765 2860; x_wconf 82' lang='lat' dir='ltr'>hic</span> <span class='ocrx_word' id='word_1_1053' title='bbox 1791 2827 1850 2858; x_wconf 79' lang='lat' dir='ltr'>fine</span> 
     </span>
     <span class='ocr_line' id='line_1_142' title="bbox 985 2865 1852 2913; baseline 0.002 -17"><span class='ocrx_word' id='word_1_1054' title='bbox 985 2865 1129 2910; x_wconf 67' lang='lat' dir='ltr'>sportulae</span> <span class='ocrx_word' id='word_1_1055' title='bbox 1145 2867 1257 2901; x_wconf 88' lang='lat' dir='ltr'>Ordini</span> <span class='ocrx_word' id='word_1_1056' title='bbox 1274 2880 1333 2912; x_wconf 88' lang='lat' dir='ltr'>pro</span> <span class='ocrx_word' id='word_1_1057' title='bbox 1349 2879 1488 2913; x_wconf 88' lang='lat' dir='ltr'>cognato</span> <span class='ocrx_word' id='word_1_1058' title='bbox 1505 2880 1640 2912; x_wconf 84' lang='lat' dir='ltr'>erogatae</span> <span class='ocrx_word' id='word_1_1059' title='bbox 1665 2879 1682 2901; x_wconf 85' lang='lat' dir='ltr'>a</span> <span class='ocrx_word' id='word_1_1060' title='bbox 1700 2870 1852 2906; x_wconf 89' lang='lat' dir='ltr'>muliere,</span> 
     </span>
     <span class='ocr_line' id='line_1_143' title="bbox 987 2909 1849 2951; baseline 0.009 -14"><span class='ocrx_word' id='word_1_1061' title='bbox 987 2916 1096 2948; x_wconf 86' lang='lat' dir='ltr'>accipe</span> <span class='ocrx_word' id='word_1_1062' title='bbox 1112 2916 1128 2938; x_wconf 85' lang='lat' dir='ltr'>a</span> <span class='ocrx_word' id='word_1_1063' title='bbox 1145 2909 1266 2942; x_wconf 76' lang='lat' dir='ltr'>Budaeo</span> <span class='ocrx_word' id='word_1_1064' title='bbox 1291 2911 1329 2943; x_wconf 91' lang='lat' dir='ltr'>V.</span> <span class='ocrx_word' id='word_1_1065' title='bbox 1348 2912 1407 2945; x_wconf 85' lang='lat' dir='ltr'>CL.</span> <span class='ocrx_word' id='word_1_1066' title='bbox 1434 2914 1544 2946; x_wconf 80' lang='lat' dir='ltr'>Annot.</span> <span class='ocrx_word' id='word_1_1067' title='bbox 1568 2915 1598 2943; x_wconf 75' lang='lat' dir='ltr'>in</span> <span class='ocrx_word' id='word_1_1068' title='bbox 1621 2911 1758 2943; x_wconf 58' lang='lat' dir='ltr'>Pande&amp;</span> <span class='ocrx_word' id='word_1_1069' title='bbox 1778 2917 1849 2951; x_wconf 70' lang='lat' dir='ltr'>pog-</span> 
     </span>
     <span class='ocr_line' id='line_1_144' title="bbox 986 2948 1851 2996; baseline -0.001 -11"><span class='ocrx_word' id='word_1_1070' title='bbox 986 2958 1055 2988; x_wconf 77' lang='lat'>379·</span> <span class='ocrx_word' id='word_1_1071' title='bbox 1077 2948 1113 2994; x_wconf 62' lang='grc' dir='ltr'>ᾤ’</span> <span class='ocrx_word' id='word_1_1072' title='bbox 1128 2955 1190 2992; x_wconf 81' lang='lat' dir='ltr'>seq.</span> <span class='ocrx_word' id='word_1_1073' title='bbox 1214 2952 1361 2993; x_wconf 87' lang='lat' dir='ltr'>dicente,</span> <span class='ocrx_word' id='word_1_1074' title='bbox 1384 2955 1535 2996; x_wconf 85' lang='lat' dir='ltr'>sportulas</span> <span class='ocrx_word' id='word_1_1075' title='bbox 1561 2952 1621 2984; x_wconf 88' lang='lat' dir='ltr'>csse</span> <span class='ocrx_word' id='word_1_1076' title='bbox 1645 2953 1851 2986; x_wconf 81' lang='lat' dir='ltr'>honorarium</span> 
     </span>
     <span class='ocr_line' id='line_1_145' title="bbox 988 2993 1851 3035; baseline 0.009 -14"><span class='ocrx_word' id='word_1_1077' title='bbox 988 2995 1212 3025; x_wconf 80' lang='lat' dir='ltr'>decurionatus</span> <span class='ocrx_word' id='word_1_1078' title='bbox 1227 3018 1237 3033; x_wconf 90' lang='lat'>‚</span> <span class='ocrx_word' id='word_1_1079' title='bbox 1259 3004 1319 3035; x_wconf 90' lang='lat' dir='ltr'>pro</span> <span class='ocrx_word' id='word_1_1080' title='bbox 1334 2996 1466 3027; x_wconf 90' lang='lat' dir='ltr'>introitu</span> <span class='ocrx_word' id='word_1_1081' title='bbox 1490 2996 1519 3025; x_wconf 91' lang='lat' dir='ltr'>in</span> <span class='ocrx_word' id='word_1_1082' title='bbox 1545 2994 1640 3024; x_wconf 81' lang='lat' dir='ltr'>bulen</span> <span class='ocrx_word' id='word_1_1083' title='bbox 1661 3003 1677 3024; x_wconf 88' lang='lat' dir='ltr'>a</span> <span class='ocrx_word' id='word_1_1084' title='bbox 1695 2993 1851 3029; x_wconf 74' lang='lat' dir='ltr'>Decurio-</span> 
     </span>
     <span class='ocr_line' id='line_1_146' title="bbox 989 3031 1853 3077; baseline 0.01 -16"><span class='ocrx_word' id='word_1_1085' title='bbox 989 3031 1078 3075; x_wconf 79' lang='lat' dir='ltr'>nibus</span> <span class='ocrx_word' id='word_1_1086' title='bbox 1102 3033 1165 3064; x_wconf 82' lang='lat' dir='ltr'>dari</span> <span class='ocrx_word' id='word_1_1087' title='bbox 1191 3035 1328 3068; x_wconf 90' lang='lat' dir='ltr'>solitum.</span> <span class='ocrx_word' id='word_1_1088' title='bbox 1352 3037 1437 3076; x_wconf 87' lang='lat' dir='ltr'>quod</span> <span class='ocrx_word' id='word_1_1089' title='bbox 1454 3035 1575 3074; x_wconf 71' lang='lat' dir='ltr'>probe,</span> <span class='ocrx_word' id='word_1_1090' title='bbox 1607 3034 1636 3064; x_wconf 76' lang='grc' dir='ltr'>δι</span> <span class='ocrx_word' id='word_1_1091' title='bbox 1658 3044 1786 3077; x_wconf 80' lang='lat' dir='ltr'>apparet</span> <span class='ocrx_word' id='word_1_1092' title='bbox 1809 3038 1853 3070; x_wconf 66' lang='lat' dir='ltr'>ex</span> 
     </span>
     <span class='ocr_line' id='line_1_147' title="bbox 988 3073 1850 3121; baseline 0.01 -18"><span class='ocrx_word' id='word_1_1093' title='bbox 988 3073 1089 3117; x_wconf 67' lang='lat' dir='ltr'>Plinio</span> <span class='ocrx_word' id='word_1_1094' title='bbox 1105 3074 1151 3106; x_wconf 80' lang='lat' dir='ltr'>lib.</span> <span class='ocrx_word' id='word_1_1095' title='bbox 1173 3085 1218 3108; x_wconf 93' lang='lat'>10.</span> <span class='ocrx_word' id='word_1_1096' title='bbox 1235 3077 1327 3118; x_wconf 69' lang='lat' dir='ltr'>Epist.</span> <span class='ocrx_word' id='word_1_1097' title='bbox 1343 3082 1392 3115; x_wconf 82' lang='lat'>48.</span> <span class='ocrx_word' id='word_1_1098' title='bbox 1416 3076 1453 3109; x_wconf 62' lang='grc' dir='ltr'>ὅ*</span> <span class='ocrx_word' id='word_1_1099' title='bbox 1467 3075 1555 3113; x_wconf 81' lang='lat' dir='ltr'>alibi,</span> <span class='ocrx_word' id='word_1_1100' title='bbox 1579 3075 1672 3107; x_wconf 88' lang='lat' dir='ltr'>ctiam</span> <span class='ocrx_word' id='word_1_1101' title='bbox 1698 3087 1737 3109; x_wconf 87' lang='lat' dir='ltr'>ex</span> <span class='ocrx_word' id='word_1_1102' title='bbox 1761 3079 1850 3121; x_wconf 88' lang='lat' dir='ltr'>Papi·</span> 
     </span>
     <span class='ocr_line' id='line_1_148' title="bbox 988 3115 1852 3159; baseline 0.012 -15"><span class='ocrx_word' id='word_1_1103' title='bbox 988 3123 1081 3145; x_wconf 79' lang='lat' dir='ltr'>niano</span> <span class='ocrx_word' id='word_1_1104' title='bbox 1097 3115 1115 3146; x_wconf 88' lang='lat' dir='ltr'>l.</span> <span class='ocrx_word' id='word_1_1105' title='bbox 1132 3128 1161 3157; x_wconf 84' lang='lat'>5.</span> <span class='ocrx_word' id='word_1_1106' title='bbox 1185 3119 1212 3159; x_wconf 85' lang='lat'>§.</span> <span class='ocrx_word' id='word_1_1107' title='bbox 1235 3127 1258 3150; x_wconf 88' lang='lat' dir='ltr'>i.</span> <span class='ocrx_word' id='word_1_1108' title='bbox 1284 3119 1323 3149; x_wconf 84' lang='lat'>1).</span> <span class='ocrx_word' id='word_1_1109' title='bbox 1349 3119 1382 3147; x_wconf 72' lang='lat' dir='ltr'>de</span> <span class='ocrx_word' id='word_1_1110' title='bbox 1405 3116 1592 3147; x_wconf 76' lang='lat' dir='ltr'>Decurionib.</span> <span class='ocrx_word' id='word_1_1111' title='bbox 1634 3116 1729 3150; x_wconf 85' lang='lat' dir='ltr'>Aliud</span> <span class='ocrx_word' id='word_1_1112' title='bbox 1745 3129 1852 3154; x_wconf 81' lang='lat' dir='ltr'>exem·</span> 
     </span>
     <span class='ocr_line' id='line_1_149' title="bbox 987 3156 1851 3203; baseline 0.008 -17"><span class='ocrx_word' id='word_1_1113' title='bbox 987 3157 1071 3196; x_wconf 79' lang='lat' dir='ltr'>plum</span> <span class='ocrx_word' id='word_1_1114' title='bbox 1090 3158 1120 3189; x_wconf 89' lang='lat' dir='ltr'>in</span> <span class='ocrx_word' id='word_1_1115' title='bbox 1145 3158 1162 3190; x_wconf 88' lang='lat' dir='ltr'>l.</span> <span class='ocrx_word' id='word_1_1116' title='bbox 1180 3169 1207 3200; x_wconf 84' lang='lat'>7.</span> <span class='ocrx_word' id='word_1_1117' title='bbox 1223 3160 1252 3201; x_wconf 86' lang='lat'>§.</span> <span class='ocrx_word' id='word_1_1118' title='bbox 1273 3168 1297 3190; x_wconf 90' lang='lat'>1.</span> <span class='ocrx_word' id='word_1_1119' title='bbox 1311 3157 1350 3188; x_wconf 95' lang='lat' dir='ltr'>D.</span> <span class='ocrx_word' id='word_1_1120' title='bbox 1367 3157 1394 3186; x_wconf 82' lang='lat' dir='ltr'>b.</span> <span class='ocrx_word' id='word_1_1121' title='bbox 1412 3161 1432 3186; x_wconf 85' lang='lat' dir='ltr'>t.</span> <span class='ocrx_word' id='word_1_1122' title='bbox 1456 3156 1568 3187; x_wconf 83' lang='lat' dir='ltr'>verba:</span> <span class='ocrx_word' id='word_1_1123' title='bbox 1598 3156 1632 3187; x_wconf 86' lang='lat' dir='ltr'>Si</span> <span class='ocrx_word' id='word_1_1124' title='bbox 1654 3161 1779 3191; x_wconf 76' lang='lat' dir='ltr'>maritus</span> <span class='ocrx_word' id='word_1_1125' title='bbox 1802 3170 1851 3203; x_wconf 84' lang='lat' dir='ltr'>pe·</span> 
     </span>
     <span class='ocr_line' id='line_1_150' title="bbox 985 3198 1853 3244; baseline 0.001 -17"><span class='ocrx_word' id='word_1_1126' title='bbox 985 3198 1100 3228; x_wconf 83' lang='lat' dir='ltr'>cuniam</span> <span class='ocrx_word' id='word_1_1127' title='bbox 1115 3202 1202 3231; x_wconf 83' lang='lat' dir='ltr'>uxori</span> <span class='ocrx_word' id='word_1_1128' title='bbox 1224 3211 1254 3230; x_wconf 69' lang='lat' dir='ltr'>tiz</span> <span class='ocrx_word' id='word_1_1129' title='bbox 1272 3202 1419 3239; x_wconf 78' lang='lat' dir='ltr'>unguenta</span> <span class='ocrx_word' id='word_1_1130' title='bbox 1442 3198 1569 3237; x_wconf 74' lang='lat' dir='ltr'>dederit,</span> <span class='ocrx_word' id='word_1_1131' title='bbox 1592 3206 1679 3240; x_wconf 79' lang='lat' dir='ltr'>eaque</span> <span class='ocrx_word' id='word_1_1132' title='bbox 1699 3210 1761 3233; x_wconf 84' lang='lat' dir='ltr'>eam</span> <span class='ocrx_word' id='word_1_1133' title='bbox 1784 3203 1853 3244; x_wconf 64' lang='lat'><strong><em>[1⁷⁶⁸</em></strong></span> 
     </span>
     <span class='ocr_line' id='line_1_151' title="bbox 984 3238 1851 3312; baseline 0.006 -42"><span class='ocrx_word' id='word_1_1134' title='bbox 984 3241 1123 3282; x_wconf 66' lang='lat' dir='ltr'>cuniam]</span> <span class='ocrx_word' id='word_1_1135' title='bbox 1148 3241 1280 3274; x_wconf 82' lang='lat' dir='ltr'>creditori</span> <span class='ocrx_word' id='word_1_1136' title='bbox 1292 3241 1356 3312; x_wconf 69' lang='grc' dir='ltr'>,[αὲ</span> <span class='ocrx_word' id='word_1_1137' title='bbox 1366 3238 1498 3279; x_wconf 73' lang='lat' dir='ltr'>solverit,</span> <span class='ocrx_word' id='word_1_1138' title='bbox 1521 3248 1588 3271; x_wconf 77' lang='lat' dir='ltr'>mox</span> <span class='ocrx_word' id='word_1_1139' title='bbox 1601 3249 1634 3273; x_wconf 85' lang='lat' dir='ltr'>ea</span> <span class='ocrx_word' id='word_1_1140' title='bbox 1652 3242 1752 3282; x_wconf 75' lang='lat' dir='ltr'>desim</span> <span class='ocrx_word' id='word_1_1141' title='bbox 1761 3251 1851 3285; x_wconf 77' lang='lat' dir='ltr'>pecu-</span> 
     </span>
    </p>

    <p class='ocr_par' dir='ltr' id='par_1_7' title="bbox 1364 3287 1849 3315">
     <span class='ocr_line' id='line_1_152' title="bbox 1364 3287 1849 3315; baseline 0.008 -4"><span class='ocrx_word' id='word_1_1142' title='bbox 1364 3288 1399 3311; x_wconf 66' lang='lat' dir='ltr'>CC</span> <span class='ocrx_word' id='word_1_1143' title='bbox 1800 3287 1849 3315; x_wconf 64' lang='lat' dir='ltr'>&#39;isi&#39;</span> 
     </span>
    </p>
   </div>
  </div>
 </body>
</html>
