2036 3495
168 64 239 106 384

170 156 218 180 nae
235 145 437 188 conjunftio,
458 141 540 174 faeta
569 136 715 171 adversus
741 131 953 177 reverentiam
980 130 1044 175 san·

171 190 259 230 guini
275 188 425 220 debitam.
455 183 485 215 Is
504 190 582 212 vero
601 177 736 210 incestus
752 185 792 207 ex
808 174 962 219 sententia
981 171 1043 203 Vc.

172 239 278 262 terum
295 224 589 268 Jurisconsultorum
614 218 762 264 (namne
781 225 817 263 ea
833 216 894 260 1013
912 221 971 259 erit
988 222 1031 244 no

172 271 233 303 stra
248 267 436 309 disputat-io)
460 263 504 295 est
525 261 660 301 duplex:
681 259 759 289 alius
780 266 856 297 juris
881 262 1045 300 gentium,

173 311 253 343 alius
278 310 352 350 juris
375 305 486 337 civilis.
525 303 611 344 alter
633 299 755 332 constat
778 298 1044 344 utriusque-juris

172 351 409 392 prohibitione:
432 346 511 377 alter
528 343 591 374 sola
606 341 823 381 prohibitione
838 347 912 378 juris
930 337 1044 382 civilis.

175 391 333 424 Incestum
351 387 424 427 juris
441 386 584 427 gentium
606 383 716 415 Paulus
739 381 758 411 1.
776 380 830 411 ult.
855 378 942 423 Dal).
962 383 984 408 t.
1003 385 1046 408 ait

172 431 300 464 admitti
329 430 369 460 ab
396 437 437 459 eo
455 425 506 467 qui
525 435 564 457 ex
588 426 683 466 gradu
708 420 967 465 adscendentium
995 418 1045 449 vel

175 468 434 505 descendentium
459 469 593 498 u'xorem
615 466 711 497 ducit.
758 462 965 506 Pomponius·
979 459 996 489 l.
1016 464 1044 493 8.

175 514 205 545 d.
231 519 254 544 t,
285 509 359 544 Hoc
379 509 447 550 jus,
472 508 594 549 inquit,
623 505 785 543 moribus,
815 511 879 534 non
905 501 1045 546 legibus,

174 553 394 586 introductum
419 549 492 582 esse.
518 586 520 588 ,
545 548 627 580 Cum
651 555 758 578 autem
783 552 889 582 mores
906 550 1045 588 opponit

173 594 318 634 legibu53
341 592 454 634 procul
478 589 577 622 dubio
600 592 704 620 mores
729 593 844 623 vocat,
874 583 922 614 fas
945 583 974 614 &
996 592 1044 629 jus

173 644 315 668 naturae:
339 644 374 666 ut
391 634 422 665 in
437 633 492 664 illo
507 629 616 662 Ovidii
633 629 680 661 lib.
701 635 746 661 10.
769 624 1044 666 Metamorpb.vers.

175 687 301 756 3θιζρἱεἰὶε
313 722 396 758 puta.
418 724 463 747 res
480 713 540 755 ipsa
554 718 646 744 vetat.
665 712 734 753 pius
749 708 796 740 ille
810 715 969 748 memorque

217 759 324 791 Moris.
347 774 358 781 ·
380 775 393 782 -
952 785 955 789 ,
1010 782 1012 785 ,

174 801 228 833 Sic
244 794 361 831 sentio:
385 806 486 838 eaque
502 795 626 827 ratione
643 789 674 825 in
697 793 724 823 d.
740 792 759 823 l.
779 795 806 826 8.
830 798 929 831 porro
954 785 1044 827 subji-

159 843 224 879 ci,
243 849 304 873 nec
321 840 500 871 libertinum
518 835 602 877 posse
621 834 801 867 libertinam
817 838 949 875 matre—m
967 838 1045 860 uxo-

162 892 243 915 *rem
270 883 398 913 ducere.
444 879 558 911 Paulus
581 877 600 908 l.
621 886 667 916 14.
691 876 720 917 ᾗ.
740 885 768 906 2.
793 874 820 904 d.
839 881 860 904 t.
884 872 1045 917 aliquanto

176 922 300 964 plenius
314 944 325 960 ,
349 920 476 953 serviles
497 928 628 960 quoque
656 916 864 958 cognationes
880 934 890 952 ‚
920 918 1045 957 inquit,

177 966 208 996 in
226 964 291 995 hoc
305 964 373 1003 jure
389 960 600 994 observandas
617 958 694 991 effe:
719 957 813 997 igitur
831 951 1047 986 manumissurn

175 1015 240 1038 non
261 1004 426 1036 ducturum
446 1003 529 1041 suain
545 1010 696 1040 matrem:
721 999 866 1042 itemque
882 1004 899 1025 e
919 999 1046 1036 contra·

176 1048 225 1079 rio
242 1053 364 1088 patrem
386 1053 450 1076 non
467 1042 554 1083 poss‘e
577 1042 672 1082 filiam
690 1041 826 1075 ducere,
850 1039 869 1067 11
894 1044 935 1066 ex
957 1033 1048 1080 servi-

175 1096 246 1128 tute
262 1081 437 1126 manumiffi
456 1085 530 1117 sint:
554 1083 610 1115 etfi
628 1080 808 1125 dubitetur,
831 1085 952 1119 patrem
973 1083 1047 1105 eum

174 1129 253 1161 effe:
283 1127 335 1159 sed
359 1136 419 1159 nec
443 1126 541 1167 vulgo
574 1123 732 1165 quaesitam
756 1116 1046 1165 filiamiiatiiralem

173 1169 264 1212 poss‘e
285 1177 419 1201 uxorem
445 1168 573 1199 ducere.
596 1165 627 1197 &
650 1165 731 1196 hanc
751 1167 884 1206 apponit
906 1157 1046 1189 caulamt

176 1212 327 1252 quoniam
352 1212 383 1241 in
415 1207 642 1248 contrahendis
666 1204 874 1237 matrimoniis
907 1197 1047 1230 naturale

170 1253 223 1294 jus
247 1252 277 1284 &
303 1252 406 1292 pudor
430 1248 641 1290 inspiciendus
664 1246 723 1277 est:
755 1251 867 1275 contra
891 1241 1046 1282 pudorem

175 1293 222 1325 est
237 1301 362 1331 autem,
385 1291 478 1323 filiam
496 1298 626 1321 uxorem
643 1287 726 1319 suam
742 1286 870 1317 ducere.
915 1281 964 1312 Ab
983 1280 1047 1311 hoc

173 1333 334 1376 principio
350 1342 442 1374 porro
462 1329 760 1372 infertjustinianus
775 1327 802 1357 d.
818 1323 848 1371 §3
869 1333 895 1355 1.
923 1319 995 1368 lnfl.
1017 1321 1046 1353 b.

176 1382 197 1408 t.
224 1374 403 1416 hujusmodi
427 1373 551 1413 nuptias
575 1369 635 1402 esse
660 1369 812 1405 nefarias,
841 1366 872 1397 id
895 1362 958 1402 est,
989 1372 1046 1412 im-

177 1418 266 1458 pias3
290 1424 395 1457 eoque
413 1415 442 1446 in
461 1412 619 1445 infinitum
638 1408 809 1451 prohiberi.
833 1405 965 1448 quod&
982 1403 1047 1434 (Ja-

174 1460 223 1500 Jus
241 1453 410 1489 confirmat
433 1451 452 1486 l.
476 1461 527 1495 53.
551 1452 580 1485 ὅ(
605 1451 749 1483 Scaevoia
767 1450 787 1479 l.
804 1458 855 1489 54.
879 1448 908 1478 b.
925 1453 946 1478 t.
971 1454 1046 1486 prae-

176 1507 265 1531 terea
283 1498 369 1529 addit
388 1492 564 1535 Imperator
581 1494 608 1524 d.
625 1492 701 1538 §.t
724 1484 793 1522 haec
810 1486 874 1535 effc-
892 1489 1047 1533 adeo-ve-

173 1549 228 1579 ‘ra;
253 1547 305 1577 ut,
324 1537 468 1578 quamvis
487 1544 543 1575 per
559 1535 768 1574 adoptionem
786 1535 953 1572 parentum
970 1529 1046 1560 libe-

174 1588 347 1620 rorumque
375 1579 450 1610 loco
472 1577 523 1608 sibi
548 1575 609 1607 ess'e
626 1572 784 1615 coeperint
801 1594 811 1610 ‚
841 1580 905 1602 non
935 1569 1047 1615 possint

177 1624 260 1654 inter
281 1620 311 1651 se
329 1616 650 1658 matrimoniojungi:
673 1616 704 1647 in
728 1621 869 1651 tantuin,
893 1619 926 1643 ut
952 1619 1045 1642 etiam

177 1662 322 1696 dissoluta
341 1659 518 1700 adoptione
536 1659 621 1690 idem
636 1657 711 1698 iuris
733 1662 869 1688 maneat.
911 1652 973 1684 Sed
989 1660 1047 1698 'ap-

176 1710 288 1745 paret,
320 1700 567 1743 Jurisconsultos
600 1698 739 1730 Veteres
768 1693 922 1728 consensu
944 1692 1046 1739 existi-

176 1741 293 1783 masse,
315 1750 481 1785 parentum
503 1751 540 1773 ac
561 1738 733 1773 liberorum
759 1734 972 1782 nuptias-fieri
994 1733 1047 1765 ad-

175 1785 283 1819 versus
303 1785 458 1826 pudorem
476 1782 649 1821 naturalem
661 1792 670 1820 ;
682 1781 819 1820 ideoque
835 1778 883 1808 his
894 1774 1048 1808 incestum

173 1828 242 1869 jure
258 1827 402 1868 gentium
420 1823 552 1857 admitti.
583 1822 683 1855 Causa
698 1830 803 1854 autem
814 1843 824 1857 ‚
846 1818 981 1865 cur-huc
996 1816 1048 1847 de-

176 1868 350 1906 currerint,
375 1867 458 1899 nulla
481 1865 643 1904 adsertam
665 1873 746 1901 nee,
768 1861 788 1894 fl
806 1861 915 1893 sinceri
932 1866 1049 1890 erimus

175 1910 314 1952 iudices,
331 1917 392 1940 tam
411 1907 510 1940 facilis
530 1906 574 1938 est
594 1904 811 1937 demonstratu
826 1911 920 1948 quam
942 1899 1049 1945 passim

178 1951 327 1983 creditur.
409 1957 574 1990 uamquam
594 1957 644 1979 me
663 1956 725 1978 non
743 1951 955 1986 praeterit,e>t
1006 1950 1047 1971 νι-

177 1992 221 2031 dii
244 1993 272 2024 d.
290 1991 338 2023 lib.
361 2000 406 2023 10.
431 1989 624 2030 Metamorpb.
644 1988 719 2028 vers.
741 1989 810 2027 346.
833 1983 958 2029 allegari
974 1991 1048 2013 con-

177 2032 335 2065 fusionem
360 2035 523 2064 nominum
548 2031 578 2062 &
599 2030 716 2072 jurium
739 2027 957 2068 cognationis:
989 2032 1049 2068 qu'a

178 2076 264 2107 idem
283 2074 335 2114 qui
356 2073 400 2105 est
425 2077 533 2113 pater,
556 2070 609 2103 fiat
631 2070 702 2102 filiae
721 2070 778 2101 suae
798 2068 947 2111 maritus,
972 2064 1002 2096 δι
1019 2065 1050 2096 li·

175 2117 324 2148 berorum
341 2113 464 2146 suorum
482 2122 546 2145 non
564 2114 664 2144 modo
683 2120 769 2151 pater
782 2132 792 2149 ,
809 2107 861 2140 sed
876 2116 970 2140 ctiam
992 2106 1049 2137 fra-

177 2163 227 2189 ter
245 2157 275 2188 ἃ
291 2165 382 2188 avus:
406 2154 548 2187 fimili'ter
565 2163 634 2194 quae
654 2153 698 2185 est
717 2151 795 2189 filia,
822 2149 877 2182 fiat
895 2158 975 2181 uxor
999 2156 1049 2188 pa·

179 2199 256 2237 tris,
278 2198 309 2229 ἃ
327 2197 500 2229 liberorum
524 2195 644 2226 suorum
670 2196 790 2231 mater,
812 2189 902 2223 soror
921 2198 1051 2230 quoque

179 2240 209 2271 &
226 2240 306 2270 avia.
329 2247 464 2279 eamque
482 2246 547 2268 rem
565 2236 604 2266 ab
618 2234 746 2275 Oedipo
769 2230 876 2274 (apud
897 2231 1049 2268 Senecam

180 2280 314 2311 Thebaid.
332 2280 407 2316 vers.
429 2279 518 2320 136.)
540 2276 740 2309 monstrosam
757 2283 853 2316 atque
878 2272 1048 2316 inexplica-

178 2321 274 2353 bilem
292 2330 308 2352 a
334 2321 462 2361 pellari,
486 2328 548 2350 non
568 2318 669 2350 minus
687 2317 761 2348 scio.
787 2326 827 2347 ne
843 2314 966 2346 inficior
981 2322 1046 2353 qui-

179 2362 269 2401 dem,
292 2362 312 2393 il
327 2372 376 2394 am
392 2361 514 2393 causam
536 2359 753 2401 improbandae
769 2356 948 2397 hujusmodi
973 2363 1048 2399 con·

176 2403 345 2442 1006110015
362 2402 578 2434 commendari
598 2400 734 2431 utilitate
759 2399 884 2430 tuendae
905 2398 935 2428 10
960 2394 1048 2428 fami·

178 2444 220 2475 lia
245 2447 449 2479 reverentiae,
480 2443 621 2482 ideoque
649 2449 755 2482 aptam
781 2439 880 2471 videri
908 2437 1048 2469 ferendae

179 2484 210 2516 in
227 2485 388 2524 republica
405 2485 464 2525 legi
483 2484 567 2515 civili
586 2495 594 2515 :
619 2483 670 2514 sed
694 2483 733 2513 ad
756 2480 948 2521 probandam
970 2479 1049 2520 juris

178 2526 325 2557 naturalis
363 2525 592 2567 providentiam
626 2533 719 2563 quam
749 2522 916 2562 quaerimus
936 2543 946 2558 ,
985 2520 1047 2551 sine

178 2565 360 2607 praeiudicio
374 2566 449 2598 nihil
469 2565 579 2598 efficit.
622 2564 688 2597 Nisi
708 2565 775 2605 quis
799 2562 891 2603 poffit
909 2562 961 2592 sibi
979 2570 1048 2601 per-

179 2607 326 2644 suadere,
350 2607 399 2637 illa
417 2609 580 2639 nominum
600 2606 758 2646 &jurium
785 2603 994 2640 confufione,
1017 2602 1048 2633 in

183 2656 279 2688 quam
296 2647 408 2687 sponte
424 2648 623 2680 consentiant
638 2654 784 2687 parentes
802 2645 832 2676 ἃ
848 2645 955 2679 liberi,
979 2643 1048 2674 tolli

181 2688 367 2722 societatem
389 2687 528 2720 humanae
546 2687 799 2726 coniunctionis:
823 2686 861 2717 ad
882 2693 974 2724 quam
995 2684 1050 2722 (ut

181 2728 394 2763 demonstravi
413 2727 499 2772 supra
520 2728 574 2761 sub
591 2729 725 2766 Titum,
750 2728 796 2759 De
806 2724 924 2769 justitia
941 2726 977 2759 ἐξ
997 2725 1035 2766 ju

181 2773 230 2813 ra)
254 2772 348 2803 unice
365 2769 487 2809 respicit
503 2770 549 2809 jus
565 2780 680 2802 naturae
698 2771 727 2802 <St
744 2769 898 2811 gentium.
941 2766 1002 2798 Sed
1019 2765 1048 2797 ei

182 2813 237 2854 qui
263 2813 305 2844 sic
326 2809 451 2842 censeat
467 2832 477 2848 ,
513 2819 561 2840 res
593 2812 742 2843 reclamat
766 2808 943 2841 manifeste.
981 2815 1049 2839 tum

181 2853 365 2892 exemplum
384 2850 561 2888 Persarum3
584 2852 614 2882 id
633 2851 830 2893 est,gentis‚
847 2849 869 2882 fi
884 2858 954 2890 quae
972 2849 1048 2887 alia,

184 2893 313 2937 egregie
340 2893 434 2924 cultae
458 2892 488 2923 δι
512 2899 658 2923 moratae:
680 2894 710 2924 in
726 2902 787 2933 qua
808 2891 932 2923 usitatas
949 2890 1052 2930 110105-

181 2937 267 2969 modi
286 2936 410 2975 nuptias
428 2931 539 2971 fuiss'e‚
561 2931 644 2962 inter
661 2933 737 2965 alios
763 2940 920 2965 memorat
943 2931 1052 2962 Minu-

181 2980 249 3010 cius
265 2975 376 3014 Felix,
401 2974 524 3007 oetavio
538 2979 607 3014 pag.
627 2982 674 3012 35.
698 2974 726 3004 &
743 2974 868 3006 Sei-vius
890 2974 928 3005 ad
947 2970 1049 3012 Virgi-

178 3018 274 3055 lium,
296 3018 344 3048 lib.
362 3021 391 3048 6.
419 3015 540 3046 Aeneid.
556 3020 628 3051 vers.
643 3017 715 3054 623.
754 3016 917 3046 Addamne
935 3012 1050 3044 Hiero.

179 3059 338 3100 nymum?
361 3058 483 3089 addam.
508 3055 533 3087 is
556 3055 602 3086 lib.
628 3064 656 3086 2.
678 3053 803 3090 Advers.
826 3056 982 3094 Joviizz'an.
1008 3053 1050 3085 fic

179 3100 303 3131 scribit:
328 3098 441 3139 Persae,
465 3097 567 3135 Medi,
590 3095 677 3133 Indi,
701 3094 737 3130 ὅ)
764 3095 934 3135 Aethiopes,
959 3105 1051 3136 regua

176 3148 235 3174 trion
256 3141 385 3181 inedita,
408 3138 445 3175 ὅ)
467 3138 597 3172 Romano
618 3145 702 3180 regno
719 3136 809 3178 paria
822 3158 833 3176 ‚
864 3145 927 3168 cum
950 3137 1050 3169 matri·

587 42 1265 92 GERARnthoonr
1322 45 1533 80 Coun.

1087 133 1138 162 bus
1162 132 1198 167 δ’
1221 135 1316 172 aviis,
1339 144 1402 166 cum
1422 134 1544 175 filiabus
1560 133 1596 169 {5⁹
1617 136 1747 176 neptibus
1770 137 1951 176 copulantur.

1090 173 1129 220 {it
1153 174 1245 219 paulo
1264 175 1357 216 post:
1381 174 1518 208 Pervz'aes
1542 177 1654 217 igitur,
1678 178 1754 218 quod
1782 187 1839 208 non
1857 179 1952 218 julum

1088 224 1119 245 m
1136 216 1203 255 effic,
1218 219 1271 255 sed
1286 216 1322 251 δέ)
1339 220 1368 248 111
1383 218 1554 258 &pultuna
1582 216 1619 251 {3⁹
1636 219 1667 248 in
1682 219 1846 253 connubiis,
1868 217 1906 253 ὅ)
1923 220 1954 250 ii'z

1089 257 1167 302 ovini
1179 258 1390 296 convierfit'tioize
1405 268 1585 299 unoquaeque
1598 268 1669 299 getis
1682 261 1731 295 suo
1748 260 1809 290 ritu
1836 260 1872 294 &³
1889 267 1956 301 pro-

1082 299 1256 337 prietatibus
1274 295 1402 337 viduet,
1428 300 1463 333 ὦ)
1481 302 1530 330 boc
1545 309 1604 330 eam
1629 307 1740 331 naturae
1764 302 1851 342 legem
1870 307 1956 340 puta·

1087 348 1116 368 re
1128 340 1202 378 quod
1216 340 1326 371 didicit.
1372 341 1490 372 Praeter
1509 342 1575 371 liaec
1593 340 1844 380 observandum,
1867 342 1955 384 quod

1088 382 1139 425 vel
1158 380 1247 411 Plato
1266 380 1333 426 illas
1354 383 1479 422 nuptias
1503 381 1626 422 optime
1644 383 1790 423 quidem,
1815 383 1866 415 sed
1890 393 1956 414 non

1088 420 1150 450 alio
1166 443 1176 467 2
1200 430 1291 460 quam
1307 422 1442 453 civitatis
1458 423 1600 454 inllituto
1619 422 1811 463 improbari,
1828 424 1957 456 arbitra-

1088 460 1200 492 turlzb.
1225 466 1253 495 8.
1279 462 1329 492 De
1352 463 1459 502 legibus
1482 471 1519 504 pa
1543 488 1550 494 .
1573 465 1645 496 mibi
1668 473 1736 500 011.
1761 475 1801 496 00
1825 466 1956 497 nomine

1086 501 1294 543 reprehensus
1319 503 1357 533 ab
1380 504 1516 536 111-111010
1532 515 1549 536 0
1571 504 1616 537 lib.
1640 516 1667 537 2.
1694 507 1746 536 De
1769 506 1912 546 republica
1929 516 1956 538 c.

1086 553 1117 582 4.
1165 543 1249 574 idem
1265 544 1305 574 de
1322 542 1497 585 Chryiippo
1513 556 1553 577 ex
1570 546 1650 578 sest-a
1666 546 1848 579 Stoicorum
1864 546 1957 579 tradit

1089 584 1276 616 Plutarchus
1297 584 1346 615 lib.
1365 584 1411 616 De
1426 586 1544 630 Stoicor.
1566 594 1739 629 repugnant.
1763 590 1831 620 edit.
1856 589 1954 624 Paris.

1087 632 1154 667 pag.
1176 635 1264 672 ¹0·}4'
1288 626 1426 671 addens,
1456 626 1541 657 illum
1562 636 1779 668 argumentum
1802 629 1956 670 sumpfiss'e

1088 676 1106 697 a
1123 674 1246 698 caeteris
1269 666 1471 703 animalibus,
1500 666 1540 697 ab
1563 668 1614 698 illa
1639 671 1866 709 conjunctione
1890 681 1957 703 11011

1091 707 1335 739 abstinentibus:
1359 706 1400 738 fic
1422 716 1500 738 vero
1518 705 1728 742 testimonium
1749 711 1955 752 repugnantis

1090 757 1207 793 naturae
1224 749 1327 788 accipi
1347 757 1410 779 iion
1428 747 1688 788 improbabiliter.
1730 752 1846 785 Finiam
1871 753 1956 784 hunc

1090 790 1276 828 articulum,
1299 789 1319 821 fi
1343 788 1526 830 subjecer03
1551 789 1636 828 quod
1660 792 1762 822 omnia
1786 795 1817 824 10
1842 802 1956 826 utram-

1089 838 1151 871 que
1169 838 1290 872 partem
1309 829 1470 869 disputata
1488 840 1505 861 a
1528 830 1833 872 Philosophis'quos
1848 836 1956 866 consu·

1088 871 1176 903 luiss'e
1193 871 1319 912 possunt
1337 870 1473 903 Veteres
1489 871 1706 911 Jurisconsulti
1731 872 1829 904 videri
1845 896 1854 913 ,
1877 884 1956 906 con-

1085 913 1193 954 junxit
1210 914 1248 944 ac
1264 907 1499 952 repraesentavit
1517 911 1652 944 Ovidius
1675 914 1704 945 d.
1728 914 1775 944 lib.
1797 923 1843 945 10.
1861 914 1961 945 Meta-

1088 954 1196 994 morph.
1228 955 1258 992 in
1283 953 1372 985 causa
1395 953 1550 995 Myrrhae.
1574 953 1673 994 ipsum
1698 955 1888 986 adducerem
1917 957 1961 986 lo-

1088 1005 1185 1034 cum;
1206 994 1260 1026 0111
1286 991 1442 1035 prolixior
1471 994 1565 1033 effet,
1589 996 1620 1026 &
1645 996 1786 1028 0111010111
1812 995 1956 1028 manibus

1090 1044 1248 1073 terei-etur
1264 1036 1485 1068 cruditiffimus
1503 1034 1616 1068 Poeta.

1128 1069 1271 1108 Tantum
1295 1077 1334 1115 de
1358 1078 1559 1117 cognationis
1586 1077 1668 1109 linea
1692 1077 1788 1110 10613.
1816 1077 1959 1111 succedit

1090 1118 1280 1150 transversa:
1303 1117 1334 1150 in
1352 1122 1413 1159 qua
1435 1116 1584 1158 limilem,
1608 1118 1659 1151 sed
1675 1128 1739 1151 non
1757 1126 1896 1157 tantam,
1918 1119 1962 1150 es-

1090 1159 1119 1190 se
1137 1158 1413 1206 observadonem,
1437 1159 1479 1190 ait
1499 1159 1687 1200 justinianus
1706 1159 1734 1202 §.
1751 1168 1779 1192 2.
1804 1158 1876 1201 Inft.
1893 1161 1921 1192 h.
1936 1162 1960 1192 t.

1090 1200 1137 1246 δί’,
1157 1208 1197 1246 ,111
1221 1201 1521 1245 ν1110101,,11111)1100
1539 1202 1672 1241 ratione.
1697 1211 1756 1233 una
1781 1201 1844 1239 est,
1869 1209 1903 1233 ut
1927 1210 1962 1232 a·

1089 1242 1209 1273 micitia
1228 1242 1278 1273 illa
1297 1242 1499 1281 providentia
1515 1242 1596 1274 inter
1612 1243 1759 1275 homines
1785 1242 1876 1275 latius
1903 1241 1965 1274 dif-

1088 1282 1252 1315 fundatur:
1275 1283 1363 1321 quod
1387 1284 1418 1314 in
1436 1283 1596 1323 republica
1619 1283 1707 1322 fieri,
1729 1283 1858 1315 interest
1882 1284 1960 1315 civia·

1088 1324 1125 1356 115
1143 1323 1314 1355 societatis.
1337 1324 1432 1355 altera
1449 1325 1529 1356 ratio
1545 1323 1607 1356 est:
1629 1326 1716 1366 quod
1733 1327 1815 1357 inter
1831 1324 1962 1365 propin-

1090 1374 1169 1405 quos
1187 1375 1276 1397 more
1295 1364 1441 1396 Romano
1457 1373 1524 1396 erat
1536 1366 1584 1404 J'us
1599 1366 1707 1397 osculi.
1726 1365 1870 1398 meminit
1884 1366 1962 1398 Sue-

1090 1407 1215 1445 tonius,
1241 1406 1360 1437 Claudio
1378 1416 1402 1437 c.
1419 1409 1468 1438 26.
1494 1406 1524 1438 &
1550 1406 1732 1448 Propertius
1755 1407 1804 1438 lib.
1825 1417 1854 1439 2.
1872 1406 1958 1448 Eleg.
2002 1412 2003 1415 ’

1088 1458 1119 1488 5.
1165 1448 1201 1492 ld
1221 1457 1296 1492 vero
1311 1448 1357 1487 jus
1379 1447 1454 1487 quid
1473 1454 1584 1484 notat;
1607 1447 1662 1479 nisi
1685 1449 1768 1488 quod
1794 1448 1890 1480 libera
1914 1457 1960 1479 at-

1089 1498 1151 1529 que
1168 1488 1365 1520 inobservata
1382 1488 1465 1519 inter
1481 1495 1535 1520 eos
1550 1494 1616 1520 erat
1639 1488 1860 1529 conversatio,
1883 1490 1961 1530 ejus-

1089 1529 1176 1562 modi
1200 1529 1359 1560 illecebris
1384 1526 1479 1560 facile
1504 1528 1614 1569 stupris
1638 1529 1668 1560 81
1690 1529 1848 1561 adulteriis
1867 1553 1877 1567 ‚
1915 1535 1957 1561 ne

1087 1569 1166 1610 quid
1183 1570 1308 1611 gravius
1330 1570 1449 1607 dicam,
1473 1569 1582 1602 datura
1607 1570 1829 1610 occafionem3
1851 1571 1871 1602 [i
1889 1570 1961 1611 pos-

1090 1612 1157 1643 sent
1183 1613 1264 1642 inter
1285 1620 1336 1642 eas
1366 1611 1479 1650 sperari
1505 1613 1634 1651 nuptiae.
1665 1613 1804 1652 priorem
1835 1612 1962 1653 attingit

1090 1652 1297 1690 Plutarchus,
1322 1651 1479 1696 Quaeftion.
1499 1651 1624 1684 Roman.
1655 1651 1837 1690 posterioris
1861 1653 1961 1685 docu-

1090 1703 1234 1726 mentum
1251 1695 1280 1725 in
1299 1693 1363 1725 hoc
1378 1692 1508 1725 Biblidis
1525 1694 1607 1736 apud
1625 1692 1778 1727 Ovidium
1793 1695 1842 1726 lib.
1853 1703 1881 1731 9.
1892 1693 1959 1726 Me·

1091 1736 1229 1776 tamorpb.
1247 1735 1320 1772 vers]
1339 1744 1409 1776 557.

1129 1776 1241 1819 Dulcia
1249 1777 1385 1817 fraterno
1393 1773 1451 1816 sub
1467 1777 1579 1808 nomine
1587 1776 1678 1817 furta
1695 1779 1829 1818 legemur.

1129 1816 1183 1857 Est
1199 1819 1270 1849 mibi
1285 1816 1398 1849 libertas
1413 1824 1506 1849 tecum
1517 1819 1625 1854 secreta
1645 1819 1796 1860 loquendi,

1091 1870 1104 1893 χ
1130 1859 1172 1890 Et
1187 1860 1290 1890 damus
1302 1858 1468 1900 amplexus,
1492 1859 1692 1902 &jungimus
1706 1860 1798 1899 oscula
1813 1855 1918 1894 coram.

1131 1899 1285 1945 Quantum
1298 1898 1336 1941 est
1352 1902 1426 1942 quod
1441 1899 1532 1939 defit?
1553 1919 1565 1926 -
1588 1918 1598 1926 ·
1620 1918 1633 1925 -

1091 1942 1144 1974 Est
1159 1943 1252 1984 igitur
1274 1942 1329 1982 (ut
1344 1943 1375 1973 10
1392 1944 1420 1974 d.
1436 1942 1465 1984 §.
1484 1951 1512 1974 2.
1530 1944 1572 1974 ait
1589 1942 1785 1983 Imperator)
1807 1943 1890 1975 inter
1905 1948 1958 1975 eas

1092 1984 1239 2024 personas
1256 1991 1325 2028 quae
1342 1992 1381 2014 ex
1400 1984 1572 2015 transversa
1588 1984 1668 2016 linea
1684 1985 1874 2025 junguntur,
1897 1985 1958 2015 ob-

1092 2023 1354 2070 servatio-similis
1381 2025 1409 2056 ei
1434 2033 1503 2064 quae
1528 2024 1572 2056 est
1596 2025 1627 2056 10
1643 2026 1746 2065 recta:
1769 2033 1957 2058 nontamen

1092 2074 1189 2101 tanta.
1212 2074 1378 2104 nimirum,
1402 2066 1475 2105 quia
1502 2066 1621 2105 nuptia:
1646 2067 1677 2097 iii
1701 2066 1783 2097 linea
1806 2066 1890 2098 10613
1913 2075 1956 2098 ex

1090 2108 1242 2139 sententia
1257 2107 1553 2147 ‚iurisconsultorum
1575 2107 1727 2139 Veterum
1751 2107 1811 2148 (de
1827 2116 1888 2148 qua
1910 2108 1959 2140 so·

1092 2150 1120 2181 la
1143 2145 1372 2188 deliberamus)
1397 2156 1459 2180 tam
1475 2149 1637 2190 gentium,
1659 2157 1752 2189 quam
1778 2148 1864 2180 civili
1888 2148 1956 2188 iure

1092 2189 1335 2230 improbantur:
1358 2189 1387 2221 in
1406 2190 1576 2222 transversa
1593 2199 1671 2221 vero
1690 2189 1769 2222 linea
1788 2189 1894 2220 saltem
1912 2189 1958 2220 ci·

1092 2231 1165 2270 vili,
1187 2240 1252 2262 non
1270 2231 1363 2262 etiam
1379 2231 1540 2272 gentium,
1560 2231 1640 2272 iure.
1664 2229 1770 2262 Fuerit
1791 2239 1955 2271 arguinend

1093 2280 1178 2305 tum:
1194 2273 1281 2313 quod
1299 2273 1329 2303 in
1347 2272 1428 2304 linea
1447 2272 1530 2304 106111
1547 2272 1757 2312 prohibentur
1773 2272 1892 2310 nuptiae
1908 2270 1954 2300 iri-

1091 2322 1139 2345 ter
1155 2321 1276 2355 patrem
1292 2313 1320 2344 61
1337 2313 1452 2352 filiam,
1476 2314 1536 2344 fine
1555 2313 1771 2351 distinctione,
1793 2316 1895 2343 utrum
1919 2306 1957 2341 fit

1090 2355 1267 2395 adoptiva,
1290 2361 1340 2393 ,an
1371 2355 1543 2386 naturalis:
1580 2364 1641 2386 nec
1674 2354 1774 2386 minus
1814 2351 1954 2388 sublata,

1091 2405 1183 2436 quam
1208 2394 1374 2439 constante
1389 2419 1399 2435 ‚
1429 2396 1605 2436 adoptione
1628 2392 1658 2436 §.
1679 2403 1704 2426 1.
1724 2390 1793 2433 [nst.
1814 2392 1840 2423 h.
1855 2397 1878 2424 t.
1902 2390 1956 2423 sed

1090 2439 1121 2469 in
1148 2439 1321 2469 transverla
1338 2446 1402 2468 non
1421 2438 1463 2468 ita
1480 2437 1524 2468 est
1551 2438 1632 2467 inter
1655 2434 1782 2467 fratrem
1810 2433 1840 2464 δί
1865 2433 1956 2463 soro-

1090 2488 1167 2510 rem.
1192 2487 1263 2510 nam
1281 2485 1315 2509 ut
1331 2479 1414 2509 inter
1429 2488 1484 2509 eos
1500 2485 1650 2508 vetentur
1666 2474 1799 2513 nuptiae,
1823 2473 1958 2505 durante

1090 2518 1279 2562 adoptione:
1309 2529 1345 2550 ea
1368 2518 1474 2556 finita,
1505 2518 1572 2548 sunt
1598 2515 1746 2557 permiss'ae
1770 2515 1799 2556 §.
1827 2525 1854 2546 2.
1877 2517 1907 2545 d.
1933 2521 1956 2546 t.
2000 2544 2001 2547 ,

1091 2571 1152 2592 non
1169 2561 1258 2591 aliam
1277 2561 1321 2591 ob
1343 2559 1482 2595 causam,
1506 2567 1598 2602 quam
1615 2557 1701 2597 quod
1724 2557 1753 2588 in
1770 2557 1853 2587 linea
1874 2555 1958 2587 10613
1998 2555 2002 2570 ¹·

1088 2603 1155 2642 jure
1169 2604 1313 2642 gentium
1331 2601 1515 2631 damnantur
1537 2598 1580 2629 ob
1592 2596 1847 2638 inipietatemzin
1858 2604 1959 2628 trans-

1092 2643 1176 2674 versa
1197 2643 1265 2682 Jure
1287 2641 1390 2678 civili,
1413 2640 1479 2670 solo
1514 2639 1618 2679 legum
1638 2638 1787 2676 arbitrio,
1817 2637 1862 2669 ob
1886 2646 1959 2669 cau·

1091 2683 1152 2715 sam
1169 2683 1316 2720 civilem,
1338 2690 1402 2712 non
1419 2681 1528 2720 utique
1545 2679 1683 2720 impiam.
1725 2678 1823 2710 Forte
1847 2678 1887 2710 ab
1908 2687 1961 2710 ea-

1091 2726 1163 2756 dem
1186 2722 1274 2755 causa
1292 2721 1502 2763 prohibentur
1524 2722 1640 2761 nuptiae
1664 2720 1693 2752 in
1718 2720 1799 2752 linea
1820 2719 1905 2751 10613
1927 2721 1959 2752 in

1091 2764 1247 2798 infinitum
1262 2765 1290 2795 d.
1307 2763 1335 2805 §.
1355 2772 1382 2794 1.
1406 2772 1479 2794 cum
1496 2762 1526 2793 iii
1544 2762 1625 2794 linea
1650 2760 1821 2793 transversa
1849 2761 1958 2793 saltem

1092 2806 1320 2848 prohibeantur
1343 2813 1442 2844 usque
1469 2804 1507 2835 ad
1530 2811 1674 2843 quartum
1707 2803 1838 2843 gradum
1873 2803 1957 2834 inter

1094 2858 1150 2880 eos
1166 2848 1217 2888 qui
1235 2853 1398 2887 parentum
1424 2845 1453 2876 ἀ
1485 2845 1660 2876 liberorum
1682 2844 1792 2875 locum
1817 2845 1901 2875 inter
1928 2842 1960 2874 se

1093 2899 1159 2921 non
1176 2888 1334 2919 obtinent.
1378 2885 1471 2917 Miffa
1493 2885 1557 2917 haec
1573 2885 1670 2917 facio.
1694 2885 1782 2924 quod
1803 2883 1958 2922 intendo,

1092 2928 1207 2962 fortius
1228 2928 1414 2968 probaturus
1437 2927 1625 2958 auctoritate
1647 2925 1735 2957 Pauli
1757 2925 1777 2956 l.
1796 2925 1851 2958 ult.
1870 2925 1911 2956 D.
1927 2924 1957 2955 h.

1092 2978 1113 3003 t.
1137 2971 1225 3009 cujus
1242 2970 1271 3000 in
1290 2968 1439 3000 omnibus
1456 2968 1651 3000 editionibus
1669 2966 1739 2998 talia
1756 2974 1867 2997 extant
1889 2974 1957 2996 ver-

1093 3013 1149 3044 ba:
1172 3011 1250 3051 Jure
1261 3010 1394 3051 gentium
1408 3007 1544 3048 int-ellum
1567 3009 1736 3046 committit,
1763 3008 1814 3048 qui
1835 3016 1871 3037 ex
1887 3014 1957 3045 gra-

1091 3055 1131 3085 du
1149 3052 1385 3092 adstendentz’um
1406 3051 1453 3081 vel
1475 3050 1702 3090 descendentium
1726 3057 1842 3080 uxorem
1865 3047 1955 3077 duxe-

1092 3097 1141 3126 rit.
1190 3091 1254 3136 Qui
1268 3101 1335 3124 vero
1356 3092 1493 3123 exlatere
1509 3101 1571 3122 eam
1594 3091 1711 3121 duxerit
1734 3097 1819 3130 quam
1839 3092 1958 3118 vetatur

1092 3136 1138 3169 vel
1154 3137 1278 3177 adfinem
1292 3143 1379 3175 quain
1400 3133 1571 3175 impeditur:
1587 3129 1615 3172 fi
1636 3131 1748 3172 quidem
1766 3128 1865 3169 pala-m
1881 3127 1960 3175 fere-

1900 3175 1957 3208 rit,
