2052 3487
472 142 535 178 DE
589 142 946 189 Jufirsnxcrmm

85 231 304 267 Centumvii·is
334 240 388 265 aut
419 231 649 271 Decemviris,
690 232 859 273 cognovit.
913 230 958 264 Ut

87 283 212 317 tamen,
240 276 259 308 fi
278 277 306 308 ei
325 275 398 307 fatti
414 273 544 315 quaestio
569 272 778 312 misceretur,
804 274 953 314 Praetoris

85 327 177 357 azque
202 320 241 351 de
271 318 357 349 facto
388 317 551 348 incidente
569 339 579 355 ,
611 324 648 346 ac
673 315 713 346 de
737 316 807 355 jure
824 339 832 353 ,
863 318 955 347 notio

85 360 163 391 'cilet
181 371 191 400 ς
210 369 257 392 ‘ut
281 361 312 391 in
338 358 489 398 exemplo
511 359 530 389 l.
554 367 579 388 1.
608 358 641 388 C.
663 358 696 387 de
718 359 816 387 orciine
828 358 954 399 judicio-

83 404 150 433 rum
167 426 178 441 ‚
208 404 248 434 de
277 411 341 442 quo
367 400 509 440 pluribus
536 399 689 440 {eqtiente
714 400 830 439 capite.
865 408 899 430 ut
922 399 952 430 in

83 443 214 484 querela
247 440 413 475 inofficiosi
438 441 645 479 testamenti,
676 440 867 472 ostendente
893 441 953 472 Pli-

82 487 138 522 nio
163 486 190 515 d.
214 484 293 526 epist.
309 494 358 525 33.
387 484 434 513 lib.
452 488 481 514 6.
514 483 621 514 verbis
645 482 743 513 hisce.
787 482 952 514 Intervenit

81 528 197 558 acribus
221 528 278 558 illis
294 549 303 564 ‚
336 524 371 559 ἐξ
397 525 497 555 erectis
505 526 647 565 frequens
670 523 814 564 neceffitas
838 531 951 564 compu-

82 569 167 599 tandi
187 592 195 606 ‚
228 578 262 599 uc
282 575 354 607 pene
377 566 500 597 calculos
520 567 705 606 tabulamque
726 567 886 606 poscendi,
918 571 952 596 nt

82 609 193 643 retente
210 612 242 640 in
255 610 368 649 privati
381 609 490 649 judicii
503 610 634 647 formam
651 608 868 638 centumvirale
888 617 952 638 ver-

82 658 171 682 tatur.
199 659 232 681 ut
256 651 284 681 in
304 650 461 680 minorum
482 649 682 680 restitutione
703 661 711 681 :
746 650 775 680 in
801 658 861 688 qua
878 649 951 689 quia

80 693 253 734 pollicetur
269 691 409 729 Praetor,
435 691 463 721 se
483 693 570 731 quod
589 700 661 722 cum
684 691 731 722 his
747 691 868 731 gestum
887 689 950 721 effe

81 735 225 771 dicetur,
257 732 548 764 animadversurum
574 732 636 763 effe
660 732 679 762 l.
701 742 726 763 1.
751 733 780 773 §.
805 742 828 763 1.
853 731 894 762 D.
919 733 952 762 de

79 777 236 807 minoribus
251 798 260 813 ,
284 775 369 806 nulla
389 776 517 815 propria
533 775 616 805 attio
634 773 698 810 est,
723 773 776 804 scd
801 773 950 805 Praetoris

80 818 227 858 cognitio
249 817 383 847 vertitur
407 817 425 847 l.
447 828 497 854 24.
526 816 553 858 §.
580 817 632 847 ult.
667 814 709 846 D.
733 816 792 846 eod.
818 816 865 845 tit.
889 823 950 846 nec

80 867 186 895 tamen
211 860 241 890 in
266 859 425 899 integrum
445 858 619 889 restituitur
637 858 740 888 minor
756 880 765 895 ‚
797 855 851 887 nisi
871 856 949 887 1³1·ae-

81 902 142 943 tori
162 902 226 931 duo
247 900 384 941 probet3
410 902 567 939 primum,
592 898 622 929 se
639 899 796 930 minorem
817 897 900 936 ess'e3
919 897 949 928 <Sc

81 943 216 981 deinde,
242 945 271 973 lc
290 942 408 981 lapsum
437 941 497 973 effe
516 941 688 981 fragilitate
711 939 832 971 consilii
857 940 886 971 ἃ
906 939 949 970 lu·

80 985 171 1016 brico
202 984 311 1015 aetatis.
360 984 469 1014 Simile
497 984 526 1013 in
550 983 611 1013 illis
638 981 734 1012 causis
767 990 836 1021 quae
865 983 949 1012 inter

80 1034 203 1067 patrem
223 1026 253 1057 ἃ
278 1024 377 1056 filium
396 1026 479 1056 sunt:
505 1026 535 1055 in
556 1024 672 1064 quibus
689 1023 812 1054 Seneca
839 1022 949 1053 auctor

81 1069 125 1099 est
153 1068 196 1098 De
218 1066 360 1106 beneflciis
382 1067 429 1096 bb.
449 1077 477 1107 3.
503 1077 525 1097 c.
548 1076 593 1097 11.
621 1065 787 1105 privilegia
804 1064 948 1104 quaedam

79 1109 265 1150 parentibus
284 1110 354 1139 data
373 1108 454 1145 elle,
472 1116 506 1138 ut
522 1116 633 1138 eorum
650 1114 724 1146 erga
741 1106 858 1136 liberos
878 1103 948 1136 suos

81 1160 171 1182 extra
198 1151 344 1182 ordinem
371 1150 540 1180 haberetur
568 1148 675 1178 ratio:
708 1147 740 1177 in
767 1147 882 1186 quibus
907 1147 947 1177 de

79 1191 240 1234 potestate
267 1201 397 1232 quoqne
419 1189 627 1230 quaestionem
651 1187 733 1226 esse,
767 1188 786 1219 fi
804 1197 839 1219 ea
863 1188 947 1219 inter

79 1243 203 1274 patrem
228 1233 257 1264 &
280 1232 380 1264 filiurn
406 1231 440 1262 sit
458 1255 466 1268 ,
499 1230 613 1262 Paulus
631 1230 730 1262 docet
755 1229 774 1260 l.
794 1234 822 1263 8.
848 1228 891 1260 D.
914 1231 948 1260 cle

73 1276 292 1317 probationibus
308 1297 318 1312 ‚
351 1273 379 1304 ἃ
398 1271 554 1312 Ulpianus
578 1271 595 1302 l.
613 1280 642 1312 3.
666 1270 694 1312 §.
713 1281 743 1309 4.
767 1270 808 1302 D.
834 1271 945 1302 delibe-

77 1315 119 1347 ris
139 1315 324 1353 exhibendis,
349 1314 378 1345 δ(
401 1315 418 1344 l¹
445 1323 454 1344 1
493 1313 521 1354 §
544 1323 572 1345 a.
600 1315 638 1343 l).
663 1315 696 1343 cie
712 1313 753 1342 rei
774 1314 947 1349 vindicatio·

75 1368 120 1389 ne.
164 1357 255 1388 Solet
280 1356 309 1387 ἃ
335 1356 374 1388 de
405 1354 654 1386 fideicommiffis
679 1363 768 1385 eXtra
799 1355 946 1385 ordinem

73 1400 123 1440 jus
151 1399 214 1430 dici
238 1407 279 1429 ex
305 1397 435 1438 Augusti
462 1397 491 1427 ὅ(
519 1396 643 1428 Claudii
662 1395 947 1427 constitutionibus

76 1441 104 1484 §.
127 1449 152 1472 1.
186 1438 257 1480 Inst..
284 1440 318 1470 de
334 1437 604 1479 fideicommiffariis
627 1438 844 1469 hereditatibus.
888 1438 944 1468 So·

75 1484 121 1515 let
148 1482 176 1513 ἂ
194 1483 234 1513 de
251 1481 319 1512 aliis
337 1490 407 1522 quae
426 1480 478 1511 hic
496 1479 695 1518 enumerari,
719 1479 796 1510 nihil
818 1479 945 1511 attinet.

75 1524 190 1557 Potius
213 1523 325 1554 addam
345 1523 433 1563 quod
453 1523 493 1553 de
510 1521 759 1552 fideicominiffis
779 1521 870 1559 dixi,
905 1530 945 1551 eo

76 1565 286 1598 referendum
314 1565 415 1596 videri
440 1563 597 1603 Julianum
628 1563 648 1594 l.
668 1572 716 1603 75.
743 1561 785 1593 D.
809 1564 842 1593 de
862 1563 944 1604 judi-

75 1609 136 1639 ciis.
168 1615 264 1645 nam,
297 1605 351 1638 etsi
376 1615 440 1637 non
474 1605 571 1636 faciat
599 1603 834 1636 fideicommissi
858 1613 944 1635 men-

76 1649 198 1680 tionem
215 1672 225 1686 ,
255 1656 361 1681 tamen
396 1657 454 1688 pro
479 1646 724 1677 fideicommiss'o
754 1645 811 1677 stat
836 1645 947 1677 Inscri-

76 1691 149 1731 ptio
167 1690 231 1721 loci
249 1699 318 1730 quae
335 1689 453 1728 habet,
482 1688 629 1728 Julianus
649 1688 717 1718 libro
738 1692 788 1729 36.
814 1685 948 1729 Digesto-

74 1742 150 1764 rum.
175 1741 216 1762 eo
242 1731 326 1762 enim
352 1731 434 1761 libro
454 1753 464 1768 ‚
497 1737 532 1761 ut
559 1729 589 1760 δε
616 1729 804 1770 quibusdam
827 1738 948 1769 praece-

75 1773 227 1807 dentibus
256 1781 294 1804 ac
316 1771 524 1813 sequentibus
549 1780 623 1803 eum
645 1770 741 1812 egiffe
771 1772 812 1803 de
834 1771 947 1812 legatis

993 152 1045 176 ET
1097 141 1298 177 IMPERIO.
1350 142 1444 179 [ΑΒ.
1470 143 1495 179 Ι.

1001 232 1030 263 ἃ
1050 231 1299 277 fideicommissis
1311 254 1320 270 ,
1344 231 1413 264 satis
1429 234 1594 276 colligitur
1611 242 1650 265 cx
1668 233 1870 277 Fragmentis

999 283 1070 313 quat
1092 275 1122 305 in
1147 274 1312 309 Pandectis
1337 274 1508 314 supersunt.
1553 275 1646 307 Adeo
1668 277 1711 308 nil
1735 278 1871 316 mirum,

998 316 1041 346 ibi
1058 315 1234 347 Praetorem
1252 316 1292 346 de
1309 315 1394 347 sacto
1419 317 1651 357 pronuntiasse,
1676 318 1798 351 scilicet
1815 321 1870 351 ab-

998 357 1120 388 sentem
1139 358 1258 388 debere
1267 366 1363 396 3-cum
1380 358 1411 389 in
1430 359 1679 391 fideicommissis
1699 362 1782 393 nulla
1802 361 1869 393 sor-

996 399 1081 430 mula
1098 398 1176 429 esset
1194 422 1203 438 ,
1235 398 1287 430 sed
1310 401 1561 435 extraordinaria
1589 401 1796 443 persequutio
1821 404 1868 434 in-

997 441 1181 481 dulgeretur
1200 450 1214 479 3,
1237 440 1370 476 auctore
1397 440 1537 482 Ulpiano
1561 445 1592 474 in
1614 443 1800 485 fragmentis
1816 446 1864 475 tu.

996 493 1045 522 25.
1068 482 1096 523 §.
1116 492 1161 513 12.
1188 481 1260 517 Nec
1280 490 1387 522 tamen
1403 485 1607 525 negaverim,
1633 485 1789 526 Praetori‚
1808 485 1865 517 etsi

995 533 1062 555 non
1086 523 1189 559 fuerit
1207 524 1235 555 ei
1262 524 1293 554 in
1321 524 1368 556 liis
1388 524 1437 564 jus
1459 527 1552 557 dandi
1569 526 1714 565 Judicem
1732 527 1782 559 seu
1808 529 1865 558 [ir-

996 566 1113 596 birrum
1140 564 1375 606 cognoscendae
1400 566 1645 608 judicandaeque
1668 570 1733 607 rei,
1757 576 1865 600 tamen

992 609 1041 648 jus
1066 606 1158 638 fuisse
1187 609 1248 646 (ut
1263 607 1404 646 Julianus
1423 608 1493 648 ait)
1516 608 1632 641 aftioni
1648 611 1780 650 judicati
1798 632 1807 648 ‚
1839 611 1864 641 i·

995 657 1060 680 tem
1096 649 1299 680 excutiendae
1328 647 1561 682 aestimandaeve
1587 652 1630 682 rei
1650 675 1659 690 ,
1703 652 1865 683 Arbitrum

994 691 1088 722 dandi
1107 702 1114 721 :
1147 692 1234 730 quod
1259 692 1288 721 <St
1306 691 1430 722 constat
1447 701 1487 722 ex
1512 692 1530 722 l.
1552 702 1578 733 7.
1603 691 1647 724 D.
1671 695 1704 724 de
1722 692 1865 734 conseffis.

993 733 1013 763 l.
1034 741 1100 768 109·
1124 732 1152 773 §.
1176 741 1202 764 1.
1225 731 1267 762 D.
1292 732 1441 774 delegatis
1464 733 1513 765 lib.
1538 743 1564 765 1.
1589 733 1599 763 l
1630 743 1675 765 12.
1702 734 1744 766 D.
1774 736 1808 765 de
1829 735 1866 765 le-

991 775 1071 815 gatis
1094 774 1143 804 lib.
1162 784 1191 813 3.
1214 773 1233 804 l.
1252 783 1302 813 37.
1324 773 1367 804 D.
1391 775 1424 805 de
1435 774 1707 816 fideicommiffariis
1723 776 1864 808 libertati-

994 818 1055 845 bus.
1101 814 1129 844 E
1155 815 1281 846 diverso
1307 824 1439 856 quoque
1464 817 1553 857 quod
1580 817 1684 857 Judici
1716 817 1835 850 fastum
1853 841 1865 857 ,

992 855 1125 887 Praetori
1140 857 1210 895 juS‚
1237 856 1406 897 affignavi3
1439 867 1504 890 non
1529 858 1571 889 fic
1588 860 1692 899 accipi
1709 867 1864 900 oportet,

993 898 1077 938 quali
1104 897 1226 937 judicis
1251 898 1291 928 de
1313 898 1382 938 jure
1409 899 1493 930 nulla
1523 901 1616 931 notio
1647 901 1771 940 fucrit3
1808 900 1863 933 sed

993 939 1075 979 quasi
1102 940 1129 970 ei
1158 948 1222 970 non
1242 939 1369 971 licuerit
1388 964 1397 978 ‚
1426 942 1475 981 jus
1493 941 1533 972 ab
1551 951 1591 973 eo
1611 943 1700 983 quod
1722 941 1865 975 formula

992 980 1238 1019 continebatur,
1262 981 1419 1013 diversum
1439 981 1536 1023 sequi.
1580 982 1653 1015 Nec
1673 992 1779 1017 tamen
1799 984 1865 1016 hoc

992 1021 1134 1060 obstitit,
1159 1031 1224 1062 quo
1243 1023 1345 1053 minus
1370 1024 1407 1054 lis
1425 1024 1465 1055 de
1490 1034 1583 1064 aequo
1614 1025 1642 1056 ἂ
1669 1026 1759 1057 bono
1781 1036 1821 1057 ex
1840 1026 1864 1057 i·

992 1063 1044 1104 psa
1061 1063 1218 1101 formula,
1240 1065 1379 1095 maxime
1395 1064 1415 1095 fi
1432 1066 1460 1096 ei
1485 1067 1590 1097 addita
1610 1066 1689 1099 esset
1704 1067 1839 1100 clausula
1851 1090 1863 1106 ,

993 1105 1044 1136 Ex
1071 1106 1154 1136 bona
1176 1104 1240 1136 fide
1257 1127 1267 1143 ,
1298 1106 1383 1144 apud
1409 1116 1481 1138 eum
1506 1107 1629 1139 oriri&
1657 1108 1781 1141 definiri
1805 1119 1864 1150 po-

992 1147 1098 1177 tuerit.
1123 1147 1222 1187 idque
1249 1145 1379 1185 nescio,
1411 1157 1449 1178 an
1473 1148 1591 1179 Cicero
1610 1150 1689 1181 velit
1706 1150 1753 1181 De
1770 1157 1864 1183 orato-

990 1198 1020 1219 re
1048 1188 1096 1218 lib.
1118 1197 1143 1219 1.
1177 1187 1384 1228 sequentibus
1410 1189 1527 1222 verbis.
1572 1190 1704 1222 Volitare
1724 1194 1755 1223 in
1771 1192 1862 1232 foro,

990 1230 1093 1260 harere
1109 1231 1140 1260 in
1154 1230 1244 1271 jure,
1276 1239 1310 1260 ac
1335 1229 1496 1262 Praetorum
1513 1231 1726 1272 tribunalibus,
1744 1235 1863 1275 Judicia

984 1273 1108 1312 privata
1125 1273 1218 1309 obire,
1243 1272 1275 1300 in
1291 1272 1397 1312 quibus
1409 1273 1486 1313 saepe
1503 1283 1560 1304 non
1588 1275 1622 1304 de
1631 1274 1716 1313 fabio
1727 1298 1737 1314 ,
1752 1275 1807 1315 sed
1824 1286 1859 1306 ιε·

990 1314 1102 1353 quitate
1117 1323 1150 1343 ac
1160 1313 1231 1354 jure
1246 1319 1380 1344 certetur.
1423 1313 1485 1345 Sed
1504 1314 1533 1346 ὅ(
1550 1315 1582 1346 in
1602 1314 1713 1356 Topicis
1729 1324 1792 1357 cap.
1813 1326 1862 1357 17.

990 1354 1032 1386 lic
1054 1354 1134 1385 infit.
1177 1354 1305 1385 Privata
1316 1355 1431 1396 judicia
1454 1357 1653 1387 maximarum
1678 1357 1793 1398 quidem
1819 1368 1865 1389 re-

990 1406 1056 1427 rum
1073 1398 1104 1427 in
1127 1395 1414 1436 Jurisconfiiltorum
1428 1398 1499 1428 inihi
1517 1399 1656 1429 videntur
1670 1398 1721 1438 effe
1731 1401 1863 1439 pruden-

990 1439 1059 1469 tia:
1096 1447 1164 1468 nam
1192 1436 1229 1471 {3⁹
1256 1440 1362 1477 adsunt
1386 1440 1512 1470 multum
1530 1463 1539 1478 ,
1573 1439 1609 1473 ὃ)
1633 1441 1806 1471 adhibentur
1830 1442 1864 1473 in

991 1477 1122 1517 confiho,
1148 1478 1185 1514 ὃ)
1202 1480 1337 1519 patronis
1353 1479 1541 1521 diligentibus
1564 1483 1601 1512 ad
1622 1490 1720 1512 eorum
1735 1484 1866 1523 pruden-

990 1522 1062 1552 tiam
1080 1522 1315 1562 confugientibus
1332 1520 1427 1560 hastas
1447 1521 1626 1562 ministrant.
1672 1523 1710 1554 In
1731 1525 1864 1555 omnibus

989 1563 1083 1604 igitur
1099 1564 1135 1593 iis
1156 1563 1296 1604 judiciis,
1329 1563 1359 1593 in
1374 1564 1479 1604 quibus
1497 1574 1533 1595 ex
1550 1566 1622 1594 bona
1633 1563 1695 1603 fide
1717 1562 1755 1605 est
1780 1567 1863 1596 addi-

989 1611 1071 1643 tum,
1091 1605 1238 1644 plurimus
1252 1613 1350 1634 eorum
1372 1612 1439 1641 usus
1454 1603 1503 1645 est.
1552 1606 1613 1636 Ubi
1631 1615 1697 1636 vero
1718 1609 1804 1641 etiam
1828 1611 1863 1638 ut

989 1648 1066 1677 inter
1083 1647 1166 1677 bonos
1194 1647 1262 1676 bene
1287 1647 1368 1686 agier
1393 1652 1518 1687 oportet,
1542 1650 1574 1679 in
1588 1648 1746 1688 primisque
1765 1649 1796 1678 in
1815 1657 1863 1679 ar-

989 1688 1074 1718 bitrio
1099 1688 1285 1731 rei-uxoriae,
1319 1688 1352 1718 in
1367 1696 1422 1728 quo
1441 1687 1501 1730 est,
1524 1690 1596 1730 quid
1613 1689 1725 1729 aquius
1742 1689 1865 1732 melius,

986 1730 1090 1770 parati
1106 1728 1158 1770 effe
1178 1730 1288 1761 debent.

787 1890 1005 1925 CAPUT
1055 1887 1142 1925 IX.

129 2001 244 2036 Utrum
263 1999 406 2034 liberales
420 1997 519 2042 caufie
527 1997 658 2043 fuerint
674 1995 823 2030 ordinarii
830 1996 934 2040 juris,
962 2006 1003 2029 an
1020 1992 1283 2036 extraordinarii,
1308 1994 1401 2040 plena
1420 1991 1462 2032 &³
1483 2003 1632 2031 accurata
1653 1994 1815 2044 disputatio

465 2048 485 2082 l.
510 2056 540 2082 2.
571 2046 602 2080 C.
625 2045 658 2080 de
675 2045 779 2080 ordine
788 2045 963 2090 judicariam
989 2042 1145 2090 expofita,
1181 2040 1222 2082 {5⁹
1240 2044 1378 2089 qasedam
1393 2044 1470 2080 alia.

75 2157 142 2231 V
154 2165 242 2189 erum
260 2155 357 2187 venio
375 2155 414 2186 ad
438 2154 469 2186 id
493 2154 581 2194 quod
598 2153 688 2195 supra
711 2152 840 2195 promifi
852 2176 861 2192 ‚
893 2152 946 2184 de-

166 2197 424 2234 monstrandum,
447 2196 552 2228 causas
568 2195 724 2228 libertatis
742 2203 838 2236 atque
857 2195 944 2235 inge-

75 2239 205 2271 nuitatis
223 2246 297 2270 ante
317 2239 337 2270 l.
354 2249 382 2270 2.
408 2238 442 2269 C.
461 2239 495 2268 de
505 2238 641 2278 pedaneis
652 2236 803 2280 judicibus
821 2237 946 2268 ordina-

76 2280 115 2311 rii
131 2280 206 2319 juris
223 2279 334 2311 fuiss'e:
357 2280 465 2320 itaque
487 2280 519 2311 in
538 2279 586 2311 his
604 2278 830 2321 Magistratus,
859 2277 880 2309 fi
904 2278 945 2310 de

74 2320 165 2353 fauo
181 2344 191 2360 ‚
220 2321 252 2353 id
274 2320 338 2359 est,
360 2329 465 2352 utrum
482 2322 552 2361 quis
574 2320 700 2360 servus,
731 2330 770 2351 an
789 2320 887 2358 liber,
912 2329 946 2350 u-

76 2370 160 2394 trum
185 2363 334 2400 libertus,
356 2372 395 2393 an
413 2362 567 2403 ingenuus
591 2361 687 2401 esset,
711 2361 945 2402 disputaretur,

74 2413 144 2436 non
162 2413 220 2445 per
235 2403 285 2443 se,
310 2403 362 2436 sed
381 2412 438 2444 per
451 2405 543 2435 datos
557 2403 705 2443 Judices,
728 2401 943 2435 intervenisse.

77 2445 159 2477 Utar
175 2447 214 2477 ad
238 2446 304 2477 hoc
327 2446 466 2486 primum
490 2444 673 2477 testimonio
694 2443 766 2486 Gaji
782 2468 791 2484 ,
824 2444 876 2486 qui
894 2445 946 2479 lub

76 2488 161 2519 titulo
173 2487 215 2519 D.
226 2487 388 2519 deiliberalz·
404 2489 490 2527 causa
501 2496 524 2517 c.
534 2496 563 2523 9.
581 2486 707 2526 scribit,
719 2487 739 2518 fi
757 2486 946 2518 fructuarius

76 2529 109 2560 ἃ
136 2530 364 2570 proprietarius
390 2529 508 2570 pariter
524 2527 693 2560 confistant
710 2527 858 2560 adversus
875 2536 950 2559 eum

75 2574 132 2611 qui
157 2571 197 2602 de
217 2571 363 2602 libertate
373 2571 497 2612 litigat3
517 2570 693 2602 Praetorem
703 2569 924 2612 permissurum
939 2591 948 2607 ,

78 2612 213 2645 alterum
244 2622 337 2654 agere
353 2635 364 2651 ,
395 2612 452 2644 etfi
476 2613 556 2644 alter
573 2612 700 2644 aberit:
731 2620 767 2642 ut
788 2619 893 2642 tamen
919 2610 949 2641 ἀ

78 2651 190 2691 istum,
211 2653 233 2685 si
252 2654 455 2695 superveniat
472 2654 607 2686 durante
622 2653 764 2694 judicio,
795 2653 835 2684 ad
861 2660 948 2683 eum·

81 2693 155 2725 dem
173 2694 317 2734 Judicem
335 2695 477 2728 miffurus
495 2694 551 2728 fit:
576 2696 631 2727 nifi
653 2697 678 2727 is
696 2694 808 2736 justam
825 2692 947 2725 causam

81 2733 224 2773 adferat,
255 2746 353 2777 quare
373 2738 411 2769 ad
430 2747 503 2768 eum
523 2737 608 2768 mitti
632 2746 698 2768 non
716 2736 850 2768 debeat:
876 2742 911 2766 ut
927 2734 948 2766 fi

83 2774 169 2805 hunc
186 2776 239 2807 fibi
255 2778 418 2810 inimicum
436 2778 583 2810 affirmet.
629 2778 726 2809 Vides
751 2778 783 2809 in
801 2777 848 2808 his
871 2777 949 2807 libe-

84 2816 150 2847 rale
170 2817 337 2859 judicium,
361 2821 392 2852 in
415 2830 458 2851 eo
478 2820 676 2859 Praetorem‚
708 2819 747 2850 ab
766 2819 831 2850 hoc
850 2818 946 2850 afflo-

81 2866 157 2888 nem
181 2857 211 2888 ὃς
232 2858 374 2897 Judicem
400 2862 465 2893 dari
491 2862 665 2902 petitorum
687 2861 776 2892 alteri
798 2872 806 2892 ε
840 2860 946 2896 vides,

81 2899 217 2930 alterum
238 2922 247 2938 ,
278 2899 300 2931 fi
329 2903 487 2935 actionem
511 2902 566 2934 fibi
589 2903 731 2934 similiter
758 2909 847 2943 petat
865 2925 874 2940 ,
905 2902 944 2933 ad

75 2941 231 2987 eumdem
248 2942 330 2971 mitti
347 2943 510 2982 judicem,
535 2951 747 2985 praeterquam
762 2945 783 2975 fi
800 2953 872 2975 eum
889 2942 945 2974 fibi

81 2991 248 3013 mimicum
267 3005 276 3019 ‚
308 2982 337 3013 ἀ
365 2984 439 3015 ideo
463 2984 639 3024 suspectum
661 2986 774 3018 dicat:
805 2995 841 3016 ea
865 2994 944 3016 vero

83 3023 159 3064 quid
176 3024 310 3062 volunt,
334 3023 388 3056 nisi
404 3025 434 3057 in
452 3027 541 3057 causa
558 3027 653 3059 status
670 3027 731 3058 effe
748 3026 941 3058 ordinarium

79 3065 232 3105 judicium
250 3065 267 3097 ἵ)
297 3065 360 3097 Sed
385 3066 450 3097 hoc
466 3066 634 3100 Suetonius
655 3068 764 3100 illustri
791 3068 942 3108 exemplo

79 3106 185 3138 firmat
209 3108 242 3137 in
267 3106 440 3147 Vespasiano
465 3115 527 3148 cap.
546 3119 574 3149 3.
597 3109 733 3141 Flavium
760 3109 945 3140 Domitillam

79 3157 198 3179 uxorem
216 3149 304 3180 dzcxit
321 3172 331 3186 ‚
363 3149 475 3182 Statilii
491 3150 610 3190 Capellae
631 3152 781 3182 delicatam
803 3151 868 3182 olim
884 3150 944 3182 La-

79 3191 202 3232 timeque
224 3191 393 3222 conditionis
409 3214 420 3230 ,
441 3191 496 3231 steti
521 3202 588 3222 mox
613 3193 770 3234 ingenuam
793 3192 829 3227 {5³
853 3194 944 3224 civem

70 3231 243 3262 ‘Romanam
266 3235 473 3272 recuperatorio
494 3234 607 3275 judicio
627 3236 867 3274 pronuntiatam,
890 3241 943 3275 pa-

68 3277 122 3305 'tre
145 3273 279 3316 afferente
304 3272 408 3307 Flavio
433 3274 566 3307 Liberale
582 3274 696 3308 Ferenti
714 3277 824 3318 genito.
867 3277 942 3317 Ait,

989 2149 1132 2183 Flaviani
1150 2148 1355 2182 Domitillam
1373 2149 1436 2188 effe
1454 2151 1664 2192 ingenuam&
1680 2151 1786 2185 civem
1796 2149 1862 2185 Ro-

989 2202 1115 2224 manam
1146 2191 1404 2233 Recuperatorio
1437 2193 1560 2233 judicio
1597 2195 1863 2235 pronuntiatam:

989 2233 1279 2275 Recuperatorium
1310 2241 1417 2265 autem
1446 2235 1601 2274 judicium
1638 2234 1701 2267 effe
1738 2237 1863 2269 ordina-

988 2278 1089 2314 rium,
1115 2276 1240 2316 optime
1263 2275 1381 2316 probat
1400 2275 1519 2308 Cicero
1533 2301 1543 2316 ‚
1576 2278 1618 2309 de
1636 2276 1725 2309 causa
1744 2277 1862 2318 status,

989 2319 1095 2358 deque
1110 2317 1404 2359 Recuperatoribus
1420 2318 1450 2349 in
1467 2328 1504 2349 ea
1523 2319 1623 2357 datis,
1642 2320 1685 2350 ita
1703 2319 1862 2359 loquens,

989 2358 1129 2391 Divinat.
1154 2360 1187 2390 in
1213 2359 1333 2390 Verrem
1363 2365 1425 2400 cap.
1448 2369 1495 2400 17.
1525 2359 1641 2400 Agonis
1666 2358 1706 2400 est
1731 2363 1863 2401 quaedam

989 2401 1190 2442 Lilybaetana,
1214 2400 1317 2431 liberta
1341 2399 1465 2431 Veneris
1488 2400 1624 2442 Erycina·
1640 2423 1650 2440 ‚
1680 2410 1743 2442 quae
1759 2403 1862 2434 mulier

988 2450 1057 2474 ante
1074 2443 1152 2473 hunc
1173 2440 1348 2487 Qucestorem
1371 2442 1479 2481 copiosa
1491 2439 1580 2482 plane
1597 2442 1634 2476 ἑά)
1649 2443 1771 2480 locuples
1780 2443 1860 2483 fuit.

990 2484 1040 2515 Ab
1068 2484 1121 2515 hac
1153 2482 1314 2523 Pnefek‘tus
1345 2483 1470 2514 Antonii
1497 2485 1617 2525 quidam
1637 2484 1863 2526 symphoniacos

981 2527 1084 2566 servos
1109 2526 1266 2556 abducebat
1285 2532 1338 2565 per
1354 2525 1497 2566 injuriam
1512 2548 1523 2564 ,
1555 2527 1662 2567 quibus
1673 2527 1708 2567 se
1725 2528 1756 2557 in
1779 2526 1863 2568 claffe

991 2569 1039 2599 uti
1065 2566 1138 2597 velle
1162 2567 1283 2597 dicebat.
1327 2565 1402 2597 Tum
1418 2566 1470 2598 illa
1484 2590 1494 2606 ‚
1527 2572 1562 2598 ut
1579 2577 1637 2598 mos
1653 2568 1686 2599 in
1701 2568 1803 2599 Sicilia
1820 2566 1861 2610 eft

991 2610 1119 2639 omnium
1142 2607 1336 2639 Venereorum
1350 2630 1360 2647 ,
1392 2607 1430 2644 ἐξ
1445 2617 1542 2640 eorum
1556 2631 1566 2647 ,
1598 2610 1650 2650 qui
1671 2619 1689 2641 a
1706 2609 1817 2641 Venere
1826 2611 1862 2650 se

990 2650 1216 2688 liberaverunt,
1247 2655 1281 2680 ut
1305 2649 1445 2689 Praefei'to
1470 2650 1514 2681 illi
1542 2650 1708 2691 religionem
1737 2651 1862 2683 Veneris

990 2701 1148 2733 nomenque
1166 2692 1315 2732 objiceret,
1332 2692 1427 2730 dixit,
1454 2691 1490 2726 ἐξ
1497 2694 1550 2733 se,
1573 2692 1611 2727 ΕΡ
1625 2694 1790 2733 omniasua
1803 2693 1861 2724 Ve-

990 2735 1067 2764 neris
1089 2733 1150 2775 effe.
1199 2731 1261 2763 Ubi
1284 2733 1334 2764 hoc
1357 2731 1503 2776 „Quaestori
1527 2734 1639 2765 Caecilio
1656 2757 1666 2773 ‚
1698 2736 1762 2765 viro
1786 2736 1860 2775 opti-

989 2785 1032 2806 mo
1048 2799 1058 2814 ‚
1082 2775 1119 2809 ὅ*
1136 2775 1243 2805 bomini
1258 2774 1411 2816 aequzffimo
1426 2776 1598 2807 nuntiatum
1619 2774 1678 2817 est,
1701 2779 1802 2807 vocari
1820 2776 1859 2807 acl

980 2817 1015 2857 se
1039 2816 1202 2857 Agonidem
1224 2817 1297 2847 'ubet
1312 2840 1322 2856 ,
1352 2817 1497 2857 judicium
1513 2819 1565 2850 dat
1576 2816 1700 2858 statim,
1727 2816 1757 2855 fi
1773 2824 1859 2857 pare-

989 2864 1051 2897 ret,
1076 2868 1138 2890 eam
1152 2858 1186 2898 se
1256 2858 1319 2899 sua
1335 2859 1459 2891 Veneris
1476 2859 1527 2900 effe
1553 2859 1665 2900 dixiffe.
1708 2858 1857 2899 Judicant

988 2906 1199 2941 recuperatores
1214 2901 1262 2939 id,
1285 2902 1360 2942 quod
1374 2900 1478 2941 neceffe
1494 2908 1557 2933 erat
1566 2912 1576 2938 3
1596 2910 1687 2942 neque
1702 2901 1777 2930 enim
1795 2901 1858 2931 cui·

987 2952 1075 2983 quum
1090 2947 1152 2973 erat
1177 2943 1313 2981 dubium,
1337 2943 1410 2984 quin
1432 2943 1482 2974 illu
1500 2943 1626 2984 dixiffet.
1670 2938 1726 2982 Iste
1748 2942 1779 2971 in
1790 2947 1857 2982 pos-

978 2982 1127 3024 seffionem
1147 2985 1284 3015 bonorum
1299 2985 1429 3015 mulieris
1445 2985 1535 3017 mittit
1553 2996 1562 3016 .-
1590 2983 1680 3023 ipsam
1697 2981 1806 3014 Veneri
1822 2983 1856 3014 in

978 3027 1152 3066 servitutem
1181 3025 1341 3057 ad'uclicat.
1392 3025 1556 3058 HaCtenus
1590 3025 1708 3055 Cicero
1725 3033 1736 3063 3
1769 3025 1855 3056 clare

987 3066 1179 3106 ostendens,
1236 3077 1294 3099 anc
1313 3068 1521 3109 quaestionem
1539 3090 1548 3104 ‚
1582 3073 1686 3097 utrum
1704 3065 1775 3105 quis
1793 3065 1853 3098 ser-

986 3118 1045 3140 vus
1062 3133 1072 3148 ,
1103 3118 1141 3141 an
1164 3109 1266 3148 liber,
1290 3117 1395 3142 utrum
1420 3110 1574 3150 ingenuus
1590 3130 1599 3145 ,
1631 3116 1670 3139 an
1687 3106 1855 3141 libertinus

985 3151 1040 3190 fit,
1065 3151 1141 3182 dato
1153 3150 1268 3191 Judice
1296 3151 1479 3192 expeditam
1505 3147 1606 3180 fuiss‘e.
1649 3147 1751 3190 quue
1770 3150 1854 3182 adeo

986 3202 1098 3225 verum
1123 3193 1195 3231 est;
1226 3199 1261 3224 ut
1277 3193 1413 3224 Severus
1437 3191 1466 3222 δε
1487 3191 1669 3222 Antoninus
1688 3199 1808 3232 negent
1829 3193 1851 3223 l.

989 3243 1015 3266 1.
1042 3235 1074 3266 C.
1099 3236 1133 3265 de
1151 3235 1249 3266 oraine
1265 3234 1462 3276 judiciorum,
1487 3231 1655 3265 Praefidem
1677 3231 1856 3274 cognosce-

985 3286 1019 3309 re
1044 3275 1134 3318 poffe
1162 3275 1254 3317 super
1270 3273 1360 3307 causa
1378 3274 1484 3307 status.
1526 3273 1637 3307 Fuerit
1660 3275 1739 3308 tanti
1756 3297 1767 3314 ‚
1798 3283 1855 3305 eo-

1785 3325 1855 3349 rum
