2036 3495
504 76 568 112 Dr:
604 75 758 109 FortMA
790 82 1053 111 annnorum
1088 81 1195 108 Doti
1232 83 1338 110 nati
1373 75 1462 112 L113.

96 167 183 209 quod
205 173 310 199 autem
335 166 513 199 dominium
537 174 577 197 ex
593 165 688 195 bonae
702 162 778 194 fidei
794 164 963 196 contractu

93 211 124 242 in
149 219 213 249 quo
239 209 393 248 reperitur
416 209 509 240 dolus
532 207 651 244 malm,
675 205 844 245 aliquando
863 214 961 237 trans-

94 251 171 282 ferri
189 250 312 291 potest,
332 251 382 282 vel
398 250 473 281 inde
490 248 691 288 intelligitur3
710 247 797 286 quod
815 249 961 279 vendito·

93 293 137 331 ri,
164 292 329 333 postquam
353 301 421 323 rem
445 290 584 331 emptori
610 288 764 326 tradidit,
787 290 871 320 nulla
896 291 961 329 ejus

95 334 269 366 vindicatio
299 333 457 372 competit
489 330 636 362 adver-sus
670 327 874 369 poss'essorem
907 331 961 371 qui

94 385 163 406 eam
188 375 227 405 ab
250 383 395 415 emptore
420 373 547 413 accepit
568 373 596 403 d.
621 372 640 403 l.
660 380 714 402 ἰα
738 380 812 403 cum
836 373 962 404 interim

93 417 228 448 domino
251 415 397 447 adversus
423 413 624 455 poss'efforem
642 421 711 443 earn
727 412 814 452 dari,
837 414 961 446 indubi-

95 459 151 489 tati
167 458 242 498 juris
258 456 293 488 fit
308 457 327 488 1.
346 467 375 493 9.
393 455 434 487 D.
452 457 485 486 de
502 457 542 485 rei
560 455 765 486 vindicatione.
795 455 847 486 Est
864 457 960 497 igitur

92 499 124 530 iu
142 500 170 530 d.
188 499 207 530 l.
228 508 273 529 10.
305 498 422 539 duplex
445 495 631 535 difficultas,
654 504 788 536 utraque
807 497 960 539 deinceps

94 541 291 572 extricanda.

134 581 233 624 Quod
256 580 294 611 ad
319 581 457 620 priorem
483 579 623 611 attinet:
646 579 688 610 fic
711 578 826 611 censeo
845 602 856 618 ,
885 589 958 611 cum

92 622 272 654 contr-attus
304 621 336 652 in
364 622 522 662 integrum
547 621 693 660 restitui,
724 630 797 652 cum
823 621 957 660 resolvi,

91 672 145 695 aut
161 662 311 701 rescindi,
333 671 387 694 aut
405 663 528 701 irritus,
552 671 605 693 aut
632 663 751 702 nullus,
775 670 828 693 aut
845 664 958 695 nullius

89 705 267 740 momenti,
286 702 348 735 ess'e
364 704 481 736 dicitur
495 706 579 745 apud
600 704 753 743 Veteres,
777 705 878 737 minus
894 706 959 744 ple-

90 744 232 778 namess'e
242 746 452 777 locutionem.
469 756 535 777 non
553 746 637 777 enirn
653 755 718 777 uno
730 746 828 778 modo
846 747 957 778 rescin-

89 788 174 819 ditur
190 810 199 826 ‚
223 795 276 818 aut
303 788 333 818 in
358 789 517 828 integrum
541 786 732 827 restituitur,
758 788 958 820 contractus:

89 828 141 861 sed
158 829 298 868 autJure
316 828 411 861 Civili
430 830 461 860 id
488 828 543 867 fit,
567 837 619 859 aut
636 828 709 868 Jure
725 829 880 861 Praetorio
897 840 906 861 :
929 829 959 860 ὅ(

89 879 161 902 cum
178 870 360 910 simpliciter
376 871 493 902 dicitur
517 869 671 909 rescindi,
694 869 826 909 resolvi,
850 879 905 902 aut
927 871 958 902 in

89 913 249 953 integrum
274 911 414 950 restitui,
439 920 492 943 aut
516 912 629 943 nullius
653 912 809 943 momenti
828 912 908 951 ess'e,
924 919 959 942 ut

90 954 122 986 in
140 954 158 985 l.
177 964 227 986 22.
246 952 286 984 D.
304 952 391 997 Quod
406 961 496 984 metus
511 955 618 993 causa,
634 961 687 984 aut
700 954 804 984 irritus
821 953 902 991 effe,
924 959 959 984 ut

91 997 124 1027 in
147 995 166 1026 l.
182 1005 233 1034 44.
250 993 292 1025 D.
308 1000 341 1026 cte
357 996 513 1026 minoribus
538 995 567 1025 ἀ
591 995 610 1025 l.
633 1004 658 1026 1.
676 994 710 1026 C.
725 996 758 1025 de
776 995 959 1031 rescindenda

90 1038 270 1068 venditione.-
292 1037 397 1069 adhuc
421 1036 519 1076 quaeri
535 1035 658 1077 potest,
683 1045 748 1077 quo
762 1036 830 1076 jure
853 1045 890 1067 ea
911 1045 956 1067 re-

91 1077 210 1116 sciffiO‚
227 1077 290 1108 five
309 1079 340 1109 in
356 1080 516 1118 integrum
531 1077 688 1109 restitutio
705 1076 769 1108 fiat.
793 1077 834 1108 ita
853 1077 874 1108 si
890 1077 958 1116 quis

90 1120 168 1151 velit
195 1119 290 1158 pleno
315 1119 360 1150 uti
387 1119 552 1151 sermone:
578 1128 650 1150 eum
674 1119 781 1151 dicere
806 1125 960 1157 oportet,

90 1161 289 1192 contractum
307 1161 520 1199 exceptione,
537 1167 589 1191 aut
604 1161 678 1192 alias
693 1160 767 1200 Jure
785 1159 958 1198 Praetorio‚

88 1201 256 1239 infirmari,
281 1209 334 1233 aut
350 1201 502 1239 rescindi,
527 1208 581 1232 aut
595 1201 717 1232 irritum
735 1200 818 1233 fieri:
837 1200 867 1231 &
884 1210 958 1231 con-

90 1252 156 1282 tra,
179 1242 376 1274 contractum
394 1242 461 1282 ipso
477 1243 546 1282 jure
561 1241 803 1282 imperfectum,
822 1250 875 1272 aut
890 1241 958 1281 ipso

46 1307 48 1309 -
85 1286 153 1326 jure
171 1284 290 1315 nullum
307 1283 391 1322 ess'e3
407 1285 569 1323 itemque,
592 1292 665 1314 eum
681 1282 749 1322 ipso
764 1283 832 1323 jure
847 1283 958 1314 rescin-

43 1356 46 1359 .
87 1327 139 1364 di,
165 1325 214 1356 vel
240 1325 308 1366 ipso
329 1326 397 1365 jure
419 1324 552 1362 resolvi,
576 1326 676 1356 autin
696 1326 855 1365 integrum
873 1324 957 1356 resti-

87 1368 143 1399 tui.
176 1366 240 1397 hoc
263 1376 312 1398 res
336 1367 428 1405 vult,
459 1366 488 1397 δε
513 1365 554 1397 iic
577 1366 678 1397 locuti
705 1365 862 1405 Veteres;
885 1375 959 1397 cum

87 1407 284 1449 disputarent
305 1408 499 1439 accuratius:
523 1414 557 1438 ut
581 1414 713 1447 apparet
738 1417 778 1438 ex
795 1408 814 1439 l.
834 1418 862 1449 3.
881 1407 909 1449 §.
927 1418 956 1448 3.

87 1449 130 1481 D.
154 1450 212 1481 Pro
236 1450 326 1488 socio,
349 1449 368 1480 l.
388 1459 416 1489 3.
433 1449 461 1490 §.
483 1458 529 1480 10.
547 1448 589 1479 D.
615 1451 648 1479 cle
664 1450 866 1480 donationibus
881 1454 959 1479 inter

87 1495 186 1522 virum
207 1489 242 1525 ὅ)
265 1501 403 1529 uxorem,
426 1491 444 1522 l.
462 1494 511 1529 64.
536 1490 566 1531 §.
587 1500 612 1522 1.
632 1490 673 1521 J).
691 1491 724 1521 de
748 1492 958 1522 conditionibus

89 1531 126 1567 &2⁹
141 1530 442 1571 demonstrationibus,
458 1532 477 1561 l.
489 1543 518 1572 5.
537 1532 565 1573 ᾗ.
578 1542 606 1563 2.
627 1531 668 1562 D.
689 1531 754 1576 Qui
769 1531 805 1566 ὅ)
823 1543 840 1563 α
855 1533 958 1573 quibus

87 1573 270 1614 manumiffi:
286 1583 322 1604 ac
332 1574 467 1614 proinde
481 1583 554 1604 cum
570 1573 601 1604 in
617 1573 674 1605 cl.l.
691 1583 737 1604 10.
756 1574 790 1604 C.
805 1574 838 1604 de
852 1573 956 1613 rescin-

86 1616 180 1646 cienda
192 1616 355 1646 venditione
374 1615 490 1646 dicitur
509 1615 669 1645 venditori
687 1616 718 1645 in
735 1615 893 1656 integrum
911 1625 957 1646 re-

85 1656 208 1688 stitutio
226 1665 414 1697 competere
430 1664 541 1687 contra
561 1656 649 1688 illum
666 1665 739 1687 cum
756 1665 820 1696 quo
832 1664 957 1687 contra-

85 1698 150 1729 xit:
174 1708 239 1729 non
259 1697 303 1739 est
318 1697 369 1729 illa
386 1698 535 1737 praetoria
558 1700 589 1728 in
614 1698 773 1738 integrum
797 1696 956 1729 restitutio

89 1747 130 1769 ex
150 1738 267 1770 Edicto
283 1738 368 1770 Galli
381 1738 498 1778 Aquilii
518 1738 739 1779 intelligenda:
758 1738 810 1770 scd
828 1739 896 1770 haec
913 1739 956 1770 ci-

84 1780 156 1811 vilis
173 1789 243 1820 quae
260 1779 295 1811 fit
311 1780 428 1819 judicis
444 1779 553 1810 officio
571 1789 626 1819 per
650 1779 808 1811 actionem
823 1790 863 1811 ex
880 1789 953 1812 ven-

84 1821 155 1853 dito
171 1822 210 1852 ad
227 1822 257 1853 id
277 1822 364 1861 quod
380 1821 444 1861 ejus
460 1820 625 1860 interfuit,
649 1820 680 1852 se
694 1831 758 1853 non
779 1822 904 1860 decipi:
920 1829 956 1852 ut

84 1871 125 1894 ex
145 1862 294 1894 haetenus
313 1862 403 1894 dictis
419 1861 620 1894 manifestum
644 1862 700 1894 est.
745 1861 889 1896 Tantum
915 1863 955 1894 de

81 1905 191 1945 priore
208 1903 406 1935 difficultate.

123 1946 232 1977 Altera
249 1944 419 1976 difficultas
430 1945 493 1984 est,
510 1945 597 1986 quod
610 1954 650 1976 ex
665 1945 830 1977 contractu
846 1945 876 1977 in
889 1954 954 1985 quo

81 1995 213 2027 apparet
229 1987 321 2018 dolus
338 1987 457 2026 malus,
472 1987 649 2018 dominium
670 1987 843 2018 traditione
858 1994 955 2018 trans-

77 2027 156 2059 ferri
177 2027 305 2068 potest:
329 2037 401 2059 cum
428 2037 469 2059 ex
493 2029 598 2068 regula
618 2028 694 2068 juris
718 2028 801 2059 nuda
825 2028 954 2060 traditio

78 2078 254 2110 numquam
269 2069 439 2102 transferat
456 2069 651 2101 dominium:
672 2069 726 2101 nisi
739 2070 882 2101 venditio
901 2077 955 2100 aut

81 2111 139 2142 alia
154 2111 232 2151 justa
249 2111 338 2142 causa
354 2112 535 2152 praecedat,
559 2118 693 2152 propter
710 2120 804 2152 quam
823 2111 953 2142 traditio

81 2152 230 2193 sequatur
244 2154 272 2184 d.
290 2152 310 2185 l.
325 2162 375 2193 31.
396 2152 436 2183 D.
455 2153 488 2183 de
505 2153 679 2193 adquirendo
705 2162 801 2183 rerum
818 2153 952 2184 dominio.

81 2194 144 2225 Sed
171 2203 231 2225 nec
255 2203 291 2224 ea
314 2194 455 2234 objectio
478 2192 557 2225 facit
580 2202 701 2225 moram
723 2194 842 2233 judicio
864 2203 950 2225 meo.

81 2244 146 2266 non
166 2235 250 2266 enim
268 2235 337 2266 vult
352 2236 404 2266 illa
419 2236 545 2276 regula,
569 2244 602 2266 ut
618 2235 792 2268 dominium
811 2236 952 2266 traditio-

81 2285 122 2307 ne
142 2283 299 2314 mutetur,
316 2276 426 2316 utique
449 2277 633 2316 praecedere
650 2276 773 2308 causam
792 2286 898 2308 veram
916 2286 952 2307 ac

77 2318 146 2357 jure
164 2315 301 2348 firmam:
326 2316 377 2348 sed
394 2318 575 2357 praecedere
593 2318 833 2355 venditionem,
851 2326 906 2349 aut
919 2317 952 2348 fi-

79 2359 187 2390 milem
205 2357 346 2396 causam,
363 2358 407 2389 ob
425 2368 517 2399 quam
535 2359 709 2390 dominium
727 2359 890 2390 transferri
908 2358 953 2390 so-

80 2400 143 2432 let:
168 2398 231 2430 ssve
253 2409 287 2431 re
310 2409 382 2431 vera
402 2401 562 2439 praecedat
577 2423 587 2439 ,
609 2399 672 2431 five
689 2402 871 2440 praecedere
891 2408 951 2431 tra-

80 2441 184 2473 dentis
208 2441 261 2481 spe
289 2448 342 2471 aut
367 2442 522 2481 opinione
544 2440 764 2482 praesumatur:
788 2441 844 2473 nisi
868 2441 950 2474 aliud

81 2482 245 2523 impediat.
276 2481 353 2513 Non
370 2483 422 2514 diu
438 2492 577 2523 quaeram
595 2483 740 2524 exempla
757 2484 872 2524 quibus
888 2483 953 2514 hoc

81 2523 290 2555 confirmem:
308 2522 345 2554 fit
365 2523 429 2555 hoc
450 2534 489 2555 ex
502 2524 683 2565 Pomponio
703 2525 720 2556 l.
733 2528 781 2555 16.
800 2524 844 2555 D.
863 2525 952 2563 defi>-

80 2565 246 2595 Iunonibus.
260 2563 367 2597 Titius
378 2565 535 2606 stipulanti
553 2566 720 2605 pecuniam
736 2565 880 2607 promisit
896 2565 951 2596 sub

81 2606 280 2637 conditione.
306 2608 330 2637 is
347 2605 455 2638 Titius
475 2617 543 2638 eam
561 2607 672 2639 solvit:
695 2617 760 2638 non
778 2616 876 2647 pure,
899 2606 952 2638 sed

82 2645 138 2690 sub
156 2647 364 2686 conditione,
380 2647 401 2679 fl
419 2648 506 2688 prior
524 2649 669 2680 conditio
685 2649 838 2680 extiterit.
866 2657 949 2688 quae-

79 2695 177 2724 ritur,
192 2696 232 2718 ex
243 2691 308 2727 quo
324 2695 470 2729 tempore
486 2688 585 2720 soluta
602 2690 755 2721 creditori
773 2690 907 2729 pecunia
921 2699 952 2720 e-

80 2729 129 2768 jus
147 2726 226 2759 fiat?
245 2737 347 2760 utrum
360 2728 461 2761 statim
473 2753 482 2768 ‚
501 2739 539 2762 an
557 2732 684 2762 demum
704 2730 860 2762 existente
877 2739 952 2761 con·

82 2768 229 2800 ditione?
251 2769 294 2800 ait
311 2770 527 2810 Pomponius,
553 2773 618 2811 ejus
635 2771 737 2803 statim
756 2771 833 2803 fieri.
865 2771 951 2811 atqui

83 2810 245 2852 pendente
255 2811 442 2842 conditione
453 2812 537 2843 nulla
547 2813 592 2844 est
601 2814 758 2854 obligatio
774 2822 814 2844 ex
830 2822 890 2853 qua
899 2814 952 2843 de-

81 2853 195 2884 beatur
212 2851 365 2890 pecunia:
382 2852 436 2883 etsi
452 2851 521 2893 spes
537 2853 573 2885 fit
588 2854 731 2886 debitum
748 2854 783 2885 iri
799 2854 818 2885 l.
829 2863 898 2894 213.
907 2853 950 2884 D.

82 2896 117 2926 de
130 2893 282 2924 verborum
292 2891 513 2933 significatione.
543 2894 638 2935 igitur
656 2905 717 2926 nec
733 2895 823 2926 causa
847 2896 892 2926 est
912 2904 953 2926 cx

83 2944 144 2977 qua
162 2934 288 2964 interim
314 2934 453 2965 tradatur
476 2937 622 2975 pecunia.
653 2936 705 2967 sed
722 2945 757 2967 ut
774 2937 952 2968 dominium

82 2974 255 3009 transeatin
267 2974 477 3015 accipientem
489 2986 498 3014 ;
509 2975 619 3007 sufficit
629 3000 638 3014 ‚
650 2986 666 3008 a
678 2978 823 3009 tradente
837 2977 951 3017 sperari

82 3016 224 3050 causam:
244 3016 320 3046 licet
336 3015 469 3055 praesens
487 3026 551 3048 non
569 3017 615 3048 fit.
640 3018 791 3050 Similiter
807 3020 876 3059 quis
895 3020 950 3050 du-

80 3060 181 3097 bitat,
205 3057 281 3099 quin
304 3057 424 3088 nullum
449 3057 485 3088 fit
507 3059 744 3091 matrimonium
760 3060 847 3101 quod
864 3067 952 3091 tutor

86 3099 253 3135 contrahat
275 3108 348 3132 cum
371 3099 491 3141 pupilla
514 3102 675 3142 quondam
692 3099 767 3134 sua?
789 3107 842 3134 aut
857 3101 878 3134 fi
897 3110 949 3134 an-

1811 85 1880 122 317

1004 164 1074 196 cilla
1092 163 1191 195 nubat
1208 173 1276 204 quie
1303 164 1400 196 libera
1419 162 1576 206 putetur?
1596 170 1649 196 aut
1665 163 1771 195 minor
1789 164 1878 195 anuis

1005 206 1176 237 duodecim
1194 215 1263 246 quae
1281 207 1380 246 major
1395 206 1570 238 credatur?
1593 206 1754 247 repetenti
1771 213 1877 237 tamen

1005 248 1114 278 dotem
1126 271 1135 287 ‚
1160 247 1180 279 fi
1198 256 1267 288 quae
1287 249 1358 279 data
1381 248 1416 279 sit
1434 249 1465 279 in
1481 248 1528 278 his
1547 248 1576 279 ἂ
1594 247 1741 279 fimilibus
1758 245 1876 287 specie-

1004 289 1082 326 bus,
1105 299 1170 320 non
1198 290 1395 328 vindicatio,
1421 289 1474 320 sed
1497 289 1662 320 condictio
1681 289 1839 328 competit
1850 287 1872 319 l.

1006 340 1033 371 7.
1054 331 1087 362 C.
1105 332 1138 361 de
1154 330 1305 362 interdicito
1324 332 1504 362 matrimonio
1527 332 1603 362 incer
1612 330 1754 371 pupillam
1771 328 1807 364 ὅ)
1826 335 1872 360 zu·

1005 379 1112 408 torem,
1136 372 1155 402 l.
1186 381 1209 404 1.
1231 373 1264 405 C.
1282 375 1314 404 cie
1338 372 1515 404 condictione
1540 373 1572 402 ob
1588 377 1703 412 causam
1721 374 1873 410 datorum,

1004 413 1022 444 l.
1043 418 1070 447 8.
1088 413 1131 445 D.
1150 415 1206 445 eod.
1229 415 1275 445 tit.
1291 415 1310 446 I.
1327 423 1378 454 59.
1396 413 1438 446 D.
1455 416 1487 445 de
1505 414 1574 453 jure
1594 416 1712 444 dotium.
1737 421 1872 453 nempe,

1004 456 1077 494 quia
1096 456 1266 487 traditione
1282 466 1322 487 ex
1341 455 1430 486 causa
1446 456 1529 487 dotis
1539 454 1641 493 faeta,
1659 454 1872 486 mutatumin-

1004 497 1159 537 telligitur
1174 497 1361 529 dominium.
1386 506 1418 527 at
1433 506 1498 528 non
1518 495 1563 527 est
1573 497 1652 535 dos,
1669 496 1723 527 ubi
1742 504 1807 527 non
1827 493 1873 526 est

1002 539 1240 570 matrimonium
1265 539 1292 580 §.
1315 549 1362 571 12.
1387 537 1458 579 Ian.
1484 539 1518 569 de
1542 540 1672 578 nuptiis:
1694 546 1755 568 nec
1775 537 1872 578 igitur

1000 578 1089 610 causa
1103 589 1165 620 qua
1182 581 1309 612 traditio
1334 580 1398 612 fiat.
1423 579 1516 611 esto:
1546 578 1667 618 sedjus
1692 578 1796 610 Civile
1818 579 1871 610 ad·

1001 619 1133 659 quiescit
1159 623 1320 654 traditioni
1344 621 1434 654 fatiae
1457 621 1501 652 ob
1525 619 1647 652 causam
1673 629 1714 652 ex
1740 628 1801 660 qua
1817 620 1873 651 do·

1002 663 1104 693 minus
1129 665 1240 695 mutari
1267 663 1356 695 solet.
1394 672 1456 695 nec
1477 662 1598 704 semper
1624 671 1730 693 veram
1758 662 1871 701 quaerit

1002 703 1134 736 causam.
1158 705 1229 736 satis
1251 706 1280 737 ei
1299 705 1363 744 est,
1386 705 1522 745 aliquam
1544 704 1697 735 tradentis
1714 703 1870 742 opinione

1002 745 1130 777 subesse.
1176 746 1259 778 Nam
1285 748 1314 778 ὅ(
1339 747 1517 779 indebitum
1540 754 1599 786 per
1628 754 1768 777 errorem
1793 744 1874 775 solu-

1002 794 1088 824 tum,
1113 787 1290 820 dominium
1316 790 1347 820 in
1373 788 1585 829 accipientem
1604 785 1771 818 transfert:
1795 785 1825 816 &
1843 784 1872 815 ei

1003 828 1054 867 qui
1074 827 1187 867 solvit,
1211 839 1276 860 non
1294 830 1406 869 soluti,
1431 829 1700 866 vindicationem,
1724 826 1776 858 sed
1793 835 1871 857 con-

1002 868 1175 901 diffionem
1200 871 1351 910 relinquit
1373 871 1401 912 §.
1423 880 1447 903 1.
1481 868 1552 911 Inst.
1591 869 1708 917 chz'bus
1729 869 1818 900 modis
1842 876 1873 898 re

1001 910 1184 941 contrahitur
1201 912 1344 953 obligatio.
1369 913 1422 952 qui
1439 912 1572 952 potest?
1589 912 1709 953 quippe
1728 919 1800 942 cum
1817 909 1874 942 hic

1001 960 1107 990 neque
1124 952 1266 984 debitum
1284 952 1336 988 fit,
1359 962 1464 992 neque
1485 952 1612 985 solutio.
1637 954 1710 992 sed,
1734 960 1769 984 ut
1784 952 1872 991 dixi,

1001 991 1134 1031 sufficit,
1158 993 1313 1034 opinione
1328 994 1393 1034 eJus
1412 995 1465 1036 qui
1483 994 1595 1035 solvit,
1621 995 1651 1027 δε
1666 996 1810 1027 debitum
1827 1003 1875 1026 es-

1001 1033 1052 1073 se,
1075 1034 1106 1065 &
1122 1034 1324 1066 solutionem.

1041 1075 1109 1107 Sic:
1134 1076 1154 1108 fi
1171 1076 1248 1108 nihil
1266 1076 1349 1108 aliud
1365 1076 1540 1118 impediat,
1556 1087 1627 1110 nam
1644 1077 1707 1110 fiid
1724 1078 1774 1110 fit:
1797 1087 1876 1110 con·

1001 1124 1048 1148 tra
1071 1117 1242 1149 dicendum
1266 1117 1322 1150 est.
1355 1118 1418 1149 hoc
1438 1120 1538 1151 modo
1562 1120 1672 1152 Paulus
1695 1121 1714 1152 l.
1745 1129 1771 1151 1.
1795 1120 1825 1162 §.
1842 1130 1874 1160 4.

1003 1158 1046 1189 D.
1071 1159 1104 1189 de
1128 1160 1306 1231 αιίἵῖᾳίνεηάα
1322 1158 1481 1200 poffeffione
1503 1159 1610 1191 scribit
1627 1184 1635 1198 ,
1666 1161 1686 1192 fi
1712 1162 1758 1192 vir
1783 1161 1877 1193 uxori

1004 1200 1097 1230 cedat
1122 1209 1163 1241 po
1192 1200 1309 1232 esfione
1325 1223 1335 1239 ,
1368 1201 1548 1232 donationis
1569 1201 1684 1232 causa:
1714 1211 1784 1233 cam
1808 1212 1875 1234 non

1003 1241 1180 1273 dominium
1197 1242 1363 1282 accipere,
1381 1241 1433 1273 sed
1450 1241 1680 1282 poss'effionem.
1707 1252 1767 1273 nec
1785 1244 1829 1275 ob
1844 1244 1877 1275 id

1002 1283 1177 1322 putandum
1196 1283 1259 1323 est,
1275 1284 1364 1323 quod
1385 1283 1499 1315 volunt
1517 1282 1695 1314 Doctiffimi
1718 1284 1876 1324 Interpre-

1004 1331 1053 1355 tes
1065 1348 1074 1363 ‚
1098 1325 1303 1357 traditionem
1316 1348 1325 1363 ,
1349 1324 1368 1357 si
1387 1323 1441 1355 fiat
1458 1334 1475 1355 a
1493 1325 1663 1357 venditore
1680 1326 1733 1366 qui
1753 1326 1792 1356 ab
1810 1335 1876 1357 em-

1002 1373 1098 1405 ptore
1114 1365 1151 1398 fit
1167 1367 1244 1398 dolo
1261 1368 1346 1398 malo
1371 1366 1516 1398 inductus
1534 1367 1573 1397 ad
1592 1367 1796 1399 vendendum
1808 1390 1818 1405 ‚
1841 1366 1876 1398 fi-

1001 1407 1119 1438 militer
1142 1407 1363 1448 poss'effionem
1389 1407 1583 1447 transferre,
1606 1409 1783 1440 dominium
1809 1418 1876 1440 non

1002 1448 1183 1481 transferre.
1210 1450 1351 1481 minime.
1383 1449 1470 1490 quod
1493 1449 1607 1481 Paulus
1627 1450 1705 1481 dicit
1723 1451 1763 1482 de
1781 1450 1876 1482 tradi-

1001 1489 1091 1522 tione
1117 1492 1240 1522 mulieri
1265 1490 1348 1522 facta
1376 1500 1417 1521 ex
1442 1490 1619 1522 donatione
1643 1492 1723 1530 viri,
1748 1501 1814 1523 non
1833 1500 1875 1523 eo

1001 1532 1132 1570 nititur,
1158 1532 1244 1573 quod
1269 1532 1295 1563 is
1323 1531 1434 1563 titulus
1457 1531 1562 1562 nullus
1579 1539 1676 1572 atque
1691 1533 1796 1564 irritus
1812 1533 1875 1565 est:

1000 1571 1052 1604 sed
1078 1574 1151 1613 quia
1176 1573 1311 1605 donatio
1330 1573 1412 1605 inter
1429 1573 1530 1604 virum
1550 1573 1581 1604 ὅ(
1600 1582 1732 1604 uxorem
1756 1574 1787 1605 in
1806 1581 1876 1606 tan·

1001 1622 1066 1645 tum
1085 1614 1181 1646 Civili
1203 1615 1276 1654 Jure
1297 1613 1517 1655 improbatur:
1541 1622 1576 1645 ut
1592 1623 1656 1646 non
1676 1615 1777 1647 modo
1802 1624 1876 1655 pro-

999 1655 1101 1687 miffio
1119 1666 1183 1688 non
1202 1663 1326 1688 teneat:
1344 1655 1396 1687 sed
1413 1665 1454 1687 ne
1467 1663 1582 1688 caetera
1600 1655 1729 1696 quidem
1745 1656 1874 1689 valeant

1000 1706 1070 1738 quae
1088 1699 1205 1730 deinde
1229 1699 1398 1738 sequantur
1414 1697 1596 1729 donationis
1621 1697 1729 1729 causa:
1753 1698 1876 1740 quippe

999 1748 1072 1770 cum
1092 1739 1156 1779 ipsa
1173 1748 1304 1781 quoque
1327 1739 1397 1771 haec
1414 1738 1453 1770 ab
1478 1740 1571 1771 initio
1595 1738 1760 1779 prohiberi
1777 1748 1877 1782 atque

998 1780 1149 1812 infirmari
1177 1780 1365 1812 censeantur
1383 1781 1403 1813 l.
1419 1789 1449 1821 3.
1473 1779 1501 1822 §.
1524 1790 1569 1812 10.
1591 1790 1637 1812 11.
1657 1779 1694 1815 &⁹
1714 1790 1760 1813 12.
1780 1781 1824 1814 D.
1841 1783 1875 1814 de

999 1823 1200 1853 donationibus
1215 1823 1293 1853 inter
1306 1823 1407 1853 virum
1422 1821 1459 1856 ὅ)
1474 1831 1591 1853 uxorem
1601 1845 1610 1860 ‚
1628 1830 1783 1863 quatenus
1796 1823 1875 1864 juris

998 1861 1068 1894 fint.
1099 1872 1172 1895 nam
1195 1863 1310 1904 (quod
1335 1862 1448 1894 Paulus
1471 1862 1619 1895 observat
1635 1865 1663 1895 d.
1684 1864 1704 1896 l.
1727 1873 1753 1896 1.
1771 1863 1801 1906 §.
1815 1865 1874 1906 4.)

998 1913 1048 1936 res
1066 1903 1161 1944 fatti,
1185 1905 1285 1945 qualis
1301 1903 1346 1936 est
1365 1903 1532 1945 poffeffio,
1564 1904 1714 1937 infirmari
1732 1906 1806 1946 Jure
1821 1906 1875 1939 Ci-

998 1946 1055 1977 vili
1072 1955 1137 1978 non
1155 1946 1276 1987 potest:
1301 1955 1362 1978 nec
1379 1946 1495 1977 attinet
1513 1947 1638 1986 dicere,
1655 1957 1719 1979 non
1738 1948 1874 1988 poffide-

999 1996 1034 2018 re
1050 1988 1234 2020 mulierem:
1251 1997 1324 2019 curn
1343 1988 1491 2026 maritus,
1504 1988 1556 2019 ubi
1573 1989 1677 2020 noluit
1694 1990 1874 2030 poffidere,

999 2029 1147 2069 protinus
1172 2028 1310 2061 amiserit
1327 2028 1559 2069 posseffioneni.
1609 2028 1687 2062 Non
1705 2031 1789 2062 idem
1809 2031 1876 2063 suc-

998 2070 1097 2101 currit
1115 2071 1145 2102 in
1165 2070 1348 2112 proposito:
1374 2071 1426 2101 ubi
1445 2071 1595 2103 venditor
1609 2071 1649 2103 ab
1667 2079 1816 2114 emptore
1833 2073 1874 2105 ad

997 2111 1204 2144 vendendum
1226 2111 1272 2144 est
1297 2112 1444 2143 inductus
1467 2112 1545 2144 dolo
1578 2113 1673 2145 malo.
1706 2122 1778 2146 nam
1804 2123 1872 2147 tum

998 2162 1064 2184 non
1082 2153 1211 2184 traditio
1228 2154 1388 2185 venditori
1409 2154 1628 2186 interdicitur:
1646 2154 1698 2187 sed
1718 2156 1783 2196 eJus
1801 2166 1874 2189 exa·

997 2194 1062 2225 ctio
1078 2197 1216 2235 emptori
1235 2195 1425 2236 denegatur:
1448 2194 1512 2236 ipsa
1528 2204 1659 2236 quoque
1675 2206 1739 2227 non
1757 2196 1873 2238 fimpli-

995 2237 1094 2274 citer,
1118 2245 1225 2276 neque
1244 2235 1385 2276 semper:
1402 2235 1454 2268 sed
1469 2236 1490 2267 fi
1506 2238 1658 2269 venditor
1675 2238 1776 2277 nolit,
1792 2249 1870 2270 con-

995 2276 1235 2309 tractumstare.
1262 2278 1328 2309 imo
1345 2278 1540 2318 permittitur
1559 2281 1698 2320 emptori
1716 2281 1769 2319 qui
1789 2280 1869 2312 fecit

997 2318 1075 2349 dolo
1095 2319 1198 2356 malo,
1210 2319 1360 2351 liaCtenus
1376 2328 1470 2360 agere
1487 2319 1633 2351 adversus
1644 2322 1868 2354 venditorem:

996 2367 1031 2388 ut
1050 2368 1103 2390 aut
1114 2359 1211 2391 stetur
1227 2361 1403 2401 emptioni,
1421 2368 1473 2391 aut
1483 2361 1521 2392 ab
1538 2370 1573 2391 ea
1592 2360 1771 2393 discedatur
1787 2363 1805 2394 l.
1823 2372 1869 2404 13.

995 2399 1023 2441 §.
1044 2410 1092 2440 27.
1111 2400 1206 2436 &28-
1225 2401 1266 2433 D.
1285 2403 1318 2432 de
1334 2401 1494 2433 <inionibus
1510 2403 1597 2442 empti
1611 2401 1648 2436 {5⁹
1665 2404 1788 2436 venditi.
1812 2404 1870 2436 Di-

992 2447 1104 2473 'camus
1120 2443 1233 2483 igitur,
1257 2443 1347 2474 aliam
1365 2442 1426 2474 ess'e
1445 2443 1602 2475 rationem
1622 2443 1807 2477 donationis
1825 2447 1871 2478 in-

998 2490 1046 2513 ter
1063 2484 1164 2515 virum
1183 2485 1212 2515 &
1230 2493 1366 2515 uxorem
1378 2507 1387 2520 ,
1405 2484 1497 2516 aliam
1516 2485 1712 2517 venditionis
1730 2487 1780 2518 cui
1799 2496 1870 2519 cau-

996 2522 1057 2555 sam
1080 2525 1169 2556 dedit
1193 2526 1350 2565 emptoris
1376 2525 1493 2557 dolus:
1519 2525 1584 2558 illic
1610 2527 1816 2560 traditionem
1841 2530 1871 2561 δε

995 2566 1169 2605 improbari
1189 2567 1228 2597 ab
1245 2567 1335 2597 initio
1354 2566 1384 2598 ὅ(
1403 2566 1585 2607 prohiberi,
1609 2567 1792 2610 sacramque
1809 2580 1868 2611 pro

994 2607 1078 2638 nulla
1103 2615 1199 2648 atque
1225 2608 1326 2639 inutili
1349 2607 1485 2646 haberi,
1522 2616 1677 2649 quatenus
1704 2611 1742 2643 ad
1770 2612 1871 2644 domi·

995 2648 1083 2679 nium
1100 2649 1260 2689 pertinet:
1287 2649 1340 2680 hic
1358 2649 1562 2682 traditionem
1581 2660 1686 2691 neque
1709 2653 1868 2693 improba-

996 2690 1042 2727 ri,
1067 2699 1172 2730 neque
1198 2689 1362 2730 prohiberi
1383 2690 1422 2722 ab
1438 2691 1548 2723 initio:
1576 2693 1605 2723 δι
1628 2692 1766 2732 fatiam,
1790 2696 1869 2727 citra

996 2730 1157 2763 actionem
1175 2740 1216 2762 ex
1233 2732 1387 2770 vendito,
1405 2732 1549 2774 citraque
1565 2733 1686 2774 Judicis
1707 2735 1867 2776 officium,

996 2781 1062 2803 non
1080 2772 1180 2804 videri
1192 2773 1416 2814 nullamzquin
1429 2775 1555 2807 interim
1573 2776 1752 2809 dominium
1769 2784 1866 2809 trans-

995 2812 1081 2844 ferre
1104 2813 1135 2845 in
1158 2821 1365 2855 (τωρωι-επις
1396 2824 1496 2857 usque
1519 2817 1602 2849 adeo
1618 2841 1629 2856 ,
1660 2826 1695 2849 ut
1719 2818 1740 2850 fi
1764 2818 1802 2849 ab
1825 2828 1867 2850 eo

995 2854 1111 2886 deinde
1128 2856 1166 2887 ad
1183 2855 1312 2887 tertium
1330 2858 1513 2899 perveniat:
1535 2859 1680 2899 placeat,
1705 2859 1868 2892 venditori

996 2904 1061 2927 non
1083 2895 1229 2929 adversus
1252 2906 1324 2929 eum
1353 2899 1384 2930 in
1409 2907 1504 2940 quem
1534 2908 1662 2941 emptor
1689 2900 1868 2934 dominium

997 2936 1176 2978 transtulit,
1199 2939 1246 2970 rei
1273 2939 1545 2980 vindicationem,
1571 2942 1622 2973 sed
1644 2949 1755 2972 contra
1778 2941 1867 2975 illum

995 2987 1068 3010 curn
1089 2988 1155 3020 quo
1170 2981 1387 3021 contraxerit,
1411 2982 1440 3014 in
1458 2983 1617 3024 integrum
1635 2981 1868 3017 restitutionem

994 3019 1120 3052 anione
1149 3031 1190 3054 ex
1222 3022 1355 3054 vendito
1389 3032 1579 3067 competere
1601 3025 1630 3056 d.
1655 3023 1675 3055 Ι.
1702 3031 1748 3056 10.
1773 3024 1807 3057 C.
1834 3028 1869 3060 de

993 3062 1179 3102 rescindenda
1194 3064 1370 3098 venditione.

1031 3227 1124 3269 Rrsi
1778 3231 1865 3265 CA.
