2036 3495
283 129 310 166 Α
326 142 346 165 1)
377 132 419 166 Li
433 143 463 165 a.
494 127 534 163 II.
573 127 606 162 Τ
616 139 627 164 1
641 138 672 162 T.
702 123 776 161 Xli‘.
811 124 859 161 De
868 124 967 172 soriis
986 121 1026 165 ὃ)
1043 124 1239 162 dilationibus
1256 123 1296 166 Εὖ)
1310 124 1436 172 dieeifls
1454 126 1643 172 tenuioribus.

66 221 200 260 blicam,
226 221 263 252 ad
282 221 445 261 placandas
473 217 618 250 Deorum
638 218 705 248 iras.
730 216 772 246 iia
794 215 940 247 meminit

66 264 189 296 Cellius
206 287 215 302 ‚
239 264 285 294 lio.
302 273 329 294 2.
347 262 436 294 Noti.
454 261 545 291 Amic.
561 270 584 290 c.
601 264 637 292 28
649 281 658 296 ,
681 257 862 295 Romanos,
886 259 937 289 ubi

66 306 237 343 sentirent,
263 313 374 335 terrani
396 311 546 339 movere,
570 301 676 331 caleto
694 297 788 330 ferias
807 299 936 344 impera-

67 357 111 379 re.
143 344 276 378 Tacitus
294 354 441 386 quoque,
457 344 503 375 lio.
521 353 548 374 2.
565 342 678 373 Aiziial.
698 350 720 371 c.
737 345 773 373 82
786 364 794 377 ‚
812 341 936 380 lciibit,

68 390 210 420 extincto
229 386 442 423 Germanico,
467 386 562 415 etiam
582 390 654 414 ante
676 383 815 413 edictum
834 381 935 422 Magi-

65 430 236 467 stratuum,
253 437 325 459 ante
341 425 634 461 Senatusconlulta,
652 423 808 464 sumptum
824 423 934 462 justiti-

65 480 138 510 um,
163 470 281 503 deserta
299 469 369 501 fora
386 468 458 500 elle.
494 466 644 497 Similiter
661 467 743 505 apud
765 465 932 505 Apulejum

65 514 114 544 lili.
132 523 160 552 4.
189 512 381 550 Jlietamorph.
399 511 436 539 ml
452 507 509 548 fin.
536 508 667 548 legitur,
691 508 776 538 luctu
801 507 931 545 publico

64 563 243 594 congruens
260 550 510 592 edicijustitium.
534 548 700 579 Solemnes
716 548 763 579 seu
783 548 931 587 legitima:

63 594 153 627 feriae
170 593 329 626 suntstatae
347 595 375 623 ot
394 591 558 623 ordinariae
574 589 680 628 feriae,
697 599 788 620 cerro
807 598 932 628 tempo-

63 646 98 668 re
115 643 325 667 recurrentes:
349 642 417 674 quae
441 634 514 663 ideo
535 632 669 672 prospici
691 630 815 671 poliunt
834 631 860 660 ἃ
880 631 931 661 de-

63 678 140 709 bent
165 679 191 707 d.
209 676 237 717 §.
254 686 281 715 7.
297 676 316 706 l.
337 679 385 706 26.
432 674 492 706 Hae
509 674 597 705 feriae
617 674 684 703 alia:
710 674 777 703 lunt
796 672 930 709 divinae‚

62 728 132 759 quie
151 718 304 748 habentur
320 717 417 747 divini
435 716 540 747 cultus
559 714 663 746 causa:
678 721 711 745 ut
729 715 796 745 dies
816 712 927 757 Domi-

59 761 130 792 nica
144 760 163 791 l.
185 768 211 790 2.
230 768 257 799 3.
278 768 304 798 7.
323 757 357 792 &³
374 758 426 789 uli.
443 757 471 799 ὃ.
494 766 517 787 1.
538 757 571 787 C.
589 757 616 787 h.
632 762 653 786 t.
677 756 868 792 natisnatis,
892 752 931 784 E-

58 802 275 842 piphaniarum
295 799 430 837 Christi,
448 800 476 829 (St
495 798 547 838 qui
567 798 771 842 praecedunt,
797 797 928 839 lequun-

60 850 174 882 turque
192 842 258 872 dies
276 841 394 881 septem
408 863 417 878 ,
439 842 516 871 item
534 840 600 870 dies
623 838 776 869 Pale-halis
795 837 927 882 cum'ie-

56 892 146 923 ptem
175 883 379 923 sequentibus
406 882 434 912 δι
458 880 742 914 antecedentibus,
767 880 795 908 et
815 878 928 922 ssmiles

58 926 76 955 I.
96 935 123 956 2.
140 929 170 956 6.
192 934 217 964 7,
239 925 271 955 C.
287 924 314 954 l).
331 930 350 954 t.
369 924 378 954 l
410 932 436 963 3.
459 923 492 953 C.
516 925 550 953 cie
571 921 663 962 Epist.
682 922 808 951 audient.
854 921 929 949 Alite

58 965 130 997 sunt
150 967 310 997 humanm:
328 973 361 996 ut
378 965 444 996 dies
461 964 571 995 natalis
589 963 672 994 urbis
685 962 792 992 nomae
804 961 832 991 dc
846 959 930 991 Con-

59 1007 304 1046 stantinopolis,
329 1016 388 1037 nec
414 1015 479 1036 non
505 1005 708 1045 lmperatoris
725 1003 744 1034 l.
763 1013 788 1041 7.
810 1002 840 1032 C.
859 1002 886 1032 h.
905 1006 925 1032 ε.

60 1049 139 1080 item
156 1050 207 1088 qui
222 1049 384 1079 antecedit
400 1046 558 1078 Kalendas
574 1045 728 1085 januarii,
753 1044 859 1074 solitus
878 1051 926 1072 va-

63 1094 138 1121 care'
156 1090 272 1120 honori
290 1089 491 1129 Magistratus
506 1088 524 1118 l.
541 1099 570 1127 5.
591 1087 632 1117 D.
651 1087 678 1117 h.
696 1093 718 1117 τ.
759 1085 789 1115 lu
810 1084 927 1115 codem

61 1140 197 1162 numero
216 1130 283 1161 sunt
301 1130 387 1161 feriae
405 1129 545 1162 messium
563 1129 593 1159 ὅτ.
608 1127 837 1158 vindemiarum
862 1125 881 1155 ί.
902 1134 926 1156 t.

61 1173 104 1203 1).
122 1174 138 1204 l.
152 1183 179 1203 2.
199 1172 236 1206 ἐπ”
252 1182 279 1211 7.
298 1172 329 1203 C.
346 1172 371 1202 h.
390 1178 409 1202 t.
433 1173 527 1202 etiam
544 1169 690 1200 nundinae
708 1167 861 1212 Principis
879 1175 930 1196 uu-

62 1214 210 1245 {ioritate
228 1213 387 1244 inititutae.
419 1222 488 1244 nam
515 1212 544 1242 δε
562 1210 608 1242 his
624 1211 744 1254 datur,
757 1218 788 1238 ut
807 1217 857 1247 qui
877 1217 928 1238 eas

7 1282 12 1287 .
61 1255 268 1286 freauentant
284 1277 293 1292 ‚
327 1263 390 1285 non
417 1253 554 1285 debeant
578 1251 745 1291 inquietari
770 1256 928 1289 praetextu

61 1297 159 1328 debiti
175 1297 193 1327 l.
209 1297 284 1326 unic.
304 1296 336 1325 C.
355 1297 388 1326 cle
402 1294 550 1325 nundinis.

101 1338 204 1369 Ferias
217 1346 314 1368 novas
327 1337 354 1367 ἃ
373 1336 551 1374 repentinas
570 1333 648 1365 solus
663 1333 804 1364 condere
821 1330 949 1372 potcst—

58 1379 221 1419 Princeps.
245 1378 340 1417 judici
361 1386 412 1407 aut
430 1376 693 1412 administratori,
718 1375 746 1404 id
766 1373 829 1411 eil,
855 1372 925 1403 Ma-

57 1420 194 1462 gil‘tratui
207 1442 216 1457 ,
234 1419 296 1449 hoc
310 1419 357 1459 jus
376 1428 440 1449 uon
456 1417 500 1449 est
515 1418 570 1456 l.4.
587 1416 618 1447 C.
636 1417 692 1459 bt
711 1415 926 1460 tantum-huic

58 1461 270 1503 permittitur,
282 1459 376 1491 ferias
391 1460 463 1491 dare
482 1458 651 1490 seeundum
662 1456 925 1488 consuetudinem

59 1512 129 1542 quae
148 1511 233 1533 retro
251 1502 391 1532 obtinuit
416 1501 434 1532 l.
453 1511 479 1541 7.
502 1500 542 1531 l).
559 1501 590 1530 cie
607 1498 697 1539 officio
718 1498 846 1535 procons}
870 1506 924 1537 po-

60 1543 120 1575 test
136 1545 229 1584 igitur
241 1542 463 1583 Magistratus,
480 1541 594 1580 Praeses
606 1564 614 1578 ,
631 1540 719 1570 verbi
736 1542 853 1580 gratia,
870 1540 923 1570 sta·

59 1591 149 1616 tuere
175 1592 299 1624 tempus
324 1584 446 1622 melfis,
470 1583 763 1621 vindemiarumque
780 1581 869 1611 causa
886 1589 927 1611 ex

58 1625 211 1665 cujusque
231 1625 293 1655 loci
305 1624 533 1655 consuetudine
548 1623 567 1654 l.
586 1633 613 1662 4.
631 1622 671 1653 1).
689 1623 716 1653 b.
736 1628 756 1652 t.
779 1630 809 1652 at
827 1631 926 1653 novas

55 1665 152 1698 'ferias
175 1667 315 1697 condere
342 1664 391 1696 sua
416 1665 603 1696 auetoritate
629 1673 694 1695 non
718 1662 832 1703 potest.
855 1672 891 1694 ac
907 1662 928 1694 si

59 1714 171 1739 contra
182 1706 296 1745 faciat3
313 1716 377 1738 non
389 1706 534 1747 praestant
551 1706 755 1743 dilationem,
774 1713 845 1736 cum
862 1714 926 1736 non

56 1749 118 1780 'suit
134 1748 322 1789 imperiales.
339 1748 435 1788 idque
453 1747 515 1787 est,
533 1747 620 1788 quod
639 1746 753 1778 dicitur
768 1748 794 1777 d.
812 1747 829 1778 l.
845 1756 873 1785 4.
894 1746 925 1777 C.

58 1791 118 1822 h.t.
133 1790 152 1821 fi
171 1791 302 1822 nomine
318 1791 515 1826 eximuntur,
532 1789 628 1820 etiam
643 1787 747 1820 frustu
764 1788 925 1819 carebunt.

103 1831 205 1874 Quod
229 1832 342 1862 attinet
360 1832 397 1862 ad
422 1830 535 1863 effeeta
553 1830 720 1862 feriarum:
744 1830 783 1861 de
801 1830 848 1861 his
863 1829 926 1860 fuit

61 1871 175 1904 Oratio
192 1871 235 1904 D.
255 1872 356 1903 Marci
375 1873 404 1903 in
422 1872 539 1903 Senatu
555 1874 705 1909 recitata,
721 1881 790 1911 quae
811 1870 925 1902 Oratio

57 1922 122 1944 non
148 1921 245 1945 extat.
278 1912 431 1953 Ulpianus
447 1914 464 1944 l.
482 1917 511 1944 6.
531 1912 570 1944 D.
587 1913 612 1944 l).
628 1920 650 1944 t.
676 1921 769 1944 vocat
787 1911 924 1954 Legem:

58 1963 91 1985 ut
109 1953 224 1986 Oratio
242 1955 349 1986 Severi
372 1955 412 1986 de
430 1955 590 1995 prohibita
607 1955 800 1986 alienatione
816 1955 926 1991 praedii

55 1995 162 2026 rustici
181 2004 315 2027 vocatur
334 1995 400 2027 Lex
416 1996 435 2027 l.
452 1999 495 2027 16.
514 1996 552 2026 D.
570 1997 602 2026 tie
616 1997 699 2038 pign.
717 1995 773 2027 αὲἶ.
799 1995 924 2027 Oratio-

53 2046 129 2068 nem
146 2036 187 2068 1).
207 2037 308 2068 Marci
328 2037 471 2068 trattavit
489 2035 642 2077 Ulpianus
656 2037 748 2068 variis
763 2038 865 2069 libris:
890 2044 924 2068 ut

54 2077 156 2117 liquet
174 2087 213 2109 ex
232 2078 390 2117 plerisque
408 2078 667 2119 inscriptionibus
687 2079 741 2109 sub
759 2078 920 2110 liocTitu-

55 2119 100 2150 10.
124 2127 212 2150 certe
234 2120 265 2150 in
283 2120 300 2150 l.
326 2129 348 2150 1.
373 2119 409 2150 D.
428 2120 456 2151 h.
476 2125 497 2150 t.
521 2129 589 2160 quae
614 2120 658 2151 est
683 2130 722 2151 ex
745 2121 797 2151 lib.
817 2130 845 2160 4.
871 2119 922 2152 De

57 2160 204 2192 omnibus
215 2161 421 2193 tribunalibus
432 2184 441 2199 ,
458 2161 499 2191 ita
510 2163 572 2199 ait,
591 2161 639 2192 Ne
648 2163 713 2203 quis
721 2161 847 2202 meffiiim
857 2163 921 2192 vin-

56 2202 269 2242 demiarumque
288 2209 406 2243 tempore
421 2204 617 2241 adversarium
633 2209 715 2244 cogat
731 2208 767 2233 (iil
779 2204 923 2244 judicium

55 2244 171 2280 verme,
190 2243 328 2274 Oratione
353 2243 390 2274 I).
411 2243 512 2274 Marci
527 2245 708 2284 expriim‘ziir.
728 2244 757 2276 ὅ(
775 2247 855 2276 lianc
871 2246 923 2276 ad-

54 2282 119 2314 fert
144 2285 299 2315 rationem
328 2283 502 2325 Uipianus,
525 2287 593 2326 quia
615 2287 746 2326 occupati
769 2288 845 2317 circa
865 2296 923 2316 rem

55 2322 211 2364 rusticam,
235 2326 266 2356 in
283 2326 387 2365 forum
410 2326 590 2366 compellendi
605 2336 662 2358 non
678 2328 763 2366 sitiit.
808 2327 923 2359 Sensus

52 2364 200 2405 Ulpiani:
223 2367 310 2407 quod
337 2367 375 2399 D.
393 2366 521 2399 Marcus
544 2367 794 2400 feriasmellium
810 2370 840 2399 oc
856 2370 922 2400 vin-

52 2407 226 2439 demiarum
237 2409 383 2441 omnibus
399 2409 520 2441 idcirco
536 2409 679 2448 indulsit,
698 2412 783 2450 quod
794 2420 832 2440 eo
846 2418 923 2442 tem-

51 2457 131 2489 pore
149 2448 203 2480 etii
221 2459 285 2481 non
305 2460 417 2482 omnes
429 2474 437 2488 ,
461 2459 492 2481 at
508 2451 672 2491 plerique,
689 2461 722 2482 re
741 2451 853 2482 rustica
870 2461 923 2483 oc-

52 2490 177 2528 cupati,
201 2500 264 2522 non
289 2491 358 2524 satis
383 2494 556 2524 commode
580 2494 611 2523 in
632 2492 707 2523 foro
725 2492 851 2532 possunt
866 2502 920 2524 oc-

51 2538 186 2562 currere.
210 2541 341 2568 oportet
359 2543 436 2564 vero
451 2534 497 2572 jus
509 2542 618 2573 aptare
634 2534 662 2565 ei
675 2536 762 2574 quod
780 2534 920 2573 pluribus

51 2571 130 2601 utile
146 2572 200 2603 est.
224 2572 320 2604 Vetat
338 2575 431 2615 igitur
448 2573 581 2614 Oratio,
605 2584 645 2606 ne
663 2576 731 2616 quis
752 2576 919 2607 adversari-

51 2620 106 2642 um
130 2621 225 2653 cogat
248 2615 285 2645 ad
307 2615 458 2654 judicium
483 2617 609 2649 venire:
633 2616 695 2648 sive
713 2616 748 2648 fit
767 2616 918 2656 rusticus,

51 2651 116 2684 five
132 2652 269 2698 sit-alius.
284 2657 376 2694 quid,
393 2657 414 2687 fi
433 2657 551 2688 Praetor
566 2667 622 2697 per
638 2658 847 2698 ignorantiam
867 2660 918 2690 vel

51 2693 230 2725 socordiam
260 2705 315 2727 eos
344 2706 480 2729 evocare
512 2699 761 2738 perseveraverit
780 2723 789 2738 ,
821 2701 918 2740 hique

52 2734 168 2773 sponte
185 2737 328 2767 venerint
340 2737 356 2767 ‘?
371 2739 412 2768 ait
426 2738 580 2779 Ulpianus
597 2742 626 2772 d.
644 2741 661 2772 l.
686 2750 709 2771 1.
729 2740 756 2782 §.
774 2751 806 2779 1,
820 2740 841 2772 si
853 2741 917 2781 qui·

52 2776 125 2821 dem
139 2775 322 2821 sententiam
335 2778 469 2817 dixerit,
484 2780 685 2819 praesentibus
696 2782 753 2814 illis
764 2782 918 2823 &sponte

50 2817 266 2856 litigantibus,
291 2818 395 2849 valere
419 2818 622 2860 sententiam
649 2823 770 2855 tametsi
788 2833 852 2855 non
870 2833 917 2854 re-

52 2858 102 2889 cte
119 2857 233 2889 feccrit
249 2859 301 2898 qui
318 2869 374 2891 eos
392 2863 592 2893 evocaverit:
617 2873 748 2904 nempe,
774 2866 846 2905 quia
863 2874 916 2895 vo-

50 2900 155 2931 lentes
182 2899 307 2939 poffunt
331 2901 373 2931 uti
397 2901 555 2933 beneficio
579 2902 745 2942 feriarum,
771 2907 917 2937 nolentes

49 2949 115 2971 non
135 2949 294 2981 coguntur
310 2942 365 2972 uti.
388 2942 429 2973 fin
444 2953 539 2980 vero,
565 2953 635 2976 cum
653 2946 755 2977 abess‘e
775 2948 916 2986 perseve-

48 2983 185 3019 raverit3
210 2981 395 3014 sententiam
419 2985 613 3025 protulerit,
637 2986 695 3018 illis
719 2988 919 3026 absentibus,

48 3021 236 3054 sententiam
250 3025 365 3055 nullius
382 3027 535 3056 momenti
548 3025 624 3057 esse:
641 3036 706 3058 non
724 3030 806 3060 enim
825 3039 919 3069 opor-

52 3070 118 3094 tere
138 3064 284 3096 Praetoris
307 3064 423 3096 faClum
439 3067 496 3105 juri
517 3068 685 3108 derogare:
710 3079 813 3108 eoque
831 3071 861 3101 δι
879 3070 919 3100 ci-

51 3112 97 3135 tra
113 3106 359 3144 appellationem
378 3106 523 3138 infirmari
545 3107 730 3141 sententiam
745 3111 800 3141 ml.
816 3111 877 3152 i.§.
895 3120 917 3143 i.

91 3145 134 3176 At
148 3156 210 3177 non
229 3149 266 3178 ad
287 3149 496 3187 vindemiam,
516 3149 708 3189 messemque
726 3151 858 3182 substitit
877 3151 916 3183 D.

52 3185 156 3217 Marci
182 3187 314 3220 Oratio:
338 3189 389 3220 sed
413 3192 602 3230 generaliter
621 3190 772 3230 Ulpianus
787 3193 805 3223 l.
822 3197 850 3224 (5.
874 3194 914 3225 D.

52 3227 81 3259 h.
91 3233 148 3300 {³0⁷1
162 3228 346 3302 Sili-eriam,
369 3231 493 3273 inquit,
515 3233 610 3265 diebus
621 3233 914 3276 sueritjiciiiccizum,

149 3278 167 3301 ι·
234 3292 242 3303 Ι

1809 135 1854 170 49

984 216 1079 257 Lege,
1103 216 1134 248 id
1153 216 1218 255 est,
1240 223 1275 247 ut
1292 217 1376 254 dixi,
1402 215 1558 248 Oratione
1576 215 1619 248 D.
1638 214 1759 253 Marci,
1782 219 1852 246 τῖιικ

981 264 1044 288 iiim
1067 257 1136 298 effe,
1160 268 1195 289 ηε
1213 259 1257 289 liis
1280 259 1376 289 diebus
1391 256 1603 299 jiiclz'ci‘iiiiisit,
1628 257 1682 296 nist
1697 267 1733 288 ex
1748 257 1853 288 ‘volun-

981 304 1040 329 tote
1060 300 1213 339 portium:
1236 299 1273 334 ὅ)
1296 301 1371 341 quod
1387 300 1471 330 (iliter
1489 301 1627 337 adversus
1642 309 1673 330 eci
1684 299 1853 341 judicatum

977 342 1052 378 eric,
1075 350 1109 370 ize
1125 342 1190 382 quis
1199 342 1496 382 judicatumfucere,
1520 351 1591 372 neve
1606 342 1719 381 solvere
1736 341 1852 370 debeat:

977 390 1048 412 neve
1064 384 1128 423 quis
1147 387 1183 412 aa
1201 393 1283 423 quem
1300 384 1332 412 cle
1348 394 1378 413 ea
1396 393 1425 412 re
1440 383 1471 412 in
1482 383 1536 423 jiis
1551 384 1662 414 aditum
1678 382 1750 417 erit,
1772 382 1852 421 jucli-

976 424 1185 461 catzimfocere
1202 431 1293 464 cogat.
1334 424 1384 454 Sic
1403 423 1592 455 Orationem
1613 424 1721 465 prodit
1743 422 1852 463 Ulpia-

975 473 1051 496 nus:
1070 473 1130 495 nec
1149 464 1243 496 ferias
1261 465 1381 497 divinas
1398 465 1436 496 ab
1460 465 1604 496 humanis
1621 465 1793 506 distinguit.
1818 465 1852 495 lia

975 513 1028 537 cet
1040 506 1134 546 igitur
1146 506 1293 544 Praetori‚
1311 516 1350 537 er<
1366 506 1489 546 Ulpiani
1509 506 1680 545 sententia,
1697 516 1753 546 per
1769 506 1851 537 lianc

977 546 1165 579 Orationem
1178 572 1187 586 ,
1199 549 1383 579 volentibus
1399 548 1485 578 omni
1504 546 1622 578 feriato
1640 549 1690 578 die
1705 548 1752 587 jus
1765 548 1852 578 dice-

975 599 1018 620 re.
1044 590 1073 621 &
1085 588 1129 620 est
1145 590 1174 620 in
1191 590 1210 620 l.
1227 595 1277 630 535.
1295 589 1335 620 D.
1355 591 1387 620 cie
1402 595 1499 630 recept.
1519 588 1555 624 ὅ)
1572 590 1623 629 qui
1639 591 1739 620 arbitr.
1758 589 1849 629 (quae

974 631 1197 671 conjungenda
1214 640 1286 662 cum
1303 633 1330 662 d.
1350 632 1369 661 l.
1387 635 1425 669 6,
1449 639 1521 662 cum
1541 639 1675 669 utraque
1690 629 1725 661 fit
1744 640 1784 661 ex
1799 631 1847 660 lili.

974 674 1068 713 77.ad
1083 671 1235 713 inimum)
1251 673 1432 713 exemplum
1445 672 1475 703 in
1497 671 1616 703 arbitro
1628 671 1680 711 qui
1699 681 1739 702 ex
1758 681 1850 703 com-

974 713 1124 752 promilso
1141 714 1252 745 aditur.
1296 713 1329 745 ln
1352 715 1402 746 illa
1421 722 1508 745 certe
1527 714 1598 753 lege
1617 712 1684 743 sunt
1701 713 1769 743 naec
1788 712 1848 743 Ul-

973 756 1055 794 piani
1075 755 1188 785 verba:
1206 755 1369 794 Sifermtir
1385 757 1480 786 diebus
1499 761 1612 796 cogente
1631 754 1756 785 Praerore
1770 755 1849 784 arhi-

972 803 1014 826 ter
1035 797 1114 826 dicat
1133 799 1324 835 sententiam,
1347 797 1383 831 ὃ
1397 803 1517 837 petatur
1533 806 1568 828 ex
1585 795 1774 835 compromisso
1786 802 1848 836 pce-

971 846 1029 872 iza3
1051 838 1240 876 exceptionem
1258 838 1350 868 locum
1365 849 1422 868 non
1439 839 1537 869 hahere
1552 836 1671 878 consini:v
1703 836 1848 877 Sequens

973 878 1126 916 clausula,
1150 878 1220 916 Nifi
1242 880 1301 910 cilia
1327 880 1387 919 lege
1412 881 1506 910 eadem
1531 880 1589 909 [lies
1611 879 1766 916 feriatam
1784 888 1845 919 qim

970 920 1110 955 sententia
1127 919 1222 957 ditia,
1249 919 1288 958 eli}
1310 926 1443 958 excepto,
1471 920 1516 952 est
1537 920 1674 960 Ulpiano
1692 920 1811 961 adjecta
1828 929 1847 951 a

962 954 1174 991 '‘si-iboniano
1198 970 1237 991 ex
1262 962 1280 991 l.
1307 969 1334 1001 7,
1365 962 1397 991 C.
1421 963 1447 992 ι’).
1472 968 1490 993 t.
1521 962 1550 992 in
1570 971 1630 1002 qua
1647 962 1715 992 nme
1732 967 1848 993 extant

973 1001 1079 1032 verba.
1104 1001 1139 1032 ln
1156 1003 1251 1032 eadem
1271 1004 1462 1042 observatione
1478 1013 1662 1034 numeramur
1674 1002 1776 1038 &dies
1793 1003 1847 1033 So-

970 1044 1006 1074 lz's
1028 1044 1115 1085 (quos
1135 1042 1301 1073 Domz'mcos
1323 1045 1377 1073 rite
1400 1046 1458 1074 dixi
1469 1054 1497 1075 re
1514 1046 1672 1085 majores).-
1694 1046 1726 1075 iiz
1743 1045 1847 1086 quihus

967 1093 1068 1126 parem
1083 1084 1183 1125 neceffe
1200 1084 1238 1123 eft
1255 1086 1355 1115 babere
1372 1088 1579 1117 reverentiam.-
1595 1091 1626 1116 ιιι
1642 1096 1693 1117 m'c
1710 1088 1787 1126 apim
1803 1088 1846 1125 ip-

964 1128 1012 1165 sos
1027 1128 1149 1157 arbitros
1165 1128 1210 1157 vel
1235 1137 1253 1156 a
1266 1127 1415 1166 jndicibus
1426 1125 1578 1167 flagitatus
1591 1151 1599 1165 ,
1622 1128 1669 1158 ‘vel
1682 1133 1778 1167 sponte
1794 1137 1848 1157 eie-

968 1167 1029 1198 &os
1040 1190 1048 1204 ‚
1072 1168 1130 1198 ulla
1145 1168 1267 1208 cognitio
1275 1166 1500 1209 fitjiiigioriim.
1540 1169 1601 1199 Sed
1621 1169 1685 1199 noc
1700 1168 1848 1200 observa⁴

971 1210 1016 1240 vit
1039 1208 1220 1241 Franciscus
1241 1208 1422 1240 Hotmauus
1440 1210 1488 1240 lii).
1508 1214 1536 1243 8.
1559 1210 1680 1248 Observ.
1699 1220 1722 1241 c.
1745 1215 1792 1242 16.

1011 1250 1083 1281 Fuit
1105 1251 1201 1291 igitur
1227 1250 1302 1281 Divi
1331 1250 1435 1280 Marci
1455 1250 1613 1281 Oratione
1630 1259 1778 1289 cautum,
1804 1261 1847 1283 ne

969 1291 1090 1323 feriatis
1107 1293 1220 1322 diebus
1239 1291 1455 1331 sitjudicium‚
1473 1292 1525 1324 nisi
1544 1301 1583 1323 ex
1602 1293 1768 1323 voluntate
1780 1303 1849 1333 par⁴

970 1334 1060 1365 tium.
1084 1333 1146 1365 Sed
1161 1334 1267 1373 (quod
1284 1341 1396 1364 monet
1416 1333 1569 1374 Ulpianus
1586 1335 1613 1364 cl.
1631 1334 1647 1364 l.
1664 1342 1687 1364 1.
1701 1333 1776 1375 §·2)
1792 1344 1848 1366 ex-

970 1376 1132 1416 cipiuntur
1148 1374 1357 1405 certae‘causae
1374 1376 1539 1414 exquibus
1558 1375 1629 1416 cogi
1647 1377 1846 1415 poterimus,

970 1417 998 1448 ἃ
1012 1417 1108 1456 perid
1121 1417 1292 1457 temporis,
1310 1426 1374 1456 quo
1392 1416 1502 1447 melles
1520 1417 1753 1456 vindemiaeque
1770 1417 1846 1455 sint,

969 1460 1007 1489 ad
1027 1458 1183 1489 Praetores
1202 1458 1321 1489 venire.
1341 1459 1418 1489 tales
1438 1457 1535 1489 causa:
1557 1457 1644 1495 sunt,
1660 1459 1681 1489 fi
1698 1469 1747 1490 res
1764 1467 1847 1490 tem-

970 1509 1050 1540 pore
1076 1500 1215 1539 peritura
1241 1498 1296 1534 fit,
1322 1499 1385 1530 hoc
1409 1499 1472 1536 est,
1497 1499 1516 1530 fi
1539 1499 1696 1539 affitionem
1721 1509 1848 1540 perem-

970 1549 1061 1581 ptura
1078 1540 1114 1572 fit
1133 1541 1254 1572 dilatio.
1279 1541 1309 1572 ὃς
1326 1541 1432 1572 reete:
1458 1541 1554 1571 licere
1572 1541 1655 1572 enim
1673 1550 1730 1579 per
1748 1541 1845 1573 ferIas

970 1592 1063 1623 agere
1080 1605 1089 1621 ,
1112 1583 1200 1621 quod
1218 1581 1456 1622 praetermiss'um
1476 1590 1632 1621 noceret,
1657 1582 1847 1613 Macrobius

970 1625 1016 1655 lib.
1039 1633 1065 1655 1.
1086 1624 1208 1655 Scitum.
1227 1633 1252 1655 c.
1273 1628 1318 1655 16.
1347 1633 1387 1654 ex
1404 1623 1566 1661 Scaevola,
1584 1623 1613 1654 ἀ
1633 1623 1770 1665 Virgilio
1788 1623 1848 1655 ob-

971 1665 1082 1697 servat.
1106 1663 1237 1697 Interim
1254 1665 1402 1704 quotiens
1421 1675 1469 1697 res
1486 1672 1597 1706 urget,
1620 1665 1757 1705 cogendi
1775 1666 1846 1706 qui-

971 1707 1042 1739 dem
1068 1706 1171 1739 sumus
1191 1709 1229 1738 ad
1256 1706 1429 1738 I'raetorem
1446 1708 1574 1745 venire,
1598 1716 1709 1738 verum
1724 1707 1762 1739 ad
1779 1706 1846 1738 hoc

970 1756 1111 1786 tantum,
1134 1755 1168 1780 ut
1186 1748 1223 1780 lis
1240 1747 1458 1788 contestetur,
1474 1749 1503 1779 ὅ(
1521 1748 1563 1779 ita
1582 1748 1652 1787 ipfis
1670 1748 1776 1779 verbis
1796 1747 1844 1779 Ο-

969 1791 1100 1822 rationis
1118 1791 1322 1830 exprimitur:
1347 1798 1558 1830 quamquam,
1582 1790 1738 1822 alterutro
1753 1799 1848 1821 recu-

969 1831 1055 1863 sante
1072 1832 1142 1872 post
1159 1832 1247 1863 litem
1265 1831 1476 1864 contestatam
1494 1832 1635 1872 litigare,
1654 1832 1845 1864 dilationem

969 1872 1084 1904 Oratio
1102 1873 1256 1905 conceffit
1273 1875 1300 1905 d.
1319 1874 1338 1904 l.
1363 1883 1386 1905 1.
1402 1873 1431 1915 §.
1450 1883 1477 1905 2.
1495 1872 1537 1904 D.
1555 1874 1583 1904 h.
1604 1879 1625 1904 t.
1658 1873 1777 1905 Eadem
1797 1872 1845 1904 O-

969 1915 1092 1946 ratione
1108 1915 1150 1947 D.
1172 1915 1299 1947 Marcus
1310 1914 1439 1951 effecit,
1455 1915 1565 1946 diebus
1583 1914 1704 1946 seriatis
1723 1915 1845 1947 Praeto-

968 1966 1035 1988 rem
1059 1957 1138 1988 adiri
1163 1959 1258 1988 etiam
1283 1957 1322 1988 de
1339 1957 1403 1988 aliis
1420 1956 1602 1996 speciebus,
1627 1965 1696 1997 quae
1713 1956 1844 1997 possunt

968 1998 1068 2030 videri
1085 1998 1104 2029 l.
1124 2008 1150 2030 2.
1169 1997 1205 2032 ἐξ)
1222 2008 1250 2039 3.
1266 1998 1305 2028 D.
1325 1998 1352 2028 h.
1371 2003 1391 2028 t.
1412 2005 1508 2037 atque
1524 1997 1571 2029 his
1590 1998 1621 2028 in
1638 1999 1656 2028 l.
1673 2008 1702 2038 5.
1722 1997 1755 2029 C.
1773 1999 1801 2029 h.
1819 2004 1841 2030 t.

967 2040 1125 2070 accedunt
1135 2040 1271 2080 publicae
1283 2039 1312 2070 ὅ(
1330 2037 1466 2077 fiscales,
1479 2038 1617 2079 pistoriae
1628 2048 1759 2080 quoque
1769 2049 1843 2070 cau-

967 2080 1014 2112 sae.
1037 2080 1111 2112 Nec
1126 2082 1201 2113 illud
1218 2081 1453 2118 omittendum
1470 2081 1557 2120 quod
1571 2089 1644 2112 cum
1661 2090 1772 2113 omnes
1790 2090 1842 2112 ur·

965 2123 1055 2154 banae
1066 2123 1175 2163 plebes
1187 2122 1216 2153 &
1231 2121 1415 2153 cunctarum
1426 2123 1539 2155 artium
1556 2121 1660 2153 officia
1677 2122 1843 2160 quiescant

966 2164 1138 2195 venerabili
1157 2164 1239 2194 Solis
1252 2164 1302 2194 die
1320 2172 1414 2203 quem
1431 2162 1641 2194 Dominicum
1658 2165 1768 2195 dixere
1779 2173 1843 2195 ma-

963 2206 1071 2246 jores3
1095 2214 1166 2236 cum
1185 2211 1321 2235 caeteros
1340 2213 1470 2244 quoque
1488 2205 1555 2235 dies
1572 2203 1670 2236 festos
1686 2204 1842 2245 majestati

966 2246 1116 2278 altiffimae
1141 2246 1324 2284 dedicatos,
1349 2255 1413 2277 non
1439 2253 1590 2286 oporteat
1612 2247 1763 2285 occupari
1782 2255 1841 2277 vo-

965 2287 1140 2328 luptatibus
1158 2286 1315 2319 obscoenis
1339 2295 1391 2318 aut
1415 2286 1650 2326 theat-talibus3
1681 2297 1741 2318 nec
1766 2297 1840 2327 pro-

965 2329 1063 2361 fanari
1087 2328 1158 2360 ullis
1180 2329 1383 2360 exactionum
1403 2329 1647 2367 vexationibus3
1672 2339 1732 2360 nec
1754 2329 1840 2369 apud

966 2370 1049 2410 ipsos
1065 2370 1201 2401 arbitros
1217 2370 1267 2401 vel
1279 2380 1295 2401 a
1309 2369 1472 2409 judicibus
1489 2370 1663 2411 flagitatos,
1681 2370 1733 2402 vel
1750 2370 1842 2411 spon-

968 2421 999 2443 te
1016 2411 1155 2444 electos:
1172 2411 1248 2443 licet
1262 2411 1383 2450 adhuc,
1401 2412 1489 2452 pasta
1506 2411 1676 2450 conferre,
1693 2412 1723 2444 ὅ(
1740 2419 1839 2444 trans-

967 2453 1106 2484 aCtiones
1123 2453 1230 2492 loqui,
1249 2454 1472 2484 manumittere
1488 2453 1602 2491 etiam,
1619 2461 1715 2494 atque
1734 2462 1840 2485 eman-

967 2496 1095 2535 cipare,
1119 2495 1215 2525 etiam
1233 2495 1309 2526 licet
1333 2495 1395 2525 ruri
1415 2493 1521 2534 politis
1537 2503 1683 2535 agrorum
1705 2496 1837 2526 culturae

963 2536 1063 2566 libere
1079 2536 1278 2576 licenterque
1297 2535 1446 2566 inservire
1461 2535 1478 2565 l.
1497 2546 1526 2567 2.
1545 2545 1573 2576 3.
1592 2545 1619 2576 7.
1636 2541 1662 2571 8.
1680 2535 1716 2570 ἐξ)
1736 2546 1782 2569 11.
1804 2536 1836 2567 C.

963 2578 988 2609 h.
1002 2583 1023 2608 t.
1041 2577 1191 2608 Similiter
1206 2578 1236 2608 in
1249 2577 1406 2608 latronum
1421 2576 1644 2616 quaestionibus
1658 2587 1698 2609 ne
1708 2578 1834 2609 Paschae

962 2619 1091 2659 quidem
1109 2619 1175 2650 dies
1197 2619 1366 2655 eximitur,
1389 2627 1578 2659 quamquam
1603 2620 1743 2660 alioquin
1762 2629 1836 2660 qua-

961 2660 1105 2701 draginta
1130 2660 1242 2691 diebus
1265 2661 1317 2699 qui
1344 2659 1492 2690 Paschale
1513 2668 1639 2700 tempus
1660 2661 1836 2702 anticipant

961 2701 1101 2741 auspicio
1117 2703 1398 2740 caeremoniarum,
1416 2702 1519 2733 omnis
1530 2702 1712 2734 inhibeatur
1721 2703 1834 2743 cogni-

962 2744 1008 2772 tio
1033 2742 1242 2773 criminalium
1267 2742 1474 2780 quaestionum
1497 2743 1517 2774 l.
1536 2752 1563 2783 7.
1583 2743 1619 2778 ὅ)
1642 2753 1687 2776 10.
1713 2744 1744 2775 C.
1761 2746 1786 2773 b.
1809 2748 1832 2771 t-

961 2783 1120 2815 Praeterea
1145 2783 1254 2823 (quod
1277 2782 1431 2824 Ulpianus
1448 2794 1559 2816 monet
1575 2785 1593 2816 l.
1613 2795 1641 2821 9.
1658 2786 1686 2816 b.
1705 2785 1747 2823 t.)
1771 2782 1833 2813 Di-

961 2834 1017 2855 vus
1032 2823 1186 2864 Trajanus
1199 2825 1334 2856 Minicio
1344 2824 1450 2857 Natali
1468 2825 1622 2867 rescripsit
1638 2826 1731 2857 ferias
1750 2833 1766 2854 a
1784 2822 1835 2853 fo-

962 2864 1100 2897 rensibus
1117 2873 1238 2897 tantum
1252 2867 1389 2908 negotiis
1404 2868 1477 2899 dare
1496 2868 1714 2898 vacationem:
1730 2874 1766 2895 ea
1782 2872 1833 2894 au-

962 2915 1026 2937 tem
1039 2915 1109 2947 quae
1125 2908 1163 2938 ad
1178 2907 1371 2947 disciplinam
1391 2909 1558 2940 militarem
1576 2909 1754 2947 pertinent,
1774 2905 1833 2935 eti-

962 2957 1011 2978 am
1035 2947 1154 2979 feriatis
1178 2949 1287 2981 diebus
1313 2952 1511 2991 peragenda:
1536 2951 1618 2980 inter
1634 2957 1702 2987 quae
1728 2945 1832 2977 custo-

964 2990 1084 3020 diarum
1100 2998 1229 3030 quoque
1244 2992 1463 3032 cognitionem
1481 2990 1550 3021 esse.
1578 2990 1656 3020 Satis
1675 2989 1715 3019 de
1733 2986 1830 3019 feriis.

1003 3031 1168 3071 Sequitur,
1193 3041 1226 3062 ut
1242 3034 1282 3063 de
1297 3033 1502 3064 dilationibus
1520 3031 1690 3060 videamus.
1716 3028 1760 3059 est
1779 3038 1831 3060 au-

964 3078 1028 3103 tem
1046 3072 1154 3104 dilatio
1170 3073 1223 3113 (ut
1241 3074 1283 3104 ait
1301 3073 1467 3109 Donatus,
1484 3073 1522 3102 ad
1537 3070 1726 3101 Terentium
1738 3094 1747 3108 ‚
1763 3070 1829 3101 Eu-

962 3113 1086 3152 nuch.5.
1109 3114 1158 3154 8.)
1177 3115 1238 3146 diei
1254 3115 1411 3154 prolati03
1430 3115 1458 3144 id
1474 3113 1536 3149 est,
1554 3111 1685 3150 ipatium
1703 3118 1830 3152 tempo-

960 3155 999 3186 ris
1021 3163 1085 3193 quo
1112 3165 1160 3186 res
1187 3157 1344 3187 traftanda
1371 3154 1524 3186 differtur.
1548 3161 1584 3183 ea
1609 3152 1720 3183 dilatio
1741 3155 1827 3184 vela

958 3195 1044 3236 Lege
1060 3198 1269 3236 conceditur,
1288 3199 1366 3227 utin
1386 3196 1488 3235 specie
1505 3194 1564 3225 l.2.
1584 3193 1623 3224 D.
1639 3196 1673 3225 cle
1689 3204 1718 3225 re
1731 3195 1824 3237 judic.

959 3237 985 3269 C:
1002 3237 1033 3270 in
1052 3238 1160 3311 segnis,
1179 3239 1288 3271 velex
1307 3235 1458 3269 consensu
1477 3236 1631 3275 sai-tium,
1649 3237 1698 3269 vel
1717 3245 1733 3267 a
1747 3237 1828 3277 judi-

1779 3285 1831 3315 ce,
