2052 3487
198 93 248 128 44

880 229 1089 267 CAPUT

804 75 1102 112 GssnAnnt
1150 70 1378 107 Nooui-

1164 227 1287 264 XII.

207 346 371 392 Ulpianum
389 343 409 376 l.
429 352 447 376 2
450 349 485 383 5.
504 337 531 385 ς.
557 349 585 373 1.
605 336 648 371 D.
663 336 697 370 de
711 335 914 370 contrahenda
929 336 1074 381 emptione
1089 347 1108 369 a
1129 335 1311 370 Triboniano
1327 341 1500 382 corruptam
1518 346 1576 372 non
1593 333 1650 383 ff
1660 361 1673 380 ,
1696 334 1842 383 adversus
1858 335 1955 383 Jaco-

253 395 323 428 bum
344 387 544 426 Raevardam.
592 383 704 430 Serffus
720 385 784 430 ejus
799 385 910 431 capitis
933 382 975 423 ἐπ’)
991 385 1183 430 quorumdam
1201 384 1340 419 aliorum.

251 494 369 526 acobus
389 488 556 522 Raevardus
573 510 583 525 ,
613 486 662 517 vii·
686 486 832 527 egregius
858 485 887 517 ὅτ
903 485 1060 532 jurispru-

264 535 376 566 dentiae
402 537 611 568 veterumque
636 527 860 567 elegantiarum
887 536 953 558 non
976 536 1062 558 incu-

267 574 363 606 riosus
381 572 454 604 fuit.
471 572 496 602 is
524 570 606 602 libro
624 577 654 607 4.
681 567 857 606 Varronem,
873 566 937 605 five
958 569 990 598 de
1004 578 1063 599 am-

207 616 396 658 biguitatibus
408 613 504 655 juris,
528 620 588 651 cap.
610 618 655 644 19.
682 607 849 649 suspicatus
865 609 930 647 est,
955 608 1061 650 Ulpia·

207 667 282 688 num
306 657 324 687 l.
350 666 397 696 25.
420 653 450 695 §.
477 662 502 685 1.
528 652 567 683 D.
588 653 621 682 de
643 650 835 681 contrahenda
857 651 994 691 emptione
1025 650 1064 682 ad

208 699 293 729 hunc
312 695 457 736 scripsiss'e
474 694 615 725 modum.

249 738 311 771 Oui
341 738 497 773 vendidit,
528 731 631 774 neceffe
665 732 748 762 habet
771 732 904 773 fundum
933 732 1066 772 emptoris

247 772 362 820 ’γαίης
380 802 389 818 ‚
419 784 452 809 ut
482 777 595 817 cogitur
617 774 668 815 qui
683 773 817 813 fandum
829 770 988 813 fliptclanti
1000 772 1081 814 spo-¹

286 822 375 852 ondit.

208 827 283 902 prop
296 871 335 891 eo
357 856 520 891 restituiffe
542 853 798 892 Tribonianum,
831 853 898 897 ,Qui
916 855 1063 893 vendidit,

208 901 310 942 neceffe
338 910 395 932 non
426 899 507 929 habet
525 919 534 935 ,
566 896 595 928 &
618 896 748 936 reliqua.
772 895 863 928 fuisse
893 904 997 928 autem
1020 896 1063 928 illi

208 942 329 974 causam
353 940 504 972 addendae
524 939 722 978 negationis;
745 939 832 978 quod
857 936 971 969 Titulo
999 936 1063 968 Co-

210 985 308 1019 dicis,
334 982 379 1012 De
403 982 479 1011 nudo
489 980 557 1021 jure
584 978 748 1023 Quiritium
773 979 891 1010 tollena'o
907 1002 916 1018 ,
947 979 1065 1011 sublata

209 1025 253 1055 est
281 1023 461 1055 differentia
487 1030 590 1051 rerum
610 1020 743 1060 mancipi
769 1020 799 1051 ὅτ.
823 1029 883 1051 nec
905 1020 1065 1060 mancipi3

209 1066 372 1103 hodieque
390 1071 511 1094 tantum
531 1061 614 1092 valet
635 1062 716 1092 nuda
732 1061 881 1100 traditio,
914 1069 1065 1102 quantum

209 1101 285 1137 oiim
315 1106 346 1136 in
373 1105 442 1145 jure
464 1102 586 1140 ceffio,
621 1101 832 1142 solemnisque
863 1104 1065 1142 mancipatio.

208 1155 357 1178 caeterum
384 1145 526 1184 quamvis
551 1153 588 1174 ea
612 1145 747 1174 mutatio
772 1145 900 1183 quidem
918 1145 1065 1175 defenda-

209 1198 257 1219 tur
283 1188 352 1218 satis
372 1185 573 1226 Imperatoris
589 1183 750 1223 justiniani
774 1185 980 1222 auctorizata
1004 1185 1066 1217 effe

210 1237 313 1261 tamen
339 1226 529 1259 Triboniani
557 1225 621 1257 hoc
649 1235 817 1266 peccatum
847 1227 1039 1268 negligentia
1057 1250 1066 1265 ,

210 1271 297 1311 quod
316 1269 408 1300 unica
422 1275 592 1299 contentus
618 1267 808 1307 negatione,
832 1277 895 1298 non
913 1267 1067 1309 scripserit

210 1312 335 1353 potius,
360 1310 423 1353 Qi
445 1310 575 1347 fundam
598 1310 749 1346 vendidit,
781 1309 883 1348 neceffe
906 1319 962 1339 non
987 1311 1067 1340 hahet

203 1354 337 1394 stimlum
354 1352 482 1391 emptoris
500 1350 601 1389 facere
616 1373 626 1389 ,
656 1355 689 1380 ut
702 1359 753 1380 nec
769 1352 898 1391 cogitur,
923 1351 974 1390 qui
989 1351 1067 1390 fun-

210 1392 620 1434 dumstipulantispopondit.
646 1391 802 1430 abrogato
825 1392 908 1422 enim
927 1392 994 1431 jure
1018 1401 1070 1423 an-

212 1437 323 1475 tiquo,
349 1442 454 1474 parem
475 1432 536 1463 effe
556 1432 711 1463 rationem
729 1433 866 1471 promissi
883 1434 1070 1473 venditique

212 1476 301 1508 fundi
321 1485 330 1514 ;
362 1475 392 1505 δὲ
418 1475 492 1505 ideo
519 1474 550 1504 in
574 1481 706 1510 neutro,
733 1481 765 1503 ut
783 1474 968 1513 accipientis
991 1473 1070 1513 fiat,

213 1526 409 1556 magnopere
433 1514 610 1545 desiderari.
652 1514 704 1544 Sic
729 1513 908 1545 Raevardus.

255 1559 376 1590 Contra
400 1566 479 1597 ego,
505 1555 525 1586 ii
550 1556 573 1586 is
594 1554 719 1586 faceret
740 1555 815 1587 mihi
840 1556 970 1596 gratiam
995 1565 1071 1588 con-

215 1598 366 1630 sentiendi
393 1607 450 1638 pro
475 1596 615 1637 partibus
636 1596 691 1626 suis
711 1618 720 1634 ,
750 1596 861 1627 starem
885 1597 923 1627 ab
945 1597 1072 1636 antiqua

215 1641 377 1674 lectione:
402 1647 494 1678 quam
521 1637 581 1669 esse
598 1646 774 1677 germanam
797 1636 921 1678 Ulpiani
944 1637 1072 1679 scriptu·

215 1692 280 1714 ram
305 1680 439 1718 cense03
462 1678 652 1710 Triboniani
672 1688 749 1709 vero
769 1688 872 1718 neque
891 1688 1072 1720 corruptam

216 1732 310 1755 manu
327 1745 336 1760 ,
370 1730 475 1762 neque
498 1720 600 1758 culpa.
644 1718 681 1750 Ei
710 1719 873 1751 sententiae
899 1721 975 1751 mihi
1001 1720 1072 1752 fun·

216 1766 398 1804 damentum
426 1772 467 1793 ex
490 1761 588 1793 Paulo
615 1761 762 1801 aliquod:
793 1762 844 1802 qui
866 1760 1005 1793 similiter
1022 1762 1069 1793 lib.

218 1816 245 1838 1.
279 1805 496 1836 Sententiarum
524 1804 569 1833 tit.
598 1811 644 1842 13.
678 1802 707 1843 §.
728 1812 757 1839 4.
812 1802 844 1833 Si
867 1804 922 1840 id,
953 1804 1072 1843 inquit,

216 1849 291 1888 quod
307 1852 430 1886 emptum
446 1841 503 1885 est,
527 1852 616 1884 neque
634 1845 767 1874 tradatur
786 1866 795 1881 ,
828 1852 917 1885 neque
934 1846 1074 1885 inancipe—

219 1895 288 1926 tur,
309 1887 442 1918 venditor
460 1886 522 1926 cogi
535 1881 624 1924 potest
641 1907 650 1923 ‚
681 1890 714 1915 ut
738 1886 861 1923 tradat,
894 1891 945 1915 aut
968 1886 1073 1916 manci·

214 1936 273 1970 pet.
316 1927 393 1959 Duo
412 1951 421 1964 ,
453 1935 488 1958 ut
510 1927 598 1957 vides
618 1949 627 1965 ,
658 1924 814 1966 dcfignat:
846 1926 1005 1965 primum,
1038 1927 1076 1958 ad

219 1969 461 2008 mancipandum
482 1990 493 2007 ,
528 1968 601 1999 dein
627 1967 666 1997 ad
693 1967 879 1998 tradendum
899 1991 907 2005 ‚
943 1967 1075 2008 obligari

218 2011 444 2042 venditorem:
477 2008 514 2039 ad
542 2016 710 2048 utrumque
735 2016 839 2038 autem
865 2017 970 2048 neque
999 2009 1076 2039 indi-

219 2051 329 2084 stinfite
347 2074 356 2089 ‚
386 2059 491 2090 neque
515 2048 655 2088 semper:
681 2048 732 2079 sed
751 2055 786 2079 ut
810 2048 947 2087 interfit,
972 2057 1076 2081 utrum

219 2094 380 2133 mancipio
411 2100 461 2122 res
487 2091 667 2128 vendatur3
697 2099 734 2120 an
759 2090 789 2120 id
820 2090 922 2120 aftum
946 2090 1006 2129 sit,
1037 2101 1076 2122 ne

220 2133 381 2172 mancipio
397 2133 508 2171 detur3
532 2130 712 2169 postremO,
738 2137 841 2162 utrum
859 2140 986 2171 emptor
1005 2141 1074 2163 eam

222 2176 287 2206 dari
317 2174 478 2214 stipulatus
507 2171 543 2204 fit
560 2195 570 2210 ‚
603 2181 641 2203 an
665 2171 847 2211 [impliciter
869 2174 1074 2204 contraxerit.

220 2216 302 2249 Haec
326 2215 410 2246 Pauli
430 2213 602 2251 sententia,
627 2213 694 2243 liaec
711 2213 886 2244 distinctio:
911 2222 1003 2253 quam
1021 2213 1075 2244 Ul·

220 2259 332 2296 pianus
351 2256 450 2296 tangit
466 2256 493 2286 d.
510 2255 531 2286 l.
553 2264 600 2294 25.
623 2253 650 2295 §.
681 2263 706 2284 1.
733 2254 850 2294 quippe
869 2256 951 2291 vult,
977 2255 1003 2285 ei
1024 2256 1075 2294 qui

220 2298 354 2329 fundum
374 2296 536 2334 vendidit,
562 2297 591 2325 id
616 2295 660 2325 est
677 2317 688 2333 ,
713 2293 894 2334 simpliciter
911 2296 1074 2334 vendidit,

220 2349 286 2370 non
310 2337 371 2370 effe
399 2336 548 2374 neceffe,
579 2335 713 2367 fundum
744 2337 880 2377 emptori
908 2337 1023 2367 cedere
1046 2338 1076 2368 in

219 2381 288 2422 jure
304 2403 313 2418 ‚
336 2386 389 2410 aut
411 2379 608 2418 mancipare:
633 2377 684 2407 sed
708 2376 868 2415 sufficere,
900 2377 920 2408 fi
938 2387 1009 2410 eum
1028 2388 1078 2408 va-

223 2431 317 2452 cuum
336 2420 458 2458 tradat,
482 2419 511 2450 ἀ
531 2418 651 2449 causam
672 2419 829 2450 bonorum
853 2419 1000 2458 prat-stet:
1024 2420 1076 2450 ali-

222 2471 269 2494 ter
290 2486 299 2500 ,
336 2470 372 2492 ac
395 2460 415 2492 fi
447 2460 596 2491 venditor
626 2459 759 2490 fundum
796 2461 859 2491 dari
895 2459 1076 2500 spopondit.

221 2513 292 2535 nam
318 2510 383 2533 tum
402 2511 465 2533 non
483 2500 607 2533 liberari
630 2501 799 2532 traditione
818 2510 924 2532 vacuae
942 2501 1077 2541 possessi-

221 2545 318 2582 onis;
350 2542 404 2575 nifi
424 2543 454 2575 in
480 2551 658 2583 emptorem
684 2551 812 2583 quoque
838 2542 1004 2574 transferat
1021 2545 1078 2574 do·

219 2585 351 2618 minium
388 2593 429 2615 ex
462 2584 527 2622 jure
565 2584 748 2625 Quiritium.
803 2583 828 2616 Is
856 2594 947 2616 verus
977 2583 1077 2615 sensus

221 2627 307 2659 istius
325 2625 355 2667 §.
380 2624 409 2655 Is
434 2623 535 2656 sensus
553 2634 592 2656 ne
609 2625 759 2656 obscurus
778 2624 832 2664 fit,
862 2625 1038 2657 accurabo:
1062 2635 1079 2656 a

222 2667 400 2709 posteriore
418 2666 539 2697 initium
558 2665 695 2697 facturus
717 2674 814 2705 parte.
855 2666 993 2698 Primum
1011 2676 1078 2697 cer-

223 2718 291 2740 tum
312 2707 356 2738 est
374 2730 383 2745 ,
415 2707 502 2747 quod
521 2706 672 2745 Ulpianus
692 2706 797 2738 scribit
822 2707 842 2738 l.
865 2717 909 2739 ιι.
935 2708 963 2749 §.
986 2717 1010 2739 1.
1035 2707 1077 2739 D.

220 2752 254 2782 de
276 2748 432 2781 afflonz‘bus
453 2750 538 2788 empti
562 2748 598 2782 ὅ)
620 2749 741 2779 venditi.
786 2748 823 2779 ln
846 2750 895 2779 hoc
922 2750 1079 2790 (empti)

218 2791 332 2834 judicio
351 2790 381 2820 id
396 2790 506 2820 demum
530 2790 651 2827 deduci,
682 2789 756 2830 qaod
774 2787 902 2829 praestari
924 2792 1078 2822 convenit:

221 2843 287 2863 cuin
309 2832 384 2861 enim
407 2831 481 2860 home
493 2829 615 2869 fideifit
633 2831 795 2872 judicium,
826 2830 899 2861 nihil
919 2833 1009 2872 magis
1033 2833 1076 2862 bo-

221 2884 265 2905 nin
277 2872 351 2913 fidei
370 2881 544 2913 congruere,
573 2881 658 2913 quam
681 2873 711 2901 id
726 2869 856 2910 prcestarz‘
870 2894 879 2909 ,
909 2874 982 2913 quod
1003 2875 1079 2903 inter

221 2914 419 2945 contrahentes
454 2915 597 2944 convenit.
649 2912 776 2943 Deinde
802 2912 891 2951 dixi,
924 2923 1077 2953 oportere

222 2957 250 2986 ei
277 2955 328 2995 qui
353 2953 484 2984 fundum
512 2953 564 2984 fibi
590 2954 654 2984 dari
682 2953 843 2993 stipulatur
860 2976 869 2991 ,
901 2954 1077 2986 dominium

221 2997 287 3027 dari
307 3005 345 3026 ex
360 2996 427 3035 jure
448 2994 636 3036 Quiritium:
661 3004 723 3025 non
748 2994 804 3024 alia
822 2994 965 3033 ratione,
984 3005 1078 3035 quam

223 3037 311 3074 quod
340 3037 395 3074 qui
426 3035 559 3067 fundum
589 3037 663 3067 dare
696 3035 854 3075 spondet,
891 3036 1078 3075 plerumque

221 3076 310 3107 fundi
333 3077 619 3115 mancipationem,
645 3077 695 3108 vel
712 3075 901 3112 cessionem,
927 3076 1078 3115 spondet:

222 3118 254 3148 id
273 3118 380 3156 utique
396 3119 478 3157 agit,
504 3126 539 3149 ut
554 3118 728 3149 dominium
749 3117 937 3148 omnimodo
961 3117 1014 3148 fiat
1030 3128 1078 3148 ac-

221 3158 367 3198 cipientis
392 3168 523 3200 quoquo
547 3160 657 3192 modo.
701 3158 869 3200 Ulpianum
888 3159 960 3189 audi
983 3159 1003 3189 l.
1027 3169 1073 3199 ῖς.

1101 484 1132 525 §.
1150 484 1205 516 ult.
1223 484 1265 516 D.
1287 486 1319 516 de
1339 485 1490 517 verborum
1509 486 1735 529 obligationibus.
1779 486 1852 518 Haec
1860 484 1956 529 stipu-

1104 526 1194 564 latio,
1210 526 1342 566 fundum
1370 525 1563 568 Tusculanum
1586 531 1669 569 dari,
1701 526 1822 570 ostendit
1832 528 1866 566 se
1888 530 1957 561 certi

1105 565 1176 606 effe,
1198 570 1395 609 continetque,
1418 574 1452 599 ut
1475 570 1629 601 dominium
1646 572 1799 602 omnimodo
1817 567 1959 610 efficiatur

1098 608 1281 649 Jtipulatoris
1297 618 1406 650 quoquo
1423 611 1510 641 modo.
1553 610 1640 653 Quid
1668 611 1720 642 hic
1737 610 1912 642 omnimodo?
1935 611 1961 641 i·

1107 658 1171 681 tem
1188 659 1298 690 quoquo
1321 649 1423 682 modo?
1448 658 1481 681 ut
1502 650 1618 684 fundus
1635 654 1666 684 in
1685 652 1776 684 bonis
1798 651 1961 691 stipulato-

1106 691 1147 722 ris
1169 689 1206 722 fit
1226 700 1266 722 ex
1284 691 1352 730 jure
1374 692 1542 732 gentium?
1567 694 1711 725 minime:
1744 694 1776 724 id
1801 695 1885 723 enim
1908 692 1960 724 vel

1105 731 1161 763 ista
1177 731 1328 763 concedit
1343 730 1480 764 formula
1491 757 1500 772 ‚
1523 743 1646 766 vacuam
1660 733 1847 775 poſjefflonem
1863 734 1961 772 tradi,

1107 772 1242 813 amplior
1265 773 1296 804 &
1317 772 1479 805 efficacior
1503 775 1554 806 illa
1571 799 1581 813 ,
1602 776 1736 816 sundram
1759 776 1843 805 dari:
1865 774 1963 806 tradi-

1107 814 1153 845 tio
1176 815 1260 846 enim
1279 823 1384 845 vacuae
1402 814 1596 855 poffeffionis
1620 817 1736 848 facium
1752 839 1761 854 ,
1795 816 1871 848 licet
1894 824 1962 847 non

1107 855 1225 887 nudum
1241 878 1251 894 ,
1274 863 1381 887 tamen
1405 856 1541 896 factum,
1566 866 1669 889 tamen
1692 866 1813 889 tantum
1839 856 1964 888 causam

1106 897 1266 928 bonorum
1284 919 1294 935 ‚
1325 897 1422 928 habet
1444 898 1462 929 l.
1479 908 1529 938 52.
1551 898 1580 939 §.
1606 908 1630 930 1.
1654 898 1694 930 D.
1720 900 1778 930 eod,
1802 900 1848 929 tit.
1874 898 1962 929 datio

1106 944 1212 969 autem
1231 938 1324 969 etiam
1346 939 1396 977 Jus
1419 940 1662 979 complectitur,
1687 940 1715 972 ὅ(
1731 939 1865 971 dominii
1884 938 1965 981 Qui-

1107 979 1203 1010 ritarii
1230 977 1377 1010 effectum
1403 979 1530 1011 indicat.
1555 982 1624 1012 vult
1646 982 1761 1021 igitur,
1793 989 1828 1013 ut
1859 980 1963 1012 domi-

1109 1021 1197 1051 nium
1214 1020 1403 1051 omnimodo
1417 1020 1572 1052 efficiatur
1590 1022 1789 1062 stipulatoris.
1815 1028 1846 1053 at
1859 1022 1891 1053 id
1910 1029 1967 1052 nu-

1108 1062 1146 1092 da
1173 1061 1344 1093 traditione
1369 1070 1477 1092 vacuae
1504 1061 1697 1103 poffeffionis
1719 1072 1779 1094 nec
1806 1064 1965 1094 omnimo-

1109 1102 1152 1134 do
1174 1101 1300 1141 tranfit,
1323 1111 1383 1134 nec
1406 1111 1539 1142 quoquo
1561 1104 1680 1136 modo:
1713 1105 1778 1135 imo
1802 1103 1873 1143 post
1895 1111 1966 1135 eam

1108 1152 1215 1174 manet
1239 1144 1321 1183 apud
1351 1143 1570 1184 promissorem
1588 1168 1597 1183 ,
1630 1146 1735 1176 donec
1766 1146 1967 1185 mancipetur

1110 1194 1150 1216 ex
1165 1185 1233 1224 jure
1248 1185 1441 1225 Quiritium,
1465 1186 1516 1216 vel
1544 1187 1576 1217 in
1590 1187 1658 1225 jure
1677 1186 1807 1217 cedatur
1821 1208 1831 1224 ‚
1861 1186 1912 1217 vel
1932 1195 1967 1216 u-

1110 1225 1282 1265 sucapiatur
1302 1226 1447 1266 legitimo
1464 1234 1621 1266 tempore.
1663 1227 1715 1258 Ne
1737 1227 1832 1267 longe
1851 1236 1884 1258 te
1907 1225 1968 1258 dif-

1109 1267 1231 1305 feram,
1262 1265 1416 1306 Ulpianus
1442 1267 1504 1299 huc
1530 1268 1647 1306 spectat
1670 1270 1700 1300 in
1728 1267 1893 1308 Fragment.
1918 1269 1966 1299 tit.

1113 1318 1138 1339 1.
1163 1308 1190 1350 §.
1215 1312 1256 1338 16.
1283 1308 1322 1339 fic
1341 1308 1487 1340 scribens.
1531 1308 1595 1353 Qui
1610 1315 1725 1340 tantum
1740 1311 1772 1340 in
1790 1310 1886 1348 bortis,
1910 1317 1968 1340 non

1109 1351 1195 1380 etiam
1212 1358 1247 1379 ex
1263 1350 1329 1391 jure
1350 1349 1512 1392 Qniritium
1526 1357 1649 1391 ser-vum
1671 1352 1753 1382 habet
1767 1374 1775 1389 ‚
1810 1350 1968 1381 manumit-

1113 1392 1193 1421 tendo
1221 1390 1363 1421 Latinum
1387 1392 1476 1429 facit.
1527 1391 1565 1423 In
1596 1393 1673 1422 bonis
1701 1397 1819 1423 tantum
1843 1391 1968 1433 alicujus

1103 1436 1209 1471 scr-vus
1234 1430 1271 1471 est
1288 1455 1296 1468 ‚
1327 1431 1406 1462 velut
1429 1433 1479 1462 hoc
1500 1433 1587 1464 modo.
1630 1432 1663 1463 Si
1688 1434 1762 1463 civis
1778 1432 1929 1463 Romanus
1950 1442 1969 1464 α

1112 1474 1173 1503 cit-e
1193 1472 1319 1503 Romano
1334 1476 1451 1508 servum
1476 1475 1590 1512 emerit,
1623 1476 1700 1515 isque
1717 1474 1844 1504 traditus
1865 1475 1891 1504 ei
1906 1472 1971 1513 sit,

1111 1524 1199 1554 neque
1221 1521 1314 1545 lamen
1342 1516 1523 1553 rnancipatus
1545 1516 1587 1552 ei,
1616 1524 1705 1555 neque
1727 1516 1760 1545 in
1777 1514 1844 1556 jure
1866 1514 1969 1555 ceffus,

1114 1564 1202 1595 neque
1231 1556 1266 1585 al)
1290 1555 1344 1595 ipso
1376 1565 1450 1585 anno
1472 1555 1606 1596 poffeffus
1634 1555 1680 1591 sit.
1724 1556 1808 1587 Nam
1831 1557 1970 1596 quamdiu

1115 1597 1214 1626 hoium
1228 1598 1297 1636 quid
1315 1595 1392 1635 fiat,
1423 1598 1447 1626 is
1465 1604 1561 1630 servus
1580 1598 1612 1627 in
1633 1598 1710 1627 bonis
1734 1598 1847 1638 quidem
1865 1604 1970 1636 empto-

1115 1640 1154 1667 ris
1187 1634 1251 1676 est,-
1281 1647 1317 1667 ex
1344 1638 1406 1677 jure
1429 1637 1592 1681 Qgciritium.
1615 1647 1711 1669 autem
1739 1639 1898 1669 venditoris
1920 1635 1970 1679 est.

1114 1677 1193 1709 Dixi
1219 1678 1281 1709 vim
1305 1679 1477 1718 emptionis
1503 1680 1720 1711 venditionis:
1751 1680 1784 1710 in
1815 1688 1901 1719 qua,
1935 1686 1972 1710 ut

1115 1718 1231 1750 fundus
1254 1719 1364 1756 detur,
1388 1718 1527 1759 expresse
1546 1721 1669 1757 patrum
1696 1729 1893 1752 conventum
1915 1721 1971 1752 est.

1116 1761 1209 1800 quid,
1233 1759 1253 1790 fi
1280 1760 1354 1790 nihil
1374 1761 1559 1793 convenit?
1582 1762 1624 1792 ait
1650 1760 1803 1802 Ulpianus
1827 1762 1846 1792 l.
1869 1771 1914 1793 11.
1940 1761 1972 1804 §.

1119 1811 1146 1833 1.
1170 1801 1205 1834 δ’
1229 1811 1256 1832 2.
1280 1801 1321 1832 D.
1342 1803 1375 1832 de
1397 1801 1554 1833 actionibus
1570 1804 1655 1843 empti
1678 1803 1714 1837 ἐξ
1732 1803 1863 1842 venditi,
1888 1802 1972 1834 Tunc

1116 1852 1149 1873 ea
1167 1839 1297 1881 proestari
1313 1865 1321 1878 ‚
1352 1851 1412 1883 quae
1440 1844 1612 1874 naturaiiter
1634 1845 1732 1883 insunt
1760 1844 1847 1875 hu‘us
1864 1844 1972 1886 judicii

1113 1881 1257 1924 potestate.
1302 1882 1343 1913 Et
1367 1885 1397 1914 in
1420 1885 1520 1924 primis
1542 1886 1630 1925 ipsam
1646 1895 1705 1916 rem
1723 1854 1857 1927 praes'gare
1871 1886 1973 1917 vendi-

1118 1932 1204 1955 torem
1222 1930 1361 1964 oportere;
1385 1926 1415 1956 z'd
1428 1924 1483 1965 eft,
1515 1928 1641 1957 tradere.-
1672 1937 1759 1967 quam
1775 1937 1854 1967 rem,
1877 1926 1972 1969 siqui-

1119 1968 1180 1996 dem
1193 1966 1398 2004 dominusfait
1416 1968 1566 2005 venditor,
1581 1967 1682 2006 facere
1704 1967 1740 2002 δ’
1756 1975 1900 2009 emptorem
1924 1970 1972 1999 do-

1118 2007 1247 2042 minum3
1263 2004 1292 2042 fi
1308 2006 1456 2045 nonfuit,·
1481 2014 1596 2038 tantum
1611 2008 1758 2039 eviftionis
1774 2010 1886 2040 nornine
1901 2018 1973 2040 ven·

1119 2049 1237 2078 ditarem
1253 2047 1384 2088 obligare.
1427 2047 1491 2079 Hic
1509 2049 1597 2081 locus
1619 2049 1756 2081 nostram
1782 2049 1886 2082 firmat
1908 2049 1974 2081 sen-

1119 2088 1249 2119 tentiam
1268 2098 1276 2119 :
1307 2088 1441 2128 primum
1464 2091 1532 2121 vult
1553 2090 1742 2122 considerari
1770 2092 1801 2123 id
1830 2091 1918 2132 quod
1940 2101 1972 2122 a·

1120 2129 1202 2160 &um
1224 2128 1286 2168 est,
1313 2129 1427 2173 pariter
1451 2138 1484 2161 ut
1500 2140 1560 2162 nos
1578 2141 1617 2162 ex
1638 2132 1666 2162 d.
1681 2132 1700 2162 I.
1719 2142 1767 2171 25.
1791 2132 1820 2174 §.
1845 2142 1868 2164 t.
1883 2133 1973 2164 dein·

1120 2172 1159 2202 de
1178 2171 1263 2208 vult,
1289 2171 1487 2202 venditorem
1504 2196 1511 2209 ‚
1540 2171 1562 2204 fi
1584 2172 1662 2204 nihil
1689 2174 1806 2205 dictum
1829 2173 1883 2212 lit,
1908 2183 1974 2206 non

1119 2212 1251 2252 obligari
1277 2212 1356 2242 ultra
1373 2235 1382 2249 ,
1414 2221 1506 2252 quam
1529 2214 1567 2245 ad
1590 2214 1815 2247 traditionem:
1839 2223 1905 2246 tum
1920 2215 1973 2246 ad·

1120 2254 1165 2284 dit
1181 2252 1328 2284 effectum
1345 2253 1409 2293 ejus
1432 2255 1476 2284 rei
1490 2278 1500 2293 ‚
1533 2254 1654 2287 causam
1671 2256 1831 2288 bonorum
1856 2256 1975 2287 tribue·

1118 2304 1152 2326 re
1184 2295 1378 2334 accipienti,
1415 2293 1504 2333 ssve,
1534 2296 1622 2336 quod
1645 2297 1749 2336 idem,
1782 2298 1974 2330 dominium.

1119 2335 1192 2366 Nec
1208 2344 1372 2376 repugno:
1396 2345 1466 2367 nam
1485 2345 1519 2368 ut
1532 2338 1765 2379 mancipatione
1780 2362 1790 2378 ‚
1813 2346 1847 2370 ut
1863 2338 1975 2370 ceffio-

1120 2386 1160 2408 ne
1177 2399 1186 2414 ‚
1216 2375 1257 2407 fic
1291 2377 1460 2408 traditione
1477 2400 1487 2415 ,
1518 2379 1638 2419 adquiri
1662 2379 1845 2421 singularum
1869 2388 1975 2411 rerum

1122 2417 1296 2448 dominium
1312 2440 1321 2455 ,
1361 2416 1514 2456 Ulpianus
1538 2419 1569 2451 in
1597 2419 1775 2462 Fragmentis
1801 2420 1901 2452 refert
1926 2421 1975 2452 tit.

1124 2469 1169 2496 19.
1188 2459 1238 2490 sed
1256 2458 1366 2499 dispari
1384 2458 1499 2491 effectu
1511 2471 1518 2492 :
1531 2461 1704 2501 adquiritur
1720 2462 1805 2493 enim
1821 2471 1871 2493 res
1888 2471 1975 2493 man-

1122 2502 1284 2540 cipatione
1298 2522 1308 2537 ,
1340 2500 1368 2530 &
1391 2501 1529 2532 ceffione
1544 2524 1554 2540 ,
1586 2511 1626 2533 ex
1639 2503 1708 2542 Jure
1725 2502 1887 2545 Quiritum
1907 2512 1975 2535 om-

1120 2541 1252 2572 nimodo
1282 2541 1312 2572 &
1342 2549 1474 2581 quoquo
1507 2543 1630 2574 modo:
1662 2545 1834 2575 traditione
1864 2544 1974 2576 saltem

1122 2583 1290 2621 haetenus,
1315 2583 1396 2613 utin
1423 2583 1515 2614 bonis
1536 2584 1721 2624 accipientis
1743 2587 1810 2625 Jure
1830 2585 1975 2627 gentium

1121 2623 1157 2655 fit
1174 2647 1183 2663 ,
1215 2633 1274 2654 nec
1295 2624 1423 2654 recedat
1447 2634 1463 2655 a
1485 2624 1628 2657 domino.
1674 2625 1785 2666 Itaque
1814 2625 1974 2667 accipien-

1120 2666 1177 2696 dus
1200 2664 1353 2706 Ulpianus
1383 2666 1414 2696 in
1441 2666 1468 2696 d.
1497 2665 1517 2696 l.
1548 2675 1594 2697 11.
1629 2666 1657 2708 §.
1678 2677 1706 2698 2.
1729 2668 1823 2698 etiam
1846 2667 1878 2698 in
1900 2668 1928 2698 d.
1951 2666 1973 2699 l.

1120 2717 1169 2746 25.
1195 2706 1224 2749 ᾗ.
1251 2716 1276 2738 1.
1320 2705 1376 2737 Vis
1392 2729 1401 2745 ,
1432 2706 1462 2737 &
1486 2706 1614 2739 Paulum
1637 2708 1774 2741 addam?
1797 2709 1908 2741 addam
1932 2707 1975 2739 sa-

1120 2757 1180 2787 ne,
1205 2755 1238 2779 ut
1258 2747 1389 2779 liberem
1411 2745 1662 2788 Tribonianum,
1685 2759 1750 2781 non
1774 2758 1896 2781 tantum
1911 2749 1977 2781 cul·

1122 2798 1161 2829 pa
1185 2812 1194 2828 ,
1225 2788 1276 2820 sed
1300 2789 1330 2819 ὅ(
1352 2788 1451 2828 culpae
1474 2788 1658 2830 suspicione.
1703 2790 1809 2822 Verbo.
1833 2791 1918 2822 Pauli
1941 2791 1974 2821 in

1120 2831 1139 2861 l.
1172 2839 1197 2862 1.
1227 2828 1269 2862 D.
1301 2832 1334 2860 cie
1360 2839 1456 2861 rerum
1480 2833 1698 2870 permutatione.
1738 2832 1884 2872 Emptor,
1919 2829 1974 2870 nisi

1119 2881 1247 2903 nummos
1274 2872 1440 2909 accipientis
1460 2872 1593 2911 fecerit,
1632 2879 1744 2905 tenetur
1773 2883 1809 2905 ex
1839 2874 1972 2904 vendito:

1119 2914 1259 2944 venditori
1269 2911 1383 2952 sufficit
1407 2914 1437 2942 ob
1457 2912 1624 2946 evictionem
1638 2917 1671 2955 se
1693 2915 1815 2956 obligare
1832 2938 1842 2953 ,
1869 2913 1973 2955 poffl's·

1113 2952 1221 2991 fiunem
1244 2955 1371 2990 tradere,
1394 2953 1430 2987 ὅ)
1447 2957 1571 2995 purgari
1592 2956 1653 2987 dolo
1674 2958 1765 2987 malo.-
1797 2957 1918 2996 itaque,
1945 2952 1974 2991 fi

1119 2996 1211 3026 evicta
1227 3005 1270 3025 res
1293 3005 1349 3025 non
1364 2992 1423 3033 fit,
1448 2996 1521 3025 nibil
1541 2997 1635 3029 dehet:
1656 2999 1687 3028 in
1705 2997 1910 3038 permutatione
1923 3004 1973 3026 ve-

1121 3047 1150 3067 ro
1167 3060 1175 3073 ,
1205 3036 1227 3071 li
1248 3042 1399 3077 utrumque
1415 3037 1540 3076 pretium
1561 3035 1599 3079 est
1617 3062 1626 3077 ‚
1659 3040 1809 3078 utriusque
1830 3046 1888 3067 rem
1903 3035 1974 3076 fieri

1121 3084 1244 3117 oportet3
1261 3077 1290 3115 fi
1311 3087 1409 3115 merx,
1438 3079 1581 3110 neutrius.
1625 3079 1722 3121 igitur
1744 3079 1773 3109 ὅ(
1796 3078 1825 3109 in
1850 3086 1974 3114 permu-

1121 3120 1240 3149 tatione
1272 3120 1300 3149 &
1332 3120 1362 3150 in
1392 3120 1580 3159 emptione,
1612 3121 1666 3152 nisi
1698 3119 1813 3150 dietum
1843 3118 1903 3156 fit,
1935 3125 1971 3148 ut

1119 3162 1317 3200 mancipetur
1330 3184 1340 3200 ,
1365 3160 1413 3192 vel
1430 3162 1559 3193 cedatur
1574 3161 1709 3199 fundus,
1731 3160 1763 3192 id
1782 3159 1844 3199 est,
1867 3167 1901 3190 ut
1917 3159 1972 3189 cle-

1904 3207 1975 3238 tur,
