2052 3487
383 149 463 187 Dr.
512 148 823 185 Fonuonr:
874 153 944 184 ET
995 144 1260 185 Usun1s.

37 244 97 278 cati
122 248 248 284 tempus
266 243 353 284 quod
377 241 416 273 ab
439 238 595 271 usurarum
621 237 822 284 praestatione
844 246 898 269 ex-

35 285 178 324 cusatur,
216 278 639 333 incipiunt¹currere¹usurae
664 287 708 310 rer
731 280 898 336 judicatae;

34 328 87 361 sed
105 329 254 369 integrae:
276 328 308 359 id
325 325 369 357 est
383 345 393 363 ,
417 322 446 354 ὅς
463 321 554 353 sortis
573 320 603 352 δε
623 327 768 353 veterum
797 319 898 353 usura·

1308 148 1338 182 L
1353 155 1366 182 1
1383 159 1415 185 Β.
1452 146 1504 184 II.
1751 154 1818 194 191

942 245 1012 269 rum
1030 246 1099 278 quae
1117 238 1147 270 in
1165 237 1282 271 sortem
1299 238 1572 271 condemnatione
1586 237 1721 272 redackae
1732 237 1815 271 sunt.

940 278 1004 310 Sed
1025 278 1213 319 justinianus
1231 282 1294 312 hoc
1312 289 1443 322 quoque
1460 281 1491 313 in
1508 280 1576 313 casu
1593 280 1697 314 usuras
1714 279 1814 314 usura-

941 329 1011 352 rum
1029 320 1150 354 sustulit
1166 322 1185 354 l.
1205 332 1235 364 3.
1262 322 1296 355 C.
1312 325 1346 354 de
1360 323 1456 363 usuris
1472 323 1514 354 rei
1525 322 1676 365 judicatae.

730 438 943 475 CAPUT
995 439 1120 478 XII,

198 547 247 583 De
273 542 370 591 usuris
391 550 598 589 perceptorum
616 540 782 588 fruetuum
808 543 861 577 vel
892 553 928 576 ex
946 540 1105 587 singulari
1130 555 1182 587 re,
1217 544 1268 579 vel
1291 554 1329 578 ex
1355 544 1541 590 hereditate,
1576 554 1648 583 ante

674 592 725 626 vel
743 590 810 639 post
836 591 920 626 litem
946 591 1157 639 contestatam.

88 698 223 742 uperiori
250 695 392 729 tractatui
419 693 459 726 de
482 692 580 725 usuris
610 691 772 725 usurarum
797 692 899 725 affinis

35 702 82 775 S
108 741 152 773 est
174 741 304 781 sequens
321 760 330 777 ‚
360 737 405 768 de
444 734 540 767 usuris
572 742 816 781 perceptorum
835 733 900 765 fru-

36 785 138 817 eruum
162 782 212 813 vel
234 790 273 812 ex
297 778 437 819 singulari
464 786 497 808 re
515 799 524 815 ,
557 775 897 822 vel-exhereditatc.

36 828 170 867 primum
193 822 310 854 videbo
344 822 384 851 de
407 819 451 850 rei
483 817 643 859 singularis
669 818 898 848 vindicatione.

40 868 79 900 de
94 875 153 908 qua
170 865 210 896 ita
229 862 412 904 Papinianus
429 860 447 891 l.
473 868 518 900 15.
543 858 586 890 D.
609 860 643 889 de
665 860 770 899 usuris.
795 858 901 906 Neq'ue

38 916 131 940 eorum
144 905 298 945 frufluztm
312 905 363 945 qui
375 899 435 943 post
452 902 528 932 litem
544 898 730 941 contestatam
747 898 837 941 offitio
850 909 900 941 Ju-

39 950 108 981 dicis
123 946 285 989 restituendi
295 948 388 986 sunt,
411 943 512 984 nsurm
530 940 661 982 proestarz'
685 948 827 981 oportere:
851 951 901 988 ηε·-

40 1001 93 1033 que
123 999 216 1021 eorum
246 988 295 1029 qui
329 987 412 1027 prins
441 986 564 1024 percepti
600 982 681 1029 qziafi
713 982 793 1029 malfe
827 983 901 1022 fidet

39 1031 173 1073 poffeffori
197 1031 393 1061 corzclicztntur.
434 1024 541 1057 Totus
558 1024 720 1072 Papiniani
735 1024 838 1071 sermo
855 1024 900 1056 est

42 1074 81 1105 de
95 1071 265 1109 fructibus3
288 1079 367 1110 quos
388 1078 426 1099 ex
442 1066 583 1108 singulari
606 1076 640 1097 re
663 1073 810 1112 percepit
834 1075 899 1112 non

41 1115 153 1152 bonae,
183 1113 234 1144 sed
261 1112 347 1143 malae
365 1133 374 1149 ,
404 1108 475 1140 fidei
502 1106 660 1149 possessor.
692 1117 717 1138 is
742 1107 844 1154 sermo
867 1108 900 1154 ir·

44 1163 120 1196 quet
144 1156 174 1186 in
196 1152 368 1195 posteriore
393 1150 503 1191 capitis
529 1158 635 1190 parte:
660 1158 721 1181 nec
744 1158 847 1180 minus
865 1158 896 1196 ¹⁰.

42 1198 164 1238 priore;
198 1195 268 1236 quia
291 1201 411 1225 certum
434 1192 502 1230 est,
534 1200 661 1223 omnem
694 1191 788 1236 bonae
820 1190 895 1222 fidei

41 1236 239 1279 possessorem
257 1235 325 1275 post
342 1235 427 1265 litem
447 1231 654 1264 contestatam
672 1231 740 1263 fieri
758 1232 845 1264 malae
864 1231 898 1264 fi-

42 1280 101 1310 dei.
124 1280 165 1310 ita
194 1277 293 1308 sensus
318 1275 378 1312 est,
403 1275 488 1314 quod
515 1274 602 1305 malae
626 1272 699 1305 fidei
725 1273 896 1314 poffessor,

41 1320 102 1352 five
119 1327 208 1355 ante,
231 1317 293 1350 sive
315 1315 402 1357 post,
429 1316 515 1346 litem
540 1315 751 1347 contestatam
776 1315 897 1362 fructus

38 1360 236 1402 perceperit,
267 1367 332 1390 non
357 1356 481 1398 praestat
504 1356 608 1389 usuras
633 1356 805 1389 fructuum.
836 1366 897 1398 pri-

37 1411 122 1434 mum
145 1408 236 1441 negat
252 1400 436 1440 Papinianus
452 1422 461 1437 ‚
485 1399 572 1430 malae
594 1397 668 1430 fidei
691 1398 896 1445 possessorem

37 1442 191 1474 fructuum
210 1451 289 1481 quos
307 1440 376 1482 post
392 1441 479 1472 litem
499 1441 710 1473 contestatam
727 1448 874 1486 percepit
886 1464 895 1479 ‚

37 1484 139 1516 usuras
155 1483 306 1524 praeflare.
331 1482 360 1514 ἃ
376 1482 463 1513 addit
478 1482 654 1514 rationem:
680 1491 716 1513 ea
734 1490 814 1513 ratio
831 1482 895 1521 est,

37 1525 123 1563 Quod
139 1524 272 1562 fruetus,
296 1523 334 1555 ab
357 1533 397 1554 eo
414 1525 558 1564 percepti
577 1523 646 1563 post
671 1523 761 1555 litem
786 1532 896 1554 conte-

36 1566 163 1605 statam,
200 1565 308 1597 officio
331 1564 449 1604 Judicis
474 1564 658 1597 restituendi
683 1564 763 1597 sunt.
800 1574 896 1598 vere:

35 1617 100 1639 non
130 1607 212 1639 enim
238 1614 412 1647 potuerunt
440 1607 503 1638 litis
535 1605 721 1638 contestatae
749 1615 898 1653 tempore

34 1649 184 1680 vindicari
208 1647 354 1687 fructum
379 1648 430 1688 qui
454 1657 494 1679 eo
519 1654 668 1688 tempore
690 1648 795 1680 adhuc
821 1649 897 1680 nulli

34 1697 137 1722 erant:
163 1690 191 1721 ἃ
209 1690 261 1729 qui
279 1690 372 1730 igitur
389 1696 564 1729 potuerunt
587 1691 618 1720 in
643 1690 688 1720 rei
710 1691 899 1722 vindicatio-

33 1739 106 1763 nem
124 1731 257 1762 venire?
281 1737 429 1770 poterant
445 1737 549 1761 tamen
566 1739 582 1761 a
601 1730 733 1770 judice,
767 1730 786 1762 fi
812 1732 898 1763 dein-

34 1773 74 1804 de
95 1782 111 1803 a
134 1771 303 1813 poss‘effore
322 1772 562 1811 perciperentur
576 1794 586 1809 ‚
607 1772 727 1811 juberi,
753 1772 835 1812 quasi
852 1773 899 1804 rei

33 1814 142 1854 petitae
160 1812 371 1851 acceffiones,
394 1811 524 1843 restitui.
557 1813 644 1852 quod
667 1812 689 1844 fi
712 1812 773 1844 est:
805 1822 899 1853 appa-

33 1862 102 1892 ret,
126 1863 235 1885 eorum
253 1852 358 1884 usuras
376 1862 392 1883 a
408 1852 578 1893 possessore
596 1854 731 1892 praestari
750 1854 901 1893 mininie3

34 1896 106 1932 Quia
128 1904 192 1927 non
217 1895 348 1935 placet,
379 1894 564 1925 accessionis
591 1895 801 1926 acccffionem
826 1895 900 1927 effe.

34 1937 131 1976 idque
150 1946 259 1967 verum
279 1935 341 1973 est,
366 1935 420 1967 etfi
438 1936 574 1967 venditis
592 1935 639 1966 his
660 1935 902 1975 fructibusffio·

35 1987 105 2009 rum
124 1978 222 2018 pretia
241 1976 299 2009 sint
324 1978 353 2008 in
380 1975 495 2008 sortem
528 1977 662 2009 redacta.
688 1979 776 2017 quod
799 1977 820 2009 fi
839 1977 904 2024 fru-

35 2019 121 2057 ctus,
145 2027 218 2050 ante
248 2019 337 2050 litem
360 2018 568 2050 contestatam
592 2020 760 2059 percepti,
792 2020 903 2051 condi-

33 2069 163 2098 cantur,
195 2061 225 2091 id
249 2059 311 2098 est,
334 2060 539 2091 condictione
569 2069 608 2090 ex
633 2060 724 2099 lege,
765 2061 815 2092 vel
838 2060 903 2092 fine

34 2101 145 2139 causa,
170 2102 220 2132 vel
243 2111 282 2132 ex
306 2100 415 2140 injusta
443 2100 550 2139 caus'a,
573 2109 739 2141 petantur-3
763 2101 903 2133 similiter

34 2150 129 2183 negat
144 2142 328 2183 Papinianus
341 2165 349 2180 ,
361 2152 471 2173 eorum
489 2141 593 2173 usuras
608 2143 742 2174 admitti.
767 2153 827 2174 nec
843 2143 901 2175 im-

36 2185 165 2223 probo:
196 2185 267 2224 quia
291 2183 511 2215 condictiones
543 2183 612 2214 sunt
637 2184 776 2215 actiones
801 2184 898 2216 stricti

33 2226 126 2266 juris3
149 2225 179 2256 in
197 2235 271 2266 quas
289 2225 405 2262 usurae,
429 2225 483 2256 nifi
499 2226 529 2256 in
548 2224 785 2265 stipulationem
803 2227 899 2258 dedu-

35 2266 111 2305 erce,
133 2275 198 2297 non
222 2268 364 2298 veniunt.
389 2266 491 2298 soient
517 2275 623 2298 autem
651 2266 790 2306 fructus,
827 2276 901 2299 ante

35 2308 126 2338 litem
141 2307 347 2339 contestatam
365 2308 527 2348 percepti,
551 2309 699 2348 condici3
722 2318 795 2340 cum
822 2318 901 2341 con-

34 2347 149 2388 sumpti
175 2348 251 2380 sunt.
276 2358 346 2380 nam
377 2348 396 2380 fi
419 2350 560 2388 exstent,
590 2351 743 2382 vindicari
774 2350 902 2391 poss'unt

36 2390 55 2420 l.
72 2399 100 2429 3.
128 2389 161 2420 C.
179 2391 212 2420 de
227 2389 400 2422 condictione
416 2400 451 2421 ex
466 2391 533 2432 lege.
556 2391 575 2422 l.
603 2395 650 2423 16.
677 2392 708 2423 C.
733 2393 766 2423 de
786 2394 902 2433 praediz's

35 2431 187 2462 minorum.
209 2431 228 2462 l.
255 2441 303 2463 22.
327 2431 355 2473 §.
381 2442 409 2465 2.
433 2431 475 2463 D.
504 2435 536 2462 de
562 2433 752 2474 pigner-atina
781 2433 899 2465 afflone.

37 2480 133 2511 atque
156 2481 196 2503 eo
216 2482 346 2514 quoque
368 2474 398 2505 in
423 2473 494 2505 casu
511 2472 615 2505 usuras
634 2484 674 2506 ex
697 2475 745 2507 his
768 2475 898 2514 deberi,

39 2513 118 2544 ratio
141 2523 206 2544 non
224 2516 360 2554 patitur:
391 2518 463 2555 quia
487 2523 611 2547 certum
636 2516 698 2555 est,
724 2516 827 2549 usuras
859 2527 899 2548 ex

39 2555 224 2594 corporibus
237 2565 300 2587 non
317 2557 444 2588 deberi:
470 2565 502 2587 ut
520 2556 609 2597 supra
631 2559 752 2589 monui.
797 2558 849 2590 Sic
866 2559 897 2591 in

41 2593 194 2634 singularis
217 2598 260 2628 rei
276 2598 492 2630 vindicatione
511 2597 619 2630 censet
636 2599 837 2640 Papinianus.

81 2636 131 2666 De
155 2636 334 2669 hereditatis
359 2649 436 2671 vcro
464 2640 620 2680 petitione
645 2642 686 2672 ita
708 2640 777 2673 infit
802 2642 821 2674 l,
846 2651 898 2683 51.

44 2673 72 2714 §.
92 2683 116 2720 ζ.
137 2675 178 2707 D.
193 2679 225 2709 de
240 2680 402 2712 hereditatis
416 2683 557 2722 petitione.
601 2680 761 2714 Fructuum
774 2681 836 2723 post
852 2684 897 2714 he-

44 2715 188 2762 reditatem
211 2721 325 2758 petitam
343 2728 539 2763 perceptorum
564 2723 655 2763 ufitrae
685 2734 742 2755 non
762 2722 898 2765 praestan-

43 2761 104 2802 tur..
126 2757 233 2803 (hfvffljlb
255 2763 324 2792 ratio
349 2761 386 2803 cst
406 2774 519 2802 earnm,
544 2766 594 2805 qui
614 2771 681 2796 ante
697 2765 835 2797 astionem
853 2766 899 2796 he-

42 2797 172 2843 redi-talis
193 2800 301 2833 illatam
317 2807 435 2844 percepti
452 2805 634 2837 hereditatem
648 2814 809 2838 auxerunt.
843 2807 899 2839 Pa·

40 2847 185 2877 pinianus
199 2849 311 2882 negat,
334 2844 510 2884 fruetuum,
534 2847 604 2887 post
629 2848 718 2880 litem
742 2847 899 2880 contesta-

43 2888 107 2910 tam
139 2889 385 2925 perceptorum,
426 2888 558 2927 praestari
595 2888 722 2921 usuras:
761 2889 899 2929 scilicet,

42 2921 114 2965 quia
132 2921 162 2952 hi
179 2922 298 2955 fruetus
315 2935 377 2958 non
399 2929 613 2969 principaliter
636 2940 754 2962 venere
772 2932 802 2962 in
822 2932 902 2972 peti-

42 2968 164 2993 tionem
184 2963 376 2998 hereditatis.
401 2977 464 3000 non
482 2971 564 3001 enim
581 2979 728 3012 tempore
749 2973 811 3004 litis
827 2982 902 3004 con-

41 3002 280 3050 testataenadhuc
296 3007 326 3038 in
344 3008 436 3040 rebus
454 3010 613 3049 humanis,
635 3021 731 3054 atque
749 3016 830 3045 adeo
848 3014 902 3045 he-

41 3045 209 3090 reditariis,
227 3047 337 3080 fuere.-
360 3058 435 3089 quas
455 3052 580 3084 demum
597 3053 627 3084 in
646 3054 829 3086 hereditatis
848 3064 901 3092 pe-

41 3087 187 3119 titionem
206 3090 334 3126 venire.
358 3099 480 3124 certum
506 3092 559 3124 est.
580 3095 622 3125 ita
638 3095 701 3127 est:
725 3096 756 3127 hi
781 3096 902 3136 fructus

40 3136 105 3173 non
121 3128 279 3162 debentur
295 3132 516 3173 principaliter
528 3135 595 3174 jure
611 3136 763 3176 actionis3
786 3137 838 3169 sed
854 3137 903 3170 of-

39 3167 116 3199 ficio
138 3169 256 3209 Judicis
281 3173 363 3213 quasi
395 3176 587 3207 acceffiones
617 3178 785 3210 debentur.
816 3188 904 3212 num-

41 3218 134 3249 quam
148 3211 243 3252 igitur
259 3222 369 3246 eorum
383 3215 480 3247 usurae
498 3217 700 3257 praestantur3
720 3219 782 3252 five
797 3221 903 3253 adhuc

40 3250 179 3292 exstent,
201 3263 238 3287 ac
256 3264 316 3297 pro
333 3258 523 3299 corporibus
540 3259 732 3300 habeantur-3
756 3261 819 3295 five
837 3262 900 3303 jam

943 692 1065 724 venditi
1085 716 1094 731 ,
1118 693 1215 733 inque
1238 694 1354 728 sortem
1385 695 1525 735 redacti,
1555 695 1632 729 fint:
1665 698 1757 739 quia,
1781 701 1818 731 ut

943 735 1028 773 dixi,
1053 744 1117 766 non
1143 736 1249 775 placet
1264 760 1274 776 ,
1298 738 1483 770 acceffionis
1507 738 1719 771 acceffionem
1744 739 1817 772 ess'e.

943 774 985 807 fic
1004 776 1034 807 in
1051 775 1226 816 fructibus,
1239 778 1309 818 post
1326 781 1459 820 petitam
1477 779 1688 812 hereditatem
1706 790 1817 822 perce-

943 817 1016 857 ptis.
1063 816 1170 860 Quid,
1194 818 1215 850 fi
1231 827 1305 852 ante
1330 820 1388 852 siut
1410 822 1575 862 percepti,
1598 829 1695 863 atque
1721 823 1818 855 etiam

943 858 1089 890 venditi?
1120 859 1189 899 (fic
1207 862 1292 893 enim
1315 863 1347 893 in
1370 864 1397 894 d.
1423 863 1441 894 l.
1464 872 1515 904 5¹·
1543 863 1570 905 §.
1600 872 1623 895 1.
1649 863 1819 896 formanda

943 898 1063 939 species
1076 924 1085 938 ‚
1108 909 1143 931 ut
1159 902 1190 933 in
1208 902 1227 933 l.
1248 907 1294 934 13.
1318 904 1361 935 D.
1379 906 1413 935 cle
1429 904 1472 935 his
1488 914 1550 946 quae
1566 911 1599 936 ut
1619 907 1750 948 indignis
1765 916 1820 937 au-

935 942 1112 982 feruntur)
1135 943 1177 973 ait
1197 942 1407 985 Papinianus,
1419 945 1574 978 diversam
1591 957 1704 980 eorum
1721 949 1819 979 ratio-

943 992 1017 1014 nem
1045 982 1117 1017 csse.
1144 993 1236 1024 quarn
1266 986 1309 1017 ob
1334 996 1402 1019 rem
1420 987 1437 1019 ‘3
1468 988 1541 1029 quia
1565 988 1687 1021 fructus
1704 1012 1714 1028 ‚
1745 996 1821 1022 ante

944 1026 1114 1065 percepti,
1140 1025 1353 1059 hereditatem
1369 1037 1534 1061 auxerunt.
1558 1030 1663 1063 reste:
1686 1040 1758 1063 nam
1787 1032 1821 1064 in

943 1065 1136 1107 petitionem
1159 1067 1347 1100 hereditatis
1365 1069 1513 1102 universae
1533 1073 1665 1104 veniunt
1690 1082 1739 1104 res
1764 1072 1820 1104 he-

943 1108 1098 1139 reditariae
1119 1108 1138 1139 l.
1167 1112 1215 1140 18.
1241 1109 1270 1151 ᾗ.
1289 1120 1317 1142 2.
1340 1110 1376 1146 ὅ)
1395 1112 1414 1143 l.
1438 1121 1485 1148 19.
1515 1111 1552 1145 D.
1572 1115 1605 1144 de
1616 1115 1755 1155 petitione
1771 1115 1820 1146 he-

943 1150 1086 1181 reditatis.
1110 1149 1230 1182 fruetus
1253 1159 1380 1191 autem,
1405 1161 1480 1185 ante
1502 1154 1591 1186 litem
1607 1155 1820 1189 contestatam

941 1192 1113 1231 percepti,
1139 1200 1229 1223 erant
1251 1193 1314 1234 Jam
1342 1202 1411 1226 tum
1437 1205 1488 1227 res
1520 1196 1732 1229 hereditariae.
1766 1207 1821 1230 ve-

940 1234 1032 1263 niunt
1065 1233 1160 1274 igitur
1188 1234 1220 1265 in
1260 1236 1454 1275 petitionem
1487 1236 1686 1271 hereditatis.
1720 1239 1821 1281 idque

941 1274 1037 1305 etiarn
1056 1274 1254 1314 consequens
1273 1275 1318 1308 est
1337 1276 1483 1310 formulae
1508 1279 1676 1320 petitionis
1692 1279 1820 1313 heredi-

941 1316 1033 1346 tatis:
1060 1325 1130 1357 quae
1157 1316 1296 1349 formula
1321 1318 1384 1357 est,
1408 1320 1479 1360 ajo,
1511 1330 1580 1352 eam
1606 1321 1819 1354 hereditatem

939 1366 1042 1389 meam
1074 1357 1157 1397 esse3
1191 1368 1229 1390 ac
1259 1369 1324 1391 non
1358 1363 1459 1393 modo
1483 1361 1696 1395 hereditatem
1716 1386 1726 1402 ,
1765 1363 1821 1396 sed

940 1399 1035 1430 etiam
1058 1398 1180 1431 fruetus
1205 1401 1258 1441 qui
1277 1410 1434 1434 auxerunt
1456 1413 1545 1442 eam,
1571 1411 1742 1444 antequam
1767 1414 1822 1446 pe·

942 1448 1064 1472 teretur
1080 1464 1088 1480 ,
1120 1442 1292 1481 continet,
1323 1444 1408 1484 quasi
1438 1444 1628 1477 hereditatis
1652 1454 1774 1486 partem
1796 1447 1818 1479 l.

942 1491 990 1513 20.
1015 1481 1044 1523 ς.
1063 1492 1092 1523 3.
1119 1482 1161 1514 D.
1186 1485 1244 1515 eod.
1272 1486 1319 1516 tit.
1345 1486 1433 1525 quod
1464 1485 1486 1518 fi
1511 1485 1580 1524 est}
1606 1488 1684 1528 quid
1710 1495 1821 1528 vetat,

941 1533 1054 1555 eorum
1079 1523 1184 1556 usuras
1209 1522 1321 1556 officio
1345 1526 1464 1565 Judicis
1485 1528 1651 1568 praestari?
1688 1530 1821 1571 utique,

941 1574 1014 1596 cum
1033 1574 1166 1605 apparet
1181 1589 1190 1606 ‚
1214 1576 1271 1599 eos
1291 1567 1322 1599 in
1340 1568 1526 1600 hereditatis
1544 1571 1740 1610 petitionem
1767 1580 1822 1603 ve-

940 1607 1030 1645 nire,
1058 1616 1124 1639 non
1141 1615 1177 1639 ut
1198 1608 1412 1648 accessiones,
1436 1609 1489 1641 sed
1507 1618 1542 1642 ut
1566 1619 1616 1643 res
1639 1611 1691 1643 seu
1715 1619 1820 1652 partes

941 1648 1127 1680 hereditatis
1143 1650 1172 1681 d.
1189 1649 1210 1681 l.
1228 1658 1279 1690 51.
1304 1650 1333 1692 §.
1350 1651 1405 1683 ult.
1429 1652 1448 1683 l.
1466 1661 1516 1691 40.
1543 1651 1572 1694 §.
1594 1661 1619 1684 1.
1636 1651 1679 1684 D.
1695 1654 1753 1684 eod.
1769 1654 1818 1686 tit.

982 1689 1072 1722 Idem
1096 1689 1141 1722 est
1158 1691 1242 1723 circa
1260 1692 1412 1724 heredem
1427 1702 1445 1724 a
1461 1702 1527 1734 quo
1550 1693 1642 1726 fiscus
1661 1694 1822 1727 heredita-

942 1738 1008 1762 tem
1026 1732 1106 1772 petit
1129 1732 1204 1764 ideo
1222 1756 1232 1771 ‚
1264 1734 1354 1774 quod
1385 1735 1516 1767 tacitum
1541 1734 1820 1771 fideicommissum

941 1771 1076 1812 suscepit
1093 1773 1123 1803 in
1142 1772 1288 1806 fraudem
1306 1775 1395 1817 legis.
1421 1786 1487 1808 non
1504 1777 1590 1810 enim
1605 1777 1631 1809 is
1651 1777 1745 1811 heres
1761 1779 1822 1810 bo-

943 1823 990 1845 nae
1007 1813 1082 1845 fidei
1100 1814 1252 1854 possessor
1270 1816 1425 1857 habetur,
1448 1819 1547 1860 magis
1572 1820 1682 1859 praedo
1704 1820 1824 1852 intelli·

942 1856 1027 1895 gitur
1049 1854 1068 1885 l.
1090 1859 1140 1892 46.
1167 1855 1210 1887 D.
1229 1858 1261 1887 de
1278 1857 1445 1890 hereditatis
1464 1861 1612 1901 petitione.
1638 1861 1668 1893 &
1694 1862 1737 1893 ita
1763 1861 1821 1894 Pa-

943 1896 1088 1936 pinianus
1105 1897 1124 1926 l.
1150 1899 1196 1928 18.
1225 1897 1266 1928 D.
1286 1899 1320 1929 de
1340 1900 1384 1930 his
1399 1910 1462 1941 quae
1478 1907 1513 1933 ut
1530 1903 1662 1944 indignis
1676 1904 1820 1941 auferan-

948 1943 999 1968 tur
1018 1938 1189 1976 aliquando
1214 1937 1245 1969 se
1267 1939 1481 1981 respondisse,
1512 1942 1619 1975 scribit
1645 1945 1750 1977 verbis
1778 1944 1823 1976 se-

948 1979 1129 2017 quentibus.
1174 1979 1253 2010 Eum
1282 1983 1335 2022 qui
1372 1985 1494 2015 tacitum
1511 1984 1760 2026 fideicommiffum
1788 1987 1821 2018 in

938 2020 1076 2059 fratuelem
1093 2020 1162 2061 legis
1177 2022 1319 2062 suscepit,
1344 2033 1387 2054 eos
1423 2035 1516 2067 noque
1536 2026 1656 2063 fructus
1679 2037 1749 2069 quos
1766 2038 1820 2059 an-

945 2066 972 2091 te
987 2061 1065 2092 litem
1082 2068 1187 2093 motam
1199 2066 1325 2104 percepit
1335 2089 1344 2104 ,
1368 2034 1517 2107 restituere
1532 2070 1689 2110 cogendum
1704 2077 1819 2111 respon-

945 2103 992 2134 di:
1020 2104 1095 2143 quod
1131 2104 1207 2135 bonae
1223 2104 1296 2145 fidei
1319 2106 1451 2148 peffeffor
1473 2109 1563 2150 fuiffe
1596 2120 1655 2141 non
1678 2111 1819 2151 videtur,

943 2144 1068 2184 exemplo
1092 2145 1229 2177 bonorum
1252 2146 1325 2186 fisco
1350 2150 1577 2183 vindicatorum.
1623 2150 1692 2191 Post
1714 2159 1821 2184 motam

943 2186 976 2215 cle
998 2187 1082 2216 tacito
1105 2186 1316 2229 fideicommzffo
1344 2191 1589 2231 controversiam,
1627 2200 1695 2224 ante
1721 2196 1821 2235 pretia

936 2225 1097 2266 fruetuum
1116 2235 1251 2270 percepta
1274 2240 1341 2262 cum
1362 2233 1460 2268 usuris
1486 2233 1538 2274 effe
1564 2232 1739 2274 restituenda
1760 2246 1820 2267 res-

938 2268 1032 2309 pondi
1047 2292 1055 2306 ,
1077 2268 1125 2307 led
1149 2272 1276 2302 omnium
1289 2272 1470 2313 fructuum,
1500 2284 1622 2316 quorum
1641 2278 1736 2317 pretia
1754 2284 1822 2318 pera

945 2315 1024 2350 cepta
1034 2310 1171 2349 fuerant.
1196 2314 1272 2354 qnod
1282 2313 1310 2351 fi
1324 2314 1443 2349 fruetus
1457 2317 1488 2346 in
1504 2318 1559 2356 usn
1574 2318 1676 2349 hahuit
1688 2342 1697 2357 ‚
1721 2328 1820 2351 eorum

941 2352 1037 2392 pretia
1060 2357 1175 2384 tantum
1191 2352 1306 2394 restitui
1315 2356 1390 2396 fiatis
1406 2358 1470 2388 erit.
1514 2358 1705 2398 Papinianus
1730 2369 1819 2392 com-

944 2392 1031 2433 plura
1049 2392 1170 2426 definit.
1194 2397 1331 2436 primum
1350 2397 1414 2436 est,
1439 2399 1528 2439 quod
1546 2400 1600 2440 qui
1627 2402 1759 2434 tacitum
1785 2402 1820 2434 fl-

943 2434 1197 2468 deicommiss'um
1224 2436 1359 2478 suscepit
1383 2439 1414 2470 in
1432 2439 1577 2473 fraudem
1595 2442 1693 2483 legis,
1717 2443 1742 2475 is
1760 2442 1782 2475 fi
1800 2453 1819 2476 a

942 2475 1018 2507 fisco
1050 2480 1263 2510 conveniatur
1282 2502 1292 2517 ,
1321 2487 1450 2512 tenetur
1479 2491 1545 2514 non
1577 2489 1699 2516 tantum
1733 2484 1820 2517 bona

942 2526 1012 2558 quae
1037 2516 1127 2550 fiscus
1151 2520 1346 2559 vindicavit,
1376 2521 1562 2563 restituere;
1594 2524 1646 2556 sed
1677 2525 1819 2566 ipsorum

942 2560 1093 2599 exemplo
1111 2561 1206 2593 etiam
1222 2561 1344 2594 fruetus
1362 2571 1443 2603 quos
1460 2573 1535 2596 ante
1551 2566 1641 2598 litem
1659 2568 1818 2600 contesta-

943 2609 1007 2632 tam
1026 2603 1180 2642 percepit.
1205 2604 1293 2635 addit
1308 2605 1466 2638 rationem
1487 2607 1698 2648 Papinianus:
1722 2611 1816 2651 quia,

942 2651 1016 2673 cum
1037 2640 1132 2674 fidem
1150 2644 1180 2675 in
1197 2643 1342 2677 fraudem
1368 2647 1448 2688 legis
1474 2648 1639 2689 adhibuit,
1663 2659 1729 2684 non
1753 2658 1818 2684 tam

942 2683 1053 2723 bonae,
1078 2693 1170 2723 quam
1197 2686 1307 2726 maiae,
1330 2687 1406 2720 fidei
1430 2689 1583 2730 poss'ess'or
1606 2692 1743 2725 videtur.
1775 2695 1818 2726 al-

943 2732 1044 2756 terum
1064 2725 1126 2765 est,
1150 2728 1238 2766 quod
1254 2729 1279 2759 is
1296 2730 1349 2769 qui
1376 2732 1509 2763 tacitum
1535 2732 1816 2768 fideicommissum

942 2764 1096 2805 suscepit,
1127 2768 1198 2808 post
1230 2778 1350 2803 motam
1381 2774 1652 2815 controversiam,
1689 2777 1721 2808 id
1751 2777 1816 2813 est,

943 2807 1013 2846 post
1033 2808 1120 2840 litem
1148 2810 1376 2851 contestatam,
1402 2821 1530 2846 tenetur
1553 2816 1720 2849 restituere
1745 2827 1815 2858 pre-

945 2849 987 2879 tia
1011 2848 1172 2896 fructuum
1197 2859 1269 2884 ante
1292 2853 1382 2887 litem
1408 2857 1618 2890 contestatam
1644 2866 1814 2900 percepta:

945 2898 1006 2920 nec
1029 2891 1092 2930 ipsa
1115 2900 1256 2934 tantum,
1281 2894 1334 2928 sed
1357 2897 1451 2929 etiam
1476 2908 1588 2931 eorum
1611 2901 1723 2932 usuras.
1756 2908 1817 2930 ter·

946 2932 1024 2977 tium
1044 2933 1108 2972 est,
1133 2936 1238 2975 quod,
1261 2935 1281 2968 fi
1299 2947 1364 2970 non
1386 2940 1532 2972 vendidit
1548 2941 1668 2973 fructus
1684 2965 1693 2979 ‚
1717 2939 1816 2973 sedin

945 2973 1000 3004 niu
1020 2973 1150 3019 habuit,
1175 2986 1285 3010 eorum
1306 2989 1371 3011 non
1397 2983 1499 3021 pretia
1524 2992 1596 3015 cum
1623 2982 1737 3020 usuris,
1762 2981 1814 3015 sed

945 3022 1046 3054 pretia
1073 3016 1136 3049 fine
1166 3018 1263 3051 usuris
1283 3044 1292 3059 ,
1324 3021 1472 3054 restituit.
1516 3024 1568 3055 Sic
1598 3024 1812 3064 Papinianus:

945 3056 1017 3096 quia
1041 3065 1106 3090 tum
1132 3062 1348 3094 conveniebat
1370 3065 1446 3104 juris
1473 3066 1569 3105 rigori
1602 3074 1697 3104 quem
1729 3065 1815 3098 nulla

945 3098 1048 3130 adhuc
1064 3100 1223 3134 laxaverat
1242 3102 1450 3136 Constitutio.
1474 3105 1525 3136 sed
1542 3105 1633 3137 aliter
1658 3106 1686 3137 ci
1715 3106 1815 3140 visum

945 3139 1016 3180 post
1041 3140 1316 3177 Constitutionem
1352 3146 1395 3178 D.
1423 3147 1532 3177 Severi
1562 3147 1678 3179 deinde
1700 3147 1816 3188 sequu»

947 3189 1027 3214 tam:
1052 3184 1092 3215 de
1114 3194 1175 3226 qua
1201 3184 1244 3218 fic
1267 3196 1366 3223 porro
1392 3187 1518 3225 scribit,
1543 3187 1598 3219 Sed
1623 3188 1664 3220 D.
1689 3189 1815 3222 Severus

945 3224 1081 3256 bonorum
1097 3228 1184 3258 tacite
1206 3227 1386 3267 retentarum,
1420 3230 1491 3259 citra
1514 3227 1721 3269 disiinfflonem
1745 3238 1815 3263 tem·

940 3267 1036 3306 poris,
1055 3267 1180 3307 fruetus
1195 3269 1344 3301 duntaxat
1368 3271 1479 3309 deberi,
1510 3280 1568 3302 non
1598 3276 1684 3304 etiam
1712 3274 1814 3314 resinis

1775 3326 1815 3347 et-
