2036 3495
233 138 930 221 GERARDI

1789 59 1859 101 465

1004 75 1667 220 'NooDT2

562 245 564 248 ’
575 258 879 327 jurisconsusti
916 260 965 310 &
1001 261 1337 322 Antecefforis‚

66 367 1845 520 JULIUSPAULU&

871 521 1054 559 SIVE

183 619 313 679 DE
369 615 775 676 PARTUS
830 616 1544 679 EXPOSITIONE
1598 617 1730 678 ET

373 698 658 761 NECE
716 699 994 758 APUD
1051 699 1556 767 VETERES,

516 824 778 875 LIBER

598 937 635 977 P
692 936 731 976 R
789 936 846 977 AE
901 936 940 978 F

64 1042 293 1084 ffiggffipge
308 1040 414 1081 partus
428 1033 628 1080 expositione
642 1032 671 1064 ὅ(
685 1041 766 1064 nece
779 1038 869 1064 extat
883 1031 938 1079 sub

66 1089 103 1124 ἧς
240 1090 274 1123 N
290 1075 406 1107 Titulo
425 1074 632 1121 ngestorum
656 1073 710 1105 De
729 1073 939 1120 ‚agnoscendis

65 1130 106 1168 323
143 1118 192 1166 D
236 1127 275 1169 334-
292 1118 321 1148 &
351 1117 469 1148 alendis
501 1116 607 1162 liberis
625 1139 634 1153 ,
666 1123 772 1161 capite
793 1123 938 1161 ⁴quarto,

65 1174 102 1211 ἐξ(
238 1172 276 1210 >4²
292 1157 517 1199 Fragmentum
532 1157 605 1196 Julu
616 1156 699 1187 Pauli
710 1179 720 1195 ,
735 1155 940 1195 jurisconsul-

65 1212 274 1252 ffizss'ssffffz
292 1201 333 1237 ti,
358 1209 399 1229 ex
415 1199 496 1230 libro
515 1198 554 1229 ΙΙ.
577 1198 828 1235 Sententiarum,
846 1196 940 1241 Titu-

83 1244 97 1252 “’
157 1233 182 1251 '⁴¹‘
291 1241 322 1271 lo
339 1238 473 1277 XXIV,
496 1238 566 1270 sane
583 1238 750 1278 pulchrum
767 1261 776 1276 ,
799 1247 861 1269 nec
883 1247 939 1269 mi-

66 1293 124 1314 nus
142 1283 288 1318 celebre,
308 1280 360 1312 sed
375 1280 488 1321 effugit
506 1279 686 1311 industriam
703 1279 868 1310 hominum
886 1280 940 1310 do-

68 1326 165 1355 eti-ina
190 1322 427 1354 excellentium.
474 1321 605 1362 Quotus
629 1323 713 1351 enim
740 1322 874 1360 quisque
900 1329 940 1351 eo

67 1375 131 1396 non
148 1366 266 1401 utitur,
283 1372 354 1394 cum
372 1362 540 1403 quaeritur,
557 1371 595 1394 an
614 1370 703 1401 pater
719 1369 863 1393 teneatur
881 1363 941 1393 tol-

66 1407 132 1438 lere
150 1406 267 1437 liberos
286 1413 367 1444 quos
386 1404 577 1444 generavit?
597 1404 857 1443 quotusquisque
874 1412 939 1434 non

67 1449 181 1479 clamat
193 1471 201 1485 ‚
224 1454 346 1486 patrem
365 1446 416 1483 qui
433 1444 531 1477 fihum
548 1445 676 1485 abjicit,
693 1453 746 1475 aut
762 1446 897 1485 exponit
911 1454 941 1475 a·

68 1491 161 1521 liena:
180 1487 399 1519 misericordiae
417 1496 512 1525 quam
529 1485 594 1526 ipse
611 1495 676 1517 non
700 1485 816 1525 habet,
842 1484 940 1517 filium

69 1540 160 1568 aeaue
176 1538 307 1567 necare,
323 1537 359 1559 ac
376 1527 394 1559 ss
412 1537 484 1559 eum
501 1527 691 1568 strangulet,
709 1527 806 1568 idque
824 1527 940 1566 julium

68 1571 200 1603 Paulum
217 1570 364 1611 opinari?
381 1568 422 1600 Et
439 1576 526 1600 certe
542 1579 614 1600 eum
631 1577 683 1608 qur
696 1578 760 1600 non
779 1569 941 1600 hominem

67 1622 187 1649 mono,
212 1611 262 1642 sed
286 1619 408 1651 patrem
427 1619 580 1651 quoque,
598 1611 705 1648 exuit,
730 1609 791 1641 effe
810 1609 942 1641 destabi-

67 1655 130 1686 lem
142 1677 151 1690 ,
170 1654 363 1693 dignumque
383 1652 524 1683 omnium
540 1652 638 1691 odio,
663 1651 730 1691 quis
742 1674 750 1689 ,
775 1651 829 1683 nifi
846 1660 942 1691 quem

66 1696 173 1735 pigeat
189 1695 313 1725 humani
329 1695 472 1734 generis,
489 1693 678 1733 negaverit?
694 1692 755 1723 Sed
769 1693 854 1732 quod
867 1702 941 1733 prae·

68 1746 156 1768 te1ea
174 1736 328 1772 clamant,
343 1743 463 1774 patrem
482 1734 525 1765 ob
541 1734 670 1766 infantis
686 1734 919 1774 expofitionem
931 1758 940 1773 ‚

68 1778 133 1817 abjt
142 1778 278 1808 ctionem
289 1799 299 1814 ,
315 1783 368 1806 aut
383 1775 544 1807 elisionem
555 1799 564 1814 ,
578 1777 645 1816 jure
657 1775 883 1808 Pandeuarum
894 1775 941 1807 fu·

70 1819 124 1850 isse
136 1819 314 1849 coercitum
325 1818 401 1858 legis
414 1817 572 1849 Corneliae
584 1818 623 1848 de
638 1815 750 1848 ficariis
761 1840 769 1855 ‚
786 1826 839 1848 aut
850 1817 942 1849 Pom-

71 1861 149 1901 pejae
166 1861 206 1890 de
223 1859 413 1897 parricidiis,
433 1866 485 1889 aut
503 1868 564 1898 qua
586 1858 851 1896 extraordinaria,
875 1868 943 1899 poe-

70 1913 108 1933 na
121 1927 129 1939 ‚
146 1903 242 1939 idque
254 1900 383 1931 Paulum
401 1899 606 1931 existimaffe:
623 1900 674 1930 vix
686 1909 702 1930 a
717 1909 767 1931 me
783 1901 943 1940 impetro,

71 1953 106 1974 ut
122 1943 260 1973 credam.
283 1942 348 1972 imo
365 1941 519 1980 arbitror,
537 1941 568 1972 id
586 1941 686 1972 Paulo
703 1950 872 1981 numquam
891 1951 943 1972 ve-

71 1983 148 2015 niss'e
165 1984 194 2014 in
214 1991 372 2021 mentem3
398 1983 560 2023 longeque
579 1983 668 2014 aliam
688 1981 776 2013 fuiffe
794 1983 859 2022 ejus
878 1982 942 2014 sen-

72 2026 215 2056 tentiam.
239 2024 300 2055 Sed
313 2024 462 2062 imposuit
475 2023 670 2055 Dossiffimis
686 2023 768 2055 Viris
784 2025 887 2065 imago
897 2034 942 2056 ar-

71 2068 214 2107 gumenti
236 2065 323 2106 quod
350 2074 389 2096 ex
416 2064 500 2096 Pauli
526 2065 632 2096 verbis
657 2074 673 2095 a
698 2064 943 2106 consequentia,

70 2116 259 2148 quamquam
276 2107 314 2137 ad
333 2105 470 2147 speciem
495 2106 673 2146 probabili,
699 2114 804 2138 tamen
829 2107 945 2147 impru-

70 2151 186 2185 dente,
211 2148 344 2179 faciunt.
389 2146 463 2178 Nec
480 2148 512 2179 id
530 2147 695 2186 feciss‘ent3
719 2147 759 2186 fi,
783 2149 871 2188 quod
891 2149 943 2179 de-

70 2199 124 2221 cet
148 2189 393 2229 jurisconsultos
411 2212 420 2227 ‚
443 2189 554 2229 utique
578 2199 633 2221 eos
657 2188 709 2228 qui
736 2190 830 2229 paulo
856 2189 945 2229 supra

70 2231 157 2271 vulgi
176 2231 385 2262 humilitatem
407 2229 584 2270 assurgunt,
609 2231 646 2262 ad
664 2229 826 2262 historiam
844 2230 943 2270 Juris,

71 2272 223 2311 mumque
244 2270 317 2302 Fori
339 2271 472 2302 Romani
489 2273 541 2311 qui
561 2279 654 2303 aetate
670 2271 757 2303 Pauli
776 2271 858 2311 fuit,
882 2273 945 2303 ani-

71 2323 159 2346 mum
171 2313 353 2353 diligentius
368 2312 557 2352 adjecissent.
576 2312 654 2344 Mea
671 2313 756 2344 enim
773 2313 944 2351 sententia,

73 2355 149 2386 niliil
162 2363 264 2384 verius
281 2353 341 2391 est,
361 2363 454 2394 quam
471 2353 626 2385 infantum
643 2354 877 2394 expositionem
893 2364 946 2386 ne-

74 2404 211 2436 cemque
227 2394 298 2433 Jure
316 2394 409 2426 Civili
427 2404 493 2426 non
517 2396 618 2426 dicam
635 2397 716 2436 piam
735 2403 830 2436 atque
848 2396 945 2426 hone-

72 2436 168 2475 stam,
194 2436 243 2467 sed
262 2438 449 2475 impunitam
467 2437 668 2476 licitamque,
686 2436 776 2468 fuiffe
797 2446 859 2468 non
880 2446 947 2468 mo-

74 2479 118 2510 do
142 2477 196 2509 sub
222 2476 426 2515 Gentilibus,
450 2476 503 2508 sed
526 2477 578 2508 sub
595 2477 777 2509 Christianis
795 2487 946 2518 quoque,

72 2518 342 2558 Imperator-rbus,
361 2528 459 2558 usque
475 2521 514 2550 ad
531 2519 741 2559 principatum
756 2518 947 2550 Valentinia-

73 2561 126 2598 ni,
143 2559 304 2597 Valentis,
320 2560 349 2590 δί
366 2559 519 2591 Gratiani.
551 2561 656 2601 Atque
673 2559 737 2591 hoc
752 2560 772 2592 fi
789 2561 852 2600 est3
870 2570 947 2591 uon-

75 2610 117 2632 ne
132 2600 286 2639 efficitur,
311 2600 441 2632 Paulum
457 2601 510 2642 qui
529 2611 591 2632 non
609 2601 690 2641 Juris
707 2603 876 2639 conditor,
895 2600 947 2632 sed

76 2641 156 2681 Juris
175 2642 350 2680 interpres,
373 2641 452 2679 fuit,
477 2641 530 2673 etfl
554 2643 617 2682 eJus
636 2642 749 2683 scripta
765 2643 947 2683 Principum

75 2681 364 2714 constitutionibus
376 2682 490 2713 deinde
504 2683 584 2721 juris
596 2684 660 2714 vim
669 2684 870 2724 acceperint,
883 2693 948 2715 non

75 2721 234 2764 potuisse,
257 2722 338 2767 salva
362 2723 435 2753 artis
460 2723 519 2753 suae
545 2724 733 2755 anaor-itate
750 2748 760 2764 ,
790 2724 947 2763 scribere,

74 2773 198 2806 patrem
214 2771 265 2802 qui
283 2762 538 2801 sanguinolentos
557 2766 674 2796 liberos
691 2767 871 2805 necaverit,
896 2765 948 2796 ab·

72 2805 205 2847 jecerit,
222 2811 273 2834 aut
289 2803 488 2843 exposuerit,
506 2806 536 2836 in
556 2805 640 2837 Foro
657 2806 803 2838 Romano
819 2808 856 2838 ad
875 2808 947 2847 legis

78 2845 255 2882 Corneliae,
273 2852 326 2890 aut
343 2844 707 2885 Pompejmaiteriusve
725 2857 846 2887 poenae,
863 2848 948 2878 seve-

77 2890 203 2920 ritatem
223 2886 408 2925 pertrnere‘?
432 2885 471 2916 Et
489 2893 594 2918 tamen
609 2896 673 2918 non
690 2889 834 2926 inficior,
860 2898 899 2920 ne
915 2889 947 2920 id

73 2929 174 2960 scelus
194 2928 223 2958 in
245 2926 274 2957 se
297 2927 480 2957 admitteret
498 2934 607 2966 pater,
633 2931 715 2968 apud
739 2929 893 2970 sapientes
910 2939 946 2960 ac

76 2971 182 3002 bonos
199 2969 228 2999 in
247 2967 326 3007 juris
351 2969 518 3007 praeceptis
538 2968 637 2999 fuiss‘e.
685 2968 746 3000 Sed
767 2973 847 3002 inter
864 2980 899 3002 ea
915 2971 945 3001 &

74 3011 153 3051 Juris
170 3009 291 3051 regulas
302 3009 412 3049 ingens
430 3008 607 3040 differentia
618 3008 673 3041 est.
698 3010 792 3041 habet
805 3013 889 3043 enim
902 3021 947 3042 re-

75 3053 148 3093 gula
164 3051 241 3092 legis
259 3050 491 3089 neceffitatem3
517 3059 570 3088 ac,
586 3050 606 3082 fi
623 3050 809 3091 negligitur,
833 3054 945 3093 vigore

74 3093 208 3134 publicae
232 3091 400 3133 disciplinae
424 3092 618 3124 vindicatur:
643 3100 840 3132 praeceptum
865 3102 943 3126 vero

118 3193 195 3227 Tom.
219 3195 245 3226 Ῑ.

843 825 1408 876 SINGULARIS.

993 935 1312 976 ATIO.

981 1040 1087 1071 neque
1111 1030 1232 1072 obligat
1252 1038 1347 1070 quern
1367 1027 1462 1062 Civili
1478 1030 1574 1071 Jure;
1596 1041 1701 1073 neque
1719 1032 1770 1065 cui
1788 1042 1855 1073 pte-¹

982 1082 1054 1105 nam
1071 1072 1226 1110 minatur,
1242 1071 1296 1103 nisi
1313 1072 1460 1104 divinam.
1490 1073 1535 1103 lta
1551 1072 1605 1112 fit,
1624 1081 1658 1105 ut
1676 1076 1761 1113 quod
1775 1075 1855 1114 Juris

982 1115 1154 1155 praeceptis
1171 1113 1353 1145 execrabile
1374 1113 1426 1151 sit,
1445 1123 1501 1153 per
1518 1122 1699 1155 temporum
1717 1125 1857 1147 morum-

984 1165 1046 1194 que
1057 1154 1218 1186 feritatem
1234 1153 1439 1186 stultitiamve
1449 1155 1531 1194 juris
1541 1157 1656 1196 regulis
1668 1165 1773 1195 neque
1783 1167 1857 1197 pro·

985 1196 1152 1234 hibeatur,
1175 1204 1280 1236 neque
1295 1195 1453 1235 puniatur.
1477 1195 1605 1227 Interim
1623 1199 1787 1236 utriusque
1801 1208 1857 1239 ge-

986 1238 1070 1268 neris
1085 1237 1340 1269 observationem
1352 1246 1502 1277 peraeque
1519 1237 1557 1268 ad
1575 1237 1857 1278 jurisconsultum,

984 1279 1073 1310 illum
1091 1279 1213 1310 bonum
1230 1278 1260 1309 &
1286 1277 1425 1309 sanctum
1443 1279 1564 1317 virum,
1589 1279 1768 1319 pertinere,
1792 1279 1857 1310 Ve-

985 1327 1069 1351 teres
1086 1319 1319 1352 existimabant.
1350 1321 1488 1360 quippe,
1514 1328 1586 1350 cum
1616 1319 1752 1351 Civilem
1770 1319 1860 1361 Sapi-

985 1362 1122 1399 entiam,
1145 1361 1296 1402 exemplo
1314 1361 1550 1401 Philosophiae,
1575 1362 1688 1401 partim
1707 1360 1859 1401 scientia,

984 1404 1098 1444 partim
1114 1403 1257 1441 afflone,
1274 1401 1449 1434 censerent.
1473 1401 1516 1433 Et
1532 1405 1667 1443 proinde
1684 1403 1737 1443 qui
1753 1404 1790 1434 ad
1806 1413 1860 1434 ex-

986 1445 1134 1484 ponenda
1160 1443 1316 1475 Veterum
1335 1443 1525 1484 Fragmenta
1551 1443 1631 1475 serio
1646 1444 1784 1476 animum
1804 1453 1859 1485 ap·

984 1486 1093 1526 pellit,
1111 1495 1203 1522 eum,
1220 1494 1261 1516 ne
1276 1485 1373 1516 cruda
1390 1486 1505 1516 evadat
1522 1485 1587 1524 ejus
1605 1484 1798 1526 disputatio,
1813 1487 1861 1517 in-

985 1535 1034 1558 ter
1050 1535 1166 1558 caetera
1183 1535 1314 1567 quoque
1332 1526 1408 1567 quid
1418 1526 1449 1557 in
1468 1526 1655 1565 praeceptis,
1673 1526 1749 1566 quid
1766 1527 1796 1557 in
1814 1536 1862 1558 re-

984 1569 1085 1610 gulis,
1109 1577 1242 1608 quoquo
1261 1576 1409 1608 tempore
1432 1566 1547 1606 fuerit,
1572 1567 1741 1607 diligenter
1757 1574 1862 1598 atten-

985 1613 1062 1641 dere
1080 1616 1223 1649 oportet.
1255 1607 1329 1640 Nec
1345 1609 1429 1640 enim
1445 1609 1514 1649 quis
1530 1616 1594 1638 tarn
1612 1609 1699 1639 rudis
1710 1607 1863 1640 humana-

985 1661 1053 1683 rum
1079 1660 1185 1682 rerum
1209 1649 1262 1689 fit,
1285 1658 1320 1681 ut
1337 1650 1368 1681 in
1394 1649 1441 1681 his
1460 1651 1605 1680 eamdem
1625 1650 1769 1681 omnium
1787 1656 1860 1681 aeta-

986 1701 1051 1724 tum
1076 1694 1267 1725 locorumve
1291 1690 1531 1723 aestimationem
1555 1689 1645 1722 fuiffe
1672 1691 1858 1723 arbitretur.

984 1734 1055 1775 Ego
1072 1742 1161 1766 certe
1181 1733 1209 1764 ei
1226 1734 1279 1774 qui
1301 1733 1342 1765 fic
1360 1732 1491 1771 sentiat,
1514 1741 1578 1763 non
1595 1731 1739 1764 affentiar
1761 1739 1868 1765 teme-

985 1785 1030 1807 re.
1061 1776 1137 1816 quin
1157 1774 1281 1815 semper
1303 1774 1499 1813 existimavi,
1522 1781 1621 1805 artem
1640 1773 1779 1805 nostram
1795 1777 1865 1805 non

985 1826 1050 1848 uno
1075 1825 1222 1857 ternpore
1246 1816 1286 1847 de
1312 1816 1398 1848 coelo
1414 1814 1569 1856 delapsam
1588 1814 1649 1846 effe
1666 1815 1773 1846 imbris
1792 1824 1869 1850 mo-v

985 1868 1038 1897 rc;
1060 1856 1113 1889 sed
1128 1858 1325 1889 incrementa
1341 1856 1392 1888 sua
1411 1857 1450 1888 ab
1466 1856 1689 1897 experimento
1713 1857 1863 1888 utilitatis

987 1900 1136 1940 paulatim
1159 1898 1331 1939 accepisse:
1355 1898 1408 1930 sed
1432 1907 1492 1929 nec
1507 1897 1602 1938 ipsam
1618 1907 1675 1937 per
1691 1904 1742 1928 tot
1759 1896 1865 1929 secula

987 1950 1094 1981 parem
1111 1948 1208 1980 atque
1225 1942 1371 1972 eamdem
1387 1939 1494 1976 fuiss'e;
1513 1947 1623 1970 verum
1640 1939 1679 1969 ab
1697 1939 1865 1970 hominum

989 1990 1196 2022 paupertate,
1221 1980 1407 2020 severitate,
1429 1980 1564 2021 opibus,
1579 1980 1732 2018 mollitie,
1755 1980 1869 2011 ferita-

989 2031 1041 2062 te,
1058 2022 1240 2063 disciplina,
1258 2023 1431 2064 religione,
1455 2031 1535 2061 pace
1554 2022 1692 2062 denique
1711 2021 1740 2052 &
1756 2020 1866 2060 bello,

986 2064 1066 2105 saepe
1091 2065 1182 2096 aliam
1209 2073 1304 2104 atque
1329 2064 1419 2094 aliam
1436 2062 1619 2104 apparuisse.
1662 2063 1769 2103 Atque
1787 2062 1864 2093 ideo

987 2106 1075 2147 quod
1093 2106 1165 2137 alibi
1177 2129 1187 2144 ‚
1203 2106 1287 2136 idem
1306 2104 1376 2143 hic,
1393 2104 1574 2136 observavi:
1598 2111 1633 2135 ut
1649 2103 1708 2136 suis
1725 2111 1863 2144 quaeque

989 2148 1187 2187 temporibus
1211 2146 1428 2185 restituerem3
1451 2146 1481 2177 ὅ(
1497 2155 1568 2186 quae
1585 2154 1627 2177 ex
1643 2145 1761 2186 regulis
1777 2145 1866 2185 juris>

986 2188 1144 2230 proficisci
1161 2187 1364 2226 viderentur,
1379 2188 1417 2218 ad
1429 2186 1548 2218 Forum
1557 2187 1775 2225 remitterem3
1790 2195 1863 2226 quae

987 2240 1067 2261 vero
1085 2230 1213 2269 pietatis
1231 2236 1327 2269 atque
1344 2227 1444 2260 officii
1459 2228 1543 2266 effe,
1568 2227 1778 2260 existimarem
1790 2250 1799 2264 ,
1824 2236 1863 2258 ea

987 2281 1052 2303 non
1078 2270 1158 2309 Juris
1182 2271 1316 2310 regulis,
1339 2268 1392 2301 sed
1417 2269 1588 2311 praeceptis
1607 2293 1616 2308 ,
1648 2268 1863 2300 accenserem.

988 2312 1051 2344 Sed
1074 2312 1103 2342 &
1129 2311 1181 2343 illa
1206 2311 1285 2343 mihi
1309 2311 1415 2343 cautio
1434 2310 1515 2350 fuit,
1539 2320 1580 2342 ne
1598 2310 1705 2341 civilia
1722 2310 1862 2341 remedia

989 2363 1057 2391 quae
1082 2352 1151 2384 fere
1177 2351 1230 2383 hic
1252 2353 1344 2383 novit
1361 2352 1520 2391 vetustas,
1544 2360 1616 2383 cum
1633 2350 1773 2382 criminis
1790 2359 1863 2391 per-

990 2395 1154 2426 secutione
1170 2402 1264 2432 quam
1274 2394 1365 2434 primi
1379 2394 1585 2425 introduxere
1596 2391 1721 2432 imppp.
1745 2391 1863 2424 Valen-

990 2436 1145 2474 tinianus,
1169 2434 1306 2472 Valens,
1330 2435 1359 2467 δε
1383 2434 1574 2471 Gratianus,
1598 2433 1770 2464 constituta
1795 2441 1863 2465 nont

989 2477 1167 2512 arbitraria,
1185 2475 1237 2508 sed
1255 2476 1400 2515 capitali,
1418 2473 1705 2512 animadverfione,
1723 2473 1861 2507 confun-

990 2519 1107 2549 derem.
1150 2517 1250 2560 Quod
1274 2517 1416 2557 alioquin
1439 2516 1521 2547 adeo
1540 2515 1646 2547 secure
1665 2514 1720 2547 fit:
1743 2523 1778 2547 ut
1793 2525 1862 2548 non

990 2558 1058 2591 satis
1074 2559 1175 2590 mirari
1194 2559 1354 2599 potuerim
1365 2581 1374 2596 ,
1390 2566 1454 2589 non
1470 2557 1722 2589 animadvertere
1740 2557 1792 2588 hie
1808 2557 1864 2598 Ju-

990 2599 1198 2632 risconsultos
1217 2600 1365 2639 praeclara
1382 2598 1484 2636 fama,
1507 2608 1544 2630 ea
1562 2607 1629 2639 quae
1649 2598 1755 2630 civilia
1773 2597 1860 2640 sunt,

990 2643 1112 2683 privata
1136 2641 1272 2682 partium
1293 2641 1432 2672 utilitate
1456 2638 1560 2672 finiri:
1584 2639 1758 2671 criminalia
1782 2650 1861 2672 vero

991 2683 1029 2714 ad
1046 2683 1193 2722 exempla
1215 2681 1372 2721 speuare3
1397 2690 1502 2720 neque
1523 2681 1607 2713 aliud
1630 2690 1744 2723 agere,
1767 2690 1864 2721 quam

991 2731 1026 2755 ut
1050 2724 1117 2755 laesa
1144 2723 1326 2763 reipublicae
1349 2722 1511 2762 disciplina
1536 2722 1750 2763 delinquentis
1766 2731 1862 2763 poena

991 2774 1087 2805 atque
1098 2764 1277 2795 infortunio
1291 2765 1487 2796 vindicetur:
1503 2763 1665 2805 postremo
1677 2787 1686 2803 ,
1700 2773 1761 2795 nec
1778 2772 1862 2794 utra-

992 2815 1053 2845 que
1071 2806 1101 2836 in
1119 2815 1182 2837 uno
1200 2814 1294 2845 atque
1310 2806 1425 2838 eodem
1441 2805 1546 2844 Foro,
1562 2815 1668 2846 neque
1680 2805 1719 2836 ab
1736 2814 1798 2836 uno
1814 2811 1860 2835 at-

991 2856 1053 2886 que
1071 2847 1186 2878 eodem
1203 2846 1406 2889 Magistratu,
1422 2847 1612 2885 examinari3
1628 2845 1680 2878 sed
1697 2845 1802 2877 civilia
1815 2845 1862 2884 J'u·

991 2887 1071 2919 dicia
1089 2889 1127 2919 ad
1145 2889 1313 2927 Praetoris,
1337 2889 1507 2921 criminalia
1524 2890 1562 2920 ad
1580 2887 1723 2920 Praefecu
1742 2884 1858 2925 Urbis,

990 2929 1209 2970 cognitionem
1222 2931 1392 2970 pertinere.
1426 2929 1537 2963 Habes
1555 2929 1704 2973 summam
1722 2925 1859 2966 Operis,

990 2979 1084 3010 quarn
1102 2971 1219 3011 patitur
1231 2972 1343 3004 modus
1359 2971 1569 3005 Praefationis.
1594 2978 1679 3000 nunc
1694 2966 1792 3013 ipsum
1809 2976 1862 3014 ag-

989 3013 1137 3053 gredior‚
1154 3012 1184 3044 &
1201 3014 1288 3053 quod
1305 3013 1408 3054 poscit
1426 3011 1582 3053 elegantia
1599 3017 1756 3046 materiae,
1773 3008 1860 3041 dein-

989 3056 1030 3127 Re
1047 3053 1179 3127 igngula,
1203 3063 1294 3095 quam
1312 3062 1430 3096 potero
1455 3050 1704 3094 diligentissime,
1727 3049 1860 3083 demon-

1016 3104 1046 3128 ra
1072 3105 1103 3127 o.

1074 3199 1177 3233 Nun
1786 3193 1859 3227 CA.
