2052 3487
1469 69 1489 81 2

524 108 838 143 Paemani-uix
888 104 1013 152 Jums
1063 106 1237 142 Civitts
1289 106 1383 144 [ΑΒ.
1435 105 1484 142 11.

112 201 190 234 toris
207 199 327 241 periit?
349 205 380 230 at
396 203 461 229 tum
473 219 482 235 ‚
500 195 627 233 hercle,
643 194 664 226 si
680 202 793 226 contra
810 194 974 228 testamen-

112 250 202 281 tum,
226 250 260 273 tit
285 238 513 275 inofficiosum,
543 237 720 276 judicatur,
744 245 808 268 non
835 238 976 268 creditur

112 285 282 317 desune'tus
298 305 308 321 ,
340 279 515 312 testamenti
539 278 711 309 factionem
736 277 884 309 habuisse.
909 287 974 309 non

110 327 197 359 idem
216 322 412 365 probandum
430 320 495 358 est,
519 327 591 350 cum
609 320 696 351 36101·
712 318 847 358 desistit,
864 328 975 359 aecep-

112 375 185 399 tave
205 373 296 406 parte
310 370 490 403 componit.
533 361 644 401 Adjice
660 361 727 398 his,
751 362 840 401 quod
856 361 976 401 privata

111 406 289 441 conventio
305 403 359 436 etfi
376 403 610 444 paciscentibus
629 408 763 439 noceat,
775 403 853 434 alios
870 410 974 433 tamen

111 458 148 481 ut
171 448 283 485 laedat,
308 454 413 485 neque
436 452 561 485 aequum
581 442 645 482 est,
669 452 774 483 neque
788 442 921 483 justum:
945 444 974 474 ὅ(

110 491 185 522 ideo
210 489 314 528 scripti
340 486 464 518 heredis
488 486 661 525 matrisque
685 485 898 516 transactione
921 494 973 516 ne-

110 541 174 571 que
191 529 343 561 resciss‘um
363 526 584 559 testamentum
604 525 648 557 est
660 550 668 564 ‚
686 535 790 565 neque
808 527 973 558 manumis-

100 573 147 606 ‹sis
165 573 216 603 vel
235 570 390 612 legatariis
408 569 548 600 actiones
566 568 624 598 sua:
642 568 800 608 ademptae
818 566 897 598 sunt.
931 568 974 598 At

109 615 194 646 enirn
216 611 318 643 amissa
335 610 380 642 est
398 620 468 650 pars
484 610 653 640 bonorum.
691 608 779 651 Quid
796 608 890 640 tum?
913 609 973 640 alia

109 655 270 687 hereditas
291 652 356 690 est,
381 653 439 683 alia
461 651 545 682 bona
564 650 754 682 hereditaria
790 651 837 682 his
856 659 970 690 8011)οι

107 706 141 729 ra
164 695 280 735 singula
306 692 522 734 designantur3
547 693 598 724 illa
623 692 806 723 universitas
833 692 923 723 venit
942 701 971 722 e-

109 738 183 769 tiam
201 737 264 768 sine
279 735 479 776 corporibus.
497 733 551 765 ista
568 735 669 765 oculis
686 734 851 765 incurrunt
870 735 898 764 ὄι
918 731 973 763 sub

109 779 226 810 tastum
245 777 383 815 cadunt·‚
407 777 459 807 illa
473 776 579 807 animo
595 775 754 813 cernitur,
779 775 863 816 tangi
879 783 973 806 manu

108 829 173 852 non
190 817 295 860 potest
310 824 329 849 t.
350 823 370 848 t.
390 815 463 858 Inft,
483 819 516 848 de
531 818 612 848 rebus
630 817 828 856 corporalibus.
853 817 970 855 poili-e-

109 870 163 894 mo
180 869 249 901 quae
265 859 357 890 heres
378 866 486 897 tenet,
509 867 578 898 quae
597 858 713 895 habet,
735 867 805 897 quae
823 857 972 897 poffidet‚

108 903 178 935 haec
197 901 320 933 auferre
334 902 362 931 ei
382 902 409 931 Gt
428 900 557 931 fortuna
574 900 603 930 ὃ(
621 899 729 939 injuria
746 898 870 940 potest,
882 897 973 939 ipsius

108 953 237 985 quoque
262 943 427 974 voluntate
453 942 628 973 alienantur
649 951 659 980 3
690 939 851 971 hereditas
876 949 971 978 vero,

108 987 203 1017 etiam
230 984 349 1017 traditis
373 983 420 1014 his
444 982 597 1015 amiffisve
615 1005 624 1020 ‚
652 983 743 1013 durat
770 983 798 1012 <St
821 981 971 1012 heredem

107 1027 246 1066 sequitur
264 1026 283 1057 l.
301 1035 350 1065 43.
368 1024 396 1067 §.
415 1036 442 1065 3.
464 1024 505 1055 D.
528 1026 560 1055 de
574 1024 692 1064 vulgari
707 1033 741 1054 ac
753 1023 896 1064 pupillari
901 1023 970 1062 suh-

101 1066 263 1110 stitutione.
294 1066 366 1098 Nec
393 1067 507 1097 mirum
532 1066 645 1106 igitur;
667 1064 688 1096 ss
711 1065 754 1103 is,
778 1065 854 1095 licet
877 1064 972 1095 rebus

109 1109 293 1141 hereditatis
314 1117 387 1139 cum
410 1117 499 1145 eam,
524 1115 591 1138 tum
617 1105 857 1144 testamentum,
882 1105 971 1136 rede-

107 1152 219 1189 merit,
243 1157 348 1180 tamen
373 1150 527 1190 legatariis
552 1157 589 1179 ac
605 1146 791 1178 manumiffis
816 1154 970 1178 teneatur.

109 1191 219 1234 Quid,
241 1191 262 1223 ss
289 1192 318 1221 in
347 1190 560 1221 transactione
583 1188 683 1229 passus
706 1187 762 1225 fit,
786 1188 838 1219 [ibi
865 1187 971 1218 caveri

108 1242 168 1274 pro
183 1232 330 1264 oneribus
350 1229 681 1262 hereditariis?a‹lhuc
698 1230 781 1260 idem
798 1229 970 1260 dicendum

107 1275 171 1313 est,
193 1273 242 1305 scd
260 1272 324 1304 hoc
339 1273 490 1312 amplius,
513 1273 600 1312 quod
620 1272 644 1301 is
664 1279 796 1302 matrem
815 1269 868 1301 suo
890 1270 970 1301 ordi-

106 1325 149 1347 ne
172 1321 298 1354 repetet
322 1314 472 1353 exemplo
491 1320 608 1354 einptae
627 1312 830 1352 venditaeque
849 1311 969 1343 liei-edi-

108 1357 200 1393 tatis‚
224 1357 264 1386 de
288 1364 347 1394 qua
372 1356 403 1386 in
424 1355 442 1385 l.
465 1364 492 1386 2.
518 1355 551 1386 C.
577 1357 610 1385 de
626 1355 780 1384 hereditate
797 1353 843 1383 vel
861 1351 971 1384 afflone

106 1398 224 1429 vendita
266 1395 354 1440 Quid
373 1420 383 1435 ,
414 1395 436 1427 fi
460 1406 525 1428 non
549 1397 635 1427 cavit
660 1394 742 1426 sibi?
767 1395 829 1434 jam
854 1394 970 1431 habet,

107 1442 196 1480 quod
218 1437 271 1470 sibi
298 1439 458 1478 imputet,
487 1438 615 1478 quando
639 1437 864 1478 negligentiam
889 1435 970 1467 stiam

106 1477 145 1511 311
160 1480 293 1511 3118113111
309 1480 452 1519 injuriam
468 1479 588 1510 referre
605 1487 669 1509 non
686 1479 793 1509 debet.
829 1476 872 1508 Ita
892 1482 972 1507 bcae·

105 1522 178 1553 vola
196 1522 226 1552 d.
241 1521 258 1551 l.
278 1531 305 1562 3.
331 1530 403 1552 curn
422 1530 528 1561 eoque
547 1521 642 1551 etiam
667 1520 750 1559 paria
766 1518 844 1550 facit
865 1517 971 1559 Ulpia-

105 1562 211 1634 nusbl.
237 1571 284 1598 2¹)-
309 1561 337 1604 §
363 1572 391 1594 2.
415 1561 458 1593 D.
484 1563 517 1593 de
540 1560 691 1604 inofficiosi)
711 1558 873 1601 teliainenzo
890 1582 900 1598 ,
929 1559 970 1591 sic

139 1613 160 1634 11
207 1612 252 1635 ns.

105 1605 135 1635 ic
144 1614 290 1692 ‘Qi—:tzmvz‘s
312 1642 446 1685 instituta
467 1641 614 1684 inofficiosi
629 1641 790 1682 testamenti
812 1642 968 1683 accusatio-

164 1696 217 1724 ne,
242 1695 286 1717 res
310 1684 500 1717 transafflone
521 1685 611 1722 decisa
629 1685 686 1723 fit,
709 1691 804 1715 tamen
820 1683 956 1724 testamen

168 1733 231 1758 tum
245 1729 276 1757 in
293 1730 339 1758 suo
350 1727 417 1768 jure
433 1732 544 1764 manet,
569 1725 606 1760 {5⁹
622 1728 681 1757 ideo
702 1728 775 1757 darre
791 1728 822 1757 in
839 1735 866 1756 eo
887 1726 966 1756 liber-

165 1774 240 1799 tates
254 1775 339 1809 atque
356 1769 466 1810 legata,
488 1777 578 1808 usque
593 1777 647 1809 quo
665 1767 794 1799 Falczslz'a
805 1768 969 1808 permittit,

158 1809 246 1848 suam
269 1810 371 1840 habent
386 1807 560 1849 potestatem.

105 1849 206 1892 Igitur
230 1859 294 1881 non
318 1849 363 1881 est
386 1850 491 1887 causa,
515 1859 570 1880 cur
586 1848 722 1880 insolens
742 1849 888 1880 videatur
906 1850 969 1880 cui-

106 1898 201 1932 quam
220 1914 228 1929 ‚
260 1891 346 1932 quod
371 1891 400 1923 &
426 1891 612 1922 auctoritate
635 1890 714 1930 Juris
734 1891 917 1927 convictus,
938 1890 969 1921 &

106 1933 289 1964 testimonio
311 1931 434 1972 Ulpiani
459 1942 495 1963 ac
513 1932 688 1970 Scaevolae,
712 1931 810 1972 ipsum
827 1930 969 1971 suspicor

104 1973 283 2006 Scaevolam
307 1976 336 2004 in
353 1975 380 2004 d.
400 1974 418 2003 l.
446 1983 489 2012 14.
514 1982 553 2004 ex
572 1981 658 2004 certa
680 1974 834 2004 incertam
858 1971 968 2004 fecisse

106 2015 350 2046 successionem:
372 2016 479 2056 gratiae
505 2022 539 2045 ut
562 2014 669 2045 locum
696 2015 805 2053 dai-et3
828 2021 923 2054 atque
939 2023 968 2044 a·

105 2057 222 2088 micum
243 2066 282 2087 ex
299 2055 534 2095 Tlic‹·›piirasti‚
560 2054 745 2093 Ciceronis,
770 2063 866 2094 atque
891 2055 967 2086 alio-

104 2105 192 2133 111111,
217 2098 384 2137 praeceptis
411 2097 473 2128 istis
499 2098 539 2127 de
563 2098 675 2137 quibus
701 2096 736 2127 A.
755 2095 879 2127 Gellius
895 2098 921 2127 d.
943 2106 967 2126 c.

104 2147 134 2179 3.
156 2138 201 2169 lib.
225 2148 239 2170 ⁷1
277 2139 455 2180 imaginaria
481 2138 689 2179 ambiguitate
711 2138 851 2176 juvaret3
873 2146 969 2178 quern

106 2180 228 2252 servare
251 2180 336 2212 salvo
355 2180 442 2220 jure,
466 2179 622 2220 salvisque
648 2179 784 2220 legibus,
809 2188 874 2210 non
898 2188 968 2219 pos-

120 2229 164 2253 et.

147 2272 175 2300 4,
198 2260 322 2294 Tamen
340 2261 361 2293 fi
377 2263 444 2302 quis
462 2260 498 2292 sit
514 2261 698 2300 studiosior,
723 2271 816 2302 quarn
836 2271 890 2302 pai·
905 2260 950 2292 est
962 2285 971 2301 ,

108 2301 280 2341 S'caevolae3
303 2304 367 2343 ejus
394 2304 525 2334 honoris
549 2303 637 2334 causa
660 2303 712 2334 hic
734 2304 868 2334 aliorum
893 2313 968 2343 quo-

109 2349 171 2384 que
190 2345 303 2384 placita
318 2354 490 2384 apponam:
516 2345 569 2385 qui
588 2345 787 2385 experiatur,
806 2344 827 2376 fi
846 2345 921 2385 quid
938 2345 970 2376 in

109 2384 157 2417 his
175 2394 227 2416 aut
244 2387 348 2416 verius
365 2385 419 2424 fit,
431 2394 484 2416 aut
500 2387 734 2425 componendae
751 2386 896 2417 seditioni
917 2395 966 2426 ap-

110 2427 183 2457 tius.
208 2426 249 2457 Et
271 2427 357 2467 plura
380 2426 544 2458 Accurfius
564 2427 668 2458 adfert
685 2429 714 2458 in
733 2427 830 2468 Gloffa
847 2429 884 2458 ad
900 2428 927 2458 d.
949 2428 968 2458 l.

113 2477 157 2505 14.
180 2470 211 2498 in
225 2471 366 2509 ι1111111110
379 2475 462 2508 parte
477 2469 660 2506 hereditatis,
683 2478 722 2500 ex
741 2470 854 2510 quibus
872 2469 922 2499 alii
942 2478 970 2500 a-

109 2509 149 2540 lia
165 2509 194 2540 6(
209 2509 331 2541 sumunt
347 2510 376 2540 ἃ
394 2510 542 2550 probant.
567 2509 616 2541 Ex
632 2509 680 2542 his
697 2519 792 2542 unum
811 2510 875 2548 est,
887 2510 967 2540 Scae·

110 2551 215 2581 volam
234 2551 273 2582 de
290 2551 443 2592 legatariis
461 2550 608 2583 disserere
625 2552 656 2583 in
674 2553 702 2582 ci.
719 2552 736 2582 l.
756 2562 785 2593 3.
810 2553 849 2583 de
868 2552 968 2583 credi-

111 2592 233 2624 toribus
256 2593 287 2623 in
304 2596 330 2622 d.
350 2593 368 2623 l.
390 2602 433 2632 14.
456 2593 539 2623 aliud
555 2601 661 2624 autem
682 2593 903 2634 legatariorum
916 2616 925 2630 ‚
941 2602 965 2623 a·

111 2633 175 2664 liud
201 2634 415 2671 creditorum,
437 2634 484 2674 jus
508 2634 591 2666 esse:
614 2635 733 2675 quippe
756 2635 858 2675 legata
881 2633 968 2664 testa-

112 2681 222 2705 mento
238 2674 366 2713 deberi,
389 2675 428 2706 ab
445 2676 594 2706 intestato
613 2685 676 2706 non
696 2676 823 2707 deberi:
848 2685 885 2706 ea
902 2683 969 2714 gra-

114 2715 157 2743 tia
173 2715 337 2755 legatarios
355 2719 386 2747 in
406 2719 529 2748 incerto
545 2716 743 2748 succeffionis
761 2726 832 2748 cum
851 2716 970 2747 herede

115 2752 230 2795 scripto
246 2755 380 2797 experiri
397 2758 482 2789 reste
498 2765 593 2797 atque
615 2760 750 2797 ordine3
773 2766 844 2788 cum
870 2758 969 2798 legiti-

114 2802 168 2840 mo
184 2805 246 2841 non
261 2806 358 2837 aeque.
378 2799 419 2829 ita
438 2798 566 2839 quidem
581 2800 612 2830 in
634 2800 743 2840 legatis
758 2799 807 2838 jus
826 2797 906 2837 effe3
920 2798 972 2830 sed

116 2836 200 2866 aliud
221 2845 252 2867 in
278 2846 337 2869 aere
355 2840 459 2871 alieno
479 2840 644 2872 obtinere:
669 2850 738 2871 nam
758 2841 822 2871 1108
839 2846 902 2872 tam
920 2839 972 2870 he-

116 2877 225 2907 redem
249 2878 421 2922 legitimum
443 2881 580 2920 debere,
605 2891 697 2921 quarn
714 2881 881 2922 scriptum:
907 2881 935 2912 ἃ
951 2881 971 2911 i·

115 2918 178 2963 deo
197 2920 368 2963 creditores
384 2923 479 2961 magis
494 2922 640 2954 adversus
655 2931 825 2963 utrumque
842 2922 971 2953 utilibus

114 2958 309 3005 actionibus,
333 2969 425 2998 quam
447 2963 478 2993 in
503 2963 636 2996 solidum
654 2964 802 2995 adversus
817 2965 971 3001 alterum,

115 3001 279 3046 congredi.
324 3001 474 3033 Placitum
500 3004 532 3036 id
550 3005 686 3037 Accurfii
711 3015 825 3036 unum:
849 3004 972 3044 sequuti

115 3040 234 3087 Summi
253 3041 319 3072 Viri
330 3065 339 3080 ‚
357 3041 493 3082 Jacobus
507 3045 653 3085 Cujacius
672 3048 702 3078 &
717 3046 902 3087 Eguinarius
917 3046 972 3077 Ba-

117 3091 154 3112 ro
173 3092 202 3113 in
221 3090 365 3114 comment.
383 3085 422 3114 ad
436 3085 463 3114 d.
480 3085 499 3115 l.
514 3095 543 3126 3.
561 3085 613 3118 sed
628 3097 722 3127 quam
738 3085 841 3124 18ξ18,
865 3088 918 3118 vix
935 3097 970 3119 o-

116 3131 174 3163 pus
197 3123 258 3163 est,
282 3132 316 3156 ut
337 3125 478 3166 plui-ibus
500 3135 694 3161 memorem:
718 3130 874 3170 primum,
899 3131 971 3169 quia

1840 119 1881 155 31

1019 195 1242 228 testamentum
1265 193 1390 228 constat
1415 197 1566 238 valetque
1587 196 1682 230 etiam
1700 198 1752 230 illa
1771 197 1802 230 in
1819 198 1884 239 spe·

1018 238 1086 275 cie3
1103 237 1132 268 ὅ(
1148 237 1212 268 1108
1231 238 1273 269 1111
1290 236 1431 270 fatentur
1446 240 1499 279 qui
1516 239 1607 270 aliter
1623 238 1781 271 sentiunt:
1799 240 1886 272 dein-

1019 279 1059 309 de
1076 286 1163 310 certa
1179 278 1329 310 succeffio
1346 279 1409 318 est,
1435 280 1516 311 haud
1532 281 1673 320 incerta,
1698 280 1753 312 nisi
1770 281 1885 313 sortas-

1019 318 1049 350 se
1073 319 1120 350 his
1147 320 1262 360 quibus
1286 321 1406 352 incerta
1424 322 1548 353 omnia:
1572 330 1725 362 praeterea
1743 321 1799 354 etfi
1815 332 1886 354 cre-

1018 361 1176 392 ditoribus
1204 368 1290 400 tum,
1314 371 1386 394 cum
1411 361 1546 394 intestati
1570 362 1658 395 causa
1681 363 1744 403 est,
1768 364 1884 405 agendi

1015 402 1065 442 jus
1081 401 1117 434 sit
1135 402 1283 434 adversus
1302 403 1463 445 legitimos
1483 403 1638 445 lieredes3
1662 405 1705 436 nil
1726 413 1830 437 tamen
1850 406 1885 437 id

1017 444 1056 474 ad
1074 442 1210 484 speciem
1227 445 1255 475 d.
1273 444 1292 475 l.
1316 454 1361 481 14.
1385 445 1416 476 in
1433 454 1493 486 qua
1510 455 1550 477 ex
1569 445 1759 478 testamento
1776 445 1883 478 succe-

1018 486 1123 524 ditur,
1145 494 1211 516 non
1227 495 1267 517 ex
1285 486 1365 526 lege.
1408 486 1470 518 Sed
1487 487 1654 529 profligata
1679 487 1724 520 est
1742 488 1884 520 Accurfii

1017 527 1117 567 prima
1141 525 1305 558 sententia.

1055 579 1084 608 5.
1110 567 1199 611 Quid
1216 568 1337 600 altera?
1352 575 1405 600 aut
1422 568 1484 600 effe
1500 572 1620 611 partem
1637 570 1824 603 hereditatis
1844 571 1884 602 ad

1016 608 1169 641 heredem
1192 609 1368 650 legitimum
1387 609 1583 650 transsatam,
1607 619 1661 642 aut
1682 619 1804 652 partem
1826 612 1884 643 bo-

1015 659 1149 683 norum:
1170 649 1192 682 fi
1207 651 1279 689 ista,
1305 652 1407 683 teneri
1421 652 1573 684 heredem
1590 653 1738 693 scripturn
1759 663 1799 685 ex
1817 655 1844 685 d.
1862 654 1882 684 l.

1016 702 1045 732 3.
1065 691 1174 730 fiilia,
1198 700 1366 732 utrumque
1391 702 1431 724 ex
1457 695 1484 725 d.
1509 694 1528 725 l.
1559 704 1605 734 14.
1627 694 1791 726 Sententia
1814 695 1884 725 haec

1015 733 1131 765 altera:
1156 734 1230 764 huic
1249 731 1355 764 Zasius
1374 734 1599 775 adstipulatur,
1623 735 1761 767 Paratitl.
1782 737 1818 767 ad
1834 739 1882 767 tit.

1016 774 1044 806 P
1069 776 1101 805 tle
1119 774 1380 813 transactionibus,
1403 786 1432 807 n.
1455 785 1500 816 14.
1527 776 1597 818 Ego
1616 787 1693 808 vero
1713 778 1743 809 in
1759 787 1795 808 ea
1810 786 1884 809 cum

1019 815 1160 849 Accursii
1180 839 1189 854 ,
1223 824 1290 847 tum
1312 815 1412 855 Zasii,
1434 817 1585 858 judicium
1605 827 1735 858 quaero:
1758 819 1884 850 aberrat

1016 858 1101 888 enim
1124 867 1141 887 a
1166 858 1304 888 decretis
1330 857 1498 890 Veterum:
1523 860 1575 899 qui
1600 859 1810 891 hereditatem
1825 869 1883 900 pu-

1017 899 1102 930 blico
1126 899 1296 930 censebant
1319 899 1417 939 jui·e;
1448 901 1482 932 id
1505 901 1569 940 est,
1594 901 1805 938 testament0‚
1829 909 1883 932 aut

1015 940 1102 980 lege:
1137 949 1200 970 non
1226 940 1322 980 pactis
1347 942 1526 973 conventis.
1570 943 1705 974 Accedit
1733 943 1771 975 ad
1795 942 1881 980 hoc,

1017 983 1103 1020 quod
1131 980 1266 1012 Veteres
1288 991 1361 1012 eum
1387 984 1439 1022 qui
1458 982 1551 1014 semel
1569 983 1662 1015 heres
1679 984 1760 1022 fuit,
1785 987 1881 1016 etiam

1016 1022 1127 1053 amiffis
1159 1022 1322 1052 traditisve
1350 1023 1445 1054 bonis
1471 1025 1668 1056 hereditariis
1687 1048 1696 1062 ,
1728 1026 1881 1057 heredem

1016 1063 1078 1094 eise
1101 1063 1339 1104 intelligebant:
1364 1067 1393 1094 in
1412 1072 1551 1104 tantum,
1570 1075 1622 1103 ut,
1640 1067 1714 1098 licet
1729 1067 1781 1098 vel
1798 1076 1883 1106 quae-

1015 1106 1085 1136 dam
1103 1127 1112 1143 ‚
1146 1105 1196 1136 vel
1221 1105 1350 1143 omnia,
1380 1105 1464 1137 bona
1487 1107 1698 1139 transaCtione
1723 1107 1883 1140 dimisisset

1015 1156 1054 1177 ex
1078 1146 1274 1183 hereditate,
1299 1154 1401 1177 tamen
1426 1157 1497 1179 eum
1525 1157 1627 1188 neque
1648 1149 1881 1188 hereditatem,

1014 1197 1120 1227 neque
1142 1187 1208 1227 ejus
1234 1195 1355 1228 partem
1375 1211 1384 1225 ,
1417 1197 1470 1220 aut
1492 1189 1636 1221 alienasse
1660 1200 1714 1222 aut
1738 1190 1882 1222 dimisisse

1015 1229 1239 1260 existimarent.
1283 1227 1334 1259 Ne
1360 1238 1500 1269 repetam
1526 1232 1633 1262 omnia
1649 1241 1718 1271 quae
1737 1232 1823 1272 supi-a
1842 1232 1882 1264 ad

1015 1271 1048 1302 id
1067 1270 1265 1310 probandum
1282 1270 1391 1308 attuli,
1409 1279 1531 1303 tantum
1550 1273 1638 1304 lubet
1659 1273 1711 1303 1118
1729 1273 1882 1305 adscribe-

1014 1322 1048 1343 re
1071 1311 1196 1352 Ulpiani
1225 1310 1449 1351 Fragmentum
1475 1314 1601 1354 elegans
1627 1323 1667 1344 ex
1689 1315 1735 1346 tit.
1763 1324 1806 1351 19.
1832 1324 1884 1346 cu-

1012 1354 1061 1394 jus
1082 1353 1174 1384 verba
1194 1353 1266 1384 talia
1288 1357 1366 1384 lunt.
1390 1354 1422 1384 Si
1441 1355 1601 1394 heredum,
1621 1353 1805 1397 posteaquam
1822 1356 1883 1387 adi-

1015 1402 1046 1425 ta
1063 1393 1121 1433 esi,
1144 1395 1254 1436 injure
1271 1393 1342 1434 ceffa
1363 1393 1422 1434 est,
1445 1405 1526 1435 eum,
1550 1407 1568 1427 a
1586 1407 1640 1438 quo
1658 1395 1728 1437 ceffa
1745 1396 1783 1437 est
1795 1421 1803 1435 ‚
1828 1399 1883 1437 (ut

1016 1435 1163 1476 Cui-acius
1186 1436 1304 1466 ibidem
1329 1437 1424 1477 legit,
1449 1438 1519 1476 vel,
1543 1445 1578 1469 ut
1596 1439 1753 1470 Antonius
1780 1437 1884 1470 Faber

1015 1478 1137 1509 mavult
1154 1483 1231 1518 part.
1257 1486 1285 1517 3,
1317 1476 1362 1508 De
1383 1481 1525 1509 erroribus
1545 1480 1814 1521 Pragirzatz'coruin,
1838 1481 1884 1510 tle-

1014 1521 1076 1550 cad.
1098 1528 1145 1560 70.
1163 1529 1186 1549 c.
1205 1528 1235 1548 X.
1255 1528 1318 1549 eum
1333 1519 1384 1559 qui
1397 1518 1490 1560 ceffic)
1501 1527 1668 1561 permanere
1684 1522 1809 1552 heredem
1820 1545 1828 1560 ‚
1845 1519 1882 1555 &³

1013 1562 1046 1591 ob
1064 1561 1093 1591 id
1109 1561 1293 1591 creditoribus
1309 1560 1439 1600 defuncti
1455 1571 1568 1592 manere
1589 1562 1764 1603 obligatum:
1787 1564 1883 1594 dehita

1013 1612 1079 1633 vero
1093 1603 1203 1642 perire,
1225 1602 1255 1632 id
1273 1599 1329 1641 eft,
1352 1603 1486 1633 debitores
1507 1603 1638 1643 desunffl
1656 1604 1779 1635 liberari,
1810 1603 1854 1635 En
1868 1626 1879 1642 ,

1014 1643 1034 1675 fi
1060 1653 1124 1674 non
1152 1651 1289 1683 corpora
1312 1643 1363 1673 seu
1385 1643 1470 1674 bona
1491 1643 1696 1683 hereditatis,
1721 1644 1773 1676 sed
1789 1644 1809 1676 fi
1826 1645 1883 1676 he·

1013 1685 1131 1716 reditas
1150 1684 1179 1715 in
1193 1684 1261 1724 jure
1278 1683 1357 1715 cessa
1374 1684 1502 1722 fit,five
1519 1685 1601 1717 hanc
1617 1686 1784 1718 transactio
1801 1695 1881 1726 prae-

1013 1726 1157 1764 cefferit,
1179 1725 1243 1757 sive
1265 1726 1325 1757 alia
1348 1726 1455 1765 causa,
1479 1736 1552 1758 eum
1573 1729 1625 1768 qui
1643 1728 1747 1765 ceffit,
1772 1727 1802 1759 &
1825 1727 1882 1759 he-

1013 1769 1121 1799 redem
1148 1776 1295 1805 manere,
1319 1766 1349 1798 &
1366 1768 1583 1799 creditoribus
1603 1777 1710 1801 teneri.
1737 1769 1772 1800 fit
1790 1770 1885 1810 igitur

1013 1809 1098 1840 idern
1122 1810 1152 1839 in
1177 1808 1282 1847 specie
1309 1809 1338 1838 d.
1364 1808 1383 1839 l.
1405 1818 1450 1848 14.
1470 1809 1502 1840 id
1522 1809 1587 1848 est3
1610 1811 1639 1841 in
1663 1813 1884 1842 conventione

1011 1851 1086 1896 juris
1102 1850 1265 1891 gentium3
1289 1849 1326 1880 ad
1342 1857 1434 1895 quam
1450 1859 1487 1882 ea
1503 1851 1549 1882 vis
1567 1852 1669 1883 civilis
1687 1852 1885 1893 legitimique

1010 1893 1087 1931 Juris
1104 1900 1168 1922 non
1188 1897 1380 1931 penetraVit.

1049 1936 1080 1963 6.
1105 1932 1254 1972 Sequitur
1278 1931 1370 1962 tertia
1394 1931 1530 1964 Accurfii
1553 1933 1734 1973 conjectura
1759 1943 1829 1975 quae
1850 1933 1883 1966 ἃ

1011 1972 1067 2012 ipsi
1094 1972 1154 2004 visa
1177 1972 1222 2003 est
1244 1971 1404 2012 subtilior,
1429 1974 1458 2004 ὅ(
1478 1974 1621 2005 Antonio
1638 1974 1742 2007 Fabro
1766 1977 1797 2007 in
1823 1975 1886 2006 Ra-

1011 2015 1139 2046 tionalib.
1158 2015 1195 2045 ad
1210 2015 1238 2046 cl.
1257 2014 1346 2053 l.—14.
1373 2015 1470 2056 magis
1489 2015 1605 2055 placet.
1624 2016 1700 2056 quid
1719 2016 1780 2048 ea?
1808 2015 1885 2048 defi·

1011 2056 1167 2087 nitionem
1193 2057 1220 2086 d.
1248 2055 1267 2086 l.
1295 2065 1325 2096 3.
1350 2056 1466 2095 probat
1489 2063 1574 2094 tum,
1599 2057 1651 2088 ubi
1681 2059 1766 2089 valet
1790 2057 1885 2089 testa-

1013 2105 1175 2135 mentum,
1200 2106 1260 2128 nec
1281 2097 1385 2136 potest
1411 2098 1501 2138 aliter
1520 2097 1672 2137 rescindi,
1696 2108 1788 2139 quam
1808 2109 1884 2139 que-

1013 2139 1088 2170 rela.
1105 2139 1179 2179 quid
1191 2163 1199 2177 ‚
1217 2137 1238 2169 si
1256 2138 1287 2168 id
1304 2137 1414 2170 falsum
1427 2161 1436 2177 ,
1451 2137 1562 2179 ipsove
1576 2140 1644 2179 jure
1662 2141 1783 2172 irritum
1795 2164 1803 2178 ‚
1820 2140 1883 2173 fit?

1010 2180 1071 2220 jaim
1101 2188 1209 2220 putat,
1232 2179 1372 2210 referre:
1394 2188 1499 2211 utrum
1526 2181 1734 2212 transactione
1753 2180 1788 2216 fit
1809 2191 1883 2222 pro-

1013 2221 1095 2253 festa
1121 2231 1169 2252 res
1193 2229 1280 2252 certa
1298 2244 1307 2259 ‚
1338 2231 1375 2252 :in
1401 2222 1510 2261 portio
1534 2222 1743 2255 hereditatis:
1778 2224 1882 2254 altero

1013 2264 1083 2293 calu
1101 2270 1254 2304 oportere
1273 2262 1425 2293 heredem
1445 2263 1615 2303 scriptum,
1639 2265 1743 2295 altero
1761 2271 1880 2296 utrum-

1013 2314 1075 2343 que
1092 2328 1101 2343 ‚
1136 2304 1322 2335 conveniri:
1353 2302 1501 2335 suadente
1527 2305 1651 2335 incerto
1681 2305 1881 2338 succeflionis

1012 2348 1043 2376 in
1066 2347 1094 2376 d.
1111 2345 1132 2376 l.
1153 2355 1198 2383 14.
1237 2345 1278 2376 At
1296 2344 1370 2376 mihi
1390 2354 1449 2375 nec
1470 2345 1524 2376 ista
1544 2346 1726 2386 conjectura
1743 2347 1879 2379 arridet:

1013 2396 1085 2418 nam
1109 2397 1205 2426 quum
1229 2388 1261 2417 in
1285 2388 1313 2416 d.
1330 2386 1348 2416 ἰ.
1372 2385 1556 2425 simpliciter
1581 2386 1694 2418 scribat
1717 2387 1880 2427 Scaevola,

1013 2427 1261 2459 controversiain
1280 2428 1364 2458 inter
1382 2427 1558 2468 legitimum
1576 2428 1604 2459 ὅ(
1625 2427 1771 2467 scriptum
1788 2427 1882 2461 here-

1013 2471 1086 2501 dem
1102 2468 1191 2500 fuiffe
1207 2477 1328 2503 ortam3
1354 2477 1488 2509 eamque
1506 2469 1717 2501 transactione
1733 2479 1818 2501 certa
1837 2471 1880 2502 le-

1012 2521 1052 2552 ge
1067 2510 1148 2542 faeta
1165 2510 1226 2541 effe
1240 2509 1383 2542 finitam:
1399 2509 1525 2550 qnaeso,
1551 2520 1621 2551 quae
1637 2510 1681 2542 est
1700 2510 1808 2550 causa,
1825 2521 1881 2543 cur

1013 2562 1049 2583 ea
1070 2554 1101 2582 in
1124 2551 1228 2591 specie
1252 2555 1353 2583 minus
1377 2552 1516 2582 validum
1531 2575 1540 2590 ‚
1577 2561 1671 2592 quam
1694 2553 1805 2584 inutile
1827 2561 1881 2585 aut

1013 2592 1142 2632 sallum,
1165 2592 1256 2624 fuiffe
1274 2592 1514 2632 testamentum,
1537 2593 1729 2633 conjiciam?
1752 2594 1809 2627 His
1823 2595 1880 2626 ad-

1013 2635 1072 2673 de,
1092 2634 1179 2674 quod
1196 2634 1281 2666 nulla
1299 2633 1344 2665 est
1360 2634 1527 2665 transactio
1541 2635 1585 2666 rei
1605 2644 1702 2666 certae
1718 2643 1815 2676 atque
1833 2636 1879 2667 in-

1013 2676 1180 2708 dubitatae:
1211 2684 1333 2706 tantum
1355 2677 1570 2716 interponitur
1599 2677 1639 2708 de
1666 2686 1699 2708 re
1723 2677 1818 2708 dubia
1843 2686 1880 2708 38

1013 2718 1068 2749 lite
1088 2718 1225 2755 incerta,
1249 2725 1354 2757 neque
1372 2715 1459 2748 finita
1481 2717 1500 2748 l.
1523 2727 1548 2748 i.
1566 2717 1605 2748 D.
1625 2719 1657 2748 de
1673 2717 1879 2749 transueham-

1015 2762 1083 2790 lius:
1099 2767 1135 2789 ac
1152 2758 1305 2799 proinde,
1323 2766 1427 2790 utrum
1445 2758 1484 2789 ab
1500 2759 1592 2790 initio
1613 2759 1732 2791 nullum
1752 2768 1805 2791 aut
1822 2759 1879 2791 fal-

1014 2798 1080 2831 sum
1097 2800 1196 2831 fuerit
1212 2800 1434 2831 testamentum
1445 2823 1454 2839 ‚
1470 2809 1507 2831 an
1523 2809 1564 2831 ex
1577 2800 1735 2841 postfacto
1751 2804 1880 2832 demum

1015 2842 1141 2882 querela
1158 2841 1416 2879 rescindendum,
1439 2842 1514 2881 quid
1530 2842 1684 2874 interest?
1698 2843 1880 2882 qualecum-

1015 2892 1077 2924 que
1102 2883 1186 2914 enim
1213 2882 1310 2914 fuerit
1334 2883 1447 2914 vitium
1466 2883 1588 2922 dequo
1613 2883 1802 2915 transactum
1822 2882 1879 2922 fle,

1015 2934 1075 2965 pro
1092 2929 1215 2955 incerto
1232 2924 1303 2955 fuit.
1327 2932 1357 2955 at
1376 2934 1447 2964 quae
1464 2926 1583 2956 incerta
1601 2923 1689 2963 sunt,
1708 2933 1768 2955 nec
1785 2933 1881 2964 appa-

1015 2973 1086 2997 rent
1102 2965 1234 3003 satis‚ea
1250 2966 1383 3007 perinde
1402 2966 1622 3004 habentur,ac
1639 2965 1659 2997 fi
1679 2974 1741 2996 non
1761 2964 1878 2997 essent:

1014 3015 1048 3037 ut
1072 3008 1244 3039 commode
1269 3015 1364 3047 atque
1389 3007 1550 3048 eleganter
1570 3007 1694 3038 notavit
1711 3004 1879 3038 Udalricus

1013 3047 1136 3087 Zafius,
1157 3048 1194 3080 V.
1216 3047 1282 3080 CL.
1301 3050 1332 3080 in
1351 3050 1379 3079 d.
1398 3059 1428 3081 n.
1449 3058 1493 3089 ¹4·
1514 3050 1542 3079 &
1562 3047 1649 3088 supi-a
1666 3056 1683 3078 a
1699 3047 1794 3080 nobis
1806 3056 1879 3089 pro·

1014 3089 1124 3122 batum
1141 3090 1232 3123 latius
1249 3090 1296 3122 lib.
1321 3100 1346 3122 1.
1367 3100 1390 3122 c.
1410 3089 1463 3122 ult.
1483 3090 1521 3122 ad
1537 3088 1643 3122 fineiii.

1808 3258 1880 3293 CA-
