2036 3495
925 52 939 61 s

164 120 234 155 *134
578 102 621 139 ‘G
655 115 674 137 t:
707 113 730 137 R
763 112 783 138 A
814 112 837 136 tt
870 112 893 137 n
928 112 940 137 ι

128 198 139 201 ἡ
165 206 229 235 que
247 202 374 236 poterat
393 193 500 224 venire
516 200 573 231 per
594 190 767 230 querelam.
811 188 910 229 Igitur
938 191 1038 229 alter,

166 238 187 270 fi
204 238 331 278 quidem
349 232 494 273 repudiet
512 231 692 271 querelam,
708 230 778 261 fere
794 231 877 271 agit,
896 238 929 262 ut
948 240 1039 272 repu-

167 280 234 310 diet
259 276 430 317 legitimam
455 273 665 303 hereditatem
691 273 729 303 ad
758 280 871 311 quam,
896 279 930 302 ut
954 272 1039 312 dixi,

167 329 226 360 per
243 317 404 358 querelam
421 313 558 344 habebat
575 313 705 344 aditum.
728 313 807 343 alter
824 321 935 344 contra
948 338 956 351 ,
974 313 993 345 fi
1011 324 1039 345 a·

165 369 218 400 gat
236 357 383 398 querela,
406 355 436 386 id
454 363 562 393 curat;
587 362 619 385 ut
641 353 849 385 hereditatem
868 354 1038 395 legitimam

164 399 311 431 retineat.
335 396 571 435 consequenter
596 394 690 435 igitur
706 395 730 426 is
750 394 802 436 qui
819 396 857 426 ad
878 397 1038 434 querelam

165 449 231 472 non
248 438 390 477 accedit,
406 446 473 469 eam
485 435 672 477 repudians,
688 446 752 468 non
770 435 848 467 facit
861 438 888 468 ei
900 438 951 477 qui
965 447 1038 477 que-

162 482 241 513 ritur
259 486 381 521 partem
393 502 401 517 ‚
416 487 522 518 eoque
533 488 597 509 non
614 477 749 517 impedit
759 478 843 518 eijus
860 479 1038 510 accrescen-

164 523 214 560 di,
232 520 358 554 rescisso
376 519 566 551 testamento
583 520 613 550 in
632 526 736 550 totuin
753 519 772 550 l.
792 523 837 549 16.
856 519 892 554 ἑὸ)
912 530 956 560 17·
969 521 996 551 h.
1015 526 1037 551 t.

162 562 213 595 Ita
230 562 292 595 est:
318 560 503 593 hereditatis
522 559 637 602 petitio
655 569 724 598 quae
743 561 873 600 querela
892 562 1038 592 contine-

164 612 234 643 tur,
258 605 350 636 datur
373 603 522 634 omnibus
546 603 598 641 qui
618 601 745 642 poffunt
767 601 976 634 hereditatem
993 603 1039 634 su-

162 655 212 678 am
236 645 344 677 dicere
371 643 434 676 fine
458 642 653 681 discrimine,
678 651 782 674 utrum
809 652 878 675 eam
905 644 1041 676 habeant

160 687 229 728 jure
239 687 377 728 propriae
396 685 617 722 succellionis,
634 693 671 715 an
687 685 754 723 J'ure
769 684 970 716 accrescendi
982 686 999 716 l.
1012 697 1037 719 1.

162 739 192 760 2.
211 738 240 770 3.
257 729 304 760 D.
320 729 353 759 cle
368 727 459 758 bereti.
474 727 556 766 petit.
580 733 612 756 at
630 734 739 764 quarta
752 724 890 765 legitima
906 727 1039 758 exhere-

161 771 238 801 dato
255 779 319 801 non
340 769 393 800 dat
412 767 571 808 querelam
584 791 593 805 ,
617 767 649 798 id
666 766 729 805 est,
755 766 941 800 hereditatis
957 770 1037 808 peti-

162 813 301 842 tionem:
325 810 398 850 quin
416 818 488 840 eum
506 818 523 839 a
540 809 686 847 querela,
711 808 742 839 id
763 808 827 845 est,
853 808 1037 843 hereditatis

160 852 339 894 petitione,
358 857 519 882 removet.
539 849 669 880 interim
687 849 794 881 locum
813 850 908 881 habet
922 851 969 891 jus
987 861 1037 883 ac-

165 893 327 925 crescendi
343 900 466 923 tantum
484 892 567 922 inter
582 891 760 922 coheredes
776 899 838 921 tam
855 901 895 923 ex
913 892 983 933 lege
998 894 1037 924 ab

160 933 330 973 intestato,
354 942 449 973 quam
467 942 507 963 ex
525 932 734 964 testamento:
758 930 789 963 id
804 932 867 970 est,
883 932 966 965 inter
981 944 1038 966 eos

161 975 214 1017 qui
232 976 333 1007 altero
351 975 451 1006 modo
475 975 514 1004 ab
537 974 629 1005 initio
646 973 764 1005 habent
783 973 965 1007 hereditatis
984 984 1037 1016 pe-

161 1017 321 1049 titionem.
363 1014 440 1047 Non
458 1015 555 1055 igitur
570 1015 675 1056 potest
695 1015 914 1050 exheredato,
937 1017 1036 1048 fratre

159 1068 224 1090 non
244 1065 420 1097 querente,
445 1064 633 1096 competere
650 1058 698 1097 jus
718 1056 937 1095 accrescendi3
961 1068 1034 1090 cum

158 1099 188 1131 ei
208 1099 316 1131 relifta
332 1099 375 1130 est
386 1099 496 1139 portio
514 1097 655 1138 legitima
673 1107 728 1138 per
740 1107 832 1137 quam
851 1107 1037 1131 removetur

158 1151 175 1172 a
193 1141 342 1182 querela,
356 1139 388 1171 id
408 1139 472 1178 est,
488 1148 504 1170 a
523 1140 572 1170 via
589 1148 645 1179 per
664 1149 757 1180 quam
773 1148 844 1170 eum
862 1141 1036 1177 oportebat

155 1183 333 1223 legitimam
368 1181 580 1212 hereditatem
605 1187 735 1220 petere,
759 1180 947 1217 manifesto,
971 1182 1036 1213 hoc

159 1233 332 1264 numquam
346 1221 512 1259 obtinere,
536 1221 590 1253 nisi
607 1221 691 1253 inter
709 1232 765 1253 eos
785 1222 835 1261 qui
853 1222 890 1252 ad
912 1222 1034 1255 heredi-

159 1273 258 1297 tatem
280 1265 343 1297 five
366 1264 540 1304 legitimam
558 1287 568 1302 ,
601 1262 665 1295 sive
692 1263 973 1303 testamentariam,
997 1266 1036 1296 ah

160 1306 255 1338 initio
279 1306 396 1344 pariter
420 1312 594 1342 vocantur3
619 1305 705 1345 quod
730 1307 760 1336 in
785 1305 951 1345 propofito
970 1315 1036 1338 non

159 1347 241 1387 effe,
268 1347 297 1378 &
322 1346 374 1378 hic
398 1346 426 1378 &
451 1346 546 1387 paulo
568 1353 642 1376 ante
661 1345 707 1376 est
722 1347 889 1377 evidenter
906 1348 1036 1380 demon·

160 1389 302 1421 stratum.
328 1388 403 1419 Hoc
419 1388 497 1419 mihi
514 1395 617 1426 nune,
642 1387 718 1419 olim
738 1387 823 1419 aliud
839 1387 968 1428 placuit.
986 1388 1036 1420 sed

159 1431 229 1463 dies
248 1431 331 1462 diem
348 1430 457 1460 docet.

202 1471 355 1503 Putemus
372 1471 486 1511 igitur,
511 1470 601 1509 (nam
618 1478 658 1500 eo
677 1470 796 1511 redeo)
822 1470 929 1503 secure
946 1471 1036 1504 testa-

160 1514 185 1545 ri
203 1521 344 1553 patrem:
362 1512 413 1551 qui
427 1510 492 1542 filio
509 1512 539 1542 in
559 1510 751 1543 testamento
768 1511 932 1550 reliquerit
949 1523 1036 1554 quar-

160 1562 224 1586 tam
251 1562 372 1594 partem
400 1553 464 1592 ejus
486 1553 574 1592 quod
591 1553 628 1583 ad
647 1561 718 1583 eum
738 1553 776 1584 ab
793 1552 942 1585 intestato
959 1554 1037 1586 esset

159 1603 405 1637 perventurum:
422 1593 463 1624 fic
478 1593 561 1624 enim
581 1591 693 1624 definit
709 1592 861 1634 Ulpianus
876 1596 893 1626 l.
911 1600 937 1629 8.
959 1596 987 1637 §.
1006 1599 1036 1627 6.

160 1638 188 1668 h.
210 1643 232 1668 t.
272 1634 348 1666 Hoc
371 1643 497 1672 autem,
524 1634 758 1673 Perventurum,
784 1636 826 1667 ita
846 1637 1037 1677 accipimus,

156 1687 193 1709 ut
212 1677 355 1709 videatur
372 1677 541 1715 pervenire
558 1677 685 1706 demum
705 1677 791 1716 quod
806 1676 841 1708 fit
860 1678 1036 1716 permansu-

157 1728 228 1752 rum
248 1719 267 1749 l.
290 1727 339 1759 71.
359 1717 400 1748 D.
419 1719 452 1761 ᾀε
468 1718 546 1748 verb.
557 1715 663 1757 signif.
680 1716 710 1749 id
729 1717 792 1757 est,
810 1727 882 1750 cum
899 1719 1034 1758 effectu,

157 1770 223 1793 non
249 1762 349 1800 prima
373 1765 496 1789 ratione
519 1758 537 1789 l.
565 1768 592 1789 2.
619 1757 647 1799 §.
666 1767 693 1789 2.
715 1758 756 1790 D.
783 1762 816 1790 de
834 1760 926 1792 hereti.
946 1762 1032 1792 vend.

156 1802 293 1843 proinde
316 1800 523 1831 aestimaturus
547 1807 688 1839 quartam
707 1800 901 1841 legitimam,
928 1812 1035 1834 exem-

158 1844 214 1884 plo
230 1843 296 1883 ejus
315 1841 367 1882 qui
384 1841 506 1872 taxabit
521 1848 661 1880 quartam
681 1839 852 1875 Falcidiam
865 1866 874 1881 ,
894 1843 975 1883 <qua
995 1845 1034 1875 de

156 1884 256 1925 Gajus
273 1884 292 1915 l.
311 1893 360 1923 73.
380 1882 420 1913 D.
437 1883 487 1913 Ad
504 1882 557 1922 leg.
575 1880 703 1921 Falcid.)
720 1883 817 1913 dehet
835 1884 1035 1916 considerare

157 1927 369 1968 quantitatem
395 1924 554 1955 bonorum
567 1945 576 1961 ‚
599 1932 668 1963 quae
686 1923 827 1956 defuncti
846 1925 938 1957 fuere
956 1936 1034 1958 tem·

156 1977 237 2008 pore
265 1966 395 1998 mortis:
419 1973 453 1996 ut
477 1964 522 1996 est
539 1965 569 1995 in
595 1964 615 1994 l.
633 1968 663 1996 6.
685 1965 718 1995 C.
738 1965 765 1996 h.
785 1971 806 1996 t.
832 1967 862 1998 ἃ
888 1966 1035 1999 observat

158 2009 260 2040 Vetus
278 2008 437 2047 Interpres
454 2007 493 2038 ad
507 2006 526 2037 l.
539 2016 567 2044 4.
589 2005 658 2036 Coa.
673 2005 774 2037 Tbeod.
787 2008 814 2037 d.
832 2013 854 2039 t.
882 2007 947 2048 Ipsa
964 2019 1036 2048 por·

159 2060 197 2082 ro
217 2050 286 2080 haec
304 2049 390 2080 boria
404 2057 420 2079 a
437 2048 563 2079 beando
578 2047 659 2078 dicta
671 2070 679 2084 ‚
699 2047 728 2079 id
747 2047 810 2087 est,
834 2049 873 2080 ab
890 2059 930 2080 eo
948 2051 1035 2089 quod

158 2090 291 2132 prosunt
308 2091 326 2120 l.
343 2099 392 2127 49.
412 2090 458 2120 D.
484 2091 517 2120 tie
533 2089 611 2119 verb.
623 2087 729 2129 signif.
763 2099 827 2120 non
853 2091 1034 2132 intelligun-

160 2141 231 2170 tur,
258 2131 312 2163 nist
336 2130 476 2161 deducto
501 2139 562 2160 aere
587 2130 692 2160 alieno
710 2130 728 2160 l.
747 2140 796 2170 539.
815 2131 843 2172 §.
865 2141 890 2163 1.
907 2133 964 2163 eod.
986 2134 1033 2164 tit.

160 2175 209 2205 Ad
228 2174 312 2204 hunc
330 2172 462 2202 modum
487 2170 642 2211 Ulpianus
661 2171 679 2202 l.
699 2176 728 2205 8.
751 2171 770 2213 §
798 2181 826 2208 9.
846 2172 872 2204 b.
892 2179 912 2204 ι.
939 2174 1036 2205 verba

160 2215 229 2247 haec
247 2214 333 2246 sunt:
354 2212 470 2256 Quarta
485 2219 580 2243 autem
597 2213 773 2253 accipietur,
791 2213 900 2252 scilicet
916 2216 1035 2246 deduft‘o

159 2267 211 2288 (ere
226 2256 316 2287 alieno
336 2255 373 2290 {9⁹
382 2254 503 2294 funeris
527 2253 661 2293 impensa.
707 2254 762 2285 Sed
779 2265 818 2286 an
838 2255 874 2289 ὅ)
892 2256 1035 2287 libertates

159 2304 296 2340 quartam
318 2298 469 2333 inimicent,
492 2296 652 2326 videndum
675 2293 745 2335 [est.-
771 2295 807 2330 &³
834 2299 969 2339 nunquid
985 2300 1035 2329 mi-

159 2338 274 2380 nuant]
287 2338 304 2370 ,9
320 2336 500 2375 munificum
515 2337 580 2378 quis
596 2346 633 2367 ex
650 2336 705 2376 affe
722 2337 800 2368 beres
810 2336 962 2377 institutus
978 2337 1034 2380 est,

160 2382 218 2412 ideo
235 2390 292 2411 uon
307 2377 395 2419 potest
414 2379 505 2409 dicere
529 2376 733 2418 inofficiosum,
757 2380 826 2419 quia
848 2379 929 2410 habet
948 2380 1035 2411 Falci·

160 2424 259 2457 dz'cim;
282 2421 412 2452 Falcidia
435 2425 531 2451 mitem
554 2420 699 2451 libertates
722 2429 778 2450 non
800 2422 923 2452 minuit.-
944 2420 1036 2462 potest

160 2464 235 2500 clici,
257 2462 385 2493 deduft‘is
400 2462 580 2492 libertatibus
597 2466 734 2502 quartam
752 2462 921 2493 ineundum.
961 2463 1035 2494 Cum

159 2505 252 2545 igitur
265 2504 357 2544 placet
368 2526 376 2542 ,
393 2508 528 2544 quartum
543 2503 638 2533 minui
652 2509 703 2542 per
721 2503 864 2534 libertates
875 2527 883 2540 ,
906 2506 1034 2543 eveniet,

158 2546 253 2586 utqui
266 2545 360 2579 servos
377 2551 493 2575 tantum
512 2544 594 2574 babet
611 2545 643 2574 in
654 2545 826 2584 patrimonio
837 2544 893 2585 suo
905 2568 914 2584 ‚
937 2547 1034 2576 dando

160 2589 200 2618 eis
216 2587 393 2623 libertatem,
415 2583 561 2626 inofficiosi
577 2584 720 2626 querelam
736 2585 890 2618 excludat:
905 2586 960 2625 uifi
976 2588 1035 2625 for-

161 2634 188 2659 te
204 2628 248 2658 bic
258 2625 360 2667 filius,
369 2626 398 2664 fi
412 2627 544 2666 nonfuit
560 2628 591 2657 in
603 2623 757 2666 potestate,
774 2636 792 2657 a
803 2632 885 2664 patre
899 2628 976 2659 heres
991 2629 1035 2659 in-

153 2667 300 2711 stitutus,
323 2669 420 2698 merito
438 2669 544 2698 omittit
561 2668 762 2705 hereditatem,
786 2667 822 2702 fi?
847 2670 885 2699 ad
898 2667 1034 2710 substitu-

161 2717 226 2742 tum
246 2710 460 2745 transmittens,
486 2709 628 2747 querelam
650 2708 797 2749 inofficiofi
816 2708 966 2750 instituet3
988 2711 1034 2742 vel

161 2754 197 2784 ab
212 2748 346 2790 intestato
357 2773 366 2787 ,
389 2750 461 2780 citra
480 2749 580 2780 Editti
593 2758 708 2790 poermm
724 2751 825 2781 babeat
842 2753 1033 2784 hereditatem.

161 2792 274 2825 Sensus
288 2790 431 2831 Ulpiani:
449 2792 549 2830 quod,
560 2800 592 2821 ut
605 2792 856 2830 ineaturquartae
867 2794 967 2832 ratio,
985 2803 1036 2825 an-

161 2844 196 2866 te
213 2834 312 2865 dehet
327 2833 366 2863 de
383 2831 476 2862 bonis
491 2831 630 2863 defuntti
646 2833 759 2864 deduci
777 2843 857 2866 onus
875 2834 943 2867 aeris
961 2835 1034 2866 alie-

161 2877 214 2914 ni,
238 2871 427 2914 &impensa
443 2871 561 2904 funeris
574 2895 582 2908 ,
607 2873 635 2903 ἃ
653 2875 740 2912 quod
759 2873 914 2914 superest,
934 2877 965 2907 id
984 2877 1037 2906 de·
1080 2872 1099 2913 ὃ

161 2926 249 2950 nium
271 2916 368 2948 debet
391 2914 422 2945 in
441 2912 582 2960 defuncti
606 2913 698 2944 bonis
723 2925 763 2947 ex
786 2917 900 2956 quibus
926 2925 1035 2957 quarta

164 2958 364 2991 exheredato
388 2962 547 2995 competit
567 2977 589 3000 ,¹
605 2957 753 2994 reputari.
798 2957 874 2988 Hoc
900 2958 1036 2990 clarum:

164 3000 252 3041 quod
268 2998 426 3038 sequitur,
449 2996 551 3027 minus
569 2996 681 3035 liquet.
720 2997 775 3027 Sed
789 3008 828 3029 cin
842 2998 877 3032 59⁹
892 2999 1035 3031 libertates

164 3046 301 3083 quartam
317 3040 452 3070 minuant
466 3037 622 3068 videndum
638 3034 718 3076 [θῇ.-
740 3037 776 3070 &³
790 3042 925 3080 nunquid
939 3042 1035 3072 minu·

164 3082 245 3123 ant]
261 3082 314 3113 Sic
329 3081 433 3111 editur
452 3078 632 3110 Florentiae.
647 3079 729 3116 apud
742 3077 962 3114 Haloandrum
980 3083 1034 3114 de-

165 3122 237 3154 sunt
253 3123 368 3158 verba,
392 3119 451 3160 est.-
474 3119 510 3154 ἃ
523 3119 657 3164 nunquid
674 3119 819 3150 minuant.
844 3120 952 3154 Multo
967 3132 1034 3154 me-

166 3165 235 3196 lius.
260 3162 387 3203 Ulpiani
404 3161 505 3193 sensus
523 3170 563 3191 eo
580 3159 663 3190 redit
680 3168 745 3199 quo
762 3159 826 3191 hoc
840 3160 925 3192 Pauli
941 3164 988 3193 lib.
1007 3173 1037 3201 4.

168 3206 297 3237 Sentent.
315 3205 361 3235 tit.
377 3212 406 3243 5.
424 3202 454 3244 §.
470 3206 499 3235 6.
533 3201 652 3247 Quarta
663 3201 761 3241 portio
778 3201 894 3242 liberis,
919 3203 1038 3236 decium

999 101 1259 136 Noonr

1319 100 1346 135 C
1377 110 1397 134 0
1430 110 1455 135 M
1486 103 1524 136 it.

1082 198 1135 220 aere
1158 189 1248 220 alieno
1272 189 1308 224 δέ)
1332 190 1450 230 funeris
1473 189 1599 229 impensa
1614 186 1772 229 praeflana'a
1788 188 1844 230 eft,
1866 197 1898 222 ut
1915 194 1949 226 ab

1082 229 1228 270 inofficiosi
1242 234 1356 272 querela
1370 231 1574 262 excluduntur.
1598 229 1759 261 Libertates
1772 240 1881 272 quoque
1890 243 1950 265 eum

1078 273 1234 311 portionem
1248 274 1374 303 minuere
1386 273 1490 312 placet.
1514 270 1637 302 Neuter
1652 271 1739 309 vult,
1757 274 1844 311 quod
1860 273 1952 310 liberf

1084 319 1165 344 tates
1191 322 1247 353 pet·
1264 321 1404 352 quartam
1429 315 1629 349 minuuntur,
1654 311 1706 343 sed
1731 315 1818 352 quod
1840 323 1948 353 quarta

1082 354 1235 385 minuitur
1252 363 1307 394 per
1324 355 1507 391 libertates,
1524 352 1601 385 ficut
1612 362 1721 393 quarta
1731 355 1882 388 minuitur
1897 365 1954 395 pet·

1081 403 1123 425 aes
1143 395 1298 427 alienum:
1322 397 1471 436 exemplo
1496 402 1614 435 quartae
1641 393 1808 427 Falcidiae:
1835 397 1874 427 de
1892 405 1951 437 qua

1082 435 1125 465 ita
1142 436 1225 467 idem
1245 437 1359 468 Paulus
1376 438 1395 467 l.
1415 447 1464 477 (39-
1484 437 1531 467 D.
1550 436 1598 466 Ad
1612 437 1666 477 leg.
1685 434 1792 467 Fcilcz'd.
1810 436 1950 477 Sequens

1083 475 1211 516 Ulpiani
1235 477 1358 515 versus,
1382 478 1465 509 Nam
1489 476 1512 511 [ἱ
1536 476 1599 511 &a
1629 475 1674 508 est
1690 476 1951 517 impeditissimus.

1081 518 1144 549 Sed
1160 524 1194 548 ut
1211 518 1285 549 mihi
1305 517 1624 556 videtur&GraeciS,
1640 518 1749 549 Scholia
1765 519 1804 549 ad
1820 519 1898 550 bunc
1912 520 1953 551 lo-

1081 568 1166 598 cum,
1190 559 1232 589 ita
1249 560 1470 600 accipiendus:
1497 559 1577 591 Nam
1597 559 1616 591 ii
1632 558 1715 591 filius
1732 560 1786 600 qui
1804 559 1894 593 heres
1912 570 1953 594 ex

1081 599 1142 632 asse
1165 599 1342 638 institutus,
1364 600 1475 632 salvam
1503 602 1597 632 habet
1617 609 1758 640 quartam
1781 599 1953 635 Falcidiam

1082 651 1124 673 ex
1139 650 1179 672 co
1204 642 1291 681 quod
1315 642 1457 673 deduCtis
1480 642 1679 674 libertatibus
1706 641 1863 682 superest,
1887 652 1954 676 non

1081 682 1189 724 potest
1205 683 1292 722 queri
1309 682 1348 714 de
1364 683 1559 716 inofficioso:
1576 693 1653 723 ergo
1669 692 1730 714 nec
1740 683 1955 717 exheredatus

1082 723 1187 765 potest
1206 725 1293 763 queri
1319 724 1358 754 de
1380 724 1576 761 inofficioso,
1600 724 1620 756 ii
1639 734 1681 756 ex
1697 734 1738 756 εο
1755 726 1842 765 quod
1859 726 1956 757 dedu,

1083 766 1139 797 ctis
1157 765 1354 797 libertatibus
1372 764 1527 805 super-cst,
1551 766 1579 796 ci
1597 765 1676 797 salva
1691 765 1736 797 est
1753 775 1864 806 quarta
1880 767 1955 808 legis

1082 807 1169 838 tima.
1217 805 1304 848 Quid
1322 805 1341 836 sl
1358 806 1500 838 deduCtis
1516 806 1732 845 libertatibus,
1756 807 1835 839 nihil
1850 807 1956 848 super÷

1080 848 1150 879 est?
1164 848 1224 888 jam
1243 847 1372 878 cessabit
1388 848 1535 888 querela:
1553 849 1822 888 quemadmodum
1836 872 1844 885 ‚
1860 848 1881 880 fi
1900 849 1955 880 de-

1080 890 1180 920 duCtis
1197 889 1396 921 libertatibus
1417 888 1493 920 nihil
1513 887 1667 929 superest,
1691 889 1786 920 ceffat
1805 888 1955 924 Falcidia.

1081 929 1155 961 Hoc
1172 929 1193 962 fi
1210 939 1379 962 extraneus
1395 930 1487 961 heres
1502 929 1632 969 scriptus
1650 931 1714 961 adit
1733 930 1954 965 hereditatem.

1080 972 1240 1003 Caeterum
1259 971 1310 1002 hic
1327 981 1390 1003 non
1407 971 1502 1002 facile
1519 971 1579 1002 erit
1593 971 1632 1002 fic
1643 972 1782 1003 aditurus
1800 972 1955 1004 heredita-

1079 1023 1144 1044 tem
1166 1023 1205 1044 ex
1224 1022 1283 1053 qua
1302 1013 1377 1044 nihil
1397 1012 1493 1043 habet
1509 1012 1641 1053 sperare.
1671 1013 1745 1053 quin
1760 1013 1868 1054 potius
1885 1023 1954 1047 eam

1077 1055 1270 1094 repudiabit.
1292 1055 1378 1093 quod
1405 1053 1426 1085 fi
1453 1054 1504 1085 fit:
1531 1053 1661 1085 habebit
1685 1063 1755 1086 eam
1777 1054 1951 1088 exhereda-

1080 1105 1128 1127 tus
1155 1097 1194 1127 ab
1219 1096 1369 1126 intestato
1393 1105 1434 1127 ex
1458 1096 1547 1135 lege:
1575 1095 1766 1127 testamento
1791 1095 1856 1128 fine
1879 1105 1955 1137 que-

1078 1138 1141 1168 rela
1160 1137 1294 1168 sublato.
1340 1136 1414 1168 Hoc
1441 1136 1592 1175 exemplo
1619 1137 1714 1168 etiarn
1735 1139 1953 1178 emancipatus

1079 1178 1159 1211 filius
1175 1201 1183 1215 ,
1209 1178 1302 1209 heres
1325 1188 1341 1208 a
1368 1187 1456 1216 patre
1481 1177 1660 1217 institutus,
1683 1179 1805 1218 poterit
1828 1179 1953 1211 heredi-

2030 1201 2031 1212 i

1079 1228 1175 1251 tatem
1203 1220 1467 1251 testamentariam
1493 1220 1678 1265 repudiare,
1701 1229 1837 1260 eamque
1852 1220 1891 1252 ab
1908 1221 1951 1252 in·
1996 1219 1998 1223 ’
2030 1214 2031 1220 ’

1079 1261 1194 1292 testato
1213 1262 1309 1292 adire.
1334 1261 1439 1302 finge3
1466 1260 1577 1301 aliquis
1593 1268 1715 1292 tantum
1735 1260 1839 1294 servos
1854 1262 1884 1293 in
1901 1271 1955 1302 pa-

1080 1302 1233 1334 trimonio
1260 1302 1380 1333 habens
1399 1325 1408 1340 ,
1435 1302 1536 1333 filium
1561 1303 1795 1341 emancipatum
1819 1302 1954 1335 instituit

1081 1344 1251 1383 heredem,
1276 1344 1338 1375 alio
1357 1344 1385 1374 ei
1403 1344 1432 1375 in
1451 1342 1553 1374 casum
1574 1343 1709 1382 primum
1728 1342 1904 1376 substituto.
1926 1346 1953 1377 is

1078 1394 1157 1417 mox
1172 1385 1321 1416 omnibus
1338 1383 1431 1417 servis
1448 1384 1537 1415 dedit
1554 1384 1744 1416 libertatern.
1769 1386 1841 1424 quia
1857 1395 1896 1417 ex
1916 1386 1953 1417 li-

1079 1426 1255 1458 bertatibus
1271 1435 1335 1457 non
1354 1426 1522 1457 deducitur
1537 1424 1675 1456 Falcidia
1686 1448 1695 1463 ,
1711 1425 1792 1458 filius
1810 1429 1859 1458 cui
1872 1425 1953 1458 nihil

1079 1467 1235 1507 superest,
1253 1468 1312 1498 erit
1332 1467 1460 1505 quidem
1478 1467 1588 1505 heres,
1605 1465 1656 1498 sed
1672 1466 1735 1498 fine
1752 1477 1801 1499 re:
1824 1477 1954 1508 eoque,

1080 1508 1100 1541 si
1119 1509 1217 1548 sapit,
1240 1508 1421 1549 repudiabit
1442 1508 1669 1539 hereditatem:
1692 1508 1747 1548 (ut
1764 1508 1869 1549 potest
1883 1509 1965 1549 jure

1080 1551 1186 1588 civili,
1210 1550 1281 1587 quia
1304 1549 1349 1580 est
1371 1549 1608 1588 emancipatus,
1632 1558 1738 1589 eoque
1755 1550 1953 1581 voluntarius

1080 1592 1194 1628 heres)
1217 1591 1258 1622 fic
1277 1590 1436 1621 hereditas
1456 1591 1563 1621 veniet
1581 1589 1619 1620 ad
1639 1588 1854 1622 substitutum:
1878 1591 1954 1623 erit·

1080 1642 1143 1673 que
1159 1632 1201 1664 illi
1213 1641 1281 1663 eam
1294 1632 1497 1663 adeuntinon
1514 1631 1649 1663 inutilis:
1666 1631 1737 1672 quia
1752 1631 1879 1664 libertas
1897 1631 1956 1663 ser-

1081 1675 1166 1706 visin
1178 1672 1376 1704 institutione
1393 1673 1481 1710 data,
1501 1682 1563 1704 non
1577 1672 1687 1713 utique
1702 1673 1831 1712 ponitur
1848 1674 1877 1704 in
1890 1672 1956 1704 sub-

1080 1715 1246 1747 stitutione
1263 1714 1324 1745 else
1335 1715 1470 1754 repetita
1486 1714 1503 1744 l.
1518 1724 1567 1753 25.
1583 1712 1623 1744 D.
1634 1715 1667 1744 de
1676 1713 1835 1755 manuunff.
1849 1713 1955 1755 testum.

1077 1757 1221 1796 quamvis
1239 1755 1343 1796 potest
1359 1758 1388 1786 in
1406 1755 1504 1786 dubio
1520 1756 1657 1796 repetita
1669 1755 1767 1787 videri
1779 1765 1819 1787 ex
1836 1754 1955 1787 Rescri-

1077 1806 1135 1832 pto
1159 1797 1269 1828 Severi
1295 1797 1324 1828 ὅ(
1353 1797 1506 1828 Antonini
1532 1797 1552 1827 l.
1571 1805 1622 1834 74.
1645 1795 1690 1827 D.
1706 1798 1739 1827 de
1755 1797 1840 1839 legat.
1856 1797 1903 1828 lib.
1927 1806 1954 1829 1.

1077 1839 1123 1870 Ut
1146 1846 1182 1870 ut
1201 1839 1279 1876 erit,
1304 1837 1387 1870 filius
1407 1837 1570 1878 repudiata
1589 1837 1787 1878 hereditate,
1807 1837 1956 1870 adversus

1076 1879 1275 1912 substitutum
1289 1880 1341 1917 qui
1362 1879 1574 1910 hereditatem
1592 1879 1722 1916 adierit,
1738 1888 1811 1921 aget
1827 1880 1957 1919 querela

1078 1920 1246 1954 inofficiosi
1263 1920 1453 1952 testamenti.
1472 1920 1544 1962 Qua
1558 1920 1709 1952 ratione?
1732 1923 1884 1961 quianon
1902 1921 1961 1952 ha-

1078 1965 1133 1995 bet
1150 1970 1293 2003 quartam
1307 1986 1316 2001 ,
1334 1961 1529 1993 &institutio
1548 1963 1654 1999 ptimo
1671 1963 1769 2003 gradu
1787 1964 1816 1993 ei
1835 1962 1958 1994 nullum

1078 2004 1183 2036 adfert
1201 2005 1418 2036 commodum.
1462 2003 1508 2034 lta
1526 2001 1682 2042 Ulpianus
1699 2004 1727 2033 d.
1744 2003 1774 2045 §.
1792 2012 1821 2039 9.
1846 2002 1955 2044 Quid,

1078 2046 1099 2078 si
1115 2046 1167 2077 hic
1183 2044 1264 2076 filius
1275 2055 1338 2076 non
1350 2044 1464 2076 habeat
1475 2045 1646 2085 vulgariter
1664 2043 1860 2076 substitutum
1870 2045 1886 2076 ’ἒ
1898 2043 1954 2076 Est

1078 2088 1107 2119 ei
1125 2087 1175 2118 vel
1191 2086 1254 2117 hoc
1267 2087 1336 2118 casu
1353 2085 1532 2118 consultum
1542 2109 1551 2124 ,
1563 2085 1730 2124 repudiare
1742 2085 1956 2117 hereditatem

1078 2138 1119 2160 ex
1136 2127 1345 2166 testamento,
1362 2128 1427 2167 ejus
1442 2126 1506 2158 fine
1518 2136 1550 2158 re
1567 2126 1705 2158 futuram
1719 2150 1727 2164 ,
1744 2126 1773 2158 &
1784 2125 1957 2167 adgnosce-

1079 2180 1112 2202 re
1126 2170 1286 2201 bonorum
1306 2168 1527 2210 possessionem
1545 2169 1583 2199 ab
1601 2167 1760 2199 intestato.
1778 2177 1848 2199 nam
1866 2168 1959 2199 liber-

1079 2220 1178 2248 tates,
1192 2220 1256 2241 nou
1273 2212 1355 2241 adita
1375 2210 1571 2248 hereditate,
1588 2210 1637 2240 vel
1654 2209 1694 2240 sic
1707 2217 1859 2241 corruunt
1876 2210 1894 2240 l.
1910 2219 1957 2250 23.

1079 2253 1122 2284 D.
1150 2254 1182 2282 de
1207 2262 1334 2283 marium.
1356 2249 1462 2292 testam.
1488 2251 1594 2291 atqui,
1617 2251 1759 2290 inquies,
1784 2251 1844 2282 erit
1868 2251 1959 2283 locus

1079 2293 1213 2331 Editio,
1238 2293 1271 2324 Si
1294 2294 1359 2334 quis
1377 2292 1474 2332 omzffa
1492 2293 1580 2333 causa
1605 2290 1781 2332 testamenti:
1805 2301 1870 2333 quo
1886 2291 1959 2324 Edi-

1078 2336 1131 2367 ἃο
1160 2335 1345 2373 libertates,
1368 2334 1397 2365 ἃ
1425 2343 1539 2364 caetera
1565 2333 1597 2365 in
1621 2332 1811 2365 testamento
1827 2333 1956 2372 reliCta,

1079 2375 1324 2414 conservantur;
1344 2375 1364 2407 fi
1377 2375 1468 2407 heres
1486 2373 1663 2413 institutus,
1681 2374 1788 2406 omiffa
1804 2374 1895 2406 causa
1913 2382 1957 2406 te-

1079 2418 1244 2455 stamenti,
1262 2418 1349 2448 malit
1373 2416 1568 2457 adgnoscere
1591 2416 1803 2448 hereditatem
1823 2416 1862 2447 ab
1877 2416 1957 2447 inte·

1079 2459 1172 2491 stato.
1220 2458 1282 2490 Sed
1301 2459 1364 2488 hoc
1381 2466 1476 2499 negat
1495 2456 1665 2498 Ulpianus:
1687 2457 1859 2495 videlicet,
1883 2458 1955 2497 quia

1079 2501 1170 2533 heres
1188 2499 1318 2539 scriptus
1330 2500 1360 2530 in
1377 2498 1541 2540 proposito
1560 2507 1624 2530 non
1641 2499 1857 2539 principaliter
1872 2499 1955 2539 agit,

1078 2550 1113 2573 ut
1130 2540 1331 2573 manumiffos
1349 2541 1495 2571 libertate
1512 2539 1655 2578 fraudet,
1673 2538 1724 2571 sed
1744 2547 1810 2571 uta
1826 2539 1856 2571 se
1868 2549 1955 2571 atno-

1079 2591 1152 2614 veat
1164 2582 1308 2614 fraudem
1327 2580 1483 2613 testatoris
1494 2581 1548 2622 qui
1565 2590 1637 2613 eum
1657 2580 1953 2613 heredeminstituit

1078 2634 1143 2656 non
1162 2632 1224 2655 tam
1245 2633 1298 2662 re,
1322 2631 1416 2661 quam
1440 2623 1583 2654 nomine.
1607 2621 1672 2663 ipse
1690 2629 1779 2653 certe
1795 2622 1812 2652 l.
1830 2626 1859 2654 6.
1878 2621 1904 2664 §.
1922 2631 1951 2663 3.

1077 2667 1125 2697 D.
1150 2666 1183 2696 Si
1198 2666 1263 2705 quis
1273 2664 1358 2704 omiff.
1375 2665 1454 2704 caus
1471 2662 1580 2702 testam.
1594 2665 1655 2700 ait,
1672 2664 1760 2704 quod
1778 2664 1899 2695 Praetor
1914 2671 1954 2695 ex

1080 2716 1120 2738 eo
1140 2706 1253 2738 Edicto
1271 2715 1333 2737 non
1352 2704 1536 2745 fimpliciter
1552 2706 1605 2736 dat
1621 2705 1798 2737 actionem:
1815 2703 1868 2736 sed
1885 2713 1956 2735 cau·

1079 2747 1108 2779 sa
1122 2747 1267 2788 cognita:
1292 2748 1433 2787 ideoque
1452 2746 1472 2778 fi
1490 2756 1559 2787 quae
1572 2747 1782 2778 intervenerit
1795 2745 1873 2786 justa
1884 2754 1955 2776 cau·
1989 2744 1994 2749 '

1079 2789 1107 2820 sa
1119 2789 1308 2825 omittendi,
1327 2789 1438 2829 utique
1448 2798 1512 2820 non
1530 2789 1676 2819 daturum
1694 2787 1852 2819 actionem
1871 2787 1953 2828 lega-

1081 2839 1198 2862 torum.
1218 2828 1379 2860 [hierenus
1397 2830 1437 2860 de
1456 2830 1658 2869 emancipato
1673 2828 1740 2860 filio
1755 2827 1908 2867 Ulpianus
1923 2828 1952 2858 d.

1080 2913 1160 2945 fetro
1181 2911 1347 2950 Ulpianus,
1379 2911 1461 2951 Sed,
1485 2912 1573 2953 quod
1592 2912 1666 2943 mihi
1684 2912 1828 2950 videtur,
1851 2910 1955 2942 innuit

1080 2964 1144 2986 non
1162 2953 1248 2994 poss'c
1266 2955 1292 2984 ei
1312 2952 1455 2984 instituto
1471 2953 1534 2984 hoc
1552 2953 1690 2984 succurri
1706 2953 1825 2990 modo,
1844 2960 1908 2991 quo
1923 2960 1955 2981 e-

1078 2997 1261 3036 mancipato
1279 2996 1479 3026 succurritur.
1525 2993 1771 3036 Quamobrem?
1794 2993 1865 3032 quia
1882 2991 1953 3021 suus

1078 3037 1171 3069 heres
1190 3046 1254 3068 non
1271 3036 1334 3068 adit
1351 3036 1485 3068 delatam
1503 3035 1732 3072 hereditatem,
1750 3033 1799 3064 sed
1813 3041 1830 3062 a
1846 3038 1951 3076 morte

1080 3078 1239 3110 testatoris
1267 3079 1351 3109 ultro
1377 3076 1470 3108 heres
1493 3077 1599 3108 existit
1623 3077 1653 3107 ἀ
1675 3075 1790 3107 invitus
1815 3072 1844 3102 ὅ(
1862 3080 1953 3117 igno-

1078 3129 1164 3151 rans:
1178 3119 1309 3159 ejusque
1326 3118 1493 3150 existentia
1509 3118 1610 3149 statim
1625 3115 1850 3148 confirmantur
1862 3113 1955 3158 liber-

1085 3170 1165 3192 tates
1177 3184 1186 3199 ,
1208 3161 1262 3192 etii
1285 3162 1353 3200 jure
1370 3160 1524 3191 Praetorio
1541 3158 1570 3189 se
1589 3159 1627 3188 ab
1642 3156 1820 3188 hereditate
1836 3153 1954 3185 deinde

1083 3202 1247 3235 abstineat.
1272 3201 1478 3234 nihilominus
1495 3201 1579 3232 enim
1599 3202 1704 3231 manet
1716 3195 1784 3234 jure
1800 3194 1956 3267 civilirgse:

1941 3254 1954 3272 1

1120 2872 1175 2909 9.l.
1186 2876 1213 2905 8.
1238 2871 1326 2912 Quid
1343 2872 1382 2902 de
1399 2870 1452 2902 suo
1469 2871 1616 2902 herede?
1634 2871 1673 2902 de
1689 2870 1753 2901 hoc
1768 2870 1810 2901 nil
1827 2879 1868 2901 ex
1883 2877 1955 2909 pro·
2006 2877 2009 2879 ·
