2036 3495
147 158 191 194 13

149 245 178 276 d.
196 243 217 275 l.
241 249 267 275 1.
291 236 329 272 In
342 233 477 279 potestate
486 232 657 274 suntservi
672 230 859 261 dominorum.
881 236 943 269 quae
959 227 1023 268 qui-

151 287 214 316 dem
224 279 349 324 potestas
359 279 439 320 juris
453 275 584 317 gentium
601 271 659 313 est.-
677 281 745 303 nam
759 271 836 311 apud
852 278 947 301 omnes
957 276 1024 309 per-

149 335 226 366 teque
232 328 333 364 gentes
347 319 577 350 animadvertere
595 312 759 355 poffumus,
782 312 903 342 dominis
922 311 953 341 in
961 310 1023 349 ser·

148 375 199 397 vos
220 365 288 395 vitae
311 361 444 400 necisque
465 354 631 399 potestatem
645 354 754 395 fuzffe:
777 353 814 388 &³
834 353 1023 394 quodcunque

143 413 198 446 per
209 406 329 443 servum
343 399 531 442 adquiritur,
553 398 583 429 id
597 398 709 428 domino
726 396 905 436 adquiritur.
938 392 1021 424 Cum

147 448 209 485 ait,
228 443 350 477 domini
367 439 561 483 potestatem
578 437 727 478 ess'eJuris
746 436 907 478 gentium;
932 433 1023 475 figni-

149 487 245 526 ficat,
267 484 329 517 esse
349 483 488 515 renuam
503 482 534 514 in
550 479 752 521 simplicitate
767 477 842 518 juris
857 477 1021 517 gentiumz

147 538 214 560 non
230 524 385 567 accepisse
403 534 420 556 a
433 524 502 565 Jure
518 522 604 554 civili
619 520 759 553 formam
774 526 908 551 novam:
933 517 1023 548 ideo-

148 579 211 609 que
236 578 301 601 tam
327 565 502 609 peregrinis
533 571 722 603 competere
738 584 748 600 ,
780 568 874 601 quam
899 557 1023 589 civibus

149 610 319 645 Romanis.
344 608 422 641 ficut
447 614 562 638 caetera
580 613 650 645 quae
673 603 749 643 iuris
773 603 916 643 gentium
933 599 953 630 l.
976 608 1023 639 17.

147 653 175 694 §.
197 662 224 685 1.
244 653 286 684 D.
304 652 337 683 de
355 650 447 691 paenis
469 647 506 682 85⁹
529 647 549 678 l.
569 655 614 686 15.
635 645 676 676 D.
699 645 732 675 de
753 643 858 675 interd.
878 640 915 675 ὃ)
938 640 1023 681 releg.

148 693 272 726 Effetta
291 693 380 733 hujus
399 688 564 731 potestatis
583 686 645 718 esse
661 686 726 717 duo
744 685 786 716 ait
803 683 897 715 adaco
909 680 1025 722 Gajus:

148 745 266 774 unum,
283 735 372 775 quod
387 731 521 764 domino
538 728 713 769 adquiritur
728 726 958 768 quodcumque
973 724 1024 754 ad-

148 777 283 818 quiritur
301 785 356 816 per
375 773 508 805 servum.
526 770 699 811 adquiritur
714 776 820 800 autern
832 767 862 798 &
877 765 981 797 invito
997 764 1028 796 ὅτ.

147 818 326 858 ignoranti,
350 815 437 856 quod
461 813 526 854 ipse
543 812 648 844 servus
665 811 718 851 qui
738 811 769 841 in
790 807 918 840 alterius
934 814 1027 847 pote-

148 860 309 897 state-est,
326 858 404 889 nihil
421 856 506 887 suum
524 854 642 885 habere
661 851 768 892 potest
786 850 815 893 ᾗ.
829 860 858 891 3.
877 847 950 888 InJZ.
969 847 1027 879 Per

147 911 198 943 qu.
214 901 292 942 pers.
310 900 390 946 cuiq.
407 899 473 938 adq.
506 905 606 936 usque
624 894 723 932 adeo,
748 900 782 924 ut
798 902 838 924 ne
858 897 1025 922 momento

150 943 281 983 quidem
298 940 438 973 subsistat
454 940 484 970 in
502 937 634 979 persona
652 935 718 976 ejus
731 935 751 966 l.
771 943 821 974 79.
840 931 883 964 D.
907 933 940 962 de
957 932 1024 972 adq.

148 984 208 1015 her.
234 983 294 1015 hac
310 983 435 1014 ratione
451 989 516 1012 non
533 979 667 1010 dicimus
684 975 765 1007 servi
784 977 886 1012 bona,
904 972 955 1004 sed
973 983 1026 1014 pe-

148 1025 268 1057 culium
280 1035 290 1063 ;
304 1024 402 1064 idque
421 1020 626 1058 uniusmodi,
643 1017 827 1059 profectum
845 1016 966 1056 quippe
984 1023 1025 1045 ex

149 1076 184 1099 re
201 1066 231 1098 δε
249 1065 418 1098 substantia
434 1061 576 1096 domini:
593 1060 680 1100 cujus
697 1059 832 1098 proinde
848 1056 1025 1088 dominium

150 1107 218 1148 est3
241 1117 314 1139 cum
333 1106 412 1138 servi
437 1102 667 1136 administratio
683 1100 739 1138 fit,
764 1099 898 1131 domino
915 1098 1025 1129 volen-

146 1158 190 1182 te.
215 1149 306 1182 Alter
317 1148 487 1181 dominicae
503 1143 667 1186 potestatis
685 1141 818 1173 effectus
834 1139 934 1179 estjus
952 1139 1026 1170 vitae

145 1192 175 1224 &
192 1191 292 1223 necis.
331 1191 375 1222 ita
398 1188 566 1225 dommim,
590 1184 611 1217 fi
629 1184 758 1216 occidat
777 1182 901 1213 servum
920 1180 1028 1219 suum,

146 1242 213 1265 non
233 1232 279 1264 est
294 1241 367 1264 reus
383 1230 460 1272 legis
477 1228 637 1260 Corneliae
662 1227 702 1256 de
719 1223 847 1256 sicariis:
872 1221 941 1253 usus
955 1221 1025 1261 jure

146 1275 202 1305 suo
220 1272 368 1306 adversus
384 1280 457 1303 eum
473 1270 526 1310 qui
546 1278 606 1309 pro
623 1267 711 1299 nullo
729 1265 863 1296 habetur
881 1264 900 1294 l.
911 1272 961 1304 32.
982 1262 1024 1294 D.

145 1317 178 1347 de
195 1325 255 1356 reg.
269 1315 337 1357 jur.
359 1313 458 1353 magis
483 1310 589 1343 bestiis
606 1333 616 1347 ,
639 1317 732 1349 quam
752 1304 954 1342 hominibus,
977 1313 1023 1335 as-

145 1356 295 1389 similatus
313 1356 333 1387 l.
350 1365 377 1387 2.
402 1354 431 1397 §.
451 1364 480 1386 2.
499 1351 541 1384 D.
559 1351 610 1384 Ad
624 1350 679 1392 leg.
696 1348 802 1390 Aquil.
825 1347 910 1378 clare
926 1344 1021 1385 Juve-

148 1398 245 1437 nalis,
269 1398 332 1429 Sat.
350 1401 381 1428 6.
401 1395 479 1435 vers.
500 1397 571 1427 218.

189 1440 269 1472 Pone
285 1447 397 1471 crucem
411 1438 504 1475 servo.
528 1435 631 1465 meruit
649 1442 703 1473 quo
720 1431 842 1462 crimine
853 1429 962 1470 servus

189 1478 395 1521 Supplicium?
415 1478 482 1519 quis
499 1473 578 1515 testis
595 1473 691 1515 adest,
708 1473 774 1514 quis
790 1469 920 1503 detulit?
941 1470 1022 1501 audi.

193 1521 292 1554 Nulla
303 1529 443 1560 umquam
452 1519 485 1548 de
492 1522 582 1547 morte
589 1516 710 1547 huminis
719 1512 864 1545 cunetatio
881 1512 967 1553 longa
975 1509 1025 1552 est.

191 1563 221 1596 O
239 1562 370 1593 demens!
392 1561 436 1591 ita
441 1558 551 1599 servus
567 1558 646 1588 bomo
662 1554 726 1597 est?

150 1604 201 1636 Sic
222 1605 290 1644 jure
314 1602 416 1633 civili:
442 1610 506 1632 non
533 1608 625 1640 aeque
650 1599 775 1630 ratione
799 1595 944 1627 naturali.
968 1594 1029 1625 hae

150 1655 261 1677 omnes
278 1644 427 1676 homines
444 1641 580 1683 aequales
598 1639 668 1671 sunt
683 1639 799 1679 diga.
823 1638 898 1668 inde
913 1637 953 1668 de
971 1635 1029 1667 ser-

149 1687 195 1718 vis
216 1686 328 1718 Florus
348 1686 398 1717 lib.
413 1695 442 1726 3.
461 1694 485 1715 c,
506 1692 555 1715 20.
579 1680 644 1719 Eifi
656 1688 706 1722 per
716 1681 872 1720 fortunam
886 1679 919 1710 in
934 1679 1030 1709 omnia

148 1729 284 1768 obnoxii,
301 1734 397 1759 tumen
413 1723 496 1768 quasi
512 1725 669 1761 secundum
680 1730 775 1763 genus
789 1721 934 1751 hominum
949 1723 1029 1758 lunt.

148 1768 193 1802 Et
210 1769 343 1811 pulchre
361 1768 465 1806 Cato,
488 1765 537 1798 De
551 1767 673 1797 moribus
688 1765 736 1796 lib.
753 1773 784 1804 4.
799 1760 925 1803 Distich.
943 1770 994 1800 44.

188 1812 263 1843 Cum
272 1810 403 1850 famulos
412 1810 512 1850 fueris
523 1807 653 1848 proprios
667 1810 810 1837 mercatus
827 1807 860 1835 in
877 1803 964 1842 usus,

194 1852 239 1885 Ui
243 1853 346 1893 servos
362 1852 460 1889 dicas,
481 1850 605 1881 homines
625 1854 721 1879 tamen
736 1846 787 1888 effe
803 1851 949 1877 memento.

148 1894 298 1929 Tandem
326 1892 467 1934 aequitati
492 1890 624 1923 naturali
651 1889 748 1921 etiam
773 1887 877 1919 civilis
901 1884 1030 1917 acceffit

152 1937 336 1970 auetoritas.
360 1934 476 1976 Gajtim
494 1931 566 1964 audi
582 1933 611 1963 d.
629 1932 649 1962 l.
672 1940 697 1962 1.
714 1930 743 1972 ᾖ.
762 1939 790 1960 2.
808 1929 836 1960 b.
854 1934 876 1960 t.
908 1928 964 1959 Sed
980 1928 1030 1958 hoc

150 1985 270 2022 tempore
293 1978 384 2011 nullis
405 1976 585 2013 hominibus,
608 1973 659 2015 qui
673 1975 732 2012 sub
755 1972 870 2011 imperio
897 1969 1032 2000 Romano

145 2023 241 2063 sunt,
265 2021 329 2052 licet
345 2025 442 2060 supra
463 2017 596 2054 modum,
621 2013 658 2049 ὃ)
670 2012 735 2052 fine
758 2015 845 2049 caula
860 2011 967 2053 legibus
986 2020 1028 2042 co-

149 2065 241 2107 gnita<
251 2064 283 2094 in
284 2061 388 2101 ftrvos
395 2058 599 2101 stcossaevires
613 2065 681 2087 nam
697 2064 734 2086 ex
749 2051 958 2094 Constitutione
970 2053 1032 2083 Di-

152 2103 365 2141 vi'Antonini,
389 2103 439 2143 qui
458 2099 523 2139 sine
545 2100 632 2139 causa
639 2098 760 2137 servum
771 2101 863 2136 Juum
878 2094 1032 2132 occiderit,

152 2150 212 2179 nim
229 2146 326 2177 minus
336 2143 441 2184 puniri
446 2143 586 2183 jubetur,
601 2149 690 2181 quam
706 2139 758 2180 qui
776 2137 904 2169 alienum
916 2136 1035 2173 servum

151 2187 297 2229 occiderit.
324 2185 376 2227 sed
402 2183 438 2217 δέ’
454 2183 545 2223 major
558 2179 702 2222 asperitas
716 2180 895 2211 dominorum
910 2177 1035 2219 ejusdem

151 2228 302 2270 Principis
329 2223 539 2267 Constitutione
565 2224 714 2254 coercetur.
759 2220 811 2252 Sic
839 2218 957 2260 Gajus,
981 2217 1036 2249 sed

153 2267 331 2314 prudenter
348 2266 565 2308 accipiendus,
591 2273 663 2296 nam
673 2263 725 2294 hic
740 2261 868 2301 evenit,
881 2260 968 2302 quod
985 2259 1035 2291 sae-

153 2314 247 2355 pius;
269 2317 306 2342 ut
324 2309 356 2341 in
373 2307 461 2341 usum
482 2315 657 2344 revocans,
674 2311 728 2336 aut
744 2302 958 2340 confirmans,
974 2310 1036 2333 am·

178 2356 321 2392 liansve,
338 2350 378 2382 ab
394 2350 463 2382 aliis
474 2348 665 2385 inventum,
689 2346 754 2386 ejus
773 2345 882 2377 auctor
900 2344 1035 2375 dicatur.

191 2396 280 2437 tique
303 2400 377 2425 ante
399 2390 443 2423 D.
460 2389 551 2422 Pium
574 2389 666 2431 (nain
684 2388 709 2419 is
729 2386 812 2428 Gaio
837 2386 879 2418 D.
898 2385 1035 2418 Antoni-

155 2447 215 2470 nus
236 2434 373 2475 dicitur)
396 2432 520 2465 Seneca
544 2431 593 2463 lib.
619 2440 649 2472 3.
675 2428 722 2461 De
737 2427 852 2468 benefic.
868 2438 892 2460 c.
910 2437 967 2466 22,
992 2426 1039 2458 De

157 2479 294 2520 injuriis,
317 2475 439 2516 inquit,
463 2473 642 2505 dominorum
666 2472 697 2502 in
719 2470 817 2508 servos
857 2470 888 2501 ui
912 2469 1036 2507 audiar,

154 2518 266 2562 positus
281 2515 337 2558 est:
352 2517 404 2559 qui
414 2515 562 2557 se'evitiam
581 2513 619 2549 ὃ)
633 2513 798 2550 libidinem,
816 2480 854 2546 fig
869 2512 901 2542 in
913 2512 1038 2552 praeben·

159 2563 204 2594 dis
222 2561 258 2591 ad
275 2557 388 2590 vitium
403 2556 563 2598 neceffariis
579 2555 739 2588 avaritiam
750 2553 916 2594 compeseat.
938 2550 1039 2592 Lipsi-

157 2612 196 2644 us
212 2601 251 2642 ab
268 2600 313 2631 Au
340 2600 407 2631 usto
422 2599 455 2631 id
471 2598 590 2630 factum
609 2604 720 2638 putat,
743 2595 773 2627 &
795 2594 928 2631 indicari
954 2593 1037 2625 Prae-

157 2643 279 2676 fessurn
334 2642 399 2673 rbi:
422 2640 510 2673 forte
528 2638 650 2671 causam
667 2637 832 2679 praebente
847 2635 1038 2667 crudelitate

158 2681 256 2724 Vedii
273 2682 427 2714 Pollionis
443 2682 530 2722 cuius
546 2681 632 2712 idem
647 2678 793 2711 meminit
808 2677 930 2710 Seneca
943 2677 995 2707 lib.
1008 2684 1036 2708 1.

159 2727 209 2759 De
224 2725 352 2757 clement.
371 2732 395 2753 c.
415 2727 469 2761 18,
492 2721 529 2758 &J
545 2723 594 2754 lib.
612 2731 641 2764 3.
663 2721 709 2752 De
725 2722 771 2752 ira
786 2730 812 2752 c.
829 2729 880 2759 40.
902 2719 1039 2750 succes-

160 2768 198 2801 fit
214 2765 331 2808 deinde
346 2761 417 2795 Lex
433 2763 602 2803 Petronia,
626 2762 656 2795 ἃ,
671 2760 985 2795 Senatusconsuitum
1001 2758 1049 2790 ad'

162 2817 235 2842 eam
250 2802 388 2839 fastum:
414 2805 589 2845 prohibens
607 2803 662 2836 sub
680 2812 767 2836 certa
784 2812 899 2842 poena3
922 2811 963 2834 ne
981 2801 1038 2833 do-

161 2850 242 2884 mini
258 2848 364 2880 servos
379 2844 444 2878 fine
461 2845 571 2885 judice
588 2846 665 2878 dent
679 2846 720 2877 ad
734 2844 866 2877 bestias:
889 2850 925 2875 ut
942 2843 1040 2875 docet

159 2888 367 2925 Modestinus
384 2887 404 2919 l.
427 2895 476 2918 11.
498 2886 528 2927 §.
551 2896 575 2917 1.
594 2886 630 2920 ὅ)
648 2897 677 2918 2.
694 2886 737 2918 D.
760 2887 810 2918 Ad
828 2886 882 2928 leg.
901 2886 988 2916 Corn.
1006 2885 1041 2915 de

156 2933 249 2974 ficar.
272 2937 464 2973 quamquain
478 2935 605 2973 poenam
616 2950 626 2966 ,
650 2927 671 2959 fi
686 2935 799 2960 contra
813 2926 967 2967 fiam-non
984 2935 1039 2958 ex-

163 2975 286 3018 primit.
310 2970 423 3005 Postea
439 2968 619 3001 Hadrianus
642 2969 743 3008 (apud
760 2969 982 3009 Spartianum,
1007 2969 1039 2998 in

164 3017 227 3059 ejus
242 3015 309 3047 vita
324 3023 350 3045 c.
369 3011 438 3053 18.)
452 3010 557 3043 Servos
574 3018 592 3040 a
606 3010 727 3040 dominis
742 3010 839 3041 occidi,
847 3011 966 3049 vetuit,
979 3018 1036 3043 eos·

166 3067 222 3100 que
230 3055 316 3098 juffit
329 3053 465 3086 damnari
475 3058 528 3093 per
536 3050 670 3092 judices,
686 3048 715 3087 fi
730 3052 813 3091 digni
825 3051 919 3092 ffnt,
942 3051 1038 3082 Leno.

167 3101 200 3130 ni
215 3097 252 3134 {9⁹
267 3095 378 3139 laniftae
391 3094 480 3127 vendi
493 3093 608 3134 vetuit,
624 3091 712 3129 causa
728 3100 784 3121 non
796 3091 932 3132 proesiita.
957 3092 1020 3124 Sed
1030 3114 1040 3132 ,

165 3139 212 3172 uti=
227 3137 315 3179 dixi,
338 3132 634 3173 Iiaec‘confirmavit
646 3132 687 3164 ⁴&
704 3132 868 3172 ampliavit
885 3130 929 3164 D.
947 3134 1054 3166 Pius:t

167 3177 358 3223 nominatim
374 3184 513 3217 cavens,
535 3181 570 3208 ut
586 3175 621 3207 in
634 3175 665 3206 d.
681 3172 703 3204 l.
720 3181 747 3204 ι.
764 3172 799 3213 §‚.
813 3182 839 3204 1.
862 3175 906 3204 ait
922 3173 1043 3216 Gajus;

169 3221 284 3264 nequi
308 3220 374 3254 fine
397 3219 487 3252 causa
505 3216 633 3261 *servum
657 3214 747 3247 suum·
769 3213 928 3246 occiderit
943 3237 954 3254 ,
975 3225 1042 3249 non

170 3260 275 3314 minus
288 3263 459 3307 puniatur,
476 3268 573 3304 quam.
588 3257 645 3302 qui
661 3256 798 3291 alienum
816 3254 942 3292 servum
958 3256 1053 3289 occi-‘

569 142 926 181 GERARDI
980 134 1240 176 Noonr
1300 138 1510 175 CoMM.

1065 229 1159 261 derit.
1183 230 1210 261 is
1233 238 1312 261 vero
1330 229 1460 270 punitur
1481 227 1553 269 lege
1570 225 1722 261 Cornelia
1743 225 1784 258 de
1805 221 1935 261 ficariis}

1065 279 1134 309 quae
1144 269 1342 311 persequitur
1351 280 1424 302 eum
1435 269 1488 310 qui
1503 269 1668 301 hominem
1684 267 1841 300 occiderit
1851 294 1861 308 ‚
1872 277 1938 302 non

1065 311 1147 343 faCta
1171 312 1308 344 hominis
1331 311 1531 344 distinftione
1552 310 1572 342 l.
1598 320 1625 343 1.
1647 309 1676 351 §.
1695 320 1723 341 2.
1742 308 1785 340 D.
1812 312 1862 341 Aa
1884 312 1939 352 leg.

1066 352 1152 399 Corn.
1170 354 1203 384 de
1213 352 1302 390 ficar.
1331 360 1458 385 tenetur
1482 353 1577 394 igitur
1600 353 1658 383 hac
1681 351 1752 392 lege
1770 351 1865 382 etiam
1886 354 1942 382 do-

1066 402 1188 440 minus,
1211 394 1336 427 servum
1357 394 1445 426 suurn
1463 394 1627 426 occidens.
1651 392 1780 432 utique,
1810 390 1831 424 fi
1854 393 1941 423 occia

1065 436 1148 467 derit
1170 435 1234 467 fine
1258 436 1357 468 causa.
1388 435 1464 476 quid
1481 458 1491 475 ‚
1523 434 1543 467 fi
1570 445 1610 467 ex
1643 434 1731 465 causa
1759 433 1944 465 occiderit?

1066 486 1171 517 pone,
1187 477 1420 523 deprehensum
1433 478 1462 508 in
1481 476 1647 515 facinore,
1666 475 1756 507 verbi
1774 476 1892 516 gratia,
1908 476 1942 507 in

1066 518 1233 564 adulterio.
1267 526 1445 550 merentem
1469 519 1609 557 occidit,
1633 518 1774 557 ideoque
1799 517 1942 556 impune.

1068 559 1120 590 Sic
1138 558 1310 592 Marcellus
1326 560 1345 591 l.
1363 564 1412 596 96-
1430 560 1473 592 D.
1490 561 1524 591 de
1537 561 1614 591 verb.
1633 560 1718 599 oblig.
1739 559 1768 590 ἃ
1786 557 1944 598 Ulpianus

1068 601 1149 641 l.5‘3.
1168 600 1186 642 §
1215 599 1300 647 33D.
1316 603 1349 631 de
1363 602 1447 642 legat.
1464 602 1511 633 lib.
1531 610 1557 633 1.
1575 602 1663 642 quod
1679 600 1700 632 fi
1718 608 1790 631 cum
1805 609 1869 631 non
1887 600 1943 630 dea

1067 635 1275 687 prehenderit
1292 651 1322 688 in
1339 643 1517 681 adulterio,
1540 642 1593 674 sed
1617 642 1734 674 habeat
1753 641 1827 681 ejus·
1842 639 1946 680 suspe-

1070 684 1175 732 Ctum:
1191 690 1234 714 ait
1248 681 1400 723 Ulpianus
1417 684 1435 714 l.
1448 693 1474 715 1.
1493 684 1522 726 §.
1538 694 1568 724 5.
1582 684 1623 716 D.
1639 686 1673 716 de
1687 682 1759 723 offic.
1773 682 1861 723 Prces.
1880 681 1943 713 Ur-

1071 727 1117 773 in,
1133 726 1217 763 apud
1236 723 1425 756 Praefeftum
1439 723 1522 756 Urbi
1539 725 1601 757 effe
1617 726 1819 757 audiendum.
1845 722 1944 763 Gajus

1071 777 1101 815 in
1122 765 1238 807 fragm.
1259 763 1354 804 Inliic.
1375 765 1423 796 lib.
1444 775 1469 797 1.
1488 768 1534 798 tit.
1553 777 1582 807 3.
1622 767 1674 806 Si,
1698 767 1823 806 inquit,
1838 769 1948 805 servus

1070 811 1193 849 dignum
1207 812 1295 837 morte
1311 808 1415 838 crimen
1435 808 1600 846 admiserit,
1620 809 1658 839 iis
1671 809 1820 849 judicibus
1840 807 1947 849 quibus

1064 850 1177 891 publici
1191 847 1281 896 officii
1290 846 1413 888 potestas
1426 848 1569 888 commiffa
1586 847 1643 888 est,
1662 850 1820 881 tradendus
1835 847 1893 889 est,
1910 853 1945 878 uc

1063 899 1117 933 pro
1126 891 1182 930 fito
1199 899 1318 920 crimine
1327 890 1482 929 puniatur.
1505 889 1541 921 Id
1560 899 1639 921 vero
1657 888 1700 922 D.
1716 889 1832 921 Marco
1849 890 1948 921 debe-

1069 934 1116 972 ri,
1140 930 1294 977 Ulpianus
1314 932 1361 962 lib.
1379 941 1407 971 3.
1446 929 1501 961 De
1519 931 1681 964 adulteriis
1701 931 1800 963 refert
1816 931 1836 963 l.
1855 942 1884 972 5.
1904 930 1948 963 D.

1069 976 1102 1006 de
1117 975 1242 1012 accusat.
1265 972 1342 1004 Non
1357 973 1465 1004 omnia
1482 973 1557 1003 dixi.
1574 981 1646 1004 nam
1664 972 1704 1011 (fl
1720 973 1863 1005 audimus
1882 971 1946 1003 Ga-

1067 1016 1132 1056 juin
1150 1017 1178 1046 d.
1196 1013 1216 1046 l.
1240 1023 1267 1061 1.
1285 1013 1313 1055 ᾗ.
1332 1024 1360 1045 2.
1380 1015 1404 1044 b.
1422 1014 1466 1052 t)
1495 1023 1559 1045 non
1576 1013 1710 1045 substitit
1727 1014 1808 1045 intra
1825 1015 1949 1046 caedem

1070 1056 1113 1088 D.
1133 1056 1223 1102 Pius:
1248 1058 1277 1087 ot
1295 1056 1394 1094 maior
1415 1054 1565 1095 asperitas
1582 1056 1785 1087 dominorum
1805 1056 1948 1095 ejusdem

1069 1099 1227 1138 Principis
1247 1096 1486 1128 Constitutione
1510 1099 1692 1129 coercetur.
1717 1104 1806 1128 extat
1823 1106 1860 1127 ca
1880 1097 1899 1127 l.
1919 1106 1949 1128 2.

1068 1141 1096 1171 h.
1118 1146 1139 1170 t.
1159 1139 1301 1185 sed-quia
1316 1138 1461 1179 longior,
1481 1146 1733 1178 nonapponam.
1755 1135 1877 1169 Relicta
1893 1139 1951 1178 igi-

1070 1181 1274 1228 tur-dominis
1292 1189 1308 1211 a
1328 1179 1370 1211 D.
1389 1179 1448 1211 Pio
1465 1179 1511 1211 est
1526 1181 1653 1212 modica
1678 1179 1841 1211 servorum
1859 1179 1949 1210 calli-

1068 1231 1166 1265 gatio.
1199 1230 1234 1254 ut
1256 1229 1381 1259 tamen,
1404 1220 1424 1252 si
1448 1230 1508 1261 pro
1524 1223 1625 1252 modo
1642 1221 1743 1261 culpae
1762 1220 1850 1256 caesi,
1877 1220 1948 1252 casu

1068 1264 1264 1301 moriantur,
1288 1263 1421 1295 domino
1446 1263 1577 1303 impune
1595 1262 1651 1301 fit,
1675 1262 1755 1294 teste
1776 1263 1810 1293 in
1829 1261 1948 1303 Fragm-

1068 1304 1153 1345 Gajo
1176 1306 1205 1336 d.
1230 1304 1279 1336 lib.
1309 1313 1336 1337 Ι.
1362 1306 1408 1350 tit.
1434 1314 1463 1343 5.
1489 1303 1520 1335 &
1544 1303 1644 1335 Paulo
1661 1305 1707 1336 tit.
1724 1313 1753 1344 3.
1773 1303 1874 1334 Collat.
1891 1304 1946 1344 leg.

1069 1346 1150 1385 Mos.
1169 1347 1206 1381 ὅ)
1222 1346 1307 1377 Rom.
1327 1346 1442 1387 quibus
1465 1345 1631 1377 noviffime
1647 1346 1774 1376 accedit
1791 1344 1948 1377 Constan-

1068 1389 1153 1420 tinus
1168 1389 1188 1420 l.
1206 1388 1285 1419 unic.
1307 1386 1339 1417 C.
1362 1389 1396 1418 de
1413 1387 1520 1418 emend.
1534 1387 1624 1425 serv„
1650 1385 1704 1418 Ne
1728 1386 1793 1418 hoc
1815 1387 1945 1426 quidem

1067 1430 1231 1471 praeterire
1252 1438 1304 1460 me
1321 1435 1475 1468 oportet;
1499 1432 1587 1468 quod
1604 1426 1625 1459 si
1650 1428 1756 1460 servus
1772 1427 1817 1459 ob
1832 1428 1949 1458 intole-

1068 1472 1201 1518 rabilem
1217 1471 1338 1502 domini
1352 1469 1521 1508 saevitiam,
1532 1469 1652 1510 fugerit
1662 1470 1700 1501 ad
1715 1468 1847 1500 statuam
1860 1468 1948 1499 Prin·

1071 1515 1170 1553 cipis,
1187 1512 1241 1543 ubi
1255 1512 1302 1551 ius
1311 1512 1395 1552 azyli
1412 1510 1504 1542 fuisse
1519 1511 1558 1542 ad
1574 1520 1625 1542 eas
1636 1509 1833 1551 fugientibus
1844 1532 1853 1548 ‚
1869 1519 1950 1541 con-

1071 1553 1151 1593 stat;
1171 1552 1211 1585 D.
1232 1553 1305 1585 Pius
1323 1551 1491 1591 Rescripto
1509 1551 1548 1583 ad
1564 1552 1753 1583 relationem
1769 1551 1843 1582 AE'iii
1861 1550 1950 1582 Maro

1071 1597 1173 1634 ciani,
1198 1593 1400 1626 Proconsulis
1414 1593 1563 1631 Baeticae,
1584 1592 1686 1634 J‘uffit,
1711 1591 1834 1624 servum
1852 1592 1949 1624 vendi

1072 1637 1164 1669 bonis
1182 1635 1444 1673 conditionibus,
1469 1634 1513 1666 ita
1536 1643 1577 1665 ne
1596 1641 1746 1674 umquam
1765 1633 1795 1664 in
1812 1634 1877 1673 ejus
1894 1642 1954 1673 po-

1074 1678 1187 1710 testate
1205 1685 1393 1709 revertatur.
1418 1680 1483 1707 non·
1500 1683 1628 1716 poterat
1644 1675 1685 1707 sic
1699 1676 1746 1715 Jus
1761 1675 1822 1707 dici
1842 1676 1882 1706 ab
1896 1674 1955 1706 ΙΕ-

1075 1721 1118 1753 lio
1134 1720 1303 1751 Marciano
1319 1718 1383 1749 sine
1394 1718 1544 1750 mandato
1555 1717 1723 1757 Principis.
1741 1726 1781 1748 ex
1797 1726 1838 1747 eo
1854 1717 1885 1748 id
1898 1714 1954 1747 fiee

1073 1763 1099 1794 ri
1109 1769 1236 1803 poterat
1254 1768 1342 1792 extra
1352 1761 1509 1792 ordinem.
1529 1758 1581 1790 sed
1598 1757 1876 1798 hocTheophilus
1893 1758 1953 1788 ob-

1074 1802 1229 1842 servavit;
1251 1810 1313 1834 nec
1335 1802 1457 1840 minus,
1480 1799 1613 1833 voluiffe
1633 1799 1676 1831 D.
1697 1799 1807 1838 Pium,
1830 1801 1955 1831 servum

1074 1845 1117 1876 ita
1133 1845 1249 1884 vendi,
1272 1850 1307 1875 ut
1323 1844 1472 1874 dominus
1487 1842 1628 1883 pretium
1645 1841 1782 1880 habeat,
1801 1842 1830 1872 ἃ
1848 1842 1954 1873 servus

1073 1886 1166 1918 bonis
1183 1884 1424 1917 conditionibus
1438 1885 1608 1916 vendatur:
1629 1892 1696 1925 quo
1711 1883 1838 1923 utrique
1855 1891 1896 1913 ex
1913 1891 1956 1912 ae-

1075 1937 1140 1966 quo
1155 1928 1186 1960 δι
1206 1928 1314 1965 bono,
1333 1926 1417 1958 nulla
1434 1926 1563 1958 alterius
1578 1925 1705 1966 injuria,
1729 1924 1953 1964 prospiciatur.

1073 1970 1179 2002 Bonas
1202 1977 1301 2010 porro
1318 1968 1525 1999 conditiones
1543 1965 1750 2007 Theophilus
1765 1966 1954 2005 interpreta-

1076 2018 1145 2050 tur,
1163 2020 1228 2043 non
1243 2019 1371 2051 graves:
1388 2008 1541 2050 &graves
1560 2015 1691 2047 contra3
1709 2006 1822 2048 quibus
1837 2014 1958 2037 conve*

1076 2054 1199 2091 matur,
1224 2059 1259 2082 ut
1282 2050 1386 2082 servus
1410 2049 1612 2089 compeditus
1630 2048 1765 2087 serviat3
1791 2056 1830 2079 ne
1849 2055 1959 2079 manu-

1077 2096 1241 2133 mittatur3
1258 2099 1335 2124 utve
1345 2091 1381 2123 fit
1392 2092 1422 2123 in
1431 2092 1564 2132 regione
1572 2091 1677 2132 gravis
1687 2089 1856 2122 &immitis
1869 2088 1958 2120 coeli.

1119 2135 1224 2167 Mitto
1241 2133 1435 2166 dominicam
1452 2133 1656 2174 potestatem.
1682 2130 1789 2163 Venio
1805 2133 1844 2162 ad
1862 2130 1959 2170 patrie

1077 2186 1138 2210 am.
1163 2177 1194 2208 in
1221 2184 1282 2216 qua
1306 2176 1360 2215 (ut
1382 2173 1481 2214 Gajus
1501 2174 1544 2205 ait
1560 2173 1580 2206 l.
1597 2183 1627 2214 3.
1654 2172 1682 2204 b.
1707 2173 1750 2213 t.)
1772 2171 1842 2203 sunt
1865 2171 1959 2203 liberi

1082 2218 1179 2251 nostri
1197 2226 1279 2258 quos
1301 2225 1341 2248 ex
1353 2215 1440 2257 justis
1457 2216 1576 2256 nuptiis
1594 2214 1878 2254 procreaverimus.
1904 2213 1960 2244 ad·

1079 2262 1126 2294 dit
1145 2259 1243 2300 Gajus
1254 2281 1263 2297 ,
1276 2259 1368 2299 'quod
1383 2257 1448 2289 hoc
1462 2257 1512 2298 jus
1531 2256 1696 2298 proprium
1712 2255 1828 2287 civium
1841 2252 1960 2286 Romae

1079 2309 1193 2336 norum
1213 2300 1269 2332 est.
1312 2298 1366 2330 Est
1383 2299 1479 2340 igitur
1494 2298 1596 2340 patria
1611 2297 1751 2337 potestas
1765 2306 1807 2328 ex
1824 2295 1873 2327 his
1888 2303 1962 2335 quae

1077 2344 1154 2386 Juris
1171 2342 1272 2374 civilis
1287 2340 1497 2381 appellantur.
1521 2347 1557 2372 ut
1568 2339 1653 2372 enim
1669 2339 1826 2380 originem
1843 2336 1961 2368 habeat

1079 2396 1097 2418 a
1112 2387 1180 2426 iure
1198 2383 1362 2424 gentium,
1377 2391 1493 2414 novam
1507 2380 1646 2414 formam
1656 2379 1782 2421 accepit
1798 2388 1813 2409 a
1828 2378 1898 2418 Jure
1914 2377 1960 2408 ci-

1080 2428 1148 2459 vili.
1173 2426 1251 2458 Hoc
1266 2422 1352 2456 sensu
1368 2422 1558 2464 Justinianus
1573 2422 1602 2465 §.
1624 2432 1652 2454 2.
1669 2419 1741 2461 Inst.
1756 2421 1790 2451 de
1800 2424 1881 2460 patr.
1894 2423 1957 2460 pot.

1079 2469 1140 2510 Jus
1151 2464 1317 2509 potestatis,
1333 2465 1456 2505 inquit,
1471 2465 1547 2506 quod
1563 2465 1597 2495 in
1611 2464 1713 2494 liberos
1727 2462 1879 2499 habemus,
1890 2469 1958 2500 pro·
1998 2472 2001 2473 ⁷

1074 2512 1175 2553 prium
1183 2508 1222 2551 est
1237 2508 1346 2539 civium
1358 2505 1564 2538 Romanorum.
1579 2504 1655 2535 nulli
1668 2504 1743 2534 enim
1758 2502 1811 2534 alii
1820 2500 1893 2543 sunt
1908 2502 1958 2532 bo-

1079 2553 1168 2584 mines
1189 2550 1241 2593 qui
1261 2548 1347 2581 talem
1364 2549 1395 2579 in
1412 2547 1510 2579 liberos
1525 2547 1630 2578 hahent
1641 2541 1823 2586 potestatem,
1846 2542 1960 2585 qualem

1080 2603 1131 2626 nos
1145 2593 1291 2624 habemus.
1323 2588 1406 2622 Illud
1423 2588 1515 2629 quale
1530 2586 1595 2626 est,
1614 2586 1702 2627 quod
1720 2584 1874 2626 Ulpianus
1889 2585 1909 2616 l.
1927 2587 1957 2617 8.

1081 2637 1110 2668 b.
1127 2640 1150 2666 t.
1171 2634 1220 2675 jus
1236 2632 1344 2674 patriae
1362 2629 1528 2671 potestatis
1545 2629 1682 2669 imputat
1700 2627 1853 2659 moribus.
1886 2634 1959 2657 nam

1081 2674 1256 2717 Dionysius
1272 2674 1321 2705 lib.
1341 2681 1369 2704 2.
1388 2671 1472 2702 Rom.
1492 2671 1585 2712 antiq.
1599 2676 1669 2711 pag.
1679 2672 1731 2706 96.
1750 2667 1872 2706 refert,
1889 2675 1959 2699 eam

1081 2718 1192 2751 deberi
1209 2715 1270 2756 legi
1289 2713 1428 2745 Romuli.
1451 2712 1491 2744 ab
1508 2720 1610 2753 eaque
1625 2710 1780 2742 sententia
1795 2710 1891 2741 etiam
1903 2707 1961 2740 stat

1082 2759 1272 2800 Papinianus
1290 2755 1394 2786 Collat.
1412 2754 1465 2795 leg.
1479 2753 1604 2792 Malaic.
1623 2752 1755 2788 &Rom
1774 2751 1821 2783 tic.
1841 2758 1896 2781 1v:
1913 2749 1960 2781 ui-

1083 2810 1179 2839 cens,
1200 2799 1275 2830 vitae
1291 2797 1321 2828 &
1337 2796 1425 2828 necis
1441 2794 1636 2836 potestatem
1651 2791 1812 2834 patriesse
1827 2799 1962 2823 conces-

1082 2843 1143 2874 sam
1162 2841 1239 2881 Lege
1257 2838 1361 2879 Regia.
1392 2838 1455 2869 Sed
1473 2836 1550 2878 quid
1566 2845 1708 2874 novum,
1731 2833 1835 2875 Leges
1851 2831 1960 2873 appel-

1081 2885 1135 2916 lari
1150 2890 1276 2920 mores;
1300 2878 1492 2911 &moribus
1507 2877 1627 2910 censeri
1643 2875 1824 2918 profestum
1840 2884 1857 2906 a
1871 2874 1961 2913 Lege

1082 2923 1269 2958 Duodecim
1285 2920 1483 2952 Tabularum
1499 2926 1552 2951 aut
1562 2919 1647 2951 alia?
1664 2916 1878 2950 demonstravi
1894 2915 1959 2945 hoe

1081 2967 1131 2999 lib.
1143 2962 1324 2999 1.Pro'babil.
1335 2971 1422 2994 c.xt.
1444 2960 1542 2993 Nunc
1556 2959 1749 3002 potestatem
1765 2956 1859 2998 ipsam
1879 2963 1958 2986 con-

1081 3007 1237 3041 siderabo.
1279 3004 1351 3036 Fuit
1367 3013 1403 3035 ea
1420 3001 1555 3036 summa:
1579 3010 1675 3043 atque
1690 3000 1766 3032 inde
1782 2997 1879 3039 pati-ia
1895 3003 1959 3026 ma-

1080 3047 1280 3092 jestas-apud
1304 3044 1467 3077 Valerium
1484 3044 1666 3076 Maximum
1684 3042 1731 3073 lib.
1751 3050 1780 3080 7.
1797 3048 1822 3069 c.
1839 3046 1867 3076 7.
1880 3035 1909 3076 §.
1925 3043 1958 3074 5.

1085 3091 1240 3124 veriffime
1257 3088 1390 3126 dicitur:
1407 3087 1451 3124 ait
1469 3086 1554 3118 enim
1571 3081 1741 3124 Dionysius
1756 3102 1766 3118 ‚
1778 3076 1960 3123 ‚Romulum

1085 3134 1166 3176 patri
1187 3134 1218 3164 in
1242 3130 1341 3163 filium
1364 3122 1483 3160 dediffe
1505 3127 1556 3167 Jus
1579 3134 1644 3157 non
1666 3121 1765 3154 modo
1782 3118 1959 3164 coercendi

1086 3173 1357 3214 verberandique,
1373 3170 1402 3201 ἅ
1418 3170 1451 3201 in
1468 3168 1590 3200 rusticis
1607 3159 1906 3208 operibus-liabendi
1924 3157 1961 3189 fi·

1084 3216 1181 3255 lium;
1195 3215 1247 3246 sed
1259 3214 1354 3245 etiam
1365 3209 1548 3245 occidendi.
1569 3205 1669 3245 fitque
1683 3203 1771 3241 hujus
1779 3210 1854 3241 Juris
1871 3207 1960 3231 men·

1084 3258 1133 3289 tio
1149 3257 1168 3289 l.
1184 3263 1232 3288 11.
1245 3255 1294 3289 D.
1313 3254 1347 3285 de
1362 3252 1439 3285 liberi
1452 3247 1591 3291 &posta
1605 3246 1628 3278 ι.
1644 3243 1698 3279 ult.
1716 3243 1750 3276 C.
1768 3245 1885 3285 aepuzr.
1894 3243 1966 3310 pog:
