<?xml version="1.0" encoding="UTF-8"?>
<!DOCTYPE html PUBLIC "-//W3C//DTD XHTML 1.0 Transitional//EN"
    "http://www.w3.org/TR/xhtml1/DTD/xhtml1-transitional.dtd">
<html xmlns="http://www.w3.org/1999/xhtml" xml:lang="en" lang="en">
 <head>
  <title>
</title>
<meta http-equiv="Content-Type" content="text/html;charset=utf-8" />
  <meta name='ocr-system' content='tesseract 3.04.00' />
  <meta name='ocr-capabilities' content='ocr_page ocr_carea ocr_par ocr_line ocrx_word'/>
</head>
<body>
  <div class='ocr_page' id='page_1' title='image "./gerardinoodtnovi00nood_1042.png"; bbox 0 0 2036 3495; ppageno 0'>
   <div class='ocr_carea' id='block_1_1' title="bbox 132 93 228 135">
    <p class='ocr_par' dir='ltr' id='par_1_1' title="bbox 132 93 228 135">
     <span class='ocr_line' id='line_1_1' title="bbox 132 93 228 135; baseline -0.021 -10"><span class='ocrx_word' id='word_1_1' title='bbox 132 93 198 133; x_wconf 61' lang='lat'>460</span> <span class='ocrx_word' id='word_1_2' title='bbox 224 128 228 135; x_wconf 86' lang='lat'>.</span> 
     </span>
    </p>
   </div>
   <div class='ocr_carea' id='block_1_2' title="bbox 125 164 1018 3220">
    <p class='ocr_par' dir='ltr' id='par_1_2' title="bbox 125 164 1018 3220">
     <span class='ocr_line' id='line_1_2' title="bbox 134 164 1008 216; baseline -0.016 -5"><span class='ocrx_word' id='word_1_3' title='bbox 134 178 198 211; x_wconf 80' lang='lat' dir='ltr'>sive</span> <span class='ocrx_word' id='word_1_4' title='bbox 219 177 415 216; x_wconf 75' lang='lat' dir='ltr'>donatione,</span> <span class='ocrx_word' id='word_1_5' title='bbox 444 171 509 208; x_wconf 73' lang='lat' dir='ltr'>sive</span> <span class='ocrx_word' id='word_1_6' title='bbox 530 173 593 204; x_wconf 87' lang='lat' dir='ltr'>alio</span> <span class='ocrx_word' id='word_1_7' title='bbox 616 170 717 216; x_wconf 81' lang='lat' dir='ltr'>modo</span> <span class='ocrx_word' id='word_1_8' title='bbox 739 167 794 199; x_wconf 83' lang='lat' dir='ltr'>fiat</span> <span class='ocrx_word' id='word_1_9' title='bbox 821 167 841 199; x_wconf 89' lang='lat' dir='ltr'>l.</span> <span class='ocrx_word' id='word_1_10' title='bbox 864 176 893 205; x_wconf 87' lang='grc'>4.</span> <span class='ocrx_word' id='word_1_11' title='bbox 916 164 949 198; x_wconf 86' lang='lat' dir='ltr'>C.</span> <span class='ocrx_word' id='word_1_12' title='bbox 973 166 1008 197; x_wconf 83' lang='lat' dir='ltr'>de</span> 
     </span>
     <span class='ocr_line' id='line_1_3' title="bbox 133 207 1005 262; baseline -0.015 -12"><span class='ocrx_word' id='word_1_13' title='bbox 133 221 254 262; x_wconf 81' lang='lat' dir='ltr'>praediis</span> <span class='ocrx_word' id='word_1_14' title='bbox 283 219 321 255; x_wconf 59' lang='grc' dir='ltr'>ὅ)</span> <span class='ocrx_word' id='word_1_15' title='bbox 347 219 387 251; x_wconf 80' lang='lat' dir='ltr'>al.</span> <span class='ocrx_word' id='word_1_16' title='bbox 422 218 478 248; x_wconf 78' lang='lat' dir='ltr'>reb.</span> <span class='ocrx_word' id='word_1_17' title='bbox 508 215 579 244; x_wconf 83' lang='lat' dir='ltr'>min.</span> <span class='ocrx_word' id='word_1_18' title='bbox 610 220 646 243; x_wconf 89' lang='lat' dir='ltr'>ut</span> <span class='ocrx_word' id='word_1_19' title='bbox 676 219 819 252; x_wconf 86' lang='lat' dir='ltr'>pignore.</span> <span class='ocrx_word' id='word_1_20' title='bbox 869 207 934 239; x_wconf 89' lang='lat' dir='ltr'>Fac</span> <span class='ocrx_word' id='word_1_21' title='bbox 963 214 1005 239; x_wconf 85' lang='lat' dir='ltr'>ta-</span> 
     </span>
     <span class='ocr_line' id='line_1_4' title="bbox 135 249 1005 302; baseline -0.017 -8"><span class='ocrx_word' id='word_1_22' title='bbox 135 270 228 300; x_wconf 85' lang='lat' dir='ltr'>men,</span> <span class='ocrx_word' id='word_1_23' title='bbox 251 261 332 302; x_wconf 89' lang='lat' dir='ltr'>(qui</span> <span class='ocrx_word' id='word_1_24' title='bbox 356 259 400 291; x_wconf 85' lang='lat' dir='ltr'>est</span> <span class='ocrx_word' id='word_1_25' title='bbox 421 256 508 288; x_wconf 85' lang='lat' dir='ltr'>casus</span> <span class='ocrx_word' id='word_1_26' title='bbox 530 254 549 286; x_wconf 76' lang='lat' dir='ltr'>l.</span> <span class='ocrx_word' id='word_1_27' title='bbox 577 262 602 291; x_wconf 58' lang='lat'>1,</span> <span class='ocrx_word' id='word_1_28' title='bbox 626 253 658 294; x_wconf 85' lang='lat'>§.</span> <span class='ocrx_word' id='word_1_29' title='bbox 680 253 734 283; x_wconf 76' lang='lat' dir='ltr'>uli.</span> <span class='ocrx_word' id='word_1_30' title='bbox 756 250 799 282; x_wconf 89' lang='lat' dir='ltr'>D.</span> <span class='ocrx_word' id='word_1_31' title='bbox 822 249 849 280; x_wconf 86' lang='lat' dir='ltr'>h.</span> <span class='ocrx_word' id='word_1_32' title='bbox 875 249 927 289; x_wconf 77' lang='lat' dir='ltr'>t.)</span> <span class='ocrx_word' id='word_1_33' title='bbox 951 250 1005 280; x_wconf 89' lang='lat' dir='ltr'>mi-</span> 
     </span>
     <span class='ocr_line' id='line_1_5' title="bbox 135 291 1003 340; baseline -0.017 -5"><span class='ocrx_word' id='word_1_34' title='bbox 135 303 306 334; x_wconf 72' lang='lat' dir='ltr'>n&#39;or&#39;annis</span> <span class='ocrx_word' id='word_1_35' title='bbox 330 298 442 340; x_wconf 88' lang='lat' dir='ltr'>viginti</span> <span class='ocrx_word' id='word_1_36' title='bbox 466 295 607 336; x_wconf 84' lang='lat' dir='ltr'>quinque</span> <span class='ocrx_word' id='word_1_37' title='bbox 630 294 710 325; x_wconf 89' lang='lat' dir='ltr'>emit</span> <span class='ocrx_word' id='word_1_38' title='bbox 731 291 866 333; x_wconf 84' lang='lat' dir='ltr'>praedia:</span> <span class='ocrx_word' id='word_1_39' title='bbox 903 300 941 336; x_wconf 79' lang='lat' dir='ltr'>ea-</span> <span class='ocrx_word' id='word_1_40' title='bbox 962 291 1003 321; x_wconf 88' lang='lat' dir='ltr'>le-</span> 
     </span>
     <span class='ocr_line' id='line_1_6' title="bbox 134 332 1011 383; baseline -0.017 -7"><span class='ocrx_word' id='word_1_41' title='bbox 134 352 200 383; x_wconf 82' lang='lat' dir='ltr'>ge3</span> <span class='ocrx_word' id='word_1_42' title='bbox 224 350 283 381; x_wconf 87' lang='lat' dir='ltr'>ut,</span> <span class='ocrx_word' id='word_1_43' title='bbox 306 339 412 381; x_wconf 86' lang='lat' dir='ltr'>quoad</span> <span class='ocrx_word' id='word_1_44' title='bbox 435 338 571 377; x_wconf 87' lang='lat' dir='ltr'>pretium</span> <span class='ocrx_word' id='word_1_45' title='bbox 595 335 752 373; x_wconf 88' lang='lat' dir='ltr'>solveret,</span> <span class='ocrx_word' id='word_1_46' title='bbox 776 332 935 364; x_wconf 86' lang='lat' dir='ltr'>venditori</span> <span class='ocrx_word' id='word_1_47' title='bbox 960 340 1011 363; x_wconf 78' lang='lat' dir='ltr'>es-</span> 
     </span>
     <span class='ocr_line' id='line_1_7' title="bbox 135 372 1008 425; baseline -0.015 -9"><span class='ocrx_word' id='word_1_48' title='bbox 135 383 206 416; x_wconf 83' lang='lat' dir='ltr'>sent</span> <span class='ocrx_word' id='word_1_49' title='bbox 250 382 351 425; x_wconf 84' lang='lat' dir='ltr'>ignori</span> <span class='ocrx_word' id='word_1_50' title='bbox 374 378 525 420; x_wconf 86' lang='lat' dir='ltr'>obligata.</span> <span class='ocrx_word' id='word_1_51' title='bbox 540 387 579 409; x_wconf 88' lang='lat' dir='ltr'>an</span> <span class='ocrx_word' id='word_1_52' title='bbox 594 377 681 408; x_wconf 88' lang='lat' dir='ltr'>valet</span> <span class='ocrx_word' id='word_1_53' title='bbox 695 374 835 417; x_wconf 75' lang='lat' dir='ltr'>pignus?</span> <span class='ocrx_word' id='word_1_54' title='bbox 859 372 935 405; x_wconf 90' lang='lat' dir='ltr'>Non</span> <span class='ocrx_word' id='word_1_55' title='bbox 955 382 1008 419; x_wconf 48' lang='grc' dir='ltr'>ρας</span> 
     </span>
     <span class='ocr_line' id='line_1_8' title="bbox 135 414 1008 464; baseline -0.015 -7"><span class='ocrx_word' id='word_1_56' title='bbox 135 431 205 457; x_wconf 87' lang='lat' dir='ltr'>tat·</span> <span class='ocrx_word' id='word_1_57' title='bbox 239 425 380 464; x_wconf 85' lang='lat' dir='ltr'>lpianus:</span> <span class='ocrx_word' id='word_1_58' title='bbox 409 419 439 451; x_wconf 67' lang='grc' dir='ltr'>ἃ</span> <span class='ocrx_word' id='word_1_59' title='bbox 468 428 526 459; x_wconf 90' lang='lat' dir='ltr'>pro</span> <span class='ocrx_word' id='word_1_60' title='bbox 548 419 674 450; x_wconf 88' lang='lat' dir='ltr'>ratione</span> <span class='ocrx_word' id='word_1_61' title='bbox 704 416 810 454; x_wconf 79' lang='lat' dir='ltr'>addit3</span> <span class='ocrx_word' id='word_1_62' title='bbox 841 415 929 455; x_wconf 89' lang='lat' dir='ltr'>quod</span> <span class='ocrx_word' id='word_1_63' title='bbox 955 414 1008 445; x_wconf 86' lang='lat' dir='ltr'>ubi</span> 
     </span>
     <span class='ocr_line' id='line_1_9' title="bbox 136 459 1007 502; baseline -0.015 -4"><span class='ocrx_word' id='word_1_64' title='bbox 136 466 312 498; x_wconf 87' lang='lat' dir='ltr'>dominium</span> <span class='ocrx_word' id='word_1_65' title='bbox 334 460 501 502; x_wconf 76' lang='lat' dir='ltr'>quaesitum</span> <span class='ocrx_word' id='word_1_66' title='bbox 524 460 570 492; x_wconf 86' lang='lat' dir='ltr'>est</span> <span class='ocrx_word' id='word_1_67' title='bbox 591 460 727 496; x_wconf 84' lang='lat' dir='ltr'>minori,</span> <span class='ocrx_word' id='word_1_68' title='bbox 749 459 849 497; x_wconf 83' lang='lat' dir='ltr'>(ante</span> <span class='ocrx_word' id='word_1_69' title='bbox 865 463 930 487; x_wconf 86' lang='lat' dir='ltr'>non</span> <span class='ocrx_word' id='word_1_70' title='bbox 949 465 1007 496; x_wconf 88' lang='lat' dir='ltr'>po·</span> 
     </span>
     <span class='ocr_line' id='line_1_10' title="bbox 135 497 1007 543; baseline -0.013 -6"><span class='ocrx_word' id='word_1_71' title='bbox 135 506 196 538; x_wconf 91' lang='lat' dir='ltr'>test</span> <span class='ocrx_word' id='word_1_72' title='bbox 218 503 368 536; x_wconf 89' lang='lat' dir='ltr'>constitui</span> <span class='ocrx_word' id='word_1_73' title='bbox 391 503 534 543; x_wconf 85' lang='lat' dir='ltr'>pignus)</span> <span class='ocrx_word' id='word_1_74' title='bbox 555 501 657 541; x_wconf 90' lang='lat' dir='ltr'>coepit</span> <span class='ocrx_word' id='word_1_75' title='bbox 679 504 745 531; x_wconf 86' lang='lat' dir='ltr'>non</span> <span class='ocrx_word' id='word_1_76' title='bbox 768 497 856 539; x_wconf 85' lang='lat' dir='ltr'>posse</span> <span class='ocrx_word' id='word_1_77' title='bbox 887 497 1007 537; x_wconf 81' lang='lat' dir='ltr'>obliga-</span> 
     </span>
     <span class='ocr_line' id='line_1_11' title="bbox 132 537 1008 578; baseline -0.013 0"><span class='ocrx_word' id='word_1_78' title='bbox 132 546 170 578; x_wconf 89' lang='lat' dir='ltr'>ri.</span> <span class='ocrx_word' id='word_1_79' title='bbox 215 545 251 577; x_wconf 91' lang='lat' dir='ltr'>In</span> <span class='ocrx_word' id='word_1_80' title='bbox 273 544 385 576; x_wconf 88' lang='lat' dir='ltr'>eadem</span> <span class='ocrx_word' id='word_1_81' title='bbox 415 542 570 575; x_wconf 83' lang='lat' dir='ltr'>sententia</span> <span class='ocrx_word' id='word_1_82' title='bbox 599 541 644 573; x_wconf 89' lang='lat' dir='ltr'>est</span> <span class='ocrx_word' id='word_1_83' title='bbox 667 541 780 572; x_wconf 87' lang='lat' dir='ltr'>Paulus</span> <span class='ocrx_word' id='word_1_84' title='bbox 811 539 829 569; x_wconf 78' lang='lat' dir='ltr'>l.</span> <span class='ocrx_word' id='word_1_85' title='bbox 854 548 882 570; x_wconf 87' lang='lat'>2.</span> <span class='ocrx_word' id='word_1_86' title='bbox 915 537 956 568; x_wconf 94' lang='lat' dir='ltr'>D.</span> <span class='ocrx_word' id='word_1_87' title='bbox 979 538 1008 568; x_wconf 82' lang='lat' dir='ltr'>b.</span> 
     </span>
     <span class='ocr_line' id='line_1_12' title="bbox 134 579 1010 622; baseline -0.011 -4"><span class='ocrx_word' id='word_1_88' title='bbox 134 592 156 618; x_wconf 77' lang='lat' dir='ltr'>t.</span> <span class='ocrx_word' id='word_1_89' title='bbox 176 585 232 618; x_wconf 83' lang='lat' dir='ltr'>etfi</span> <span class='ocrx_word' id='word_1_90' title='bbox 252 587 285 618; x_wconf 90' lang='lat' dir='ltr'>in</span> <span class='ocrx_word' id='word_1_91' title='bbox 306 584 502 617; x_wconf 86' lang='lat' dir='ltr'>contrarium</span> <span class='ocrx_word' id='word_1_92' title='bbox 532 592 645 615; x_wconf 90' lang='lat' dir='ltr'>movet</span> <span class='ocrx_word' id='word_1_93' title='bbox 668 581 845 622; x_wconf 87' lang='lat' dir='ltr'>scrupulum</span> <span class='ocrx_word' id='word_1_94' title='bbox 870 579 919 609; x_wconf 87' lang='lat' dir='ltr'>his</span> <span class='ocrx_word' id='word_1_95' title='bbox 942 588 1010 609; x_wconf 88' lang='lat' dir='ltr'>ver-</span> 
     </span>
     <span class='ocr_line' id='line_1_13' title="bbox 136 621 1010 666; baseline -0.01 -8"><span class='ocrx_word' id='word_1_96' title='bbox 136 626 206 666; x_wconf 86' lang='lat' dir='ltr'>bis,</span> <span class='ocrx_word' id='word_1_97' title='bbox 229 626 285 659; x_wconf 81' lang='lat' dir='ltr'>Sed</span> <span class='ocrx_word' id='word_1_98' title='bbox 306 627 353 658; x_wconf 84' lang='lat' dir='ltr'>bic</span> <span class='ocrx_word' id='word_1_99' title='bbox 374 627 495 663; x_wconf 75' lang='lat' dir='ltr'>videtur</span> <span class='ocrx_word' id='word_1_100' title='bbox 516 626 590 657; x_wconf 83' lang='lat' dir='ltr'>illud</span> <span class='ocrx_word' id='word_1_101' title='bbox 608 632 744 658; x_wconf 78' lang='lat' dir='ltr'>movere.</span> <span class='ocrx_word' id='word_1_102' title='bbox 779 622 855 662; x_wconf 84' lang='lat' dir='ltr'>quod</span> <span class='ocrx_word' id='word_1_103' title='bbox 876 630 940 651; x_wconf 80' lang='lat' dir='ltr'>cum</span> <span class='ocrx_word' id='word_1_104' title='bbox 963 621 1010 650; x_wconf 83' lang='lat' dir='ltr'>do-</span> 
     </span>
     <span class='ocr_line' id='line_1_14' title="bbox 134 662 1009 710; baseline -0.01 -11"><span class='ocrx_word' id='word_1_105' title='bbox 134 669 222 699; x_wconf 86' lang='lat' dir='ltr'>minio</span> <span class='ocrx_word' id='word_1_106' title='bbox 241 670 351 710; x_wconf 79' lang='lat' dir='ltr'>pignus</span> <span class='ocrx_word' id='word_1_107' title='bbox 376 666 525 709; x_wconf 72' lang='lat' dir='ltr'>quaesitum</span> <span class='ocrx_word' id='word_1_108' title='bbox 547 664 586 707; x_wconf 74' lang='lat' dir='ltr'>est</span> <span class='ocrx_word' id='word_1_109' title='bbox 601 688 612 704; x_wconf 91' lang='lat'>,</span> <span class='ocrx_word' id='word_1_110' title='bbox 644 664 680 699; x_wconf 60' lang='grc' dir='ltr'>ὅ)</span> <span class='ocrx_word' id='word_1_111' title='bbox 709 664 745 694; x_wconf 81' lang='lat' dir='ltr'>ab</span> <span class='ocrx_word' id='word_1_112' title='bbox 773 664 856 693; x_wconf 77' lang='lat' dir='ltr'>initio</span> <span class='ocrx_word' id='word_1_113' title='bbox 876 662 1009 702; x_wconf 70' lang='lat' dir='ltr'><em>obligatio</em></span> 
     </span>
     <span class='ocr_line' id='line_1_15' title="bbox 132 703 1009 748; baseline -0.011 -7"><span class='ocrx_word' id='word_1_114' title='bbox 132 708 256 745; x_wconf 70' lang='lat' dir='ltr'>inhaesit.</span> <span class='ocrx_word' id='word_1_115' title='bbox 298 707 347 740; x_wconf 87' lang='lat' dir='ltr'>Ita</span> <span class='ocrx_word' id='word_1_116' title='bbox 368 707 439 748; x_wconf 90' lang='lat' dir='ltr'>est;</span> <span class='ocrx_word' id='word_1_117' title='bbox 471 713 506 739; x_wconf 84' lang='lat' dir='ltr'>ut</span> <span class='ocrx_word' id='word_1_118' title='bbox 527 709 611 739; x_wconf 83' lang='lat' dir='ltr'>dixi:</span> <span class='ocrx_word' id='word_1_119' title='bbox 642 705 756 737; x_wconf 87' lang='lat' dir='ltr'>Paulus</span> <span class='ocrx_word' id='word_1_120' title='bbox 781 703 865 734; x_wconf 88' lang='lat' dir='ltr'>hunc</span> <span class='ocrx_word' id='word_1_121' title='bbox 896 710 1009 733; x_wconf 88' lang='lat' dir='ltr'>movet</span> 
     </span>
     <span class='ocr_line' id='line_1_16' title="bbox 131 747 1007 790; baseline -0.01 -9"><span class='ocrx_word' id='word_1_122' title='bbox 131 749 336 790; x_wconf 74' lang='lat' dir='ltr'>scrupulum:</span> <span class='ocrx_word' id='word_1_123' title='bbox 374 748 428 781; x_wconf 88' lang='lat' dir='ltr'>sed</span> <span class='ocrx_word' id='word_1_124' title='bbox 459 758 500 779; x_wconf 91' lang='lat' dir='ltr'>eo</span> <span class='ocrx_word' id='word_1_125' title='bbox 531 756 597 779; x_wconf 91' lang='lat' dir='ltr'>non</span> <span class='ocrx_word' id='word_1_126' title='bbox 627 747 727 777; x_wconf 90' lang='lat' dir='ltr'>utitur</span> <span class='ocrx_word' id='word_1_127' title='bbox 762 753 821 785; x_wconf 88' lang='lat' dir='ltr'>pro</span> <span class='ocrx_word' id='word_1_128' title='bbox 843 752 1007 784; x_wconf 85' lang='lat' dir='ltr'>argumen-</span> 
     </span>
     <span class='ocr_line' id='line_1_17' title="bbox 132 784 1009 830; baseline -0.011 -6"><span class='ocrx_word' id='word_1_129' title='bbox 132 798 170 823; x_wconf 91' lang='lat' dir='ltr'>to</span> <span class='ocrx_word' id='word_1_130' title='bbox 200 792 349 824; x_wconf 83' lang='lat' dir='ltr'>finiendae</span> <span class='ocrx_word' id='word_1_131' title='bbox 380 789 572 830; x_wconf 84' lang='lat' dir='ltr'>quaestionis.</span> <span class='ocrx_word' id='word_1_132' title='bbox 604 787 676 818; x_wconf 88' lang='lat' dir='ltr'>satis</span> <span class='ocrx_word' id='word_1_133' title='bbox 706 787 790 817; x_wconf 86' lang='lat' dir='ltr'>enim</span> <span class='ocrx_word' id='word_1_134' title='bbox 820 784 1009 825; x_wconf 80' lang='lat' dir='ltr'><strong>intelligitur</strong></span> 
     </span>
     <span class='ocr_line' id='line_1_18' title="bbox 131 825 1009 873; baseline -0.011 -8"><span class='ocrx_word' id='word_1_135' title='bbox 131 841 174 864; x_wconf 84' lang='lat' dir='ltr'>ex</span> <span class='ocrx_word' id='word_1_136' title='bbox 196 832 399 873; x_wconf 86' lang='lat' dir='ltr'>sequentibus</span> <span class='ocrx_word' id='word_1_137' title='bbox 420 831 486 871; x_wconf 86' lang='lat' dir='ltr'>ejus</span> <span class='ocrx_word' id='word_1_138' title='bbox 509 829 634 866; x_wconf 88' lang='lat' dir='ltr'>verbis,</span> <span class='ocrx_word' id='word_1_139' title='bbox 658 827 734 868; x_wconf 87' lang='lat' dir='ltr'>quid</span> <span class='ocrx_word' id='word_1_140' title='bbox 757 826 903 867; x_wconf 85' lang='lat' dir='ltr'>privato,</span> <span class='ocrx_word' id='word_1_141' title='bbox 933 825 1009 863; x_wconf 85' lang='lat' dir='ltr'>quid</span> 
     </span>
     <span class='ocr_line' id='line_1_19' title="bbox 130 866 1008 910; baseline -0.011 -4"><span class='ocrx_word' id='word_1_142' title='bbox 130 873 211 906; x_wconf 88' lang='lat' dir='ltr'>fisco</span> <span class='ocrx_word' id='word_1_143' title='bbox 233 874 422 910; x_wconf 83' lang='lat' dir='ltr'>venditore,</span> <span class='ocrx_word' id='word_1_144' title='bbox 445 870 583 902; x_wconf 89' lang='lat' dir='ltr'>sentiat:</span> <span class='ocrx_word' id='word_1_145' title='bbox 609 879 684 901; x_wconf 93' lang='lat' dir='ltr'>cum</span> <span class='ocrx_word' id='word_1_146' title='bbox 707 868 749 900; x_wconf 84' lang='lat' dir='ltr'>fic</span> <span class='ocrx_word' id='word_1_147' title='bbox 772 877 869 908; x_wconf 89' lang='lat' dir='ltr'>porro</span> <span class='ocrx_word' id='word_1_148' title='bbox 886 866 1008 898; x_wconf 81' lang='lat' dir='ltr'>scribit:</span> 
     </span>
     <span class='ocr_line' id='line_1_20' title="bbox 132 906 1009 958; baseline -0.009 -12"><span class='ocrx_word' id='word_1_149' title='bbox 132 914 222 958; x_wconf 65' lang='lat' dir='ltr'>Quod</span> <span class='ocrx_word' id='word_1_150' title='bbox 243 913 273 952; x_wconf 89' lang='lat' dir='ltr'><strong><em>fi</em></strong></span> <span class='ocrx_word' id='word_1_151' title='bbox 300 923 318 944; x_wconf 88' lang='lat' dir='ltr'>a</span> <span class='ocrx_word' id='word_1_152' title='bbox 340 911 411 953; x_wconf 64' lang='lat' dir='ltr'>fififfl</span> <span class='ocrx_word' id='word_1_153' title='bbox 432 913 531 944; x_wconf 76' lang='lat' dir='ltr'>emerit</span> <span class='ocrx_word' id='word_1_154' title='bbox 548 935 558 952; x_wconf 93' lang='lat'>,</span> <span class='ocrx_word' id='word_1_155' title='bbox 591 920 643 943; x_wconf 85' lang='lat' dir='ltr'>nec</span> <span class='ocrx_word' id='word_1_156' title='bbox 671 911 812 941; x_wconf 76' lang='lat' dir='ltr'><em>dubitatio</em></span> <span class='ocrx_word' id='word_1_157' title='bbox 834 906 897 947; x_wconf 74' lang='lat' dir='ltr'>eli,</span> <span class='ocrx_word' id='word_1_158' title='bbox 936 909 1009 948; x_wconf 85' lang='lat' dir='ltr'>quin</span> 
     </span>
     <span class='ocr_line' id='line_1_21' title="bbox 125 950 1008 998; baseline -0.01 -11"><span class='ocrx_word' id='word_1_159' title='bbox 125 955 179 998; x_wconf 81' lang='lat' dir='ltr'>jus</span> <span class='ocrx_word' id='word_1_160' title='bbox 196 956 327 996; x_wconf 77' lang='lat' dir='ltr'>pignoris</span> <span class='ocrx_word' id='word_1_161' title='bbox 339 954 464 993; x_wconf 83' lang='lat' dir='ltr'>salvum</span> <span class='ocrx_word' id='word_1_162' title='bbox 480 953 533 992; x_wconf 81' lang='lat' dir='ltr'>fit.</span> <span class='ocrx_word' id='word_1_163' title='bbox 577 954 611 984; x_wconf 87' lang='lat' dir='ltr'>Si</span> <span class='ocrx_word' id='word_1_164' title='bbox 639 953 733 993; x_wconf 80' lang='lat' dir='ltr'>igitur</span> <span class='ocrx_word' id='word_1_165' title='bbox 763 950 830 981; x_wconf 82' lang='lat' dir='ltr'>talis</span> <span class='ocrx_word' id='word_1_166' title='bbox 846 950 954 989; x_wconf 79' lang='lat' dir='ltr'>species</span> <span class='ocrx_word' id='word_1_167' title='bbox 976 950 1008 979; x_wconf 85' lang='lat' dir='ltr'>in</span> 
     </span>
     <span class='ocr_line' id='line_1_22' title="bbox 127 988 1005 1038; baseline -0.011 -10"><span class='ocrx_word' id='word_1_168' title='bbox 127 997 245 1038; x_wconf 83' lang='lat' dir='ltr'>privato</span> <span class='ocrx_word' id='word_1_169' title='bbox 274 996 425 1027; x_wconf 75' lang='lat' dir='ltr'>venditore</span> <span class='ocrx_word' id='word_1_170' title='bbox 455 996 607 1032; x_wconf 78' lang='lat' dir='ltr'>inciderit,</span> <span class='ocrx_word' id='word_1_171' title='bbox 643 992 793 1034; x_wconf 80' lang='lat' dir='ltr'>Imperiali</span> <span class='ocrx_word' id='word_1_172' title='bbox 822 988 955 1030; x_wconf 83' lang='lat' dir='ltr'>beneficio</span> <span class='ocrx_word' id='word_1_173' title='bbox 979 999 1005 1035; x_wconf 71' lang='lat' dir='ltr'>q-</span> 
     </span>
     <span class='ocr_line' id='line_1_23' title="bbox 129 1030 1008 1079; baseline -0.01 -10"><span class='ocrx_word' id='word_1_174' title='bbox 129 1044 186 1079; x_wconf 82' lang='lat' dir='ltr'>pus</span> <span class='ocrx_word' id='word_1_175' title='bbox 205 1035 263 1078; x_wconf 76' lang='lat' dir='ltr'>cst,</span> <span class='ocrx_word' id='word_1_176' title='bbox 287 1043 321 1068; x_wconf 80' lang='lat' dir='ltr'>ut</span> <span class='ocrx_word' id='word_1_177' title='bbox 342 1046 380 1068; x_wconf 80' lang='lat' dir='ltr'>ex</span> <span class='ocrx_word' id='word_1_178' title='bbox 401 1034 550 1077; x_wconf 80' lang='lat' dir='ltr'>Rescripta</span> <span class='ocrx_word' id='word_1_179' title='bbox 571 1036 679 1077; x_wconf 83' lang='lat' dir='ltr'>pignus</span> <span class='ocrx_word' id='word_1_180' title='bbox 702 1033 893 1073; x_wconf 78' lang='lat' dir='ltr'>confirmetur.</span> <span class='ocrx_word' id='word_1_181' title='bbox 935 1030 1008 1062; x_wconf 86' lang='lat' dir='ltr'>Fuit</span> 
     </span>
     <span class='ocr_line' id='line_1_24' title="bbox 130 1071 1008 1120; baseline -0.011 -9"><span class='ocrx_word' id='word_1_182' title='bbox 130 1078 228 1120; x_wconf 83' lang='lat' dir='ltr'>igitur</span> <span class='ocrx_word' id='word_1_183' title='bbox 250 1077 366 1110; x_wconf 88' lang='lat' dir='ltr'>Oratio</span> <span class='ocrx_word' id='word_1_184' title='bbox 383 1101 393 1117; x_wconf 95' lang='lat'><em>‚</em></span> <span class='ocrx_word' id='word_1_185' title='bbox 425 1084 460 1109; x_wconf 87' lang='lat' dir='ltr'>ut</span> <span class='ocrx_word' id='word_1_186' title='bbox 483 1086 520 1109; x_wconf 92' lang='lat' dir='ltr'>ut</span> <span class='ocrx_word' id='word_1_187' title='bbox 542 1077 628 1109; x_wconf 88' lang='lat' dir='ltr'>dicat</span> <span class='ocrx_word' id='word_1_188' title='bbox 646 1099 656 1115; x_wconf 92' lang='lat'>,</span> <span class='ocrx_word' id='word_1_189' title='bbox 692 1073 744 1107; x_wconf 85' lang='lat' dir='ltr'>Ne</span> <span class='ocrx_word' id='word_1_190' title='bbox 765 1071 908 1115; x_wconf 74' lang='lat' dir='ltr'>distrahat</span> <span class='ocrx_word' id='word_1_191' title='bbox 926 1095 935 1111; x_wconf 90' lang='lat'>,</span> <span class='ocrx_word' id='word_1_192' title='bbox 965 1071 1008 1103; x_wconf 84' lang='lat' dir='ltr'>fic</span> 
     </span>
     <span class='ocr_line' id='line_1_25' title="bbox 130 1112 1008 1160; baseline -0.01 -8"><span class='ocrx_word' id='word_1_193' title='bbox 130 1126 268 1160; x_wconf 88' lang='lat' dir='ltr'>accepta</span> <span class='ocrx_word' id='word_1_194' title='bbox 282 1143 293 1159; x_wconf 94' lang='lat'>,</span> <span class='ocrx_word' id='word_1_195' title='bbox 324 1118 409 1159; x_wconf 83' lang='lat' dir='ltr'>quasi</span> <span class='ocrx_word' id='word_1_196' title='bbox 431 1119 517 1151; x_wconf 84' lang='lat' dir='ltr'>dicat</span> <span class='ocrx_word' id='word_1_197' title='bbox 531 1141 541 1157; x_wconf 89' lang='lat'>,</span> <span class='ocrx_word' id='word_1_198' title='bbox 578 1117 631 1150; x_wconf 84' lang='lat' dir='ltr'>Ne</span> <span class='ocrx_word' id='word_1_199' title='bbox 653 1116 769 1148; x_wconf 81' lang='lat' dir='ltr'>alienet.</span> <span class='ocrx_word' id='word_1_200' title='bbox 805 1115 880 1146; x_wconf 89' lang='lat' dir='ltr'>inde</span> <span class='ocrx_word' id='word_1_201' title='bbox 902 1112 1008 1152; x_wconf 81' lang='lat' dir='ltr'>quaefi-</span> 
     </span>
     <span class='ocr_line' id='line_1_26' title="bbox 132 1157 1007 1200; baseline -0.009 -7"><span class='ocrx_word' id='word_1_202' title='bbox 132 1168 201 1193; x_wconf 89' lang='lat' dir='ltr'>tum</span> <span class='ocrx_word' id='word_1_203' title='bbox 224 1161 312 1200; x_wconf 71' lang='lat' dir='ltr'>fuit,</span> <span class='ocrx_word' id='word_1_204' title='bbox 334 1161 472 1192; x_wconf 81' lang='lat' dir='ltr'>liceatne</span> <span class='ocrx_word' id='word_1_205' title='bbox 494 1159 617 1200; x_wconf 88' lang='lat' dir='ltr'>pupillo</span> <span class='ocrx_word' id='word_1_206' title='bbox 640 1157 775 1189; x_wconf 87' lang='lat' dir='ltr'>fundum</span> <span class='ocrx_word' id='word_1_207' title='bbox 799 1157 936 1196; x_wconf 87' lang='lat' dir='ltr'>legatum</span> <span class='ocrx_word' id='word_1_208' title='bbox 959 1164 1007 1185; x_wconf 87' lang='lat' dir='ltr'>re-</span> 
     </span>
     <span class='ocr_line' id='line_1_27' title="bbox 131 1197 1008 1244; baseline -0.011 -9"><span class='ocrx_word' id='word_1_209' title='bbox 131 1202 263 1244; x_wconf 86' lang='lat' dir='ltr'>pudiare</span> <span class='ocrx_word' id='word_1_210' title='bbox 284 1202 349 1234; x_wconf 88' lang='lat' dir='ltr'>fine</span> <span class='ocrx_word' id='word_1_211' title='bbox 372 1201 524 1234; x_wconf 83' lang='lat' dir='ltr'>Praetoris</span> <span class='ocrx_word' id='word_1_212' title='bbox 546 1199 736 1232; x_wconf 70' lang='lat' dir='ltr'>auctoritate</span> <span class='ocrx_word' id='word_1_213' title='bbox 750 1198 767 1229; x_wconf 71' lang='grc' dir='ltr'>’ἒ</span> <span class='ocrx_word' id='word_1_214' title='bbox 798 1204 864 1229; x_wconf 88' lang='lat' dir='ltr'>erat</span> <span class='ocrx_word' id='word_1_215' title='bbox 885 1197 1008 1227; x_wconf 89' lang='lat' dir='ltr'>dubita-</span> 
     </span>
     <span class='ocr_line' id='line_1_28' title="bbox 132 1236 1007 1285; baseline -0.009 -10"><span class='ocrx_word' id='word_1_216' title='bbox 132 1245 197 1282; x_wconf 83' lang='lat' dir='ltr'>tio,</span> <span class='ocrx_word' id='word_1_217' title='bbox 222 1253 260 1275; x_wconf 83' lang='lat' dir='ltr'>an</span> <span class='ocrx_word' id='word_1_218' title='bbox 283 1243 379 1285; x_wconf 87' lang='lat' dir='ltr'>legati</span> <span class='ocrx_word' id='word_1_219' title='bbox 402 1242 583 1284; x_wconf 84' lang='lat' dir='ltr'>repudiatio</span> <span class='ocrx_word' id='word_1_220' title='bbox 613 1241 706 1282; x_wconf 88' lang='lat' dir='ltr'>poffit</span> <span class='ocrx_word' id='word_1_221' title='bbox 728 1239 877 1270; x_wconf 83' lang='lat' dir='ltr'>alienatio</span> <span class='ocrx_word' id='word_1_222' title='bbox 900 1236 1007 1282; x_wconf 81' lang='lat' dir='ltr'>appel-</span> 
     </span>
     <span class='ocr_line' id='line_1_29' title="bbox 131 1280 1009 1325; baseline -0.008 -8"><span class='ocrx_word' id='word_1_223' title='bbox 131 1286 189 1317; x_wconf 88' lang='lat' dir='ltr'>lari</span> <span class='ocrx_word' id='word_1_224' title='bbox 201 1291 218 1320; x_wconf 71' lang='lat' dir='ltr'>:j</span> <span class='ocrx_word' id='word_1_225' title='bbox 233 1295 301 1317; x_wconf 84' lang='lat' dir='ltr'>non</span> <span class='ocrx_word' id='word_1_226' title='bbox 323 1285 395 1316; x_wconf 86' lang='lat' dir='ltr'>satis</span> <span class='ocrx_word' id='word_1_227' title='bbox 418 1292 531 1322; x_wconf 87' lang='lat' dir='ltr'>certo,</span> <span class='ocrx_word' id='word_1_228' title='bbox 561 1290 666 1322; x_wconf 86' lang='lat' dir='ltr'>utrum</span> <span class='ocrx_word' id='word_1_229' title='bbox 690 1282 828 1322; x_wconf 85' lang='lat' dir='ltr'>legatum</span> <span class='ocrx_word' id='word_1_230' title='bbox 853 1280 892 1325; x_wconf 86' lang='lat' dir='ltr'>de</span> <span class='ocrx_word' id='word_1_231' title='bbox 916 1280 1009 1310; x_wconf 88' lang='lat' dir='ltr'>bonis</span> 
     </span>
     <span class='ocr_line' id='line_1_30' title="bbox 131 1318 1007 1365; baseline -0.01 -7"><span class='ocrx_word' id='word_1_232' title='bbox 131 1326 191 1358; x_wconf 88' lang='lat' dir='ltr'>suis</span> <span class='ocrx_word' id='word_1_233' title='bbox 214 1326 374 1365; x_wconf 83' lang='lat' dir='ltr'>dimittat3</span> <span class='ocrx_word' id='word_1_234' title='bbox 396 1335 434 1357; x_wconf 88' lang='lat' dir='ltr'>an</span> <span class='ocrx_word' id='word_1_235' title='bbox 459 1334 525 1356; x_wconf 83' lang='lat' dir='ltr'>non</span> <span class='ocrx_word' id='word_1_236' title='bbox 547 1324 701 1363; x_wconf 80' lang='lat' dir='ltr'>adquirat.</span> <span class='ocrx_word' id='word_1_237' title='bbox 744 1321 820 1353; x_wconf 90' lang='lat' dir='ltr'>Hoc</span> <span class='ocrx_word' id='word_1_238' title='bbox 835 1320 931 1351; x_wconf 76' lang='lat' dir='ltr'>Visum</span> <span class='ocrx_word' id='word_1_239' title='bbox 951 1318 1007 1350; x_wconf 91' lang='lat' dir='ltr'>Ul-</span> 
     </span>
     <span class='ocr_line' id='line_1_31' title="bbox 131 1361 1005 1409; baseline -0.01 -9"><span class='ocrx_word' id='word_1_240' title='bbox 131 1368 230 1409; x_wconf 87' lang='lat' dir='ltr'>piano</span> <span class='ocrx_word' id='word_1_241' title='bbox 252 1368 284 1399; x_wconf 87' lang='lat' dir='ltr'>in</span> <span class='ocrx_word' id='word_1_242' title='bbox 307 1367 576 1407; x_wconf 82' lang='lat' dir='ltr'>interpretatione</span> <span class='ocrx_word' id='word_1_243' title='bbox 601 1364 703 1396; x_wconf 69' lang='lat' dir='ltr'>Edisti</span> <span class='ocrx_word' id='word_1_244' title='bbox 735 1364 774 1394; x_wconf 90' lang='lat' dir='ltr'>de</span> <span class='ocrx_word' id='word_1_245' title='bbox 806 1361 953 1394; x_wconf 82' lang='lat' dir='ltr'>Pauliana</span> <span class='ocrx_word' id='word_1_246' title='bbox 976 1370 1005 1392; x_wconf 87' lang='lat' dir='ltr'>a·</span> 
     </span>
     <span class='ocr_line' id='line_1_32' title="bbox 134 1402 1009 1450; baseline -0.011 -8"><span class='ocrx_word' id='word_1_247' title='bbox 134 1409 243 1442; x_wconf 68' lang='lat' dir='ltr'>stione</span> <span class='ocrx_word' id='word_1_248' title='bbox 265 1409 285 1440; x_wconf 85' lang='lat' dir='ltr'>l.</span> <span class='ocrx_word' id='word_1_249' title='bbox 312 1418 344 1449; x_wconf 86' lang='lat'>3.</span> <span class='ocrx_word' id='word_1_250' title='bbox 373 1407 403 1450; x_wconf 86' lang='lat'>§.</span> <span class='ocrx_word' id='word_1_251' title='bbox 426 1416 455 1440; x_wconf 84' lang='lat'>2.</span> <span class='ocrx_word' id='word_1_252' title='bbox 492 1407 528 1441; x_wconf 57' lang='grc' dir='ltr'>ὅθ</span> <span class='ocrx_word' id='word_1_253' title='bbox 549 1406 571 1437; x_wconf 76' lang='lat' dir='ltr'>l.</span> <span class='ocrx_word' id='word_1_254' title='bbox 594 1410 624 1436; x_wconf 91' lang='lat'>6.</span> <span class='ocrx_word' id='word_1_255' title='bbox 653 1412 700 1445; x_wconf 88' lang='lat' dir='ltr'>pr.</span> <span class='ocrx_word' id='word_1_256' title='bbox 730 1405 759 1446; x_wconf 83' lang='lat'>§.</span> <span class='ocrx_word' id='word_1_257' title='bbox 783 1414 812 1436; x_wconf 85' lang='lat'>2.</span> <span class='ocrx_word' id='word_1_258' title='bbox 844 1402 880 1437; x_wconf 65' lang='grc' dir='ltr'>δ’</span> <span class='ocrx_word' id='word_1_259' title='bbox 902 1413 931 1442; x_wconf 78' lang='lat'>4.</span> <span class='ocrx_word' id='word_1_260' title='bbox 967 1402 1009 1432; x_wconf 87' lang='lat' dir='ltr'>D.</span> 
     </span>
     <span class='ocr_line' id='line_1_33' title="bbox 134 1443 1009 1494; baseline -0.009 -12"><span class='ocrx_word' id='word_1_261' title='bbox 134 1449 210 1494; x_wconf 61' lang='lat' dir='ltr'>Quae</span> <span class='ocrx_word' id='word_1_262' title='bbox 238 1451 270 1481; x_wconf 79' lang='lat' dir='ltr'>in</span> <span class='ocrx_word' id='word_1_263' title='bbox 296 1450 406 1489; x_wconf 80' lang='lat' dir='ltr'>fraud.</span> <span class='ocrx_word' id='word_1_264' title='bbox 438 1449 570 1479; x_wconf 82' lang='lat' dir='ltr'>creditor.</span> <span class='ocrx_word' id='word_1_265' title='bbox 620 1446 682 1477; x_wconf 88' lang='lat' dir='ltr'>Sed</span> <span class='ocrx_word' id='word_1_266' title='bbox 713 1446 745 1476; x_wconf 90' lang='lat' dir='ltr'>in</span> <span class='ocrx_word' id='word_1_267' title='bbox 777 1443 944 1485; x_wconf 77' lang='lat' dir='ltr'>proposito</span> <span class='ocrx_word' id='word_1_268' title='bbox 967 1443 1009 1474; x_wconf 88' lang='lat' dir='ltr'>fic</span> 
     </span>
     <span class='ocr_line' id='line_1_34' title="bbox 133 1486 1010 1531; baseline -0.01 -8"><span class='ocrx_word' id='word_1_269' title='bbox 133 1488 244 1523; x_wconf 74' lang='lat' dir='ltr'>scribit</span> <span class='ocrx_word' id='word_1_270' title='bbox 265 1490 285 1522; x_wconf 89' lang='lat' dir='ltr'>l.</span> <span class='ocrx_word' id='word_1_271' title='bbox 307 1501 337 1531; x_wconf 89' lang='lat'>5.</span> <span class='ocrx_word' id='word_1_272' title='bbox 363 1490 393 1531; x_wconf 86' lang='lat'>§.</span> <span class='ocrx_word' id='word_1_273' title='bbox 418 1493 448 1523; x_wconf 91' lang='lat'>8.</span> <span class='ocrx_word' id='word_1_274' title='bbox 472 1487 515 1520; x_wconf 89' lang='lat' dir='ltr'>D.</span> <span class='ocrx_word' id='word_1_275' title='bbox 537 1489 565 1518; x_wconf 88' lang='lat' dir='ltr'>h.</span> <span class='ocrx_word' id='word_1_276' title='bbox 590 1493 613 1519; x_wconf 80' lang='lat' dir='ltr'>t.</span> <span class='ocrx_word' id='word_1_277' title='bbox 638 1486 773 1518; x_wconf 71' lang='lat' dir='ltr'>Fundam</span> <span class='ocrx_word' id='word_1_278' title='bbox 801 1486 929 1527; x_wconf 80' lang='lat' dir='ltr'>legatum</span> <span class='ocrx_word' id='word_1_279' title='bbox 954 1491 1010 1525; x_wconf 82' lang='lat' dir='ltr'>pu-</span> 
     </span>
     <span class='ocr_line' id='line_1_35' title="bbox 131 1528 1011 1575; baseline -0.01 -11"><span class='ocrx_word' id='word_1_280' title='bbox 131 1533 221 1575; x_wconf 80' lang='lat' dir='ltr'>pillus</span> <span class='ocrx_word' id='word_1_281' title='bbox 236 1530 301 1570; x_wconf 81' lang='lat' dir='ltr'>fine</span> <span class='ocrx_word' id='word_1_282' title='bbox 324 1530 461 1562; x_wconf 73' lang='lat' dir='ltr'>Praeroris</span> <span class='ocrx_word' id='word_1_283' title='bbox 495 1528 667 1561; x_wconf 63' lang='lat' dir='ltr'>auctoritate</span> <span class='ocrx_word' id='word_1_284' title='bbox 697 1528 848 1566; x_wconf 80' lang='lat' dir='ltr'>repudiare</span> <span class='ocrx_word' id='word_1_285' title='bbox 877 1536 934 1557; x_wconf 83' lang='lat' dir='ltr'>non</span> <span class='ocrx_word' id='word_1_286' title='bbox 960 1532 1011 1566; x_wconf 85' lang='lat' dir='ltr'>po-</span> 
     </span>
     <span class='ocr_line' id='line_1_36' title="bbox 134 1567 1011 1615; baseline -0.009 -10"><span class='ocrx_word' id='word_1_287' title='bbox 134 1572 186 1615; x_wconf 78' lang='lat' dir='ltr'>test</span> <span class='ocrx_word' id='word_1_288' title='bbox 206 1583 217 1604; x_wconf 85' lang='grc'>.·</span> <span class='ocrx_word' id='word_1_289' title='bbox 247 1573 277 1604; x_wconf 85' lang='lat'>&amp;</span> <span class='ocrx_word' id='word_1_290' title='bbox 306 1570 477 1610; x_wconf 79' lang='lat' dir='ltr'>causatur,</span> <span class='ocrx_word' id='word_1_291' title='bbox 507 1569 558 1612; x_wconf 81' lang='lat' dir='ltr'>effe</span> <span class='ocrx_word' id='word_1_292' title='bbox 587 1571 662 1601; x_wconf 83' lang='lat' dir='ltr'>enim</span> <span class='ocrx_word' id='word_1_293' title='bbox 692 1568 729 1603; x_wconf 62' lang='grc' dir='ltr'>ὅ)</span> <span class='ocrx_word' id='word_1_294' title='bbox 759 1569 834 1600; x_wconf 81' lang='lat' dir='ltr'>hanc</span> <span class='ocrx_word' id='word_1_295' title='bbox 863 1567 1011 1598; x_wconf 78' lang='lat' dir='ltr'>alienatio-</span> 
     </span>
     <span class='ocr_line' id='line_1_37' title="bbox 135 1608 1010 1654; baseline -0.008 -8"><span class='ocrx_word' id='word_1_296' title='bbox 135 1617 219 1654; x_wconf 75' lang='lat' dir='ltr'>nem,</span> <span class='ocrx_word' id='word_1_297' title='bbox 243 1622 307 1645; x_wconf 77' lang='lat' dir='ltr'>cum</span> <span class='ocrx_word' id='word_1_298' title='bbox 330 1622 374 1644; x_wconf 84' lang='lat' dir='ltr'>res</span> <span class='ocrx_word' id='word_1_299' title='bbox 389 1611 432 1651; x_wconf 85' lang='lat' dir='ltr'>fit</span> <span class='ocrx_word' id='word_1_300' title='bbox 454 1611 587 1653; x_wconf 78' lang='lat' dir='ltr'>pupilli,</span> <span class='ocrx_word' id='word_1_301' title='bbox 618 1611 759 1641; x_wconf 78' lang='lat' dir='ltr'>neminem</span> <span class='ocrx_word' id='word_1_302' title='bbox 780 1609 923 1640; x_wconf 78' lang='lat' dir='ltr'>dubitare.</span> <span class='ocrx_word' id='word_1_303' title='bbox 966 1608 1010 1639; x_wconf 87' lang='lat' dir='ltr'>Si-</span> 
     </span>
     <span class='ocr_line' id='line_1_38' title="bbox 132 1650 1011 1696; baseline -0.009 -8"><span class='ocrx_word' id='word_1_304' title='bbox 132 1654 218 1690; x_wconf 75' lang='lat' dir='ltr'>&#39;milis</span> <span class='ocrx_word' id='word_1_305' title='bbox 240 1653 457 1696; x_wconf 79' lang='lat' dir='ltr'>quaestioest:</span> <span class='ocrx_word' id='word_1_306' title='bbox 487 1653 508 1685; x_wconf 84' lang='lat' dir='ltr'>fi</span> <span class='ocrx_word' id='word_1_307' title='bbox 538 1653 668 1690; x_wconf 86' lang='lat' dir='ltr'>minor,</span> <span class='ocrx_word' id='word_1_308' title='bbox 703 1660 777 1682; x_wconf 88' lang='lat' dir='ltr'>cum</span> <span class='ocrx_word' id='word_1_309' title='bbox 800 1650 884 1681; x_wconf 87' lang='lat' dir='ltr'>aliud</span> <span class='ocrx_word' id='word_1_310' title='bbox 915 1650 1011 1681; x_wconf 89' lang='lat' dir='ltr'>debe-</span> 
     </span>
     <span class='ocr_line' id='line_1_39' title="bbox 135 1691 1012 1738; baseline -0.01 -8"><span class='ocrx_word' id='word_1_311' title='bbox 135 1698 206 1736; x_wconf 60' lang='lat' dir='ltr'>ret,</span> <span class='ocrx_word' id='word_1_312' title='bbox 228 1696 322 1738; x_wconf 87' lang='lat' dir='ltr'>poffit</span> <span class='ocrx_word' id='word_1_313' title='bbox 345 1695 501 1727; x_wconf 85' lang='lat' dir='ltr'>creditori</span> <span class='ocrx_word' id='word_1_314' title='bbox 522 1694 672 1735; x_wconf 82' lang='lat' dir='ltr'>rusticum</span> <span class='ocrx_word' id='word_1_315' title='bbox 697 1692 851 1734; x_wconf 82' lang='lat' dir='ltr'>praedlum</span> <span class='ocrx_word' id='word_1_316' title='bbox 872 1691 936 1723; x_wconf 85' lang='lat' dir='ltr'>fine</span> <span class='ocrx_word' id='word_1_317' title='bbox 959 1691 1012 1722; x_wconf 90' lang='lat' dir='ltr'>de-</span> 
     </span>
     <span class='ocr_line' id='line_1_40' title="bbox 136 1731 1014 1777; baseline -0.009 -7"><span class='ocrx_word' id='word_1_318' title='bbox 136 1745 229 1771; x_wconf 88' lang='lat' dir='ltr'>creto</span> <span class='ocrx_word' id='word_1_319' title='bbox 251 1738 326 1769; x_wconf 91' lang='lat' dir='ltr'>dare</span> <span class='ocrx_word' id='word_1_320' title='bbox 349 1737 382 1768; x_wconf 84' lang='lat' dir='ltr'>in</span> <span class='ocrx_word' id='word_1_321' title='bbox 405 1735 569 1777; x_wconf 79' lang='lat' dir='ltr'>solutum?</span> <span class='ocrx_word' id='word_1_322' title='bbox 603 1735 666 1767; x_wconf 84' lang='lat' dir='ltr'>Sed</span> <span class='ocrx_word' id='word_1_323' title='bbox 695 1740 811 1774; x_wconf 86' lang='lat' dir='ltr'>negant</span> <span class='ocrx_word' id='word_1_324' title='bbox 835 1731 1014 1764; x_wconf 80' lang='lat' dir='ltr'>Diocletia-</span> 
     </span>
     <span class='ocr_line' id='line_1_41' title="bbox 135 1773 1014 1820; baseline -0.011 -7"><span class='ocrx_word' id='word_1_325' title='bbox 135 1778 241 1820; x_wconf 85' lang='lat' dir='ltr'>nus&amp;</span> <span class='ocrx_word' id='word_1_326' title='bbox 263 1777 482 1810; x_wconf 85' lang='lat' dir='ltr'>Maximianus</span> <span class='ocrx_word' id='word_1_327' title='bbox 504 1777 524 1810; x_wconf 92' lang='lat' dir='ltr'>l.</span> <span class='ocrx_word' id='word_1_328' title='bbox 553 1784 601 1817; x_wconf 83' lang='lat'>15.</span> <span class='ocrx_word' id='word_1_329' title='bbox 624 1776 657 1807; x_wconf 91' lang='lat' dir='ltr'>C.</span> <span class='ocrx_word' id='word_1_330' title='bbox 682 1775 710 1807; x_wconf 88' lang='lat' dir='ltr'>h.</span> <span class='ocrx_word' id='word_1_331' title='bbox 735 1780 756 1807; x_wconf 77' lang='lat' dir='ltr'>t.</span> <span class='ocrx_word' id='word_1_332' title='bbox 800 1773 1014 1805; x_wconf 87' lang='lat' dir='ltr'>Senatuscon-</span> 
     </span>
     <span class='ocr_line' id='line_1_42' title="bbox 135 1814 1013 1859; baseline -0.009 -6"><span class='ocrx_word' id='word_1_333' title='bbox 135 1820 204 1853; x_wconf 89' lang='lat' dir='ltr'>sulti</span> <span class='ocrx_word' id='word_1_334' title='bbox 228 1820 452 1852; x_wconf 60' lang='lat' dir='ltr'>auctoritatem</span> <span class='ocrx_word' id='word_1_335' title='bbox 476 1819 541 1850; x_wconf 88' lang='lat' dir='ltr'>boc</span> <span class='ocrx_word' id='word_1_336' title='bbox 564 1817 768 1859; x_wconf 86' lang='lat' dir='ltr'>permittere:</span> <span class='ocrx_word' id='word_1_337' title='bbox 797 1814 960 1848; x_wconf 86' lang='lat' dir='ltr'>manifesta</span> <span class='ocrx_word' id='word_1_338' title='bbox 983 1824 1013 1846; x_wconf 84' lang='lat' dir='ltr'>a-</span> 
     </span>
     <span class='ocr_line' id='line_1_43' title="bbox 135 1856 1014 1902; baseline -0.009 -7"><span class='ocrx_word' id='word_1_339' title='bbox 135 1863 334 1899; x_wconf 58' lang='lat' dir='ltr'>uenatione„</span> <span class='ocrx_word' id='word_1_340' title='bbox 374 1860 539 1902; x_wconf 85' lang='lat' dir='ltr'>Superiori</span> <span class='ocrx_word' id='word_1_341' title='bbox 569 1858 670 1891; x_wconf 87' lang='lat' dir='ltr'>affinis</span> <span class='ocrx_word' id='word_1_342' title='bbox 701 1858 747 1890; x_wconf 89' lang='lat' dir='ltr'>est</span> <span class='ocrx_word' id='word_1_343' title='bbox 777 1858 846 1889; x_wconf 85' lang='lat' dir='ltr'>haec</span> <span class='ocrx_word' id='word_1_344' title='bbox 882 1856 1014 1897; x_wconf 84' lang='lat' dir='ltr'>quaestio</span> 
     </span>
     <span class='ocr_line' id='line_1_44' title="bbox 136 1897 1015 1945; baseline -0.009 -9"><span class='ocrx_word' id='word_1_345' title='bbox 136 1904 222 1945; x_wconf 86' lang='lat' dir='ltr'>apud</span> <span class='ocrx_word' id='word_1_346' title='bbox 253 1901 428 1944; x_wconf 87' lang='lat' dir='ltr'>Ulpianum</span> <span class='ocrx_word' id='word_1_347' title='bbox 459 1902 478 1934; x_wconf 89' lang='lat' dir='ltr'>l.</span> <span class='ocrx_word' id='word_1_348' title='bbox 501 1911 544 1944; x_wconf 75' lang='grc' dir='ltr'>5.ι</span> <span class='ocrx_word' id='word_1_349' title='bbox 561 1900 591 1943; x_wconf 80' lang='lat'>§.</span> <span class='ocrx_word' id='word_1_350' title='bbox 615 1910 644 1938; x_wconf 83' lang='grc'>4.</span> <span class='ocrx_word' id='word_1_351' title='bbox 677 1899 719 1931; x_wconf 94' lang='lat' dir='ltr'>D.</span> <span class='ocrx_word' id='word_1_352' title='bbox 742 1899 770 1930; x_wconf 83' lang='lat' dir='ltr'>h.</span> <span class='ocrx_word' id='word_1_353' title='bbox 796 1904 817 1930; x_wconf 77' lang='lat' dir='ltr'>t.</span> <span class='ocrx_word' id='word_1_354' title='bbox 853 1897 874 1930; x_wconf 89' lang='lat' dir='ltr'>fi</span> <span class='ocrx_word' id='word_1_355' title='bbox 895 1898 1015 1929; x_wconf 89' lang='lat' dir='ltr'>fundus</span> 
     </span>
     <span class='ocr_line' id='line_1_45' title="bbox 137 1939 1015 1986; baseline -0.008 -9"><span class='ocrx_word' id='word_1_356' title='bbox 137 1945 211 1986; x_wconf 85' lang='lat' dir='ltr'>Sejo</span> <span class='ocrx_word' id='word_1_357' title='bbox 234 1944 376 1986; x_wconf 81' lang='lat' dir='ltr'>legatus,</span> <span class='ocrx_word' id='word_1_358' title='bbox 406 1944 457 1976; x_wconf 74' lang='lat' dir='ltr'>vel</span> <span class='ocrx_word' id='word_1_359' title='bbox 480 1952 539 1984; x_wconf 89' lang='lat' dir='ltr'>per</span> <span class='ocrx_word' id='word_1_360' title='bbox 569 1939 844 1974; x_wconf 69' lang='lat' dir='ltr'>fideicommissum</span> <span class='ocrx_word' id='word_1_361' title='bbox 867 1939 1015 1977; x_wconf 73' lang='lat' dir='ltr'>relictus,</span> 
     </span>
     <span class='ocr_line' id='line_1_46' title="bbox 136 1982 1014 2027; baseline -0.008 -9"><span class='ocrx_word' id='word_1_362' title='bbox 136 1987 174 2019; x_wconf 86' lang='lat' dir='ltr'>fit</span> <span class='ocrx_word' id='word_1_363' title='bbox 196 1997 213 2018; x_wconf 86' lang='lat' dir='ltr'>a</span> <span class='ocrx_word' id='word_1_364' title='bbox 235 1986 360 2027; x_wconf 90' lang='lat' dir='ltr'>pupillo</span> <span class='ocrx_word' id='word_1_365' title='bbox 384 1985 503 2017; x_wconf 86' lang='lat' dir='ltr'>herede</span> <span class='ocrx_word' id='word_1_366' title='bbox 525 1983 687 2015; x_wconf 85' lang='lat' dir='ltr'>instituto:</span> <span class='ocrx_word' id='word_1_367' title='bbox 710 1982 869 2021; x_wconf 85' lang='lat' dir='ltr'>poffintne</span> <span class='ocrx_word' id='word_1_368' title='bbox 892 1989 1014 2012; x_wconf 88' lang='lat' dir='ltr'>tutores</span> 
     </span>
     <span class='ocr_line' id='line_1_47' title="bbox 134 2021 1014 2062; baseline -0.008 0"><span class='ocrx_word' id='word_1_369' title='bbox 134 2030 223 2062; x_wconf 90' lang='lat' dir='ltr'>hunc</span> <span class='ocrx_word' id='word_1_370' title='bbox 245 2027 411 2060; x_wconf 86' lang='lat' dir='ltr'>restituere</span> <span class='ocrx_word' id='word_1_371' title='bbox 433 2025 496 2058; x_wconf 83' lang='lat' dir='ltr'>sine</span> <span class='ocrx_word' id='word_1_372' title='bbox 514 2025 668 2057; x_wconf 83' lang='lat' dir='ltr'>Praetoris</span> <span class='ocrx_word' id='word_1_373' title='bbox 697 2023 886 2055; x_wconf 71' lang='lat' dir='ltr'>auctoritate</span> <span class='ocrx_word' id='word_1_374' title='bbox 905 2023 920 2054; x_wconf 68' lang='grc' dir='ltr'>Ρ</span> <span class='ocrx_word' id='word_1_375' title='bbox 957 2021 1014 2055; x_wconf 89' lang='lat' dir='ltr'>Ul—</span> 
     </span>
     <span class='ocr_line' id='line_1_48' title="bbox 136 2063 1014 2112; baseline -0.009 -10"><span class='ocrx_word' id='word_1_376' title='bbox 136 2072 249 2112; x_wconf 77' lang='lat' dir='ltr'>planus</span> <span class='ocrx_word' id='word_1_377' title='bbox 282 2067 446 2110; x_wconf 86' lang='lat' dir='ltr'>distinguit</span> <span class='ocrx_word' id='word_1_378' title='bbox 464 2078 477 2098; x_wconf 48' lang='grc' dir='ltr'>ιἸ</span> <span class='ocrx_word' id='word_1_379' title='bbox 512 2066 703 2104; x_wconf 86' lang='lat' dir='ltr'>arbitratus,</span> <span class='ocrx_word' id='word_1_380' title='bbox 734 2064 755 2096; x_wconf 86' lang='lat' dir='ltr'><strong>fi</strong></span> <span class='ocrx_word' id='word_1_381' title='bbox 788 2063 916 2104; x_wconf 87' lang='lat' dir='ltr'>quidem</span> <span class='ocrx_word' id='word_1_382' title='bbox 947 2073 1014 2095; x_wconf 87' lang='lat' dir='ltr'>rem</span> 
     </span>
     <span class='ocr_line' id='line_1_49' title="bbox 137 2104 1013 2152; baseline -0.008 -8"><span class='ocrx_word' id='word_1_383' title='bbox 137 2112 221 2144; x_wconf 83' lang='lat' dir='ltr'>suam</span> <span class='ocrx_word' id='word_1_384' title='bbox 246 2110 365 2152; x_wconf 86' lang='lat' dir='ltr'>legavit</span> <span class='ocrx_word' id='word_1_385' title='bbox 389 2108 520 2148; x_wconf 84' lang='lat' dir='ltr'>testator</span> <span class='ocrx_word' id='word_1_386' title='bbox 539 2131 549 2146; x_wconf 87' lang='lat'>,</span> <span class='ocrx_word' id='word_1_387' title='bbox 579 2107 696 2139; x_wconf 81' lang='lat' dir='ltr'>cessare</span> <span class='ocrx_word' id='word_1_388' title='bbox 726 2104 915 2138; x_wconf 88' lang='lat' dir='ltr'>Orationem</span> <span class='ocrx_word' id='word_1_389' title='bbox 936 2116 941 2135; x_wconf 81' lang='lat' dir='ltr'>z</span> <span class='ocrx_word' id='word_1_390' title='bbox 973 2106 1013 2137; x_wconf 87' lang='lat' dir='ltr'>sm</span> 
     </span>
     <span class='ocr_line' id='line_1_50' title="bbox 141 2145 1014 2192; baseline -0.01 -6"><span class='ocrx_word' id='word_1_391' title='bbox 141 2155 181 2186; x_wconf 90' lang='lat' dir='ltr'>de</span> <span class='ocrx_word' id='word_1_392' title='bbox 204 2162 238 2185; x_wconf 90' lang='lat' dir='ltr'>re</span> <span class='ocrx_word' id='word_1_393' title='bbox 268 2151 382 2192; x_wconf 87' lang='lat' dir='ltr'>pupilli</span> <span class='ocrx_word' id='word_1_394' title='bbox 407 2149 576 2190; x_wconf 86' lang='lat' dir='ltr'>disposuit,</span> <span class='ocrx_word' id='word_1_395' title='bbox 608 2148 755 2179; x_wconf 89' lang='lat' dir='ltr'>Orationi</span> <span class='ocrx_word' id='word_1_396' title='bbox 787 2148 894 2179; x_wconf 88' lang='lat' dir='ltr'>locum</span> <span class='ocrx_word' id='word_1_397' title='bbox 926 2145 1014 2186; x_wconf 77' lang='lat' dir='ltr'>effe3</span> 
     </span>
     <span class='ocr_line' id='line_1_51' title="bbox 139 2187 1015 2228; baseline -0.011 0"><span class='ocrx_word' id='word_1_398' title='bbox 139 2203 202 2228; x_wconf 85' lang='lat' dir='ltr'>nec</span> <span class='ocrx_word' id='word_1_399' title='bbox 230 2190 414 2225; x_wconf 83' lang='lat' dir='ltr'>inconsulto</span> <span class='ocrx_word' id='word_1_400' title='bbox 450 2191 593 2223; x_wconf 85' lang='lat' dir='ltr'>Praetore</span> <span class='ocrx_word' id='word_1_401' title='bbox 628 2197 753 2221; x_wconf 84' lang='lat' dir='ltr'>tutores</span> <span class='ocrx_word' id='word_1_402' title='bbox 783 2187 871 2227; x_wconf 84' lang='lat' dir='ltr'>poffe</span> <span class='ocrx_word' id='word_1_403' title='bbox 899 2189 1015 2219; x_wconf 89' lang='lat' dir='ltr'>aliena·</span> 
     </span>
     <span class='ocr_line' id='line_1_52' title="bbox 140 2228 1014 2273; baseline -0.008 -6"><span class='ocrx_word' id='word_1_404' title='bbox 140 2246 186 2268; x_wconf 84' lang='lat' dir='ltr'>re.</span> <span class='ocrx_word' id='word_1_405' title='bbox 233 2233 349 2266; x_wconf 83' lang='lat' dir='ltr'>Rursus</span> <span class='ocrx_word' id='word_1_406' title='bbox 373 2231 536 2273; x_wconf 79' lang='lat' dir='ltr'>quaefitum</span> <span class='ocrx_word' id='word_1_407' title='bbox 560 2231 623 2263; x_wconf 90' lang='lat' dir='ltr'>fuit</span> <span class='ocrx_word' id='word_1_408' title='bbox 644 2254 654 2269; x_wconf 95' lang='lat'>,</span> <span class='ocrx_word' id='word_1_409' title='bbox 695 2231 713 2261; x_wconf 87' lang='lat' dir='ltr'>si</span> <span class='ocrx_word' id='word_1_410' title='bbox 751 2229 911 2268; x_wconf 82' lang='lat' dir='ltr'>stipulanti</span> <span class='ocrx_word' id='word_1_411' title='bbox 945 2228 1014 2268; x_wconf 90' lang='lat' dir='ltr'>spo-</span> 
     </span>
     <span class='ocr_line' id='line_1_53' title="bbox 141 2270 1014 2318; baseline -0.009 -9"><span class='ocrx_word' id='word_1_412' title='bbox 141 2277 292 2318; x_wconf 88' lang='lat' dir='ltr'>ponderit</span> <span class='ocrx_word' id='word_1_413' title='bbox 314 2275 474 2315; x_wconf 75' lang='lat' dir='ltr'>pupillus,</span> <span class='ocrx_word' id='word_1_414' title='bbox 507 2283 545 2305; x_wconf 89' lang='lat' dir='ltr'>an</span> <span class='ocrx_word' id='word_1_415' title='bbox 577 2272 700 2303; x_wconf 87' lang='lat' dir='ltr'>solvere</span> <span class='ocrx_word' id='word_1_416' title='bbox 730 2271 824 2309; x_wconf 85' lang='lat' dir='ltr'>possit</span> <span class='ocrx_word' id='word_1_417' title='bbox 846 2271 910 2302; x_wconf 86' lang='lat' dir='ltr'>sine</span> <span class='ocrx_word' id='word_1_418' title='bbox 934 2270 1014 2301; x_wconf 78' lang='lat' dir='ltr'>Prae-</span> 
     </span>
     <span class='ocr_line' id='line_1_54' title="bbox 140 2310 1015 2354; baseline -0.007 -5"><span class='ocrx_word' id='word_1_419' title='bbox 140 2319 219 2350; x_wconf 86' lang='lat' dir='ltr'>toris</span> <span class='ocrx_word' id='word_1_420' title='bbox 237 2316 450 2349; x_wconf 66' lang='lat' dir='ltr'>auctoritate?</span> <span class='ocrx_word' id='word_1_421' title='bbox 473 2313 550 2347; x_wconf 87' lang='lat' dir='ltr'>Non</span> <span class='ocrx_word' id='word_1_422' title='bbox 573 2315 678 2354; x_wconf 84' lang='lat' dir='ltr'>placet</span> <span class='ocrx_word' id='word_1_423' title='bbox 701 2310 865 2353; x_wconf 85' lang='lat' dir='ltr'>Ulpiano:</span> <span class='ocrx_word' id='word_1_424' title='bbox 896 2312 955 2343; x_wconf 85' lang='lat' dir='ltr'>hac</span> <span class='ocrx_word' id='word_1_425' title='bbox 981 2321 1015 2343; x_wconf 93' lang='lat' dir='ltr'>o-</span> 
     </span>
     <span class='ocr_line' id='line_1_55' title="bbox 141 2354 1015 2401; baseline -0.006 -11"><span class='ocrx_word' id='word_1_426' title='bbox 141 2359 241 2401; x_wconf 85' lang='lat' dir='ltr'>ptima</span> <span class='ocrx_word' id='word_1_427' title='bbox 264 2358 408 2396; x_wconf 86' lang='lat' dir='ltr'>ratione,</span> <span class='ocrx_word' id='word_1_428' title='bbox 433 2357 518 2398; x_wconf 85' lang='lat' dir='ltr'>quod</span> <span class='ocrx_word' id='word_1_429' title='bbox 539 2355 679 2396; x_wconf 89' lang='lat' dir='ltr'>alioquin</span> <span class='ocrx_word' id='word_1_430' title='bbox 704 2355 836 2385; x_wconf 87' lang='lat' dir='ltr'>inventa</span> <span class='ocrx_word' id='word_1_431' title='bbox 860 2355 919 2385; x_wconf 92' lang='lat' dir='ltr'>erit</span> <span class='ocrx_word' id='word_1_432' title='bbox 943 2354 1015 2385; x_wconf 87' lang='lat' dir='ltr'>alie-</span> 
     </span>
     <span class='ocr_line' id='line_1_56' title="bbox 143 2394 1015 2440; baseline -0.008 -9"><span class='ocrx_word' id='word_1_433' title='bbox 143 2399 238 2433; x_wconf 85' lang='lat' dir='ltr'>nandi</span> <span class='ocrx_word' id='word_1_434' title='bbox 262 2400 342 2430; x_wconf 89' lang='lat' dir='ltr'>tatio</span> <span class='ocrx_word' id='word_1_435' title='bbox 365 2401 393 2430; x_wconf 86' lang='lat' dir='ltr'>d.</span> <span class='ocrx_word' id='word_1_436' title='bbox 419 2399 438 2430; x_wconf 83' lang='lat' dir='ltr'>l.</span> <span class='ocrx_word' id='word_1_437' title='bbox 465 2409 493 2439; x_wconf 85' lang='lat'>5.</span> <span class='ocrx_word' id='word_1_438' title='bbox 515 2397 543 2440; x_wconf 54' lang='grc' dir='ltr'>ᾗ.</span> <span class='ocrx_word' id='word_1_439' title='bbox 567 2407 597 2438; x_wconf 87' lang='lat'>5.</span> <span class='ocrx_word' id='word_1_440' title='bbox 649 2396 713 2427; x_wconf 82' lang='lat' dir='ltr'>Sed</span> <span class='ocrx_word' id='word_1_441' title='bbox 741 2394 762 2426; x_wconf 86' lang='lat' dir='ltr'>fi</span> <span class='ocrx_word' id='word_1_442' title='bbox 799 2403 889 2434; x_wconf 89' lang='lat' dir='ltr'>pater</span> <span class='ocrx_word' id='word_1_443' title='bbox 921 2395 1015 2433; x_wconf 80' lang='lat' dir='ltr'>ilipu-</span> 
     </span>
     <span class='ocr_line' id='line_1_57' title="bbox 143 2435 1015 2480; baseline -0.01 -5"><span class='ocrx_word' id='word_1_444' title='bbox 143 2440 220 2475; x_wconf 85' lang='lat' dir='ltr'>lanti</span> <span class='ocrx_word' id='word_1_445' title='bbox 251 2439 382 2472; x_wconf 85' lang='lat' dir='ltr'>fundum</span> <span class='ocrx_word' id='word_1_446' title='bbox 421 2439 632 2480; x_wconf 88' lang='lat' dir='ltr'>spoponderit</span> <span class='ocrx_word' id='word_1_447' title='bbox 652 2460 661 2476; x_wconf 93' lang='lat'><strong>‚</strong></span> <span class='ocrx_word' id='word_1_448' title='bbox 690 2435 935 2475; x_wconf 83' lang='lat' dir='ltr'>successeritque</span> <span class='ocrx_word' id='word_1_449' title='bbox 959 2445 1015 2474; x_wconf 87' lang='lat' dir='ltr'>pu-</span> 
     </span>
     <span class='ocr_line' id='line_1_58' title="bbox 143 2476 1015 2524; baseline -0.007 -10"><span class='ocrx_word' id='word_1_450' title='bbox 143 2482 238 2524; x_wconf 87' lang='lat' dir='ltr'>pillus</span> <span class='ocrx_word' id='word_1_451' title='bbox 269 2482 299 2511; x_wconf 89' lang='lat' dir='ltr'>in</span> <span class='ocrx_word' id='word_1_452' title='bbox 329 2481 532 2522; x_wconf 86' lang='lat' dir='ltr'>stipulatum:</span> <span class='ocrx_word' id='word_1_453' title='bbox 561 2479 629 2520; x_wconf 85' lang='lat' dir='ltr'>(fic</span> <span class='ocrx_word' id='word_1_454' title='bbox 661 2479 814 2518; x_wconf 87' lang='lat' dir='ltr'>loquutos</span> <span class='ocrx_word' id='word_1_455' title='bbox 837 2476 928 2509; x_wconf 81' lang='lat' dir='ltr'>fuisse</span> <span class='ocrx_word' id='word_1_456' title='bbox 953 2477 1015 2509; x_wconf 88' lang='lat' dir='ltr'>Ve-</span> 
     </span>
     <span class='ocr_line' id='line_1_59' title="bbox 144 2518 1016 2562; baseline -0.009 -6"><span class='ocrx_word' id='word_1_457' title='bbox 144 2531 250 2561; x_wconf 88' lang='lat' dir='ltr'>teres,</span> <span class='ocrx_word' id='word_1_458' title='bbox 273 2521 345 2552; x_wconf 83' lang='lat' dir='ltr'>alibi</span> <span class='ocrx_word' id='word_1_459' title='bbox 368 2523 504 2562; x_wconf 87' lang='lat' dir='ltr'>notavi)</span> <span class='ocrx_word' id='word_1_460' title='bbox 525 2520 642 2553; x_wconf 85' lang='lat' dir='ltr'>fortius</span> <span class='ocrx_word' id='word_1_461' title='bbox 664 2520 808 2556; x_wconf 91' lang='lat' dir='ltr'>dicetur,</span> <span class='ocrx_word' id='word_1_462' title='bbox 831 2519 933 2557; x_wconf 82' lang='lat' dir='ltr'>inquit</span> <span class='ocrx_word' id='word_1_463' title='bbox 960 2518 1016 2549; x_wconf 92' lang='lat' dir='ltr'>Ul-</span> 
     </span>
     <span class='ocr_line' id='line_1_60' title="bbox 132 2559 1017 2606; baseline -0.006 -10"><span class='ocrx_word' id='word_1_464' title='bbox 132 2564 256 2606; x_wconf 83' lang='lat' dir='ltr'>&#39;pianus</span> <span class='ocrx_word' id='word_1_465' title='bbox 286 2563 314 2593; x_wconf 82' lang='lat' dir='ltr'>d.</span> <span class='ocrx_word' id='word_1_466' title='bbox 344 2563 363 2592; x_wconf 87' lang='lat' dir='ltr'>l.</span> <span class='ocrx_word' id='word_1_467' title='bbox 386 2573 415 2603; x_wconf 81' lang='lat'>5.</span> <span class='ocrx_word' id='word_1_468' title='bbox 445 2563 475 2605; x_wconf 85' lang='lat'>§.</span> <span class='ocrx_word' id='word_1_469' title='bbox 500 2573 529 2603; x_wconf 84' lang='lat'>5.</span> <span class='ocrx_word' id='word_1_470' title='bbox 566 2561 653 2603; x_wconf 83' lang='lat' dir='ltr'>poffe</span> <span class='ocrx_word' id='word_1_471' title='bbox 684 2570 757 2592; x_wconf 89' lang='lat' dir='ltr'>eum</span> <span class='ocrx_word' id='word_1_472' title='bbox 790 2561 923 2591; x_wconf 84' lang='lat' dir='ltr'>reddere</span> <span class='ocrx_word' id='word_1_473' title='bbox 953 2559 1017 2592; x_wconf 82' lang='lat' dir='ltr'>sine</span> 
     </span>
     <span class='ocr_line' id='line_1_61' title="bbox 142 2600 1017 2642; baseline -0.008 -4"><span class='ocrx_word' id='word_1_474' title='bbox 142 2604 293 2638; x_wconf 87' lang='lat' dir='ltr'>Praetoris</span> <span class='ocrx_word' id='word_1_475' title='bbox 323 2603 519 2636; x_wconf 65' lang='lat' dir='ltr'>auctoritate.</span> <span class='ocrx_word' id='word_1_476' title='bbox 555 2604 706 2642; x_wconf 86' lang='lat' dir='ltr'>idemque</span> <span class='ocrx_word' id='word_1_477' title='bbox 735 2601 766 2633; x_wconf 63' lang='grc' dir='ltr'><strong>ἃ</strong></span> <span class='ocrx_word' id='word_1_478' title='bbox 795 2600 816 2632; x_wconf 87' lang='lat' dir='ltr'><strong>fi</strong></span> <span class='ocrx_word' id='word_1_479' title='bbox 835 2602 903 2641; x_wconf 83' lang='lat' dir='ltr'>jure</span> <span class='ocrx_word' id='word_1_480' title='bbox 925 2600 1017 2632; x_wconf 88' lang='lat' dir='ltr'>here-</span> 
     </span>
     <span class='ocr_line' id='line_1_62' title="bbox 146 2641 1017 2685; baseline -0.007 -6"><span class='ocrx_word' id='word_1_481' title='bbox 146 2646 262 2679; x_wconf 81' lang='lat' dir='ltr'>ditario</span> <span class='ocrx_word' id='word_1_482' title='bbox 283 2642 461 2675; x_wconf 88' lang='lat' dir='ltr'>successerit</span> <span class='ocrx_word' id='word_1_483' title='bbox 482 2645 532 2676; x_wconf 83' lang='lat' dir='ltr'>alii</span> <span class='ocrx_word' id='word_1_484' title='bbox 563 2645 616 2685; x_wconf 90' lang='lat' dir='ltr'>qui</span> <span class='ocrx_word' id='word_1_485' title='bbox 646 2650 713 2675; x_wconf 86' lang='lat' dir='ltr'>erat</span> <span class='ocrx_word' id='word_1_486' title='bbox 741 2642 910 2683; x_wconf 77' lang='lat' dir='ltr'>obligatus.</span> <span class='ocrx_word' id='word_1_487' title='bbox 956 2641 1017 2673; x_wconf 84' lang='lat' dir='ltr'>Ea-</span> 
     </span>
     <span class='ocr_line' id='line_1_63' title="bbox 145 2684 1015 2726; baseline -0.009 -5"><span class='ocrx_word' id='word_1_488' title='bbox 145 2686 397 2723; x_wconf 52' lang='lat' dir='ltr'>demiatione,</span> <span class='ocrx_word' id='word_1_489' title='bbox 429 2685 458 2715; x_wconf 67' lang='grc' dir='ltr'>ὰ</span> <span class='ocrx_word' id='word_1_490' title='bbox 487 2686 508 2717; x_wconf 84' lang='lat' dir='ltr'>ss</span> <span class='ocrx_word' id='word_1_491' title='bbox 539 2694 652 2726; x_wconf 85' lang='lat' dir='ltr'>parens</span> <span class='ocrx_word' id='word_1_492' title='bbox 681 2684 815 2715; x_wconf 88' lang='lat' dir='ltr'>fundum</span> <span class='ocrx_word' id='word_1_493' title='bbox 845 2684 1015 2721; x_wconf 88' lang='lat' dir='ltr'>vendidit,</span> 
     </span>
     <span class='ocr_line' id='line_1_64' title="bbox 145 2723 1017 2768; baseline -0.008 -6"><span class='ocrx_word' id='word_1_494' title='bbox 145 2730 200 2762; x_wconf 89' lang='lat' dir='ltr'>vel</span> <span class='ocrx_word' id='word_1_495' title='bbox 223 2728 294 2768; x_wconf 85' lang='lat' dir='ltr'>quis</span> <span class='ocrx_word' id='word_1_496' title='bbox 317 2726 394 2758; x_wconf 83' lang='lat' dir='ltr'>alius</span> <span class='ocrx_word' id='word_1_497' title='bbox 428 2726 480 2756; x_wconf 93' lang='lat' dir='ltr'>cui</span> <span class='ocrx_word' id='word_1_498' title='bbox 512 2727 649 2767; x_wconf 86' lang='lat' dir='ltr'>pupillus</span> <span class='ocrx_word' id='word_1_499' title='bbox 672 2724 880 2764; x_wconf 73' lang='lat' dir='ltr'>successerit,</span> <span class='ocrx_word' id='word_1_500' title='bbox 913 2723 1017 2764; x_wconf 91' lang='lat' dir='ltr'>potest</span> 
     </span>
     <span class='ocr_line' id='line_1_65' title="bbox 146 2765 1014 2813; baseline -0.007 -11"><span class='ocrx_word' id='word_1_501' title='bbox 146 2769 286 2813; x_wconf 87' lang='lat' dir='ltr'>pupillus</span> <span class='ocrx_word' id='word_1_502' title='bbox 314 2775 430 2798; x_wconf 77' lang='lat' dir='ltr'>caetera</span> <span class='ocrx_word' id='word_1_503' title='bbox 462 2768 654 2799; x_wconf 83' lang='lat' dir='ltr'>venditionis</span> <span class='ocrx_word' id='word_1_504' title='bbox 684 2766 866 2798; x_wconf 85' lang='lat' dir='ltr'>inconsulto</span> <span class='ocrx_word' id='word_1_505' title='bbox 897 2765 1014 2797; x_wconf 83' lang='lat' dir='ltr'>Praeto-</span> 
     </span>
     <span class='ocr_line' id='line_1_66' title="bbox 137 2807 1016 2852; baseline -0.008 -7"><span class='ocrx_word' id='word_1_506' title='bbox 137 2815 180 2845; x_wconf 44' lang='lat' dir='ltr'>ire</span> <span class='ocrx_word' id='word_1_507' title='bbox 204 2809 360 2852; x_wconf 88' lang='lat' dir='ltr'>perficere</span> <span class='ocrx_word' id='word_1_508' title='bbox 389 2809 417 2839; x_wconf 85' lang='lat' dir='ltr'>d.</span> <span class='ocrx_word' id='word_1_509' title='bbox 440 2807 459 2838; x_wconf 93' lang='lat' dir='ltr'>l.</span> <span class='ocrx_word' id='word_1_510' title='bbox 480 2818 512 2847; x_wconf 85' lang='lat'>5.</span> <span class='ocrx_word' id='word_1_511' title='bbox 534 2809 562 2848; x_wconf 83' lang='lat'>§.</span> <span class='ocrx_word' id='word_1_512' title='bbox 584 2819 612 2849; x_wconf 82' lang='lat'>7.</span> <span class='ocrx_word' id='word_1_513' title='bbox 637 2817 778 2848; x_wconf 89' lang='lat' dir='ltr'>nempe,</span> <span class='ocrx_word' id='word_1_514' title='bbox 809 2808 881 2848; x_wconf 89' lang='lat' dir='ltr'>quia</span> <span class='ocrx_word' id='word_1_515' title='bbox 913 2808 943 2838; x_wconf 94' lang='lat' dir='ltr'>in</span> <span class='ocrx_word' id='word_1_516' title='bbox 969 2807 1016 2838; x_wconf 80' lang='lat' dir='ltr'>his</span> 
     </span>
     <span class='ocr_line' id='line_1_67' title="bbox 145 2848 1017 2890; baseline -0.009 -4"><span class='ocrx_word' id='word_1_517' title='bbox 145 2849 317 2886; x_wconf 85' lang='lat' dir='ltr'>necessaria</span> <span class='ocrx_word' id='word_1_518' title='bbox 340 2848 574 2886; x_wconf 79' lang='lat' dir='ltr'>est&#39;ali&#39;enatiO,</span> <span class='ocrx_word' id='word_1_519' title='bbox 611 2859 675 2880; x_wconf 87' lang='lat' dir='ltr'>non</span> <span class='ocrx_word' id='word_1_520' title='bbox 699 2851 843 2890; x_wconf 88' lang='lat' dir='ltr'>pendens</span> <span class='ocrx_word' id='word_1_521' title='bbox 866 2858 883 2879; x_wconf 86' lang='lat' dir='ltr'>a</span> <span class='ocrx_word' id='word_1_522' title='bbox 904 2848 1017 2879; x_wconf 91' lang='lat' dir='ltr'>volun-</span> 
     </span>
     <span class='ocr_line' id='line_1_68' title="bbox 146 2888 1016 2931; baseline -0.008 -4"><span class='ocrx_word' id='word_1_523' title='bbox 146 2903 214 2927; x_wconf 86' lang='lat' dir='ltr'>tate</span> <span class='ocrx_word' id='word_1_524' title='bbox 245 2899 411 2923; x_wconf 88' lang='lat' dir='ltr'>tutorum:</span> <span class='ocrx_word' id='word_1_525' title='bbox 449 2891 488 2921; x_wconf 84' lang='lat' dir='ltr'>ad</span> <span class='ocrx_word' id='word_1_526' title='bbox 516 2898 609 2929; x_wconf 90' lang='lat' dir='ltr'>quam</span> <span class='ocrx_word' id='word_1_527' title='bbox 645 2900 709 2921; x_wconf 88' lang='lat' dir='ltr'>non</span> <span class='ocrx_word' id='word_1_528' title='bbox 747 2890 901 2931; x_wconf 86' lang='lat' dir='ltr'>pertingit</span> <span class='ocrx_word' id='word_1_529' title='bbox 936 2888 1016 2921; x_wconf 89' lang='lat' dir='ltr'>Ora-</span> 
     </span>
     <span class='ocr_line' id='line_1_69' title="bbox 147 2930 1018 2969; baseline -0.007 -1"><span class='ocrx_word' id='word_1_530' title='bbox 147 2937 208 2968; x_wconf 65' lang='lat' dir='ltr'>tio:</span> <span class='ocrx_word' id='word_1_531' title='bbox 238 2934 342 2965; x_wconf 89' lang='lat' dir='ltr'>voluit</span> <span class='ocrx_word' id='word_1_532' title='bbox 380 2941 418 2963; x_wconf 88' lang='lat' dir='ltr'>ea</span> <span class='ocrx_word' id='word_1_533' title='bbox 447 2940 616 2963; x_wconf 89' lang='lat' dir='ltr'>occurrere</span> <span class='ocrx_word' id='word_1_534' title='bbox 651 2933 798 2969; x_wconf 82' lang='lat' dir='ltr'>nequitiis</span> <span class='ocrx_word' id='word_1_535' title='bbox 834 2931 864 2962; x_wconf 78' lang='grc' dir='ltr'>δι</span> <span class='ocrx_word' id='word_1_536' title='bbox 901 2930 1018 2962; x_wconf 85' lang='lat' dir='ltr'>fraudi-</span> 
     </span>
     <span class='ocr_line' id='line_1_70' title="bbox 146 2972 1017 3012; baseline -0.006 -4"><span class='ocrx_word' id='word_1_537' title='bbox 146 2977 207 3009; x_wconf 83' lang='lat' dir='ltr'>bus</span> <span class='ocrx_word' id='word_1_538' title='bbox 236 2982 380 3006; x_wconf 87' lang='lat' dir='ltr'>tutorum</span> <span class='ocrx_word' id='word_1_539' title='bbox 417 2982 453 3003; x_wconf 84' lang='lat' dir='ltr'>ac</span> <span class='ocrx_word' id='word_1_540' title='bbox 482 2972 673 3003; x_wconf 85' lang='lat' dir='ltr'>curatorum.</span> <span class='ocrx_word' id='word_1_541' title='bbox 699 2981 786 3004; x_wconf 83' lang='lat' dir='ltr'>vetat</span> <span class='ocrx_word' id='word_1_542' title='bbox 815 2973 929 3012; x_wconf 79' lang='lat' dir='ltr'>igitur,</span> <span class='ocrx_word' id='word_1_543' title='bbox 960 2982 1017 3003; x_wconf 91' lang='lat' dir='ltr'>eos</span> 
     </span>
     <span class='ocr_line' id='line_1_71' title="bbox 137 3011 1017 3056; baseline -0.005 -8"><span class='ocrx_word' id='word_1_544' title='bbox 137 3018 199 3054; x_wconf 30' lang='lat' dir='ltr'>*sua</span> <span class='ocrx_word' id='word_1_545' title='bbox 222 3016 335 3056; x_wconf 88' lang='lat' dir='ltr'>sponte</span> <span class='ocrx_word' id='word_1_546' title='bbox 364 3023 460 3054; x_wconf 80' lang='lat' dir='ltr'>atque</span> <span class='ocrx_word' id='word_1_547' title='bbox 495 3014 627 3044; x_wconf 88' lang='lat' dir='ltr'>arbitrio</span> <span class='ocrx_word' id='word_1_548' title='bbox 655 3011 762 3042; x_wconf 81' lang='lat' dir='ltr'>facere</span> <span class='ocrx_word' id='word_1_549' title='bbox 793 3014 1017 3044; x_wconf 85' lang='lat' dir='ltr'>alienationes:</span> 
     </span>
     <span class='ocr_line' id='line_1_72' title="bbox 131 3052 1016 3095; baseline -0.005 -5"><span class='ocrx_word' id='word_1_550' title='bbox 131 3056 201 3092; x_wconf 61' lang='lat' dir='ltr'>‚sed</span> <span class='ocrx_word' id='word_1_551' title='bbox 232 3066 298 3089; x_wconf 88' lang='lat' dir='ltr'>non</span> <span class='ocrx_word' id='word_1_552' title='bbox 336 3063 450 3093; x_wconf 86' lang='lat' dir='ltr'>vetat,</span> <span class='ocrx_word' id='word_1_553' title='bbox 485 3064 502 3087; x_wconf 85' lang='lat' dir='ltr'>a</span> <span class='ocrx_word' id='word_1_554' title='bbox 533 3052 769 3095; x_wconf 82' lang='lat' dir='ltr'>Magistratibus</span> <span class='ocrx_word' id='word_1_555' title='bbox 803 3053 871 3085; x_wconf 88' lang='lat' dir='ltr'>fieri</span> <span class='ocrx_word' id='word_1_556' title='bbox 903 3055 1016 3086; x_wconf 85' lang='lat' dir='ltr'>aliena-</span> 
     </span>
     <span class='ocr_line' id='line_1_73' title="bbox 143 3093 1016 3137; baseline -0.007 -6"><span class='ocrx_word' id='word_1_557' title='bbox 143 3100 253 3134; x_wconf 81' lang='lat' dir='ltr'>,tiones</span> <span class='ocrx_word' id='word_1_558' title='bbox 292 3096 476 3128; x_wconf 80' lang='lat' dir='ltr'>neceffarias</span> <span class='ocrx_word' id='word_1_559' title='bbox 504 3097 580 3137; x_wconf 86' lang='lat' dir='ltr'>juris</span> <span class='ocrx_word' id='word_1_560' title='bbox 610 3093 788 3133; x_wconf 85' lang='lat' dir='ltr'>exequendi</span> <span class='ocrx_word' id='word_1_561' title='bbox 820 3096 937 3134; x_wconf 79' lang='lat' dir='ltr'>gratia:</span> <span class='ocrx_word' id='word_1_562' title='bbox 976 3105 1016 3127; x_wconf 87' lang='lat' dir='ltr'>ne</span> 
     </span>
     <span class='ocr_line' id='line_1_74' title="bbox 147 3135 1015 3176; baseline -0.007 -5"><span class='ocrx_word' id='word_1_563' title='bbox 147 3141 187 3172; x_wconf 88' lang='lat' dir='ltr'>ad</span> <span class='ocrx_word' id='word_1_564' title='bbox 210 3140 297 3170; x_wconf 82' lang='lat' dir='ltr'>suurn</span> <span class='ocrx_word' id='word_1_565' title='bbox 321 3140 450 3169; x_wconf 81' lang='lat' dir='ltr'>veniant</span> <span class='ocrx_word' id='word_1_566' title='bbox 472 3138 649 3168; x_wconf 83' lang='lat' dir='ltr'>creditores</span> <span class='ocrx_word' id='word_1_567' title='bbox 673 3135 813 3166; x_wconf 85' lang='lat' dir='ltr'>destituti</span> <span class='ocrx_word' id='word_1_568' title='bbox 843 3135 945 3176; x_wconf 86' lang='lat' dir='ltr'>legum</span> <span class='ocrx_word' id='word_1_569' title='bbox 968 3146 1015 3168; x_wconf 85' lang='lat' dir='ltr'>re-</span> 
     </span>
     <span class='ocr_line' id='line_1_75' title="bbox 145 3174 1015 3220; baseline -0.007 -5"><span class='ocrx_word' id='word_1_570' title='bbox 145 3181 270 3217; x_wconf 83' lang='lat' dir='ltr'>mediis.</span> <span class='ocrx_word' id='word_1_571' title='bbox 301 3180 389 3220; x_wconf 87' lang='lat' dir='ltr'>quod</span> <span class='ocrx_word' id='word_1_572' title='bbox 416 3188 456 3211; x_wconf 86' lang='lat' dir='ltr'>ne</span> <span class='ocrx_word' id='word_1_573' title='bbox 493 3179 570 3211; x_wconf 82' lang='lat' dir='ltr'>utile</span> <span class='ocrx_word' id='word_1_574' title='bbox 601 3178 732 3219; x_wconf 81' lang='lat' dir='ltr'>quidem</span> <span class='ocrx_word' id='word_1_575' title='bbox 767 3174 857 3209; x_wconf 89' lang='lat' dir='ltr'>foret</span> <span class='ocrx_word' id='word_1_576' title='bbox 887 3178 1015 3217; x_wconf 88' lang='lat' dir='ltr'>pupillis</span> 
     </span>
    </p>
   </div>
   <div class='ocr_carea' id='block_1_3' title="bbox 530 78 1212 121">
    <p class='ocr_par' dir='ltr' id='par_1_3' title="bbox 530 78 1212 121">
     <span class='ocr_line' id='line_1_76' title="bbox 530 78 1212 121; baseline -0.006 -4"><span class='ocrx_word' id='word_1_577' title='bbox 530 83 895 121; x_wconf 66' lang='lat' dir='ltr'>Gnttltnnt</span> <span class='ocrx_word' id='word_1_578' title='bbox 951 78 1212 114; x_wconf 69' lang='lat' dir='ltr'>Noonr</span> 
     </span>
    </p>
   </div>
   <div class='ocr_carea' id='block_1_4' title="bbox 1271 78 1480 115">
    <p class='ocr_par' dir='ltr' id='par_1_4' title="bbox 1271 78 1480 115">
     <span class='ocr_line' id='line_1_77' title="bbox 1271 78 1480 115; baseline -0.014 -1"><span class='ocrx_word' id='word_1_579' title='bbox 1271 78 1299 114; x_wconf 93' lang='lat' dir='ltr'>C</span> <span class='ocrx_word' id='word_1_580' title='bbox 1333 89 1355 115; x_wconf 78' lang='lat' dir='ltr'>o</span> <span class='ocrx_word' id='word_1_581' title='bbox 1385 87 1412 113; x_wconf 81' lang='lat' dir='ltr'>M</span> <span class='ocrx_word' id='word_1_582' title='bbox 1442 86 1480 112; x_wconf 79' lang='lat' dir='ltr'>M.</span> 
     </span>
    </p>
   </div>
   <div class='ocr_carea' id='block_1_5' title="bbox 1047 166 1936 3173">
    <p class='ocr_par' dir='ltr' id='par_1_5' title="bbox 1047 166 1924 332">
     <span class='ocr_line' id='line_1_78' title="bbox 1049 166 1922 209; baseline 0.006 -11"><span class='ocrx_word' id='word_1_583' title='bbox 1049 174 1102 198; x_wconf 84' lang='lat' dir='ltr'>aut</span> <span class='ocrx_word' id='word_1_584' title='bbox 1124 167 1299 200; x_wconf 85' lang='lat' dir='ltr'>minoribus</span> <span class='ocrx_word' id='word_1_585' title='bbox 1319 179 1327 201; x_wconf 74' lang='grc' dir='ltr'><strong>ε</strong></span> <span class='ocrx_word' id='word_1_586' title='bbox 1358 167 1389 200; x_wconf 87' lang='lat'>&amp;</span> <span class='ocrx_word' id='word_1_587' title='bbox 1417 166 1544 199; x_wconf 87' lang='lat' dir='ltr'>interim</span> <span class='ocrx_word' id='word_1_588' title='bbox 1571 168 1712 209; x_wconf 81' lang='lat' dir='ltr'>negotiis</span> <span class='ocrx_word' id='word_1_589' title='bbox 1735 168 1821 201; x_wconf 62' lang='lat' dir='ltr'>recte</span> <span class='ocrx_word' id='word_1_590' title='bbox 1843 173 1922 203; x_wconf 86' lang='lat' dir='ltr'>con-</span> 
     </span>
     <span class='ocr_line' id='line_1_79' title="bbox 1050 208 1924 247; baseline 0.005 -8"><span class='ocrx_word' id='word_1_591' title='bbox 1050 208 1157 240; x_wconf 75' lang='lat' dir='ltr'>tractis</span> <span class='ocrx_word' id='word_1_592' title='bbox 1186 208 1405 241; x_wconf 87' lang='lat' dir='ltr'>difficultatem</span> <span class='ocrx_word' id='word_1_593' title='bbox 1436 208 1631 247; x_wconf 75' lang='lat' dir='ltr'>injetturum.</span> <span class='ocrx_word' id='word_1_594' title='bbox 1678 209 1739 242; x_wconf 86' lang='lat' dir='ltr'>Sed</span> <span class='ocrx_word' id='word_1_595' title='bbox 1770 210 1835 243; x_wconf 86' lang='lat' dir='ltr'>hoc</span> <span class='ocrx_word' id='word_1_596' title='bbox 1863 210 1924 243; x_wconf 84' lang='lat' dir='ltr'>suis</span> 
     </span>
     <span class='ocr_line' id='line_1_80' title="bbox 1049 248 1923 293; baseline 0.003 -13"><span class='ocrx_word' id='word_1_597' title='bbox 1049 250 1205 289; x_wconf 84' lang='lat' dir='ltr'>exemplis</span> <span class='ocrx_word' id='word_1_598' title='bbox 1228 251 1376 282; x_wconf 87' lang='lat' dir='ltr'>traditum</span> <span class='ocrx_word' id='word_1_599' title='bbox 1399 250 1438 282; x_wconf 93' lang='lat' dir='ltr'>ab</span> <span class='ocrx_word' id='word_1_600' title='bbox 1461 248 1601 291; x_wconf 81' lang='lat' dir='ltr'>Ulpiano</span> <span class='ocrx_word' id='word_1_601' title='bbox 1623 250 1643 282; x_wconf 81' lang='lat' dir='ltr'>l.</span> <span class='ocrx_word' id='word_1_602' title='bbox 1666 260 1696 292; x_wconf 87' lang='lat'>3.</span> <span class='ocrx_word' id='word_1_603' title='bbox 1719 251 1748 293; x_wconf 84' lang='lat'>§.</span> <span class='ocrx_word' id='word_1_604' title='bbox 1774 262 1800 285; x_wconf 88' lang='lat'>1.</span> <span class='ocrx_word' id='word_1_605' title='bbox 1829 260 1858 284; x_wconf 83' lang='lat'>2.</span> <span class='ocrx_word' id='word_1_606' title='bbox 1885 252 1923 287; x_wconf 66' lang='grc' dir='ltr'>δ’</span> 
     </span>
     <span class='ocr_line' id='line_1_81' title="bbox 1047 290 1675 332; baseline 0 -10"><span class='ocrx_word' id='word_1_607' title='bbox 1047 301 1078 332; x_wconf 84' lang='lat'>3.</span> <span class='ocrx_word' id='word_1_608' title='bbox 1104 290 1144 320; x_wconf 92' lang='lat' dir='ltr'>D.</span> <span class='ocrx_word' id='word_1_609' title='bbox 1169 291 1197 321; x_wconf 86' lang='lat' dir='ltr'>b.</span> <span class='ocrx_word' id='word_1_610' title='bbox 1222 297 1244 322; x_wconf 79' lang='lat' dir='ltr'>t.</span> <span class='ocrx_word' id='word_1_611' title='bbox 1674 313 1675 316; x_wconf 50' lang='lat'><em>=</em></span> 
     </span>
    </p>

    <p class='ocr_par' dir='ltr' id='par_1_6' title="bbox 1047 330 1932 1730">
     <span class='ocr_line' id='line_1_82' title="bbox 1093 330 1926 372; baseline 0.005 -10"><span class='ocrx_word' id='word_1_612' title='bbox 1093 330 1257 364; x_wconf 66' lang='lat' dir='ltr'>Hactenus</span> <span class='ocrx_word' id='word_1_613' title='bbox 1284 331 1432 365; x_wconf 86' lang='lat' dir='ltr'>ostendi:</span> <span class='ocrx_word' id='word_1_614' title='bbox 1464 340 1530 372; x_wconf 90' lang='lat' dir='ltr'>quo</span> <span class='ocrx_word' id='word_1_615' title='bbox 1567 330 1653 364; x_wconf 87' lang='lat' dir='ltr'>sensu</span> <span class='ocrx_word' id='word_1_616' title='bbox 1680 331 1806 365; x_wconf 71' lang='lat' dir='ltr'>oratio</span> <span class='ocrx_word' id='word_1_617' title='bbox 1837 341 1926 366; x_wconf 89' lang='lat' dir='ltr'>tuto-</span> 
     </span>
     <span class='ocr_line' id='line_1_83' title="bbox 1051 373 1924 412; baseline 0.005 -9"><span class='ocrx_word' id='word_1_618' title='bbox 1051 373 1136 404; x_wconf 86' lang='lat' dir='ltr'>ribus</span> <span class='ocrx_word' id='word_1_619' title='bbox 1168 373 1198 404; x_wconf 84' lang='lat'>&amp;</span> <span class='ocrx_word' id='word_1_620' title='bbox 1226 373 1426 405; x_wconf 87' lang='lat' dir='ltr'>curatoribus</span> <span class='ocrx_word' id='word_1_621' title='bbox 1454 373 1642 412; x_wconf 89' lang='lat' dir='ltr'>interdicat;</span> <span class='ocrx_word' id='word_1_622' title='bbox 1672 382 1713 405; x_wconf 89' lang='lat' dir='ltr'>ne</span> <span class='ocrx_word' id='word_1_623' title='bbox 1750 375 1924 408; x_wconf 85' lang='lat' dir='ltr'>distrahant</span> 
     </span>
     <span class='ocr_line' id='line_1_84' title="bbox 1050 413 1923 457; baseline 0.005 -13"><span class='ocrx_word' id='word_1_624' title='bbox 1050 414 1167 453; x_wconf 79' lang='lat' dir='ltr'>praedia</span> <span class='ocrx_word' id='word_1_625' title='bbox 1190 414 1301 445; x_wconf 87' lang='lat' dir='ltr'>rustica</span> <span class='ocrx_word' id='word_1_626' title='bbox 1331 415 1361 447; x_wconf 72' lang='grc' dir='ltr'>ἂ</span> <span class='ocrx_word' id='word_1_627' title='bbox 1383 413 1578 454; x_wconf 83' lang='lat' dir='ltr'>suburbana,</span> <span class='ocrx_word' id='word_1_628' title='bbox 1608 421 1661 446; x_wconf 89' lang='lat' dir='ltr'>aut</span> <span class='ocrx_word' id='word_1_629' title='bbox 1690 417 1846 457; x_wconf 88' lang='lat' dir='ltr'>mancipia</span> <span class='ocrx_word' id='word_1_630' title='bbox 1869 426 1923 448; x_wconf 91' lang='lat' dir='ltr'>ru-</span> 
     </span>
     <span class='ocr_line' id='line_1_85' title="bbox 1050 454 1920 497; baseline 0.001 -12"><span class='ocrx_word' id='word_1_631' title='bbox 1050 454 1124 486; x_wconf 85' lang='lat' dir='ltr'>stica</span> <span class='ocrx_word' id='word_1_632' title='bbox 1140 478 1150 493; x_wconf 95' lang='lat'>,</span> <span class='ocrx_word' id='word_1_633' title='bbox 1169 456 1362 496; x_wconf 89' lang='lat' dir='ltr'>pupillorum</span> <span class='ocrx_word' id='word_1_634' title='bbox 1396 465 1450 488; x_wconf 88' lang='lat' dir='ltr'>aut</span> <span class='ocrx_word' id='word_1_635' title='bbox 1468 457 1639 487; x_wconf 88' lang='lat' dir='ltr'>minorum.</span> <span class='ocrx_word' id='word_1_636' title='bbox 1684 455 1849 497; x_wconf 88' lang='lat' dir='ltr'>Deinceps</span> <span class='ocrx_word' id='word_1_637' title='bbox 1872 458 1920 488; x_wconf 76' lang='lat' dir='ltr'>v?-</span> 
     </span>
     <span class='ocr_line' id='line_1_86' title="bbox 1052 496 1924 538; baseline 0.005 -12"><span class='ocrx_word' id='word_1_638' title='bbox 1052 497 1157 534; x_wconf 77' lang='lat' dir='ltr'>del)0‚</span> <span class='ocrx_word' id='word_1_639' title='bbox 1193 506 1231 528; x_wconf 87' lang='lat' dir='ltr'>an</span> <span class='ocrx_word' id='word_1_640' title='bbox 1255 496 1379 537; x_wconf 82' lang='lat' dir='ltr'>semper</span> <span class='ocrx_word' id='word_1_641' title='bbox 1404 505 1501 538; x_wconf 84' lang='lat' dir='ltr'>atque</span> <span class='ocrx_word' id='word_1_642' title='bbox 1528 497 1704 530; x_wconf 71' lang='lat' dir='ltr'>indistinete</span> <span class='ocrx_word' id='word_1_643' title='bbox 1738 498 1924 530; x_wconf 85' lang='lat' dir='ltr'>interdicat.</span> 
     </span>
     <span class='ocr_line' id='line_1_87' title="bbox 1051 536 1925 580; baseline 0.005 -12"><span class='ocrx_word' id='word_1_644' title='bbox 1051 536 1162 569; x_wconf 88' lang='lat' dir='ltr'>Habet</span> <span class='ocrx_word' id='word_1_645' title='bbox 1199 545 1304 569; x_wconf 87' lang='lat' dir='ltr'>autem</span> <span class='ocrx_word' id='word_1_646' title='bbox 1342 536 1456 570; x_wconf 82' lang='lat' dir='ltr'>Oratio</span> <span class='ocrx_word' id='word_1_647' title='bbox 1492 539 1568 570; x_wconf 89' lang='lat' dir='ltr'>duas</span> <span class='ocrx_word' id='word_1_648' title='bbox 1603 538 1826 580; x_wconf 79' lang='lat' dir='ltr'>exceptiones.</span> <span class='ocrx_word' id='word_1_649' title='bbox 1863 548 1925 572; x_wconf 85' lang='lat' dir='ltr'>una</span> 
     </span>
     <span class='ocr_line' id='line_1_88' title="bbox 1052 578 1926 620; baseline 0.003 -11"><span class='ocrx_word' id='word_1_650' title='bbox 1052 579 1237 610; x_wconf 89' lang='lat' dir='ltr'>continetur</span> <span class='ocrx_word' id='word_1_651' title='bbox 1268 579 1318 610; x_wconf 84' lang='lat' dir='ltr'>his</span> <span class='ocrx_word' id='word_1_652' title='bbox 1346 580 1412 620; x_wconf 83' lang='lat' dir='ltr'>ejus</span> <span class='ocrx_word' id='word_1_653' title='bbox 1440 579 1563 611; x_wconf 87' lang='lat' dir='ltr'>verbis:</span> <span class='ocrx_word' id='word_1_654' title='bbox 1602 578 1674 618; x_wconf 84' lang='lat' dir='ltr'>Nisi</span> <span class='ocrx_word' id='word_1_655' title='bbox 1702 585 1736 611; x_wconf 79' lang='lat' dir='ltr'>ut</span> <span class='ocrx_word' id='word_1_656' title='bbox 1757 580 1788 612; x_wconf 87' lang='lat' dir='ltr'>id</span> <span class='ocrx_word' id='word_1_657' title='bbox 1811 579 1926 620; x_wconf 79' lang='lat' dir='ltr'>fieret,</span> 
     </span>
     <span class='ocr_line' id='line_1_89' title="bbox 1047 618 1924 661; baseline 0.002 -10"><span class='ocrx_word' id='word_1_658' title='bbox 1047 627 1183 661; x_wconf 80' lang='lat' dir='ltr'>parentes</span> <span class='ocrx_word' id='word_1_659' title='bbox 1206 618 1370 660; x_wconf 79' lang='lat' dir='ltr'>testamento</span> <span class='ocrx_word' id='word_1_660' title='bbox 1392 620 1439 651; x_wconf 86' lang='lat' dir='ltr'>vel</span> <span class='ocrx_word' id='word_1_661' title='bbox 1460 621 1596 651; x_wconf 84' lang='lat' dir='ltr'>codicillis</span> <span class='ocrx_word' id='word_1_662' title='bbox 1617 623 1759 653; x_wconf 81' lang='lat' dir='ltr'>caverim.</span> <span class='ocrx_word' id='word_1_663' title='bbox 1804 621 1924 653; x_wconf 88' lang='lat' dir='ltr'>Secun-</span> 
     </span>
     <span class='ocr_line' id='line_1_90' title="bbox 1053 661 1926 695; baseline 0.003 -3"><span class='ocrx_word' id='word_1_664' title='bbox 1053 662 1128 692; x_wconf 90' lang='lat' dir='ltr'>dum</span> <span class='ocrx_word' id='word_1_665' title='bbox 1160 661 1228 692; x_wconf 81' lang='lat' dir='ltr'>haec</span> <span class='ocrx_word' id='word_1_666' title='bbox 1258 663 1343 692; x_wconf 88' lang='lat' dir='ltr'>licita</span> <span class='ocrx_word' id='word_1_667' title='bbox 1374 661 1533 692; x_wconf 89' lang='lat' dir='ltr'>tutoribus</span> <span class='ocrx_word' id='word_1_668' title='bbox 1564 661 1594 692; x_wconf 71' lang='grc' dir='ltr'>ἂ</span> <span class='ocrx_word' id='word_1_669' title='bbox 1629 662 1829 695; x_wconf 74' lang='lat' dir='ltr'>curatoribus</span> <span class='ocrx_word' id='word_1_670' title='bbox 1859 662 1926 695; x_wconf 81' lang='lat' dir='ltr'>fine</span> 
     </span>
     <span class='ocr_line' id='line_1_91' title="bbox 1053 702 1927 742; baseline 0.003 -9"><span class='ocrx_word' id='word_1_671' title='bbox 1053 703 1189 733; x_wconf 89' lang='lat' dir='ltr'>decreto</span> <span class='ocrx_word' id='word_1_672' title='bbox 1234 702 1280 734; x_wconf 89' lang='lat' dir='ltr'>est</span> <span class='ocrx_word' id='word_1_673' title='bbox 1319 702 1467 734; x_wconf 86' lang='lat' dir='ltr'>alienatio</span> <span class='ocrx_word' id='word_1_674' title='bbox 1507 702 1697 742; x_wconf 79' lang='lat' dir='ltr'>praediorum</span> <span class='ocrx_word' id='word_1_675' title='bbox 1734 703 1927 737; x_wconf 80' lang='lat' dir='ltr'>rusticorum</span> 
     </span>
     <span class='ocr_line' id='line_1_92' title="bbox 1051 741 1928 782; baseline 0.005 -9"><span class='ocrx_word' id='word_1_676' title='bbox 1051 751 1105 773; x_wconf 85' lang='lat' dir='ltr'>aut</span> <span class='ocrx_word' id='word_1_677' title='bbox 1129 741 1399 775; x_wconf 85' lang='lat' dir='ltr'>suburbanorum:</span> <span class='ocrx_word' id='word_1_678' title='bbox 1434 752 1507 774; x_wconf 89' lang='lat' dir='ltr'>curn</span> <span class='ocrx_word' id='word_1_679' title='bbox 1537 750 1627 782; x_wconf 85' lang='lat' dir='ltr'>pater</span> <span class='ocrx_word' id='word_1_680' title='bbox 1660 753 1728 775; x_wconf 88' lang='lat' dir='ltr'>earn</span> <span class='ocrx_word' id='word_1_681' title='bbox 1759 745 1798 776; x_wconf 87' lang='lat' dir='ltr'>ab</span> <span class='ocrx_word' id='word_1_682' title='bbox 1822 744 1869 776; x_wconf 83' lang='lat' dir='ltr'>his</span> <span class='ocrx_word' id='word_1_683' title='bbox 1893 746 1928 778; x_wconf 87' lang='lat' dir='ltr'>in</span> 
     </span>
     <span class='ocr_line' id='line_1_93' title="bbox 1051 782 1927 826; baseline 0.005 -12"><span class='ocrx_word' id='word_1_684' title='bbox 1051 783 1243 816; x_wconf 87' lang='lat' dir='ltr'>testamento</span> <span class='ocrx_word' id='word_1_685' title='bbox 1272 793 1326 816; x_wconf 88' lang='lat' dir='ltr'>aut</span> <span class='ocrx_word' id='word_1_686' title='bbox 1360 784 1518 816; x_wconf 89' lang='lat' dir='ltr'>codicillis</span> <span class='ocrx_word' id='word_1_687' title='bbox 1550 782 1616 815; x_wconf 87' lang='lat' dir='ltr'>fieri</span> <span class='ocrx_word' id='word_1_688' title='bbox 1649 784 1742 824; x_wconf 82' lang='lat' dir='ltr'>juffit.</span> <span class='ocrx_word' id='word_1_689' title='bbox 1776 786 1870 826; x_wconf 82' lang='lat' dir='ltr'>quid,</span> <span class='ocrx_word' id='word_1_690' title='bbox 1901 786 1927 818; x_wconf 85' lang='lat' dir='ltr'><strong>fi</strong></span> 
     </span>
     <span class='ocr_line' id='line_1_94' title="bbox 1052 825 1928 865; baseline 0.002 -8"><span class='ocrx_word' id='word_1_691' title='bbox 1052 834 1142 865; x_wconf 86' lang='lat' dir='ltr'>pater</span> <span class='ocrx_word' id='word_1_692' title='bbox 1174 826 1213 857; x_wconf 91' lang='lat' dir='ltr'>de</span> <span class='ocrx_word' id='word_1_693' title='bbox 1244 825 1293 857; x_wconf 88' lang='lat' dir='ltr'>his</span> <span class='ocrx_word' id='word_1_694' title='bbox 1326 826 1357 857; x_wconf 89' lang='lat' dir='ltr'>in</span> <span class='ocrx_word' id='word_1_695' title='bbox 1387 825 1578 857; x_wconf 84' lang='lat' dir='ltr'>testamento</span> <span class='ocrx_word' id='word_1_696' title='bbox 1607 833 1662 856; x_wconf 91' lang='lat' dir='ltr'>aut</span> <span class='ocrx_word' id='word_1_697' title='bbox 1692 826 1849 858; x_wconf 90' lang='lat' dir='ltr'>codicillis</span> <span class='ocrx_word' id='word_1_698' title='bbox 1880 827 1928 860; x_wconf 84' lang='lat' dir='ltr'>nil</span> 
     </span>
     <span class='ocr_line' id='line_1_95' title="bbox 1051 866 1927 906; baseline 0.005 -9"><span class='ocrx_word' id='word_1_699' title='bbox 1051 868 1156 903; x_wconf 86' lang='lat' dir='ltr'>cavit;</span> <span class='ocrx_word' id='word_1_700' title='bbox 1194 866 1247 899; x_wconf 89' lang='lat' dir='ltr'>sed</span> <span class='ocrx_word' id='word_1_701' title='bbox 1277 876 1350 898; x_wconf 89' lang='lat' dir='ltr'>cum</span> <span class='ocrx_word' id='word_1_702' title='bbox 1380 868 1529 906; x_wconf 89' lang='lat' dir='ltr'>viveret,</span> <span class='ocrx_word' id='word_1_703' title='bbox 1559 875 1595 897; x_wconf 86' lang='lat' dir='ltr'>ea</span> <span class='ocrx_word' id='word_1_704' title='bbox 1626 867 1735 898; x_wconf 87' lang='lat' dir='ltr'>habuit</span> <span class='ocrx_word' id='word_1_705' title='bbox 1766 868 1888 900; x_wconf 86' lang='lat' dir='ltr'>venalia</span> <span class='ocrx_word' id='word_1_706' title='bbox 1907 868 1927 901; x_wconf 69' lang='grc' dir='ltr'><strong>ἓ</strong></span> 
     </span>
     <span class='ocr_line' id='line_1_96' title="bbox 1051 906 1926 950; baseline 0.003 -11"><span class='ocrx_word' id='word_1_707' title='bbox 1051 909 1094 939; x_wconf 87' lang='lat' dir='ltr'>ait</span> <span class='ocrx_word' id='word_1_708' title='bbox 1123 906 1278 949; x_wconf 81' lang='lat' dir='ltr'>Ulpianus</span> <span class='ocrx_word' id='word_1_709' title='bbox 1308 908 1328 940; x_wconf 81' lang='lat' dir='ltr'>l.</span> <span class='ocrx_word' id='word_1_710' title='bbox 1355 916 1381 940; x_wconf 89' lang='lat'>1.</span> <span class='ocrx_word' id='word_1_711' title='bbox 1412 907 1440 950; x_wconf 87' lang='lat'>§.</span> <span class='ocrx_word' id='word_1_712' title='bbox 1463 917 1493 950; x_wconf 84' lang='lat'>3.</span> <span class='ocrx_word' id='word_1_713' title='bbox 1525 907 1567 938; x_wconf 93' lang='lat' dir='ltr'>D.</span> <span class='ocrx_word' id='word_1_714' title='bbox 1597 908 1626 939; x_wconf 85' lang='lat' dir='ltr'>b.</span> <span class='ocrx_word' id='word_1_715' title='bbox 1649 913 1671 940; x_wconf 75' lang='lat' dir='ltr'>t.</span> <span class='ocrx_word' id='word_1_716' title='bbox 1702 907 1926 942; x_wconf 85' lang='lat' dir='ltr'>abstinendum</span> 
     </span>
     <span class='ocr_line' id='line_1_97' title="bbox 1051 949 1930 990; baseline 0.002 -11"><span class='ocrx_word' id='word_1_717' title='bbox 1051 949 1112 980; x_wconf 92' lang='lat' dir='ltr'>erit</span> <span class='ocrx_word' id='word_1_718' title='bbox 1141 949 1338 981; x_wconf 88' lang='lat' dir='ltr'>venditioni:</span> <span class='ocrx_word' id='word_1_719' title='bbox 1369 950 1456 990; x_wconf 88' lang='lat' dir='ltr'>(pro</span> <span class='ocrx_word' id='word_1_720' title='bbox 1480 949 1687 988; x_wconf 90' lang='lat' dir='ltr'>venditione,</span> <span class='ocrx_word' id='word_1_721' title='bbox 1716 958 1751 981; x_wconf 93' lang='lat' dir='ltr'>ut</span> <span class='ocrx_word' id='word_1_722' title='bbox 1780 949 1853 981; x_wconf 87' lang='lat' dir='ltr'>alibi</span> <span class='ocrx_word' id='word_1_723' title='bbox 1876 949 1930 981; x_wconf 81' lang='lat' dir='ltr'>sae-</span> 
     </span>
     <span class='ocr_line' id='line_1_98' title="bbox 1050 989 1929 1032; baseline 0.002 -11"><span class='ocrx_word' id='word_1_724' title='bbox 1050 990 1150 1030; x_wconf 79' lang='lat' dir='ltr'>pius)</span> <span class='ocrx_word' id='word_1_725' title='bbox 1173 990 1203 1021; x_wconf 74' lang='grc' dir='ltr'>ὅ(</span> <span class='ocrx_word' id='word_1_726' title='bbox 1227 989 1368 1023; x_wconf 83' lang='lat' dir='ltr'>causatur</span> <span class='ocrx_word' id='word_1_727' title='bbox 1391 989 1566 1032; x_wconf 86' lang='lat' dir='ltr'>Ulpianus,</span> <span class='ocrx_word' id='word_1_728' title='bbox 1603 992 1689 1030; x_wconf 90' lang='lat' dir='ltr'>quod</span> <span class='ocrx_word' id='word_1_729' title='bbox 1719 1000 1785 1022; x_wconf 90' lang='lat' dir='ltr'>non</span> <span class='ocrx_word' id='word_1_730' title='bbox 1815 992 1929 1030; x_wconf 83' lang='lat' dir='ltr'>utique</span> 
     </span>
     <span class='ocr_line' id='line_1_99' title="bbox 1051 1030 1930 1073; baseline 0.003 -12"><span class='ocrx_word' id='word_1_731' title='bbox 1051 1032 1105 1070; x_wconf 90' lang='lat' dir='ltr'>qui</span> <span class='ocrx_word' id='word_1_732' title='bbox 1127 1030 1192 1072; x_wconf 90' lang='lat' dir='ltr'>ipse</span> <span class='ocrx_word' id='word_1_733' title='bbox 1216 1032 1356 1063; x_wconf 86' lang='lat' dir='ltr'>voluerit</span> <span class='ocrx_word' id='word_1_734' title='bbox 1377 1032 1518 1064; x_wconf 88' lang='lat' dir='ltr'>vendere</span> <span class='ocrx_word' id='word_1_735' title='bbox 1533 1054 1543 1070; x_wconf 90' lang='lat'>‚</span> <span class='ocrx_word' id='word_1_736' title='bbox 1585 1031 1669 1064; x_wconf 87' lang='lat' dir='ltr'>idem</span> <span class='ocrx_word' id='word_1_737' title='bbox 1700 1033 1795 1065; x_wconf 87' lang='lat' dir='ltr'>etiam</span> <span class='ocrx_word' id='word_1_738' title='bbox 1818 1032 1930 1073; x_wconf 79' lang='lat' dir='ltr'>postea</span> 
     </span>
     <span class='ocr_line' id='line_1_100' title="bbox 1051 1071 1926 1115; baseline 0.002 -12"><span class='ocrx_word' id='word_1_739' title='bbox 1051 1071 1250 1105; x_wconf 88' lang='lat' dir='ltr'>distrahenda</span> <span class='ocrx_word' id='word_1_740' title='bbox 1285 1075 1421 1113; x_wconf 89' lang='lat' dir='ltr'>putavit.</span> <span class='ocrx_word' id='word_1_741' title='bbox 1474 1071 1583 1104; x_wconf 89' lang='lat' dir='ltr'>Potest</span> <span class='ocrx_word' id='word_1_742' title='bbox 1614 1073 1709 1114; x_wconf 86' lang='lat' dir='ltr'>igitur</span> <span class='ocrx_word' id='word_1_743' title='bbox 1733 1081 1821 1105; x_wconf 90' lang='lat' dir='ltr'>tutor</span> <span class='ocrx_word' id='word_1_744' title='bbox 1844 1083 1926 1115; x_wconf 82' lang='lat' dir='ltr'>prae-</span> 
     </span>
     <span class='ocr_line' id='line_1_101' title="bbox 1051 1113 1932 1156; baseline 0.003 -12"><span class='ocrx_word' id='word_1_745' title='bbox 1051 1114 1102 1144; x_wconf 87' lang='lat' dir='ltr'>dia</span> <span class='ocrx_word' id='word_1_746' title='bbox 1123 1114 1278 1146; x_wconf 87' lang='lat' dir='ltr'>alienare:</span> <span class='ocrx_word' id='word_1_747' title='bbox 1309 1114 1331 1146; x_wconf 88' lang='lat' dir='ltr'>fi</span> <span class='ocrx_word' id='word_1_748' title='bbox 1354 1115 1466 1156; x_wconf 88' lang='lat' dir='ltr'>pupilli</span> <span class='ocrx_word' id='word_1_749' title='bbox 1489 1122 1578 1156; x_wconf 87' lang='lat' dir='ltr'>pater</span> <span class='ocrx_word' id='word_1_750' title='bbox 1608 1114 1640 1146; x_wconf 91' lang='lat' dir='ltr'>id</span> <span class='ocrx_word' id='word_1_751' title='bbox 1663 1113 1752 1154; x_wconf 89' lang='lat' dir='ltr'>fieri,</span> <span class='ocrx_word' id='word_1_752' title='bbox 1781 1115 1813 1147; x_wconf 93' lang='lat' dir='ltr'>in</span> <span class='ocrx_word' id='word_1_753' title='bbox 1837 1114 1932 1147; x_wconf 88' lang='lat' dir='ltr'>testa-</span> 
     </span>
     <span class='ocr_line' id='line_1_102' title="bbox 1050 1154 1928 1198; baseline 0.003 -12"><span class='ocrx_word' id='word_1_754' title='bbox 1050 1162 1162 1186; x_wconf 88' lang='lat' dir='ltr'>mento</span> <span class='ocrx_word' id='word_1_755' title='bbox 1192 1163 1246 1186; x_wconf 89' lang='lat' dir='ltr'>aut</span> <span class='ocrx_word' id='word_1_756' title='bbox 1276 1156 1435 1191; x_wconf 85' lang='lat' dir='ltr'>codicillis</span> <span class='ocrx_word' id='word_1_757' title='bbox 1457 1155 1607 1198; x_wconf 85' lang='lat' dir='ltr'>permisit.</span> <span class='ocrx_word' id='word_1_758' title='bbox 1656 1154 1760 1197; x_wconf 91' lang='lat' dir='ltr'>Impp.</span> <span class='ocrx_word' id='word_1_759' title='bbox 1792 1155 1928 1189; x_wconf 86' lang='lat' dir='ltr'>Diocle-</span> 
     </span>
     <span class='ocr_line' id='line_1_103' title="bbox 1051 1196 1926 1240; baseline 0.001 -13"><span class='ocrx_word' id='word_1_760' title='bbox 1051 1197 1154 1228; x_wconf 83' lang='lat' dir='ltr'>tianus</span> <span class='ocrx_word' id='word_1_761' title='bbox 1182 1196 1211 1228; x_wconf 90' lang='lat'>&amp;</span> <span class='ocrx_word' id='word_1_762' title='bbox 1241 1196 1456 1229; x_wconf 86' lang='lat' dir='ltr'>Maximianus</span> <span class='ocrx_word' id='word_1_763' title='bbox 1487 1197 1506 1229; x_wconf 81' lang='lat' dir='ltr'>l.</span> <span class='ocrx_word' id='word_1_764' title='bbox 1535 1207 1564 1238; x_wconf 85' lang='lat'>3.</span> <span class='ocrx_word' id='word_1_765' title='bbox 1597 1197 1630 1229; x_wconf 90' lang='lat' dir='ltr'>C.</span> <span class='ocrx_word' id='word_1_766' title='bbox 1663 1196 1784 1240; x_wconf 68' lang='lat' dir='ltr'>Quanti.</span> <span class='ocrx_word' id='word_1_767' title='bbox 1821 1199 1926 1232; x_wconf 75' lang='lat' dir='ltr'>decret,</span> 
     </span>
     <span class='ocr_line' id='line_1_104' title="bbox 1049 1236 1928 1284; baseline 0.006 -17"><span class='ocrx_word' id='word_1_768' title='bbox 1049 1243 1099 1284; x_wconf 42' lang='lat' dir='ltr'>op..</span> <span class='ocrx_word' id='word_1_769' title='bbox 1125 1246 1183 1268; x_wconf 83' lang='lat' dir='ltr'>non</span> <span class='ocrx_word' id='word_1_770' title='bbox 1212 1236 1268 1278; x_wconf 80' lang='lat' dir='ltr'>est,</span> <span class='ocrx_word' id='word_1_771' title='bbox 1303 1239 1387 1270; x_wconf 89' lang='lat' dir='ltr'>idem</span> <span class='ocrx_word' id='word_1_772' title='bbox 1411 1238 1474 1271; x_wconf 82' lang='lat' dir='ltr'>effe</span> <span class='ocrx_word' id='word_1_773' title='bbox 1497 1239 1634 1278; x_wconf 90' lang='lat' dir='ltr'>dicunt;</span> <span class='ocrx_word' id='word_1_774' title='bbox 1665 1240 1686 1271; x_wconf 86' lang='lat' dir='ltr'>fi</span> <span class='ocrx_word' id='word_1_775' title='bbox 1717 1238 1850 1271; x_wconf 84' lang='lat' dir='ltr'>testator</span> <span class='ocrx_word' id='word_1_776' title='bbox 1885 1248 1928 1272; x_wconf 82' lang='lat' dir='ltr'>ex</span> 
     </span>
     <span class='ocr_line' id='line_1_105' title="bbox 1050 1279 1927 1320; baseline 0.003 -10"><span class='ocrx_word' id='word_1_777' title='bbox 1050 1287 1137 1319; x_wconf 74' lang='lat' dir='ltr'>cujus</span> <span class='ocrx_word' id='word_1_778' title='bbox 1160 1279 1252 1310; x_wconf 87' lang='lat' dir='ltr'>bonis</span> <span class='ocrx_word' id='word_1_779' title='bbox 1278 1281 1431 1320; x_wconf 90' lang='lat' dir='ltr'>praedium</span> <span class='ocrx_word' id='word_1_780' title='bbox 1458 1280 1608 1312; x_wconf 87' lang='lat' dir='ltr'>rusticum</span> <span class='ocrx_word' id='word_1_781' title='bbox 1639 1281 1690 1312; x_wconf 89' lang='lat' dir='ltr'>vel</span> <span class='ocrx_word' id='word_1_782' title='bbox 1714 1279 1927 1313; x_wconf 87' lang='lat' dir='ltr'>suburbanum</span> 
     </span>
     <span class='ocr_line' id='line_1_106' title="bbox 1050 1320 1930 1366; baseline 0.003 -16"><span class='ocrx_word' id='word_1_783' title='bbox 1050 1320 1270 1366; x_wconf 72' lang='lat' dir='ltr'>adminorem</span> <span class='ocrx_word' id='word_1_784' title='bbox 1300 1322 1467 1361; x_wconf 88' lang='lat' dir='ltr'>pervenit,</span> <span class='ocrx_word' id='word_1_785' title='bbox 1497 1321 1589 1362; x_wconf 89' lang='lat' dir='ltr'>super</span> <span class='ocrx_word' id='word_1_786' title='bbox 1611 1321 1780 1353; x_wconf 83' lang='lat' dir='ltr'>alienando</span> <span class='ocrx_word' id='word_1_787' title='bbox 1811 1331 1851 1353; x_wconf 89' lang='lat' dir='ltr'>eo</span> <span class='ocrx_word' id='word_1_788' title='bbox 1873 1323 1930 1353; x_wconf 90' lang='lat' dir='ltr'>ali-</span> 
     </span>
     <span class='ocr_line' id='line_1_107' title="bbox 1051 1361 1928 1403; baseline 0.003 -11"><span class='ocrx_word' id='word_1_789' title='bbox 1051 1362 1129 1399; x_wconf 85' lang='lat' dir='ltr'>quid</span> <span class='ocrx_word' id='word_1_790' title='bbox 1152 1362 1308 1393; x_wconf 69' lang='lat' dir='ltr'>mandasse</span> <span class='ocrx_word' id='word_1_791' title='bbox 1331 1362 1602 1403; x_wconf 88' lang='lat' dir='ltr'>deprehendatur.</span> <span class='ocrx_word' id='word_1_792' title='bbox 1646 1361 1727 1393; x_wconf 81' lang='lat' dir='ltr'>Haec</span> <span class='ocrx_word' id='word_1_793' title='bbox 1755 1362 1776 1394; x_wconf 86' lang='lat' dir='ltr'>fi</span> <span class='ocrx_word' id='word_1_794' title='bbox 1800 1363 1928 1395; x_wconf 81' lang='lat' dir='ltr'>firmum</span> 
     </span>
     <span class='ocr_line' id='line_1_108' title="bbox 1051 1401 1927 1443; baseline 0.001 -9"><span class='ocrx_word' id='word_1_795' title='bbox 1051 1402 1088 1434; x_wconf 88' lang='lat' dir='ltr'>fit</span> <span class='ocrx_word' id='word_1_796' title='bbox 1118 1401 1352 1435; x_wconf 86' lang='lat' dir='ltr'>testamentum.</span> <span class='ocrx_word' id='word_1_797' title='bbox 1390 1404 1456 1435; x_wconf 91' lang='lat' dir='ltr'>imo</span> <span class='ocrx_word' id='word_1_798' title='bbox 1485 1403 1599 1435; x_wconf 87' lang='lat' dir='ltr'>Paulus</span> <span class='ocrx_word' id='word_1_799' title='bbox 1629 1402 1789 1443; x_wconf 89' lang='lat' dir='ltr'>respondit</span> <span class='ocrx_word' id='word_1_800' title='bbox 1821 1404 1840 1434; x_wconf 89' lang='lat' dir='ltr'>l.</span> <span class='ocrx_word' id='word_1_801' title='bbox 1870 1405 1927 1436; x_wconf 77' lang='lat' dir='ltr'>ult,</span> 
     </span>
     <span class='ocr_line' id='line_1_109' title="bbox 1052 1443 1928 1484; baseline 0.002 -10"><span class='ocrx_word' id='word_1_802' title='bbox 1052 1443 1095 1474; x_wconf 90' lang='lat' dir='ltr'>D.</span> <span class='ocrx_word' id='word_1_803' title='bbox 1120 1443 1148 1474; x_wconf 86' lang='lat' dir='ltr'>h.</span> <span class='ocrx_word' id='word_1_804' title='bbox 1173 1449 1195 1475; x_wconf 76' lang='lat' dir='ltr'>t.</span> <span class='ocrx_word' id='word_1_805' title='bbox 1236 1443 1291 1475; x_wconf 84' lang='lat' dir='ltr'>etli</span> <span class='ocrx_word' id='word_1_806' title='bbox 1329 1443 1552 1476; x_wconf 88' lang='lat' dir='ltr'>testamentum</span> <span class='ocrx_word' id='word_1_807' title='bbox 1588 1445 1684 1484; x_wconf 89' lang='lat' dir='ltr'>patris</span> <span class='ocrx_word' id='word_1_808' title='bbox 1720 1443 1828 1484; x_wconf 83' lang='lat' dir='ltr'>postea</span> <span class='ocrx_word' id='word_1_809' title='bbox 1860 1445 1928 1476; x_wconf 90' lang='lat' dir='ltr'>irri-</span> 
     </span>
     <span class='ocr_line' id='line_1_110' title="bbox 1053 1484 1928 1525; baseline 0.001 -9"><span class='ocrx_word' id='word_1_810' title='bbox 1053 1492 1121 1516; x_wconf 89' lang='lat' dir='ltr'>tum</span> <span class='ocrx_word' id='word_1_811' title='bbox 1150 1484 1212 1515; x_wconf 84' lang='lat' dir='ltr'>efl&#39;e</span> <span class='ocrx_word' id='word_1_812' title='bbox 1242 1485 1405 1525; x_wconf 87' lang='lat' dir='ltr'>apparuit,</span> <span class='ocrx_word' id='word_1_813' title='bbox 1439 1493 1545 1516; x_wconf 85' lang='lat' dir='ltr'>tamen</span> <span class='ocrx_word' id='word_1_814' title='bbox 1579 1491 1702 1515; x_wconf 85' lang='lat' dir='ltr'>tutores</span> <span class='ocrx_word' id='word_1_815' title='bbox 1727 1485 1868 1524; x_wconf 91' lang='lat' dir='ltr'>pupilli,</span> <span class='ocrx_word' id='word_1_816' title='bbox 1890 1485 1928 1517; x_wconf 83' lang='lat' dir='ltr'>fi-</span> 
     </span>
     <span class='ocr_line' id='line_1_111' title="bbox 1053 1524 1929 1564; baseline 0.001 -8"><span class='ocrx_word' id='word_1_817' title='bbox 1053 1535 1093 1556; x_wconf 88' lang='lat' dir='ltr'>ve</span> <span class='ocrx_word' id='word_1_818' title='bbox 1119 1532 1284 1557; x_wconf 87' lang='lat' dir='ltr'>curatores</span> <span class='ocrx_word' id='word_1_819' title='bbox 1310 1526 1386 1564; x_wconf 85' lang='lat' dir='ltr'>filii,</span> <span class='ocrx_word' id='word_1_820' title='bbox 1410 1525 1489 1556; x_wconf 86' lang='lat' dir='ltr'>nihil</span> <span class='ocrx_word' id='word_1_821' title='bbox 1515 1532 1629 1556; x_wconf 86' lang='lat' dir='ltr'>contra</span> <span class='ocrx_word' id='word_1_822' title='bbox 1659 1524 1848 1556; x_wconf 88' lang='lat' dir='ltr'>Orationem</span> <span class='ocrx_word' id='word_1_823' title='bbox 1868 1525 1929 1558; x_wconf 88' lang='lat' dir='ltr'>Di·</span> 
     </span>
     <span class='ocr_line' id='line_1_112' title="bbox 1053 1564 1930 1606; baseline 0.002 -10"><span class='ocrx_word' id='word_1_824' title='bbox 1053 1575 1168 1598; x_wconf 90' lang='lat' dir='ltr'>vorum</span> <span class='ocrx_word' id='word_1_825' title='bbox 1199 1566 1384 1606; x_wconf 86' lang='lat' dir='ltr'>Principum</span> <span class='ocrx_word' id='word_1_826' title='bbox 1406 1565 1517 1598; x_wconf 87' lang='lat' dir='ltr'>fecisse</span> <span class='ocrx_word' id='word_1_827' title='bbox 1549 1566 1671 1597; x_wconf 87' lang='lat' dir='ltr'>videri:</span> <span class='ocrx_word' id='word_1_828' title='bbox 1704 1564 1725 1597; x_wconf 86' lang='lat' dir='ltr'><strong>fi</strong></span> <span class='ocrx_word' id='word_1_829' title='bbox 1755 1565 1930 1599; x_wconf 80' lang='lat' dir='ltr'>secundum</span> 
     </span>
     <span class='ocr_line' id='line_1_113' title="bbox 1052 1606 1931 1647; baseline 0 -9"><span class='ocrx_word' id='word_1_830' title='bbox 1052 1608 1256 1640; x_wconf 87' lang='lat' dir='ltr'>voluntatem</span> <span class='ocrx_word' id='word_1_831' title='bbox 1280 1607 1421 1640; x_wconf 75' lang='lat' dir='ltr'>desunffl</span> <span class='ocrx_word' id='word_1_832' title='bbox 1453 1606 1645 1639; x_wconf 86' lang='lat' dir='ltr'>testamento</span> <span class='ocrx_word' id='word_1_833' title='bbox 1675 1606 1820 1647; x_wconf 87' lang='lat' dir='ltr'>scriptam</span> <span class='ocrx_word' id='word_1_834' title='bbox 1853 1616 1931 1647; x_wconf 87' lang='lat' dir='ltr'>prae-</span> 
     </span>
     <span class='ocr_line' id='line_1_114' title="bbox 1055 1647 1931 1690; baseline 0.001 -10"><span class='ocrx_word' id='word_1_835' title='bbox 1055 1649 1144 1680; x_wconf 89' lang='lat' dir='ltr'>dium</span> <span class='ocrx_word' id='word_1_836' title='bbox 1167 1648 1316 1681; x_wconf 85' lang='lat' dir='ltr'>rusticum</span> <span class='ocrx_word' id='word_1_837' title='bbox 1339 1649 1494 1690; x_wconf 88' lang='lat' dir='ltr'>pupillare</span> <span class='ocrx_word' id='word_1_838' title='bbox 1519 1648 1742 1680; x_wconf 87' lang='lat' dir='ltr'>vendiderunt.</span> <span class='ocrx_word' id='word_1_839' title='bbox 1783 1647 1931 1681; x_wconf 82' lang='lat' dir='ltr'>Tantum</span> 
     </span>
     <span class='ocr_line' id='line_1_115' title="bbox 1055 1689 1645 1730; baseline -0.002 -8"><span class='ocrx_word' id='word_1_840' title='bbox 1055 1691 1096 1722; x_wconf 91' lang='lat' dir='ltr'>de</span> <span class='ocrx_word' id='word_1_841' title='bbox 1119 1691 1227 1730; x_wconf 89' lang='lat' dir='ltr'>priore</span> <span class='ocrx_word' id='word_1_842' title='bbox 1251 1689 1417 1723; x_wconf 86' lang='lat' dir='ltr'>Orationis</span> <span class='ocrx_word' id='word_1_843' title='bbox 1439 1690 1645 1730; x_wconf 84' lang='lat' dir='ltr'>exceptione.</span> 
     </span>
    </p>

    <p class='ocr_par' dir='ltr' id='par_1_7' title="bbox 1047 1729 1936 3173">
     <span class='ocr_line' id='line_1_116' title="bbox 1095 1729 1930 1774; baseline -0.001 -10"><span class='ocrx_word' id='word_1_844' title='bbox 1095 1731 1204 1764; x_wconf 91' lang='lat' dir='ltr'>Altera</span> <span class='ocrx_word' id='word_1_845' title='bbox 1233 1733 1303 1765; x_wconf 90' lang='lat' dir='ltr'>talis</span> <span class='ocrx_word' id='word_1_846' title='bbox 1334 1732 1390 1765; x_wconf 90' lang='lat' dir='ltr'>est.</span> <span class='ocrx_word' id='word_1_847' title='bbox 1444 1732 1532 1774; x_wconf 63' lang='lat' dir='ltr'>Quod</span> <span class='ocrx_word' id='word_1_848' title='bbox 1562 1730 1591 1768; x_wconf 84' lang='lat' dir='ltr'><em>fi</em></span> <span class='ocrx_word' id='word_1_849' title='bbox 1620 1731 1694 1769; x_wconf 76' lang='lat' dir='ltr'>forte</span> <span class='ocrx_word' id='word_1_850' title='bbox 1729 1740 1765 1762; x_wconf 84' lang='lat' dir='ltr'>aes</span> <span class='ocrx_word' id='word_1_851' title='bbox 1801 1729 1930 1763; x_wconf 80' lang='lat' dir='ltr'>alienum</span> 
     </span>
     <span class='ocr_line' id='line_1_117' title="bbox 1055 1771 1930 1813; baseline 0 -9"><span class='ocrx_word' id='word_1_852' title='bbox 1055 1777 1173 1804; x_wconf 80' lang='lat' dir='ltr'>tantum</span> <span class='ocrx_word' id='word_1_853' title='bbox 1199 1774 1278 1813; x_wconf 83' lang='lat' dir='ltr'>erit,</span> <span class='ocrx_word' id='word_1_854' title='bbox 1308 1779 1343 1805; x_wconf 81' lang='lat' dir='ltr'>ut</span> <span class='ocrx_word' id='word_1_855' title='bbox 1370 1783 1406 1806; x_wconf 84' lang='lat' dir='ltr'>ex</span> <span class='ocrx_word' id='word_1_856' title='bbox 1436 1778 1521 1804; x_wconf 74' lang='lat' dir='ltr'>rebus</span> <span class='ocrx_word' id='word_1_857' title='bbox 1550 1773 1657 1803; x_wconf 81' lang='lat' dir='ltr'>caeteris</span> <span class='ocrx_word' id='word_1_858' title='bbox 1687 1781 1744 1803; x_wconf 82' lang='lat' dir='ltr'>non</span> <span class='ocrx_word' id='word_1_859' title='bbox 1774 1771 1854 1813; x_wconf 81' lang='lat' dir='ltr'>poffit</span> <span class='ocrx_word' id='word_1_860' title='bbox 1877 1782 1930 1804; x_wconf 84' lang='lat' dir='ltr'>ex·</span> 
     </span>
     <span class='ocr_line' id='line_1_118' title="bbox 1047 1812 1931 1855; baseline 0 -10"><span class='ocrx_word' id='word_1_861' title='bbox 1047 1814 1151 1855; x_wconf 68' lang='lat' dir='ltr'>ſsilvi:</span> <span class='ocrx_word' id='word_1_862' title='bbox 1182 1820 1254 1846; x_wconf 83' lang='lat' dir='ltr'>tunc</span> <span class='ocrx_word' id='word_1_863' title='bbox 1275 1815 1386 1847; x_wconf 82' lang='lat' dir='ltr'>Praetor</span> <span class='ocrx_word' id='word_1_864' title='bbox 1420 1814 1561 1846; x_wconf 74' lang='lat' dir='ltr'>Urbanus</span> <span class='ocrx_word' id='word_1_865' title='bbox 1593 1813 1651 1846; x_wconf 86' lang='lat' dir='ltr'>Vir</span> <span class='ocrx_word' id='word_1_866' title='bbox 1675 1812 1855 1855; x_wconf 81' lang='lat' dir='ltr'>Clariffimus</span> <span class='ocrx_word' id='word_1_867' title='bbox 1877 1814 1931 1845; x_wconf 81' lang='lat' dir='ltr'>ad-</span> 
     </span>
     <span class='ocr_line' id='line_1_119' title="bbox 1056 1853 1931 1898; baseline -0.001 -12"><span class='ocrx_word' id='word_1_868' title='bbox 1056 1862 1164 1894; x_wconf 77' lang='lat' dir='ltr'>eatur,</span> <span class='ocrx_word' id='word_1_869' title='bbox 1194 1857 1247 1898; x_wconf 76' lang='lat' dir='ltr'>qui</span> <span class='ocrx_word' id='word_1_870' title='bbox 1277 1863 1330 1897; x_wconf 84' lang='lat' dir='ltr'>pro</span> <span class='ocrx_word' id='word_1_871' title='bbox 1350 1858 1410 1896; x_wconf 85' lang='lat' dir='ltr'>sua</span> <span class='ocrx_word' id='word_1_872' title='bbox 1440 1857 1577 1897; x_wconf 82' lang='lat' dir='ltr'>religione</span> <span class='ocrx_word' id='word_1_873' title='bbox 1605 1853 1746 1896; x_wconf 61' lang='lat' dir='ltr'>(estimet,</span> <span class='ocrx_word' id='word_1_874' title='bbox 1776 1865 1838 1897; x_wconf 83' lang='lat' dir='ltr'>quae</span> <span class='ocrx_word' id='word_1_875' title='bbox 1865 1861 1931 1895; x_wconf 84' lang='lat' dir='ltr'>pos-</span> 
     </span>
     <span class='ocr_line' id='line_1_120' title="bbox 1049 1895 1930 1940; baseline 0 -12"><span class='ocrx_word' id='word_1_876' title='bbox 1049 1895 1113 1936; x_wconf 73' lang='lat' dir='ltr'>fini</span> <span class='ocrx_word' id='word_1_877' title='bbox 1135 1897 1279 1937; x_wconf 83' lang='lat' dir='ltr'>alienari,</span> <span class='ocrx_word' id='word_1_878' title='bbox 1302 1897 1458 1940; x_wconf 81' lang='lat' dir='ltr'>obligarive</span> <span class='ocrx_word' id='word_1_879' title='bbox 1481 1898 1609 1930; x_wconf 77' lang='lat' dir='ltr'>debeant.</span> <span class='ocrx_word' id='word_1_880' title='bbox 1661 1896 1775 1929; x_wconf 84' lang='lat' dir='ltr'>Oratio</span> <span class='ocrx_word' id='word_1_881' title='bbox 1800 1896 1930 1936; x_wconf 65' lang='lat' dir='ltr'>permita-</span> 
     </span>
     <span class='ocr_line' id='line_1_121' title="bbox 1058 1938 1930 1975; baseline 0 -6"><span class='ocrx_word' id='word_1_882' title='bbox 1058 1939 1097 1970; x_wconf 90' lang='lat' dir='ltr'>tit</span> <span class='ocrx_word' id='word_1_883' title='bbox 1120 1939 1279 1971; x_wconf 90' lang='lat' dir='ltr'>tutoribus</span> <span class='ocrx_word' id='word_1_884' title='bbox 1309 1939 1339 1971; x_wconf 89' lang='lat'>&amp;</span> <span class='ocrx_word' id='word_1_885' title='bbox 1361 1939 1562 1971; x_wconf 80' lang='lat' dir='ltr'>curatoribus</span> <span class='ocrx_word' id='word_1_886' title='bbox 1578 1961 1588 1975; x_wconf 86' lang='lat'><strong>‚</strong></span> <span class='ocrx_word' id='word_1_887' title='bbox 1617 1947 1658 1969; x_wconf 86' lang='lat' dir='ltr'>ex</span> <span class='ocrx_word' id='word_1_888' title='bbox 1688 1938 1822 1969; x_wconf 89' lang='lat' dir='ltr'>decreto</span> <span class='ocrx_word' id='word_1_889' title='bbox 1845 1938 1930 1970; x_wconf 84' lang='lat' dir='ltr'>Prae-</span> 
     </span>
     <span class='ocr_line' id='line_1_122' title="bbox 1058 1979 1931 2020; baseline -0.001 -9"><span class='ocrx_word' id='word_1_890' title='bbox 1058 1980 1136 2012; x_wconf 89' lang='lat' dir='ltr'>toris</span> <span class='ocrx_word' id='word_1_891' title='bbox 1158 1979 1298 2020; x_wconf 89' lang='lat' dir='ltr'>Urbani,</span> <span class='ocrx_word' id='word_1_892' title='bbox 1322 1981 1464 2012; x_wconf 90' lang='lat' dir='ltr'>alienare·</span> <span class='ocrx_word' id='word_1_893' title='bbox 1481 1980 1591 2020; x_wconf 88' lang='lat' dir='ltr'>pupilli</span> <span class='ocrx_word' id='word_1_894' title='bbox 1614 1986 1668 2011; x_wconf 88' lang='lat' dir='ltr'>aut</span> <span class='ocrx_word' id='word_1_895' title='bbox 1689 1979 1822 2011; x_wconf 88' lang='lat' dir='ltr'>minoris</span> <span class='ocrx_word' id='word_1_896' title='bbox 1849 1988 1931 2019; x_wconf 83' lang='lat' dir='ltr'>prae-</span> 
     </span>
     <span class='ocr_line' id='line_1_123' title="bbox 1057 2020 1933 2061; baseline -0.002 -8"><span class='ocrx_word' id='word_1_897' title='bbox 1057 2022 1106 2053; x_wconf 85' lang='lat' dir='ltr'>dia</span> <span class='ocrx_word' id='word_1_898' title='bbox 1129 2021 1242 2053; x_wconf 87' lang='lat' dir='ltr'>rustica</span> <span class='ocrx_word' id='word_1_899' title='bbox 1275 2029 1328 2053; x_wconf 90' lang='lat' dir='ltr'>aut</span> <span class='ocrx_word' id='word_1_900' title='bbox 1358 2021 1559 2059; x_wconf 82' lang='lat' dir='ltr'>suburbana,</span> <span class='ocrx_word' id='word_1_901' title='bbox 1589 2020 1610 2052; x_wconf 90' lang='lat' dir='ltr'>sl</span> <span class='ocrx_word' id='word_1_902' title='bbox 1647 2029 1756 2061; x_wconf 82' lang='lat' dir='ltr'>urgeat</span> <span class='ocrx_word' id='word_1_903' title='bbox 1784 2030 1826 2051; x_wconf 80' lang='lat' dir='ltr'>aes</span> <span class='ocrx_word' id='word_1_904' title='bbox 1855 2021 1933 2052; x_wconf 87' lang='lat' dir='ltr'>alie-</span> 
     </span>
     <span class='ocr_line' id='line_1_124' title="bbox 1057 2061 1929 2107; baseline -0.002 -13"><span class='ocrx_word' id='word_1_905' title='bbox 1057 2071 1144 2094; x_wconf 88' lang='lat' dir='ltr'>num.</span> <span class='ocrx_word' id='word_1_906' title='bbox 1187 2062 1294 2107; x_wconf 88' lang='lat' dir='ltr'>Quid,</span> <span class='ocrx_word' id='word_1_907' title='bbox 1329 2063 1351 2096; x_wconf 89' lang='lat' dir='ltr'><strong>fi</strong></span> <span class='ocrx_word' id='word_1_908' title='bbox 1381 2063 1440 2094; x_wconf 86' lang='lat' dir='ltr'>alia</span> <span class='ocrx_word' id='word_1_909' title='bbox 1469 2062 1631 2094; x_wconf 83' lang='lat' dir='ltr'>adferatur</span> <span class='ocrx_word' id='word_1_910' title='bbox 1662 2061 1782 2093; x_wconf 77' lang='lat' dir='ltr'>causa?</span> <span class='ocrx_word' id='word_1_911' title='bbox 1818 2061 1929 2103; x_wconf 82' lang='lat' dir='ltr'>finge:</span> 
     </span>
     <span class='ocr_line' id='line_1_125' title="bbox 1056 2102 1931 2145; baseline 0 -11"><span class='ocrx_word' id='word_1_912' title='bbox 1056 2105 1155 2145; x_wconf 84' lang='lat' dir='ltr'>(quae</span> <span class='ocrx_word' id='word_1_913' title='bbox 1184 2104 1305 2145; x_wconf 87' lang='lat' dir='ltr'>species</span> <span class='ocrx_word' id='word_1_914' title='bbox 1335 2104 1484 2136; x_wconf 68' lang='lat' dir='ltr'>trastatur</span> <span class='ocrx_word' id='word_1_915' title='bbox 1513 2104 1533 2134; x_wconf 82' lang='lat' dir='ltr'>l.</span> <span class='ocrx_word' id='word_1_916' title='bbox 1557 2114 1587 2144; x_wconf 83' lang='lat'>5.</span> <span class='ocrx_word' id='word_1_917' title='bbox 1625 2103 1654 2144; x_wconf 87' lang='lat'>§.</span> <span class='ocrx_word' id='word_1_918' title='bbox 1682 2112 1728 2142; x_wconf 81' lang='lat'>14.</span> <span class='ocrx_word' id='word_1_919' title='bbox 1760 2102 1801 2134; x_wconf 90' lang='lat' dir='ltr'>D.</span> <span class='ocrx_word' id='word_1_920' title='bbox 1825 2104 1853 2134; x_wconf 81' lang='grc' dir='ltr'>Ι).</span> <span class='ocrx_word' id='word_1_921' title='bbox 1878 2103 1931 2141; x_wconf 81' lang='lat' dir='ltr'>t.)</span> 
     </span>
     <span class='ocr_line' id='line_1_126' title="bbox 1058 2145 1931 2177; baseline -0.001 -1"><span class='ocrx_word' id='word_1_922' title='bbox 1058 2146 1178 2177; x_wconf 91' lang='lat' dir='ltr'>nullum</span> <span class='ocrx_word' id='word_1_923' title='bbox 1209 2146 1382 2177; x_wconf 88' lang='lat' dir='ltr'>intervenit</span> <span class='ocrx_word' id='word_1_924' title='bbox 1410 2155 1452 2177; x_wconf 83' lang='lat' dir='ltr'>aes</span> <span class='ocrx_word' id='word_1_925' title='bbox 1482 2145 1628 2176; x_wconf 79' lang='lat' dir='ltr'>alienum.</span> <span class='ocrx_word' id='word_1_926' title='bbox 1670 2152 1793 2175; x_wconf 88' lang='lat' dir='ltr'>tutores</span> <span class='ocrx_word' id='word_1_927' title='bbox 1824 2152 1931 2176; x_wconf 88' lang='lat' dir='ltr'>tamen</span> 
     </span>
     <span class='ocr_line' id='line_1_127' title="bbox 1056 2185 1931 2228; baseline -0.002 -10"><span class='ocrx_word' id='word_1_928' title='bbox 1056 2187 1212 2227; x_wconf 85' lang='lat' dir='ltr'>allegant,</span> <span class='ocrx_word' id='word_1_929' title='bbox 1249 2188 1403 2227; x_wconf 85' lang='lat' dir='ltr'>expedire</span> <span class='ocrx_word' id='word_1_930' title='bbox 1440 2186 1576 2228; x_wconf 80' lang='lat' dir='ltr'>praedia,</span> <span class='ocrx_word' id='word_1_931' title='bbox 1611 2186 1771 2223; x_wconf 89' lang='lat' dir='ltr'>vendere,</span> <span class='ocrx_word' id='word_1_932' title='bbox 1810 2185 1838 2216; x_wconf 75' lang='lat' dir='ltr'>&lt;St</span> <span class='ocrx_word' id='word_1_933' title='bbox 1870 2185 1931 2216; x_wconf 88' lang='lat' dir='ltr'>alia</span> 
     </span>
     <span class='ocr_line' id='line_1_128' title="bbox 1056 2225 1929 2269; baseline -0.002 -10"><span class='ocrx_word' id='word_1_934' title='bbox 1056 2237 1259 2269; x_wconf 80' lang='lat' dir='ltr'>comparare,</span> <span class='ocrx_word' id='word_1_935' title='bbox 1290 2229 1339 2260; x_wconf 86' lang='lat' dir='ltr'>vel</span> <span class='ocrx_word' id='word_1_936' title='bbox 1371 2237 1460 2260; x_wconf 88' lang='lat' dir='ltr'>certe</span> <span class='ocrx_word' id='word_1_937' title='bbox 1490 2228 1556 2259; x_wconf 87' lang='lat' dir='ltr'>istis</span> <span class='ocrx_word' id='word_1_938' title='bbox 1586 2236 1704 2258; x_wconf 85' lang='lat' dir='ltr'>carere.</span> <span class='ocrx_word' id='word_1_939' title='bbox 1735 2236 1773 2258; x_wconf 88' lang='lat' dir='ltr'>an</span> <span class='ocrx_word' id='word_1_940' title='bbox 1804 2225 1929 2258; x_wconf 83' lang='lat' dir='ltr'>Praetor</span> 
     </span>
     <span class='ocr_line' id='line_1_129' title="bbox 1056 2268 1932 2308; baseline -0.001 -8"><span class='ocrx_word' id='word_1_941' title='bbox 1056 2270 1155 2301; x_wconf 89' lang='lat' dir='ltr'>debet</span> <span class='ocrx_word' id='word_1_942' title='bbox 1177 2270 1403 2301; x_wconf 85' lang='lat' dir='ltr'>alienationem</span> <span class='ocrx_word' id='word_1_943' title='bbox 1434 2269 1638 2307; x_wconf 90' lang='lat' dir='ltr'>concedere,</span> <span class='ocrx_word' id='word_1_944' title='bbox 1676 2268 1720 2299; x_wconf 91' lang='lat' dir='ltr'>ob</span> <span class='ocrx_word' id='word_1_945' title='bbox 1751 2268 1835 2308; x_wconf 86' lang='lat' dir='ltr'>spem</span> <span class='ocrx_word' id='word_1_946' title='bbox 1867 2277 1932 2299; x_wconf 91' lang='lat' dir='ltr'>ma-</span> 
     </span>
     <span class='ocr_line' id='line_1_130' title="bbox 1052 2308 1930 2352; baseline -0.002 -10"><span class='ocrx_word' id='word_1_947' title='bbox 1052 2311 1130 2351; x_wconf 90' lang='lat' dir='ltr'>joris</span> <span class='ocrx_word' id='word_1_948' title='bbox 1152 2311 1316 2342; x_wconf 89' lang='lat' dir='ltr'>commodi</span> <span class='ocrx_word' id='word_1_949' title='bbox 1340 2312 1428 2350; x_wconf 82' lang='lat' dir='ltr'>quod</span> <span class='ocrx_word' id='word_1_950' title='bbox 1450 2311 1637 2352; x_wconf 78' lang='lat' dir='ltr'>praetexitur</span> <span class='ocrx_word' id='word_1_951' title='bbox 1654 2308 1671 2341; x_wconf 78' lang='lat'><em>?</em></span> <span class='ocrx_word' id='word_1_952' title='bbox 1700 2309 1841 2340; x_wconf 87' lang='lat' dir='ltr'>minime.</span> <span class='ocrx_word' id='word_1_953' title='bbox 1863 2317 1930 2340; x_wconf 86' lang='lat' dir='ltr'>non</span> 
     </span>
     <span class='ocr_line' id='line_1_131' title="bbox 1056 2348 1929 2392; baseline -0.005 -9"><span class='ocrx_word' id='word_1_954' title='bbox 1056 2352 1103 2384; x_wconf 86' lang='lat' dir='ltr'>est</span> <span class='ocrx_word' id='word_1_955' title='bbox 1131 2352 1215 2384; x_wconf 90' lang='lat' dir='ltr'>enim</span> <span class='ocrx_word' id='word_1_956' title='bbox 1245 2352 1424 2392; x_wconf 80' lang='lat' dir='ltr'>permiffum</span> <span class='ocrx_word' id='word_1_957' title='bbox 1463 2352 1620 2389; x_wconf 85' lang='lat' dir='ltr'>Praetori,</span> <span class='ocrx_word' id='word_1_958' title='bbox 1660 2351 1767 2391; x_wconf 86' lang='lat' dir='ltr'>passim</span> <span class='ocrx_word' id='word_1_959' title='bbox 1800 2348 1929 2381; x_wconf 86' lang='lat' dir='ltr'>distrahi</span> 
     </span>
     <span class='ocr_line' id='line_1_132' title="bbox 1054 2391 1929 2434; baseline -0.006 -10"><span class='ocrx_word' id='word_1_960' title='bbox 1054 2394 1188 2434; x_wconf 87' lang='lat' dir='ltr'>jubere:</span> <span class='ocrx_word' id='word_1_961' title='bbox 1219 2393 1271 2426; x_wconf 87' lang='lat' dir='ltr'>sed</span> <span class='ocrx_word' id='word_1_962' title='bbox 1294 2395 1337 2425; x_wconf 86' lang='lat' dir='ltr'>ita</span> <span class='ocrx_word' id='word_1_963' title='bbox 1361 2395 1509 2430; x_wconf 86' lang='lat' dir='ltr'>demum,</span> <span class='ocrx_word' id='word_1_964' title='bbox 1541 2393 1561 2424; x_wconf 88' lang='lat' dir='ltr'>sl</span> <span class='ocrx_word' id='word_1_965' title='bbox 1586 2400 1695 2433; x_wconf 81' lang='lat' dir='ltr'>urgeat</span> <span class='ocrx_word' id='word_1_966' title='bbox 1719 2401 1759 2423; x_wconf 82' lang='lat' dir='ltr'>aes</span> <span class='ocrx_word' id='word_1_967' title='bbox 1782 2391 1929 2421; x_wconf 86' lang='lat' dir='ltr'>alienum.</span> 
     </span>
     <span class='ocr_line' id='line_1_133' title="bbox 1058 2426 1933 2475; baseline -0.007 -9"><span class='ocrx_word' id='word_1_968' title='bbox 1058 2435 1110 2466; x_wconf 91' lang='lat' dir='ltr'>Sic</span> <span class='ocrx_word' id='word_1_969' title='bbox 1134 2433 1317 2475; x_wconf 85' lang='lat' dir='ltr'>Ulpianus:</span> <span class='ocrx_word' id='word_1_970' title='bbox 1348 2434 1486 2466; x_wconf 84' lang='lat' dir='ltr'>serviens</span> <span class='ocrx_word' id='word_1_971' title='bbox 1512 2434 1674 2465; x_wconf 83' lang='lat' dir='ltr'>Orationis</span> <span class='ocrx_word' id='word_1_972' title='bbox 1699 2432 1826 2469; x_wconf 86' lang='lat' dir='ltr'>verbis;</span> <span class='ocrx_word' id='word_1_973' title='bbox 1857 2426 1933 2461; x_wconf 73' lang='lat' dir='ltr'>cuth</span> 
     </span>
     <span class='ocr_line' id='line_1_134' title="bbox 1059 2473 1933 2515; baseline -0.009 -7"><span class='ocrx_word' id='word_1_974' title='bbox 1059 2475 1143 2508; x_wconf 88' lang='lat' dir='ltr'>solus</span> <span class='ocrx_word' id='word_1_975' title='bbox 1181 2476 1351 2508; x_wconf 87' lang='lat' dir='ltr'>adhibetur</span> <span class='ocrx_word' id='word_1_976' title='bbox 1380 2477 1472 2508; x_wconf 91' lang='lat' dir='ltr'>color</span> <span class='ocrx_word' id='word_1_977' title='bbox 1504 2475 1628 2515; x_wconf 74' lang='lat' dir='ltr'>maioris</span> <span class='ocrx_word' id='word_1_978' title='bbox 1658 2473 1841 2504; x_wconf 81' lang='lat' dir='ltr'>commodi:</span> <span class='ocrx_word' id='word_1_979' title='bbox 1877 2479 1933 2510; x_wconf 86' lang='lat' dir='ltr'>pu-</span> 
     </span>
     <span class='ocr_line' id='line_1_135' title="bbox 1060 2512 1935 2558; baseline -0.007 -10"><span class='ocrx_word' id='word_1_980' title='bbox 1060 2526 1121 2556; x_wconf 91' lang='lat' dir='ltr'>to;</span> <span class='ocrx_word' id='word_1_981' title='bbox 1145 2518 1217 2557; x_wconf 84' lang='lat' dir='ltr'>quia</span> <span class='ocrx_word' id='word_1_982' title='bbox 1241 2518 1331 2558; x_wconf 91' lang='lat' dir='ltr'>spes,</span> <span class='ocrx_word' id='word_1_983' title='bbox 1356 2527 1391 2549; x_wconf 89' lang='lat' dir='ltr'>ut</span> <span class='ocrx_word' id='word_1_984' title='bbox 1421 2518 1464 2549; x_wconf 89' lang='lat' dir='ltr'>ait</span> <span class='ocrx_word' id='word_1_985' title='bbox 1485 2518 1558 2548; x_wconf 83' lang='lat' dir='ltr'>alibi</span> <span class='ocrx_word' id='word_1_986' title='bbox 1587 2516 1726 2551; x_wconf 87' lang='lat' dir='ltr'>Seneca,</span> <span class='ocrx_word' id='word_1_987' title='bbox 1756 2512 1800 2543; x_wconf 88' lang='lat' dir='ltr'>est</span> <span class='ocrx_word' id='word_1_988' title='bbox 1831 2514 1935 2543; x_wconf 85' lang='lat' dir='ltr'>incer-</span> 
     </span>
     <span class='ocr_line' id='line_1_136' title="bbox 1060 2554 1933 2594; baseline -0.007 -4"><span class='ocrx_word' id='word_1_989' title='bbox 1060 2560 1083 2590; x_wconf 91' lang='lat' dir='ltr'>ti</span> <span class='ocrx_word' id='word_1_990' title='bbox 1115 2560 1191 2590; x_wconf 90' lang='lat' dir='ltr'>boni</span> <span class='ocrx_word' id='word_1_991' title='bbox 1221 2568 1357 2591; x_wconf 88' lang='lat' dir='ltr'>nornen:</span> <span class='ocrx_word' id='word_1_992' title='bbox 1389 2558 1419 2589; x_wconf 74' lang='grc' dir='ltr'>δι</span> <span class='ocrx_word' id='word_1_993' title='bbox 1452 2568 1491 2590; x_wconf 91' lang='lat' dir='ltr'>ne</span> <span class='ocrx_word' id='word_1_994' title='bbox 1523 2555 1658 2587; x_wconf 84' lang='lat' dir='ltr'>fenestra</span> <span class='ocrx_word' id='word_1_995' title='bbox 1689 2554 1845 2594; x_wconf 78' lang='lat' dir='ltr'>aperiatur</span> <span class='ocrx_word' id='word_1_996' title='bbox 1877 2563 1933 2585; x_wconf 92' lang='lat' dir='ltr'>ne-</span> 
     </span>
     <span class='ocr_line' id='line_1_137' title="bbox 1060 2594 1935 2640; baseline -0.006 -10"><span class='ocrx_word' id='word_1_997' title='bbox 1060 2600 1179 2640; x_wconf 87' lang='lat' dir='ltr'>quitiis.</span> <span class='ocrx_word' id='word_1_998' title='bbox 1220 2600 1299 2632; x_wconf 92' lang='lat' dir='ltr'>Non</span> <span class='ocrx_word' id='word_1_999' title='bbox 1330 2609 1435 2631; x_wconf 88' lang='lat' dir='ltr'>tamen</span> <span class='ocrx_word' id='word_1_1000' title='bbox 1467 2596 1572 2636; x_wconf 84' lang='lat' dir='ltr'>potest</span> <span class='ocrx_word' id='word_1_1001' title='bbox 1600 2596 1735 2636; x_wconf 80' lang='lat' dir='ltr'>negari,</span> <span class='ocrx_word' id='word_1_1002' title='bbox 1764 2594 1853 2626; x_wconf 87' lang='lat' dir='ltr'>fuisse</span> <span class='ocrx_word' id='word_1_1003' title='bbox 1887 2604 1935 2626; x_wconf 84' lang='lat' dir='ltr'>re-</span> 
     </span>
     <span class='ocr_line' id='line_1_138' title="bbox 1060 2638 1931 2681; baseline -0.008 -8"><span class='ocrx_word' id='word_1_1004' title='bbox 1060 2648 1191 2681; x_wconf 88' lang='lat' dir='ltr'>ceptum</span> <span class='ocrx_word' id='word_1_1005' title='bbox 1212 2651 1254 2673; x_wconf 85' lang='lat' dir='ltr'>ex</span> <span class='ocrx_word' id='word_1_1006' title='bbox 1277 2641 1431 2672; x_wconf 87' lang='lat' dir='ltr'>sententia</span> <span class='ocrx_word' id='word_1_1007' title='bbox 1455 2638 1644 2675; x_wconf 80' lang='lat' dir='ltr'>Orationis3</span> <span class='ocrx_word' id='word_1_1008' title='bbox 1675 2645 1726 2674; x_wconf 91' lang='lat' dir='ltr'>ut,</span> <span class='ocrx_word' id='word_1_1009' title='bbox 1751 2644 1865 2676; x_wconf 74' lang='lat' dir='ltr'>praetcr</span> <span class='ocrx_word' id='word_1_1010' title='bbox 1888 2644 1931 2666; x_wconf 84' lang='lat' dir='ltr'>aes</span> 
     </span>
     <span class='ocr_line' id='line_1_139' title="bbox 1059 2677 1933 2721; baseline -0.006 -8"><span class='ocrx_word' id='word_1_1011' title='bbox 1059 2682 1215 2721; x_wconf 84' lang='lat' dir='ltr'>alienum,</span> <span class='ocrx_word' id='word_1_1012' title='bbox 1244 2682 1356 2713; x_wconf 87' lang='lat' dir='ltr'>liceret</span> <span class='ocrx_word' id='word_1_1013' title='bbox 1385 2679 1518 2711; x_wconf 89' lang='lat' dir='ltr'>Praetori</span> <span class='ocrx_word' id='word_1_1014' title='bbox 1537 2702 1547 2718; x_wconf 89' lang='lat'>,</span> <span class='ocrx_word' id='word_1_1015' title='bbox 1576 2679 1801 2709; x_wconf 79' lang='lat' dir='ltr'>alienationem</span> <span class='ocrx_word' id='word_1_1016' title='bbox 1831 2677 1933 2708; x_wconf 91' lang='lat' dir='ltr'>indul-</span> 
     </span>
     <span class='ocr_line' id='line_1_140' title="bbox 1058 2721 1933 2763; baseline -0.007 -9"><span class='ocrx_word' id='word_1_1017' title='bbox 1058 2731 1134 2763; x_wconf 83' lang='lat' dir='ltr'>gere</span> <span class='ocrx_word' id='word_1_1018' title='bbox 1164 2723 1208 2754; x_wconf 92' lang='lat' dir='ltr'>ob</span> <span class='ocrx_word' id='word_1_1019' title='bbox 1238 2723 1350 2754; x_wconf 90' lang='lat' dir='ltr'>dotem</span> <span class='ocrx_word' id='word_1_1020' title='bbox 1379 2729 1432 2752; x_wconf 91' lang='lat' dir='ltr'>aut</span> <span class='ocrx_word' id='word_1_1021' title='bbox 1455 2721 1663 2752; x_wconf 88' lang='lat' dir='ltr'>donationem</span> <span class='ocrx_word' id='word_1_1022' title='bbox 1696 2726 1829 2759; x_wconf 86' lang='lat' dir='ltr'>propter</span> <span class='ocrx_word' id='word_1_1023' title='bbox 1852 2726 1933 2758; x_wconf 91' lang='lat' dir='ltr'>nup-</span> 
     </span>
     <span class='ocr_line' id='line_1_141' title="bbox 1060 2759 1936 2802; baseline -0.007 -7"><span class='ocrx_word' id='word_1_1024' title='bbox 1060 2765 1128 2796; x_wconf 86' lang='lat' dir='ltr'>tias.</span> <span class='ocrx_word' id='word_1_1025' title='bbox 1152 2764 1324 2802; x_wconf 88' lang='lat' dir='ltr'>videlicet,</span> <span class='ocrx_word' id='word_1_1026' title='bbox 1355 2772 1395 2794; x_wconf 89' lang='lat' dir='ltr'>ne</span> <span class='ocrx_word' id='word_1_1027' title='bbox 1424 2763 1591 2793; x_wconf 90' lang='lat' dir='ltr'>inventum</span> <span class='ocrx_word' id='word_1_1028' title='bbox 1621 2770 1679 2801; x_wconf 90' lang='lat' dir='ltr'>pro</span> <span class='ocrx_word' id='word_1_1029' title='bbox 1711 2759 1808 2791; x_wconf 77' lang='lat' dir='ltr'>salute</span> <span class='ocrx_word' id='word_1_1030' title='bbox 1831 2759 1936 2800; x_wconf 79' lang='lat' dir='ltr'>pupil-</span> 
     </span>
     <span class='ocr_line' id='line_1_142' title="bbox 1058 2800 1935 2845; baseline -0.007 -8"><span class='ocrx_word' id='word_1_1031' title='bbox 1058 2806 1101 2844; x_wconf 91' lang='lat' dir='ltr'>li,</span> <span class='ocrx_word' id='word_1_1032' title='bbox 1123 2805 1154 2836; x_wconf 91' lang='lat' dir='ltr'>in</span> <span class='ocrx_word' id='word_1_1033' title='bbox 1177 2806 1242 2845; x_wconf 83' lang='lat' dir='ltr'>ejus</span> <span class='ocrx_word' id='word_1_1034' title='bbox 1263 2805 1506 2837; x_wconf 87' lang='lat' dir='ltr'>incommodum</span> <span class='ocrx_word' id='word_1_1035' title='bbox 1530 2808 1747 2834; x_wconf 86' lang='lat' dir='ltr'>convertatur.</span> <span class='ocrx_word' id='word_1_1036' title='bbox 1790 2800 1851 2832; x_wconf 90' lang='lat' dir='ltr'>Sed</span> <span class='ocrx_word' id='word_1_1037' title='bbox 1869 2800 1935 2831; x_wconf 90' lang='lat' dir='ltr'>hoc</span> 
     </span>
     <span class='ocr_line' id='line_1_143' title="bbox 1059 2842 1936 2884; baseline -0.008 -6"><span class='ocrx_word' id='word_1_1038' title='bbox 1059 2847 1245 2884; x_wconf 84' lang='lat' dir='ltr'>certum;&amp;</span> <span class='ocrx_word' id='word_1_1039' title='bbox 1263 2845 1394 2878; x_wconf 89' lang='lat' dir='ltr'>testatur</span> <span class='ocrx_word' id='word_1_1040' title='bbox 1409 2844 1637 2876; x_wconf 89' lang='lat' dir='ltr'>Constantinus</span> <span class='ocrx_word' id='word_1_1041' title='bbox 1658 2843 1677 2873; x_wconf 90' lang='lat' dir='ltr'>l.</span> <span class='ocrx_word' id='word_1_1042' title='bbox 1705 2851 1752 2874; x_wconf 81' lang='lat'>22.</span> <span class='ocrx_word' id='word_1_1043' title='bbox 1777 2842 1810 2873; x_wconf 90' lang='lat' dir='ltr'>C.</span> <span class='ocrx_word' id='word_1_1044' title='bbox 1832 2842 1865 2872; x_wconf 82' lang='lat' dir='ltr'>de</span> <span class='ocrx_word' id='word_1_1045' title='bbox 1886 2842 1936 2872; x_wconf 80' lang='lat' dir='ltr'>ad-</span> 
     </span>
     <span class='ocr_line' id='line_1_144' title="bbox 1058 2882 1932 2928; baseline -0.008 -9"><span class='ocrx_word' id='word_1_1046' title='bbox 1058 2885 1182 2928; x_wconf 79' lang='lat' dir='ltr'>ministr.</span> <span class='ocrx_word' id='word_1_1047' title='bbox 1209 2894 1297 2919; x_wconf 75' lang='lat' dir='ltr'>tutor.</span> <span class='ocrx_word' id='word_1_1048' title='bbox 1322 2887 1353 2919; x_wconf 72' lang='grc' dir='ltr'>ὅ(</span> <span class='ocrx_word' id='word_1_1049' title='bbox 1375 2893 1448 2918; x_wconf 89' lang='lat' dir='ltr'>ante</span> <span class='ocrx_word' id='word_1_1050' title='bbox 1471 2885 1645 2917; x_wconf 88' lang='lat' dir='ltr'>Terentius</span> <span class='ocrx_word' id='word_1_1051' title='bbox 1669 2882 1820 2914; x_wconf 90' lang='lat' dir='ltr'>Clemens</span> <span class='ocrx_word' id='word_1_1052' title='bbox 1842 2882 1852 2913; x_wconf 85' lang='lat' dir='ltr'>l</span> <span class='ocrx_word' id='word_1_1053' title='bbox 1879 2885 1932 2914; x_wconf 86' lang='lat'>61.</span> 
     </span>
     <span class='ocr_line' id='line_1_145' title="bbox 1059 2923 1932 2970; baseline -0.008 -9"><span class='ocrx_word' id='word_1_1054' title='bbox 1059 2929 1088 2969; x_wconf 61' lang='grc' dir='ltr'>ἓ.</span> <span class='ocrx_word' id='word_1_1055' title='bbox 1113 2938 1138 2960; x_wconf 93' lang='lat'>1.</span> <span class='ocrx_word' id='word_1_1056' title='bbox 1172 2928 1213 2960; x_wconf 93' lang='lat' dir='ltr'>D.</span> <span class='ocrx_word' id='word_1_1057' title='bbox 1243 2930 1277 2960; x_wconf 81' lang='lat' dir='ltr'>de</span> <span class='ocrx_word' id='word_1_1058' title='bbox 1298 2929 1363 2970; x_wconf 84' lang='lat' dir='ltr'>jur.</span> <span class='ocrx_word' id='word_1_1059' title='bbox 1392 2929 1449 2959; x_wconf 80' lang='lat' dir='ltr'>dot.</span> <span class='ocrx_word' id='word_1_1060' title='bbox 1492 2926 1590 2966; x_wconf 88' lang='lat' dir='ltr'>Atqui</span> <span class='ocrx_word' id='word_1_1061' title='bbox 1620 2925 1650 2957; x_wconf 88' lang='lat' dir='ltr'>in</span> <span class='ocrx_word' id='word_1_1062' title='bbox 1680 2924 1700 2955; x_wconf 89' lang='lat' dir='ltr'>l.</span> <span class='ocrx_word' id='word_1_1063' title='bbox 1727 2932 1774 2955; x_wconf 83' lang='lat'>12.</span> <span class='ocrx_word' id='word_1_1064' title='bbox 1798 2923 1832 2955; x_wconf 90' lang='lat' dir='ltr'>C.</span> <span class='ocrx_word' id='word_1_1065' title='bbox 1855 2923 1883 2955; x_wconf 88' lang='lat' dir='ltr'>b.</span> <span class='ocrx_word' id='word_1_1066' title='bbox 1908 2929 1932 2955; x_wconf 77' lang='lat' dir='ltr'>t.</span> 
     </span>
     <span class='ocr_line' id='line_1_146' title="bbox 1058 2965 1931 3006; baseline -0.008 -5"><span class='ocrx_word' id='word_1_1067' title='bbox 1058 2970 1101 3002; x_wconf 84' lang='lat' dir='ltr'>fic</span> <span class='ocrx_word' id='word_1_1068' title='bbox 1131 2977 1230 3001; x_wconf 79' lang='lat' dir='ltr'>extat.</span> <span class='ocrx_word' id='word_1_1069' title='bbox 1276 2970 1323 3001; x_wconf 84' lang='lat' dir='ltr'>Ob</span> <span class='ocrx_word' id='word_1_1070' title='bbox 1351 2978 1387 3000; x_wconf 82' lang='lat' dir='ltr'>ces</span> <span class='ocrx_word' id='word_1_1071' title='bbox 1414 2969 1540 2999; x_wconf 84' lang='lat' dir='ltr'>alienum</span> <span class='ocrx_word' id='word_1_1072' title='bbox 1569 2972 1686 2998; x_wconf 78' lang='lat' dir='ltr'>tantum</span> <span class='ocrx_word' id='word_1_1073' title='bbox 1715 2965 1802 3001; x_wconf 76' lang='lat' dir='ltr'>causa</span> <span class='ocrx_word' id='word_1_1074' title='bbox 1833 2965 1931 3006; x_wconf 84' lang='lat' dir='ltr'>cogni-</span> 
     </span>
     <span class='ocr_line' id='line_1_147' title="bbox 1060 3005 1932 3051; baseline -0.008 -9"><span class='ocrx_word' id='word_1_1075' title='bbox 1060 3017 1091 3042; x_wconf 80' lang='lat' dir='ltr'>ta</span> <span class='ocrx_word' id='word_1_1076' title='bbox 1115 3010 1263 3048; x_wconf 83' lang='lat' dir='ltr'>Praefidali</span> <span class='ocrx_word' id='word_1_1077' title='bbox 1286 3012 1393 3042; x_wconf 84' lang='lat' dir='ltr'>decreto</span> <span class='ocrx_word' id='word_1_1078' title='bbox 1411 3011 1552 3051; x_wconf 82' lang='lat' dir='ltr'>praedium</span> <span class='ocrx_word' id='word_1_1079' title='bbox 1574 3005 1713 3048; x_wconf 75' lang='lat' dir='ltr'>rusticum</span> <span class='ocrx_word' id='word_1_1080' title='bbox 1731 3007 1850 3037; x_wconf 78' lang='lat' dir='ltr'>minoris</span> <span class='ocrx_word' id='word_1_1081' title='bbox 1862 3012 1932 3046; x_wconf 81' lang='lat' dir='ltr'>pro-</span> 
     </span>
     <span class='ocr_line' id='line_1_148' title="bbox 1059 3046 1931 3093; baseline -0.008 -10"><span class='ocrx_word' id='word_1_1082' title='bbox 1059 3053 1184 3084; x_wconf 84' lang='lat' dir='ltr'>vinciale</span> <span class='ocrx_word' id='word_1_1083' title='bbox 1207 3051 1328 3093; x_wconf 82' lang='lat' dir='ltr'>distrahi</span> <span class='ocrx_word' id='word_1_1084' title='bbox 1348 3053 1524 3093; x_wconf 75' lang='lat' dir='ltr'>pemittitur.</span> <span class='ocrx_word' id='word_1_1085' title='bbox 1572 3049 1634 3081; x_wconf 90' lang='lat' dir='ltr'>Sed</span> <span class='ocrx_word' id='word_1_1086' title='bbox 1666 3047 1784 3087; x_wconf 82' lang='lat' dir='ltr'>duplex</span> <span class='ocrx_word' id='word_1_1087' title='bbox 1816 3046 1860 3078; x_wconf 91' lang='lat' dir='ltr'>est</span> <span class='ocrx_word' id='word_1_1088' title='bbox 1882 3055 1931 3077; x_wconf 90' lang='lat' dir='ltr'>re-</span> 
     </span>
     <span class='ocr_line' id='line_1_149' title="bbox 1060 3087 1933 3134; baseline -0.007 -11"><span class='ocrx_word' id='word_1_1089' title='bbox 1060 3093 1210 3134; x_wconf 83' lang='lat' dir='ltr'>sponsio,</span> <span class='ocrx_word' id='word_1_1090' title='bbox 1242 3102 1376 3134; x_wconf 84' lang='lat' dir='ltr'>utraque</span> <span class='ocrx_word' id='word_1_1091' title='bbox 1408 3093 1537 3134; x_wconf 84' lang='lat' dir='ltr'>elegans</span> <span class='ocrx_word' id='word_1_1092' title='bbox 1568 3090 1598 3122; x_wconf 88' lang='lat'>&amp;</span> <span class='ocrx_word' id='word_1_1093' title='bbox 1631 3088 1815 3130; x_wconf 87' lang='lat' dir='ltr'>probabilis.</span> <span class='ocrx_word' id='word_1_1094' title='bbox 1846 3087 1933 3127; x_wconf 81' lang='lat' dir='ltr'>prior</span> 
     </span>
     <span class='ocr_line' id='line_1_150' title="bbox 1059 3134 1411 3173; baseline 0 -7"><span class='ocrx_word' id='word_1_1095' title='bbox 1059 3134 1219 3167; x_wconf 88' lang='lat' dir='ltr'>Ludovici</span> <span class='ocrx_word' id='word_1_1096' title='bbox 1244 3134 1386 3166; x_wconf 78' lang='lat' dir='ltr'>Ruffardi</span> <span class='ocrx_word' id='word_1_1097' title='bbox 1401 3157 1411 3173; x_wconf 82' lang='grc'>.,</span> 
     </span>
    </p>
   </div>
   <div class='ocr_carea' id='block_1_6' title="bbox 1060 3168 1935 3242">
    <p class='ocr_par' dir='ltr' id='par_1_8' title="bbox 1060 3168 1935 3242">
     <span class='ocr_line' id='line_1_151' title="bbox 1060 3168 1935 3242; baseline -0.011 -32"><span class='ocrx_word' id='word_1_1098' title='bbox 1060 3183 1148 3217; x_wconf 86' lang='lat' dir='ltr'>tum,</span> <span class='ocrx_word' id='word_1_1099' title='bbox 1177 3175 1239 3209; x_wconf 81' lang='lat' dir='ltr'>effe</span> <span class='ocrx_word' id='word_1_1100' title='bbox 1269 3176 1457 3218; x_wconf 85' lang='lat' dir='ltr'>rescriptum</span> <span class='ocrx_word' id='word_1_1101' title='bbox 1488 3175 1528 3206; x_wconf 84' lang='lat' dir='ltr'>ab</span> <span class='ocrx_word' id='word_1_1102' title='bbox 1550 3171 1799 3214; x_wconf 86' lang='lat' dir='ltr'>Imperatoribus</span> <span class='ocrx_word' id='word_1_1103' title='bbox 1825 3169 1857 3201; x_wconf 90' lang='lat' dir='ltr'>in</span> <span class='ocrx_word' id='word_1_1104' title='bbox 1879 3168 1935 3242; x_wconf 54' lang='lat' dir='ltr'>gg</span> 
     </span>
    </p>
   </div>
   <div class='ocr_carea' id='block_1_7' title="bbox 1443 3128 1992 3174">
    <p class='ocr_par' dir='ltr' id='par_1_9' title="bbox 1443 3128 1992 3174">
     <span class='ocr_line' id='line_1_152' title="bbox 1443 3128 1992 3174; baseline -0.016 -9"><span class='ocrx_word' id='word_1_1105' title='bbox 1443 3133 1532 3174; x_wconf 90' lang='lat' dir='ltr'>quod</span> <span class='ocrx_word' id='word_1_1106' title='bbox 1563 3134 1602 3163; x_wconf 92' lang='lat' dir='ltr'>de</span> <span class='ocrx_word' id='word_1_1107' title='bbox 1627 3140 1688 3162; x_wconf 85' lang='lat' dir='ltr'>aere</span> <span class='ocrx_word' id='word_1_1108' title='bbox 1712 3129 1816 3161; x_wconf 86' lang='lat' dir='ltr'>alieno</span> <span class='ocrx_word' id='word_1_1109' title='bbox 1840 3128 1935 3159; x_wconf 86' lang='lat' dir='ltr'>tradi·</span> <span class='ocrx_word' id='word_1_1110' title='bbox 1989 3139 1992 3144; x_wconf 91' lang='lat'>·</span> 
     </span>
    </p>
   </div>
   <div class='ocr_carea' id='block_1_8' title="bbox 2002 0 2025 41">
    <p class='ocr_par' dir='ltr' id='par_1_10' title="bbox 2002 0 2025 41">
     <span class='ocr_line' id='line_1_153' title="bbox 2002 0 2025 41; textangle 90"><span class='ocrx_word' id='word_1_1111' title='bbox 2002 0 2025 41; x_wconf 42' lang='lat' dir='ltr'>§.a</span> 
     </span>
    </p>
   </div>
  </div>
 </body>
</html>
