2036 3495
544 70 612 107 An·
634 68 724 105 ΜΒ.
753 64 878 103 XXIII.
907 66 1007 102 T1r.
1037 62 1098 102 111.

90 161 205 200 miror,
237 160 300 193 alio
323 161 434 194 dotem
459 160 694 202 promittente-3
723 155 933 203 aieNeratius
949 178 960 195 ,

88 199 155 235 'non
182 203 243 235 ess'e
267 204 375 234 dotem
399 201 631 243 profestititiim
660 206 803 239 quamvis
831 205 922 238 patci-
944 206 961 228 a

93 256 147 276 reo
165 246 284 275 ieri-are
310 243 340 275 id
360 244 444 284 quod
463 243 570 280 solvit,
601 239 778 284 norrpoffit
800 240 827 270 cl.
845 240 864 271 ι,
882 250 911 278 5.
926 238 958 283 §-

90 291 118 317 0‘.
145 288 228 317 idem
244 284 306 323 cst,
331 285 350 316 si
370 293 458 327 patei·
471 285 580 316 dotem
601 280 688 312 dedit
712 287 870 326 tamquam
889 279 959 310 filiae

93 328 221 358 debitor
235 335 276 357 ex
301 327 369 367 ejus
390 326 484 366 jtiss'u:
507 333 583 369 nam⁴
601 322 706 353 adhuc
722 331 819 369 magis
837 320 900 359 est,
926 327 959 351 ut

91 368 282 405 adventitia,
314 376 406 408 quam
425 365 623 408 prestetum,
646 363 705 394 dos
727 363 871 393 videatur
890 363 916 392 cl.
943 362 960 392 l.

91 421 121 450 5.
145 409 175 451 §.
197 417 242 440 11.
267 418 330 439 non
355 409 438 440 enini
463 407 549 438 dedit
577 412 735 450 tamquam
762 412 876 442 pater,
908 402 960 434 sed

92 459 250 490 tamquam
267 449 393 481 debitor
409 450 436 479 d.
453 448 472 478 l.
493 459 522 486 ς.
547 446 574 487 ᾗ,
592 450 621 477 6.
648 454 684 491 ac
704 445 722 476 (i
748 454 814 476 rem
842 444 960 490 spechi-

91 501 179 528 mus,
203 490 333 532 perinde
360 489 405 521 est
422 514 429 521 .
459 497 495 519 ac
517 488 535 519 ii
556 495 689 527 pecunia
715 495 779 518 non
802 487 842 517 de
867 495 931 524 ejus
947 507 956 523 ‚

88 533 140 563 scd
160 534 198 564 de
219 531 304 569 filiae,
331 530 414 562 facto
431 528 624 570 processerit.
648 537 720 559 nam
738 526 757 559 si
777 536 832 567 per
853 527 956 557 amba-

88 583 145 615 ges
162 573 266 605 aetum
283 571 377 610 esset,
401 572 425 603 is
449 570 536 602 foret
553 571 596 601 rei
613 569 704 610 gestae
722 569 803 599 ordo
815 590 825 605 ,
849 575 882 598 ut
905 577 956 612 pe-

89 615 182 646 cunia
199 622 215 646 a
234 622 319 654 patre
347 613 385 644 ad
411 612 527 651 filiam,
551 611 667 643 deinde
687 620 703 641 a
725 608 793 656 filia·
812 609 851 640 ad
868 617 956 639 mari-

89 664 174 693 tum‚
203 653 392 696 perveniret.
423 663 508 685 nunc
533 653 697 684 celeritate
720 650 955 691 conjungenda-

85 706 152 729 rum
169 696 250 727 inter
266 693 295 726 se
312 696 472 726 actionum
484 719 493 733 ‚
515 704 576 726 una
592 693 673 726 actio
689 692 852 738 occultata·
866 691 919 722 est.

125 737 283 768 Hactenus
300 737 340 768 de
356 736 442 767 dotis
458 734 661 772 definitione,
685 734 715 765 δι
732 734 895 780 ὀινμιοηε.
912 731 951 764 se-

84 788 183 818 quens
202 779 290 809 locus
308 778 367 809 erit
379 787 415 810 ,ει
431 778 543 818 quibus
559 777 616 808 dos
633 775 852 807 constituatur.
872 783 952 819 con-

86 820 217 851 stituunt
231 828 337 850 autem
364 819 506 858 plerique
522 819 684 849 volentes:
707 818 835 861 quidam
857 823 950 860 etiam

84 861 184 893 inviti.
201 861 310 892 volens
327 861 439 891 dotem
456 860 518 900 ipsa
534 867 590 900 pro
606 857 634 890 se
648 857 812 889 constituit
821 856 950 887 mulier:

87 902 181 934 etiam
204 902 280 934 alius
306 902 422 941 quivis.
445 909 564 933 tantum
590 908 679 940 pater
698 899 727 929 δι
754 907 829 930 avus
851 905 952 938 patei·-

87 953 165 981 nus,
189 942 240 982 qui
259 942 349 974 filiam
366 950 420 974 aut
435 951 565 982 neptem
583 941 702 973 habent
723 949 753 971 iii
773 937 950 980 potestate,

86 985 108 1016 fi
134 985 250 1016 liberos
278 984 388 1024 injuria
417 982 639 1024 prohibuerint
661 991 778 1014 uxores
809 980 951 1027 ducere,

87 1026 139 1056 vel
157 1026 294 1064 nubere,
319 1026 368 1056 vel
387 1035 447 1065 pro
464 1025 510 1057 his
525 1026 634 1057 dotem
661 1024 735 1055 dare
759 1022 861 1053 nolint
878 1031 888 1059 ς
909 1030 954 1051 in·

88 1068 143 1097 viti
159 1076 214 1098 cos
230 1066 260 1098 in
279 1065 514 1098 matrimonium
532 1066 708 1103 collocare,
727 1064 755 1095 &
771 1064 881 1109 dotare
896 1071 954 1102 pei·

87 1107 262 1139 Praetorem
286 1108 446 1139 Urbanum
476 1115 632 1149 coguntur
661 1106 764 1150 capite
793 1103 953 1151 trigesimo

88 1150 201 1189 quinto
228 1148 304 1190 legis
326 1149 431 1188 Juiiae:
456 1157 490 1180 ut
516 1158 593 1180 vero
617 1149 648 1178 in
674 1148 848 1192 provmciis
869 1145 953 1176 idem

88 1200 146 1229 per
164 1189 373 1222 proconsules
395 1190 582 1222 Praefidcsve
597 1188 707 1225 fieret,
731 1186 849 1228 placuit
865 1185 953 1233 Con—

91 1230 255 1263 stitutione
286 1230 393 1262 Severi
423 1234 452 1262 i&
479 1230 626 1262 Antonini
649 1230 669 1260 l.
703 1238 749 1265 io.
775 1229 822 1260 D.
850 1229 882 1258 de
903 1233 952 1258 ηε.

90 1280 173 1314 nupt.
217 1273 267 1302 Sic
286 1280 382 1312 puto:
405 1273 432 1303 δι
451 1272 494 1303 est
512 1272 575 1302 boc
593 1270 831 1311 diligentiffimae
849 1267 953 1300 obser-

89 1314 240 1344 vationis:
263 1322 384 1351 optime
401 1314 543 1350 positurae
562 1312 804 1343 fundamentum
823 1309 953 1350 sequen-

88 1356 183 1385 tium:
207 1353 293 1385 fimul
311 1354 721 1392 monstraturae,qu0m0d0
737 1353 955 1393 accipiendum

88 1394 124 1426 fit
141 1395 228 1434 quod
243 1394 316 1426 alibi
338 1402 501 1433 paternum
518 1393 580 1426 ess'e
596 1394 711 1425 dicitur
730 1392 954 1431 officium,do-

89 1442 154 1466 terii
172 1445 232 1475 pro
255 1435 303 1466 sua
327 1437 400 1466 dare
429 1437 578 1477 progenie
603 1436 624 1467 l.
646 1435 699 1465 ult.
726 1435 757 1465 C.
773 1437 805 1465 de
819 1435 954 1480 dotapro-

89 1476 162 1517 mzff
179 1477 197 1507 l.
219 1481 249 1507 6.
273 1477 316 1508 D.
334 1479 366 1507 de
384 1477 476 1507 collat.
496 1479 587 1507 bonor.
633 1476 711 1508 Hzec
729 1475 768 1506 {ic
790 1476 956 1513 obtinent3

90 1527 165 1549 cum
190 1517 252 1548 filia
275 1526 327 1547 aut
352 1516 455 1556 neptis
478 1517 522 1548 est
546 1518 576 1548 iii
601 1517 766 1556 ροῑεὶὶεηε.
790 1526 862 1561 narn
885 1515 907 1547 fi
925 1526 954 1546 e-

90 1559 268 1598 mancipata
287 1558 340 1588 sit:
364 1559 403 1589 de
421 1567 455 1588 ea
471 1558 546 1589 nihil
573 1557 641 1589 Lex
659 1558 754 1596 Julia;
778 1558 853 1589 nihil
872 1557 957 1601 Con-

92 1599 214 1630 stitutio
229 1599 383 1630 Severi&
401 1598 562 1630 Antonini.
589 1600 630 1630 ita
649 1600 736 1638 quod
760 1600 798 1630 ad
821 1607 956 1630 emanci-

91 1649 197 1680 patam
213 1640 344 1678 attinet,
368 1639 540 1681 mansitjus
561 1642 744 1680 antiquum:
768 1649 832 1678 quo
856 1646 957 1679 pater-

92 1690 142 1712 nae
164 1681 323 1721 avitaeque
348 1681 519 1712 voluntatis
541 1680 624 1720 fuit,
648 1681 745 1713 filiam
769 1681 958 1721 &neptem

93 1723 224 1761 dotare3
245 1722 434 1754 necestitatis
452 1732 513 1754 non
530 1722 601 1754 fuit.
794 1742 796 1747 ·

134 1763 179 1794 Ea
197 1765 320 1794 ratione
336 1772 396 1794 nec
419 1772 517 1796 mater
539 1770 665 1795 tenetur
686 1763 793 1795 dotem
811 1761 885 1794 dare
901 1771 960 1803 pro

92 1804 172 1836 filia:
188 1806 261 1845 quia
279 1803 347 1836 Lex
364 1805 403 1836 de
420 1813 519 1836 matre
536 1813 601 1836 non
620 1805 771 1844 loquitur.
813 1803 856 1835 Et
871 1803 961 1844 sane,

92 1855 163 1877 cum
182 1854 303 1886 patrem
321 1868 330 1884 ,
354 1846 518 1886 postquam
535 1847 629 1878 filiam
653 1845 741 1877 desiit
755 1845 786 1876 in
805 1844 962 1885 potestate

93 1888 232 1925 habere,
255 1888 386 1918 ulterius
398 1889 436 1918 ad
448 1887 647 1918 dotationem
658 1896 722 1918 non
739 1886 875 1933 obligat3
899 1894 962 1926 quo

92 1938 282 1970 argumento
311 1937 406 1968 cogat
431 1937 580 1967 matrem,
610 1929 719 1959 dotare
742 1927 836 1959 filiam
867 1936 960 1967 quam

93 1970 124 2000 in
145 1969 301 2010 potestate
317 1978 487 2007 numquam
505 1968 640 2001 babuit?
665 1968 856 2010 Nonmagis·
870 1977 961 2008 pote-

91 2012 133 2042 rit
149 2018 238 2051 pater
255 2011 363 2041 dotem
381 2009 450 2041 filiae
469 2010 663 2042 constituere
681 2020 721 2041 ex
740 2010 831 2042 bonis
845 2018 958 2041 mater-

93 2051 167 2089 nis,
197 2059 297 2083 matre
326 2050 420 2082 inscia
443 2060 496 2083 aut
521 2052 628 2083 invita.
679 2051 742 2082 Vix
772 2060 851 2092 opus
873 2058 958 2090 erat,

93 2093 155 2123 lioc
179 2093 362 2131 admoneri3
385 2101 456 2124 cum
482 2102 585 2125 tamen
612 2093 652 2124 de
673 2102 713 2124 eo
738 2093 957 2131 dubitaretur,

94 2135 137 2165 ita
154 2133 293 2165 Bafilillie
310 2135 434 2165 cuidam
460 2133 641 2175 rescripsere
658 2133 759 2174 lmpp.
782 2133 959 2178 Diocletia-

94 2184 154 2206 nus
176 2175 207 2206 δι
225 2175 436 2206 Maximiano&
452 2175 470 2205 l.
493 2184 537 2213 ιιι.
557 2176 589 2207 C.
607 2175 633 2206 h.
653 2182 675 2206 t.
707 2174 840 2207 Additur
857 2176 899 2206 ibi
916 2175 956 2205 se·

95 2225 194 2257 quens
213 2217 386 2254 exceptio:
413 2215 481 2253 N1fi
498 2226 534 2247 ex
549 2225 656 2255 ‘inagna
672 2216 708 2251 ὅ)
721 2215 860 2257 probabili
875 2216 961 2255 cause

94 2258 140 2288 vel
157 2258 214 2298 lege
230 2257 392 2296 specialiter
412 2257 551 2298 expreffli.
598 2257 717 2289 Verum
743 2258 810 2288 haec
833 2267 898 2288 nou
916 2255 961 2288 est

92 2299 221 2330 illorum
240 2298 486 2339 Imperatorum:
510 2299 560 2330 sed
578 2298 787 2336 Triboniani3
802 2298 831 2330 ἃ
848 2298 960 2329 adscri-

93 2347 148 2379 pta
167 2340 206 2370 ab
227 2349 266 2371 eo
291 2350 330 2370 ex
356 2341 375 2369 Ι,
398 2348 439 2376 ¹9
465 2340 494 2381 ᾗ.
516 2348 540 2370 ι.
567 2340 601 2371 C.
619 2342 652 2371 de
667 2339 805 2371 Haeretic.
832 2339 868 2373 ὅ)
892 2339 961 2370 Μα-

93 2382 169 2412 nich.
197 2381 229 2413 id
254 2381 337 2412 bene
367 2381 544 2412 observavit
577 2380 757 2412 Franciscus
780 2380 961 2413 Hotmanus

52 2435 54 2437 >
95 2422 142 2452 lib.
164 2424 193 2453 6.
219 2422 338 2459 Observ.
361 2432 384 2452 c.
409 2432 463 2453 xx,
516 2421 646 2454 Utinam
677 2421 841 2453 addidiffet
864 2431 961 2453 vocu-

93 2462 174 2501 lam,
195 2464 259 2502 vel,
278 2473 307 2494 in
326 2473 361 2494 ea
379 2463 573 2502 exceptione
591 2473 649 2503 pro
667 2464 720 2494 usu
737 2463 863 2495 illorum
882 2470 960 2494 tem-

94 2510 205 2540 porum
222 2513 314 2544 quem
332 2506 474 2544 pluribus
491 2505 644 2549 exemplis
670 2504 882 2536 demonstravi
907 2504 961 2535 sub

95 2542 227 2580 Titulo‚
255 2547 300 2574 De
314 2546 388 2586 Lege
406 2546 535 2584 Rhodia,
561 2546 638 2577 nihil
660 2545 860 2587 distinguere.

133 2583 279 2615 Tenetur
295 2585 385 2625 igitur
403 2595 492 2627 pater
509 2588 620 2618 dotare
638 2587 731 2619 filiam
748 2596 841 2628 quain
864 2587 960 2618 habet

93 2625 124 2657 in
142 2624 308 2665 potestate.
333 2629 406 2667 quid
422 2628 441 2659 si
469 2629 611 2668 locuples
635 2628 689 2667 sit,
714 2636 748 2659 ut
770 2628 833 2668 ipsa
857 2638 913 2669 pro
930 2628 960 2659 sc

94 2667 201 2697 dozem
218 2665 409 2699 constituere
426 2670 538 2709 poffit?
564 2669 616 2700 Est
634 2669 703 2700 haec
724 2669 855 2709 quaestio
873 2670 903 2700 in
929 2679 958 2700 u·

94 2715 238 2748 tramque
254 2716 374 2748 partem
390 2712 502 2749 agitata
522 2720 538 2741 a
562 2710 753 2743 Doctiffiinis
778 2710 959 2751 Interpreti·

96 2748 172 2780 bus:
206 2749 258 2780 sed
284 2758 386 2780 minus
414 2754 656 2783 accommodate
693 2753 732 2783 ad
755 2751 841 2783 usum
864 2753 960 2793 juris:

95 2789 268 2821 Veteribus
281 2798 369 2820 certe
386 2789 617 2828 jurisconsultis
633 2803 648 2824 a
665 2793 777 2833 quibus
800 2802 964 2834 argumen-

94 2838 125 2861 ta
146 2831 246 2862 i'oient
263 2831 420 2866 utrimque
439 2833 520 2872 peti.
534 2832 563 2864 in
583 2833 748 2866 Pandectis
765 2834 808 2865 est
824 2834 964 2874 incogni-

99 2879 130 2903 ta
165 2873 240 2917 quin
267 2872 391 2903 illorum
417 2880 582 2913 tempore,
604 2884 643 2906 ne
666 2875 806 2908 incidere
834 2876 963 2915 quidem

95 2921 220 2954 pocuit:
244 2913 348 2945 liberis
366 2913 417 2953 qui
442 2923 530 2945 ciant
558 2916 588 2946 in
614 2918 710 2956 patris
727 2924 780 2948 aut
807 2918 855 2948 avi
874 2924 964 2957 pote-

96 2953 268 2992 state,tum
287 2956 364 2986 nibil
384 2955 543 2994 proprium
565 2956 775 2994 habentibus;
800 2958 829 2989 ὅ(
851 2966 965 2988 contra

93 2995 173 3037 patri
197 3004 251 3026 aut
273 3005 332 3026 avo
350 2996 456 3026 omnia
474 2997 721 3036 adquirentibus.
752 2998 879 3031 Deinde
897 3009 961 3030 niu-

95 3044 163 3068 tato
182 3037 212 3068 in
237 3035 360 3068 Codice
383 3038 451 3076 jure
472 3046 598 3077 vetere,
621 3039 744 3079 fateor,
765 3041 872 3080 potuit
897 3040 966 3071 liaec

93 3077 177 3109 nasci
200 3077 339 3112 ouaestio.
362 3087 422 3109 non
442 3077 565 3110 inficior
581 3089 710 3120 quoque
725 3103 734 3119 ,
756 3081 832 3112 inde
850 3082 964 3120 proba-

96 3119 193 3151 bile-m
226 3119 292 3150 fieri
327 3119 460 3161 pottiiffe
493 3124 678 3154 tententiam
702 3121 963 3163 existimantium,

95 3169 220 3201 patrem
243 3170 309 3194 non
334 3162 435 3194 teneri
461 3162 644 3195 neceffitate
670 3164 803 3196 dotandi
826 3164 963 3205 locuple·

1150 65 1200 102 De
1214 67 1289 114 jure
1311 67 1437 104 dotimn„
1804 83 1871 120 321

1005 161 1069 187 tem
1087 153 1202 194 filiam3
1225 163 1261 186 ut
1276 165 1341 188 nori
1357 164 1484 190 tenetur
1500 155 1585 190 alere
1602 166 1672 192 eain
1689 167 1758 200 quae
1776 160 1806 193 se
1823 172 1877 195 ex-

1004 195 1115 228 hibere
1131 197 1195 236 ipsa
1212 198 1318 237 potest
1342 199 1361 230 l.
1377 209 1407 239 5.
1435 200 1483 232 D.
1507 200 1541 231 de
1562 200 1695 241 adgncyc.
1722 201 1760 237 δ’
1781 203 1875 234 alend-

1003 237 1082 268 liber.
1108 247 1178 269 narn
1205 245 1238 269 ut
1254 247 1384 279 cogatur
1400 241 1513 273 dotare
1525 264 1534 280 ,
1558 249 1652 282 quarn
1668 251 1729 274 non
1748 244 1877 284 cogitur

1003 278 1105 317 alere,
1138 288 1207 319 quae
1234 278 1340 310 suadet
1364 282 1469 314 ratio?
1505 289 1656 315 caeterum
1679 283 1785 316 nostra
1808 286 1877 316 haec

1005 318 1173 357 disputatio
1189 328 1254 351 non
1272 319 1317 351 cst
1334 321 1374 352 de
1389 331 1476 354 mera
1495 324 1665 365 aequitate:
1688 324 1742 358 sed
1759 327 1800 357 de
1823 335 1878 358 ne·

1004 360 1144 392 cessitate
1159 361 1247 400 Juris.
1273 361 1342 392 liaec
1358 370 1432 394 ante
1449 365 1607 406 obligavit
1622 373 1757 408 patrem:
1775 367 1804 398 &
1820 366 1878 400 nist

1004 400 1126 432 remissa
1141 402 1286 440 est,eum
1305 403 1409 434 adhue
1427 411 1517 436 tenet
1529 407 1598 446 jure
1613 417 1718 439 novo:
1736 407 1792 440 etfi
1809 417 1877 442 nou

1003 441 1145 481 iniquum
1166 442 1219 481 fit,
1242 443 1293 474 illa
1312 443 1436 476 liberari
1449 455 1533 478 eum.
1558 446 1730 481 Videamus
1748 457 1874 489 tamen,

1002 492 1043 513 ne
1067 484 1096 514 in
1126 483 1270 523 praesenti
1294 484 1374 525 Imp.
1402 485 1590 525 justinianus
1613 491 1691 528 quid
1713 491 1752 523 de
1769 491 1876 533 rigore

1000 523 1081 562 juris
1105 525 1216 556 laxarit
1233 526 1252 556 l.
1271 526 1326 558 ult.
1345 527 1376 557 C.
1394 530 1427 558 de
1441 530 1634 570 dompromzff.
1657 531 1686 563 ἃ
1702 539 1800 574 pute,
1831 533 1875 565 la-

1000 568 1089 596 xavit
1105 565 1239 611 aliquid:
1263 574 1335 598 nam
1354 578 1390 599 ca
1407 569 1497 609 lege,
1520 569 1541 601 fi
1559 579 1649 610 pater
1671 573 1782 605 dotem
1807 572 1878 606 fim-

1000 606 1127 645 pliciter
1146 609 1235 639 dedit
1251 617 1308 648 pro
1324 609 1489 651 locuplete
1511 609 1590 650 filia;
1613 622 1675 644 nec
1690 614 1830 653 addidit,
1842 624 1876 646 u-

1002 656 1083 679 trum
1102 657 1140 679 ex
1159 648 1226 687 sua,
1243 659 1281 680 an
1299 659 1340 682 ex
1356 652 1421 691 ejus
1439 651 1621 684 substantia:
1646 654 1874 695 interpretatur

1000 689 1193 729 Imperator,
1217 691 1327 723 dotem
1354 702 1417 724 non
1442 703 1483 724 ex
1503 693 1594 733 fiiiae,
1617 695 1668 726 sed
1692 706 1733 727 ex
1755 696 1873 736 patris,

998 730 1166 775 substantia
1182 730 1243 763 effe
1261 734 1375 764 datam.
1398 734 1549 775 idemque
1571 735 1634 767 effe
1656 737 1764 777 iubet3
1788 737 1809 769 fi
1826 738 1874 770 di-

996 780 1078 802 xerit
1090 795 1099 809 ,
1123 772 1153 803 se
1169 782 1237 804 eam
1258 775 1331 805 dare
1345 785 1386 806 ex
1402 776 1497 807 rebus
1515 785 1577 808 tam
1595 778 1673 817 suis,
1697 787 1790 819 quam
1807 787 1872 811 mas

993 813 1090 843 ternis
1116 814 1167 844 vel
1193 815 1258 845 aliis
1281 824 1350 855 quae
1380 826 1445 848 non
1477 818 1714 859 adquiruntur,
1744 820 1796 852 vel
1827 829 1871 852 ex

994 852 1053 885 suis
1070 853 1204 893 debiti53
1228 858 1328 887 modo
1347 858 1596 898 pateridoneain
1621 860 1777 900 poffideat
1799 860 1871 893 sub-

995 894 1149 926 stantiam.
1185 898 1271 936 quod
1295 896 1315 928 si
1335 900 1462 938 penitus
1483 901 1589 942 inopia
1607 901 1644 933 fit
1662 910 1787 935 tentus:
1806 903 1872 944 jam

996 944 1109 967 contra
1133 938 1277 969 decernit
1294 938 1490 980 Imperator,
1510 943 1620 974 dotem
1635 952 1700 975 non
1718 953 1760 975 ex
1775 945 1871 975 rebus

995 978 1080 1017 ejus,
1105 976 1215 1023 sed-ex
1230 979 1323 1011 rebus
1341 980 1413 1012 filiae
1430 982 1536 1015 datam
1558 984 1703 1026 intelligi.
1734 985 1787 1017 Sic
1803 986 1872 1027 quia

996 1019 1069 1050 dem
1088 1018 1289 1058 justinianus.
1313 1022 1345 1053 id
1363 1032 1441 1055 vero
1457 1028 1524 1064 quo
1539 1024 1624 1057 exit:
1659 1026 1711 1058 nifi
1728 1027 1870 1068 indicat,

996 1061 1083 1106 quod
1106 1060 1125 1091 fi
1143 1068 1233 1100 pater
1249 1071 1306 1107 pro
1323 1062 1385 1095 filia
1403 1065 1568 1106 locuplete
1594 1074 1714 1100 certam
1739 1069 1872 1109 promit-

997 1109 1035 1132 tit
1058 1102 1187 1140 dotem,
1213 1104 1301 1134 verbi
1317 1106 1434 1145 gratia,
1459 1107 1544 1139 inille
1561 1117 1693 1147 aureos;
1714 1109 1744 1140 &
1766 1111 1870 1142 norni—

995 1143 1094 1174 natiin
1112 1145 1263 1184 exprimit
1278 1168 1287 1183 ,
1312 1147 1341 1176 i'e
1358 1157 1426 1179 eam
1443 1148 1591 1181 summam
1610 1159 1668 1188 pro
1688 1149 1745 1181 sua'
1759 1149 1820 1182 filia
1837 1152 1872 1183 in

996 1184 1104 1215 dotem
1126 1186 1200 1216 dare
1212 1208 1221 1223 ‚
1244 1196 1310 1218 non
1328 1188 1368 1219 de
1387 1188 1459 1226 suis,
1485 1190 1535 1222 sed
1553 1191 1594 1222 de
1610 1190 1680 1222 filiae
1696 1191 1805 1225 bonis:
1823 1202 1872 1224 rea·

996 1225 1046 1256 διο
1064 1225 1144 1257 hanc
1161 1228 1271 1259 dotem
1289 1229 1329 1259 de
1348 1229 1421 1261 filia:
1444 1230 1536 1262 bonis
1554 1233 1712 1271 promisit:
1734 1232 1799 1274 ipse
1815 1243 1870 1265 au·

997 1274 1062 1298 tem
1078 1268 1116 1299 ad
1137 1268 1323 1301 ulteriorem
1346 1271 1431 1304 dotis
1446 1271 1710 1306 constitutionem
1735 1283 1800 1306 non
1823 1282 1871 1306 te-

997 1315 1100 1339 netur.

1040 1350 1107 1390 Age
1125 1359 1210 1383 nunc
1226 1351 1267 1383 de
1290 1351 1390 1384 fratre
1406 1353 1583 1386 videamus.
1606 1364 1677 1387 nam
1697 1356 1749 1388 vel
1769 1356 1809 1388 de
1831 1366 1873 1390 eo

1000 1389 1043 1421 est
1066 1391 1188 1433 insignis
1206 1392 1376 1425 difficultas
1393 1396 1424 1426 in
1447 1396 1467 1426 l.
1491 1405 1536 1427 12.
1560 1396 1590 1438 §.
1610 1407 1640 1437 3.
1666 1397 1713 1429 D.
1735 1398 1768 1428 de
1782 1399 1875 1430 admi-

998 1429 1169 1471 nistratioue
1192 1440 1343 1467 tutorum:
1367 1435 1467 1468 Paulo
1489 1436 1621 1469 fratrem
1647 1440 1807 1471 uterinum
1830 1440 1876 1472 di«⁵

999 1473 1178 1513 stinguente
1193 1485 1209 1505 a
1227 1476 1480 1517 consanguineo:
1499 1478 1582 1518 quasi
1598 1479 1651 1509 hic
1670 1479 1811 1512 sororem
1830 1488 1876 1513 te·

1000 1522 1111 1546 nentur
1127 1517 1260 1556 dotare,
1284 1516 1338 1548 ille
1352 1527 1417 1549 nori
1435 1526 1589 1551 teneatur.
1612 1519 1665 1552 Sic
1686 1523 1783 1553 etiam
1798 1531 1879 1554 con-

997 1556 1108 1595 jicnint
1128 1556 1321 1599 Interpretes
1337 1568 1445 1591 omnes
1469 1559 1579 1592 summi
1597 1561 1628 1593 &
1655 1559 1772 1594 infimi:
1799 1572 1876 1595 meo

998 1598 1118 1637 judicio
1150 1599 1378 1639 imprudenter.
1410 1601 1498 1640 quod
1522 1601 1606 1633 enim
1629 1601 1878 1638 fundamentum

1000 1639 1052 1670 illa
1070 1639 1166 1671 habet
1188 1639 1376 1673 distinctio?
1399 1642 1530 1674 nullum.
1555 1652 1625 1675 nam
1643 1653 1716 1676 cuin
1741 1646 1878 1678 dotandi

1001 1680 1166 1713 nccesfitas
1188 1681 1310 1723 legibus
1335 1681 1392 1715 soli
1414 1683 1594 1724 injungatur
1611 1686 1691 1725 patri
1717 1694 1879 1727 auth-avo,

1002 1721 1099 1753 filiam
1116 1730 1170 1754 aut
1186 1730 1317 1764 neptem
1337 1725 1368 1755 in
1385 1724 1544 1765 potestate
1562 1725 1757 1759 habenti:ab
1776 1737 1880 1770 eaque

1003 1763 1170 1795 excusetur
1182 1772 1292 1805 pater,
1317 1765 1516 1806 emancipata
1532 1766 1572 1798 ab
1588 1777 1629 1799 eo
1646 1766 1729 1808 filia,
1744 1777 1806 1801 nec
1821 1769 1881 1802 mi-

1004 1812 1062 1835 uus
1077 1812 1196 1837 mater:
1218 1806 1345 1846 ullone,
1368 1808 1472 1848 quaeso
1495 1808 1609 1841 colore
1625 1808 1725 1841 frater
1741 1818 1880 1851 cogetur

1005 1845 1057 1876 vel
1088 1846 1350 1888 consanguineam
1373 1850 1486 1881 dotare
1510 1850 1670 1884 sororem:
1707 1859 1801 1892 quam
1816 1859 1882 1884 nec

1004 1886 1166 1919 collocare
1181 1890 1325 1929 cogitur3
1349 1899 1410 1922 nec
1425 1891 1523 1931 magis
1540 1890 1623 1931 ipse,
1646 1900 1740 1933 quam
1758 1899 1880 1933 mater,

1003 1927 1101 1959 habet
1119 1929 1149 1960 in
1168 1930 1353 1970 potestate?
1378 1932 1419 1964 At
1440 1933 1524 1964 enim
1543 1932 1656 1965 Paulus
1679 1934 1708 1965 d.
1725 1932 1753 1975 §.
1771 1944 1799 1976 3.
1823 1935 1882 1967 Sed

1002 1978 1060 2000 non
1074 1971 1152 2001 dabit
1175 1972 1266 2002 dorem
1279 1973 1375 2010 sorori
1396 1973 1451 2005 alio
1472 1978 1557 2014 patre
1580 1980 1664 2006 παίω.
1688 1984 1745 2007 cur
1769 1983 1879 2009 autem

1002 2010 1062 2048 ait,
1088 2012 1143 2042 alio
1158 2018 1243 2052 patre
1258 2020 1351 2051 narce,
1375 2014 1430 2046 nili
1446 2024 1508 2056 prae
1524 2016 1554 2047 se
1572 2015 1637 2047 fert
1652 2025 1844 2057 argumento
1860 2027 1879 2049 a

1002 2053 1182 2092 contrario,
1212 2054 1296 2086 aliud
1326 2055 1438 2088 servari
1463 2057 1493 2088 in
1519 2055 1624 2089 sorore
1647 2058 1764 2089 codem
1788 2065 1879 2098 patre

1002 2093 1098 2124 nata?
1121 2094 1174 2125 Sic
1195 2095 1256 2126 illi:
1280 2095 1366 2128 facto
1382 2105 1569 2139 argumento
1595 2108 1612 2129 a
1638 2099 1819 2138 contrario,
1843 2100 1878 2132 id

1002 2142 1154 2179 vocantes
1170 2134 1384 2170 fortiffimum.
1426 2138 1522 2179 Ego,
1546 2139 1567 2171 fi
1584 2138 1659 2171 mihi
1683 2140 1777 2171 liceat
1802 2149 1877 2172 meo

1003 2184 1048 2206 uti
1064 2177 1209 2216 ingenio,
1233 2187 1300 2210 non
1323 2181 1435 2219 finam,
1467 2179 1605 2212 Nobiles
1625 2181 1777 2222 juvenes,
1798 2182 1877 2222 juris

1004 2215 1173 2253 studiosos.
1211 2218 1329 2252 diutius
1351 2220 1418 2253 falli
1450 2221 1629 2262 hujusmodi
1654 2221 1814 2255 ludibrio:
1837 2230 1876 2255 ac

1001 2258 1062 2297 Jam
1087 2260 1207 2297 pridem
1233 2260 1376 2300 ostendi,
1397 2262 1481 2302 Jiilz‘o
1508 2262 1618 2300 Paulo,
1636 2261 1703 2300 five
1722 2264 1756 2294 de
1771 2270 1876 2305 partus

1003 2299 1171 2338 expositione
1190 2300 1226 2335 δ’
1243 2311 1308 2333 nece
1324 2313 1348 2333 c.
1368 2312 1425 2334 vri.
1448 2311 1632 2344 argumenta
1650 2303 1735 2341 istae
1747 2314 1875 2338 contra-

1004 2340 1052 2371 rio
1066 2349 1120 2371 aut
1140 2341 1367 2383 consequentia
1382 2344 1412 2374 in
1431 2344 1597 2376 pandectis
1622 2345 1653 2376 dc
1671 2344 1794 2378 Codice
1810 2347 1876 2387 ple-

1004 2390 1136 2421 rumque
1151 2383 1223 2414 duci
1241 2392 1356 2424 praeter
1371 2384 1507 2416 auctoris
1525 2393 1676 2417 mentem.
1695 2386 1726 2419 in
1745 2389 1877 2428 praesen-

1004 2423 1045 2453 tia
1064 2432 1141 2454 vero
1159 2424 1223 2455 hoc
1246 2424 1311 2456 fieri
1337 2435 1376 2456 an
1402 2425 1508 2466 potest
1530 2435 1584 2458 aut
1609 2428 1726 2468 debet,
1749 2429 1877 2469 praeser-

1003 2465 1059 2495 tim
1076 2465 1221 2496 adversus
1238 2465 1402 2498 manifesta
1420 2476 1489 2507 quae
1513 2467 1576 2499 dixi
1591 2468 1666 2508 juris
1690 2471 1844 2512 principia
1856 2471 1874 2502 ?

1002 2514 1112 2546 apage.
1135 2514 1197 2537 non
1214 2506 1258 2538 est
1284 2507 1458 2546 credibile,
1480 2509 1612 2541 Paulum
1635 2510 1699 2542 boc
1722 2512 1798 2543 loco
1821 2513 1876 2553 qui

1003 2546 1047 2577 est
1071 2547 1196 2592 unusl&
1217 2548 1375 2589 singularis
1393 2552 1422 2580 in
1442 2558 1516 2581 toto
1539 2550 1622 2590 Juris
1644 2551 1809 2598 Corpore,
1834 2563 1877 2584 ta·

1003 2588 1033 2619 le
1054 2588 1129 2627 quid
1147 2589 1338 2628 intendisse,
1365 2591 1466 2622 invita
1491 2591 1752 2632 jurisprudentia.
1777 2595 1875 2635 magis

1003 2629 1171 2669 probabile
1188 2630 1251 2669 est,
1276 2630 1428 2672 cogitasse
1444 2634 1529 2673 quod
1553 2634 1591 2665 ab
1611 2643 1648 2666 ea
1672 2644 1736 2667 non
1762 2636 1877 2666 abhor-

1002 2679 1079 2702 reat.
1112 2672 1218 2711 potuit
1256 2681 1334 2703 vero
1364 2673 1540 2705 meminisse
1568 2677 1702 2707 uterinae
1734 2674 1846 2706 sororis
1863 2698 1873 2712 ,

1005 2720 1195 2752 quamquam
1213 2721 1277 2744 non
1297 2723 1427 2755 propter
1448 2716 1575 2754 dotem,
1599 2716 1652 2748 sed
1676 2724 1806 2757 propter
1829 2725 1878 2747 tu-

1006 2754 1118 2784 telam:
1143 2753 1185 2783 ita
1203 2754 1353 2792 voluisse,
1377 2764 1516 2788 tutorem
1535 2767 1599 2789 non
1623 2758 1739 2788 debere
1765 2758 1877 2788 dotem

1006 2794 1078 2824 dare
1102 2802 1160 2833 pro
1183 2800 1307 2826 uterina
1329 2797 1438 2837 pupilli
1461 2798 1585 2830 sorore:
1609 2798 1684 2829 nibil
1710 2806 1875 2836 praeterea.

1009 2834 1073 2866 Cur
1098 2842 1203 2866 tamen
1228 2836 1412 2870 nominatim
1435 2838 1515 2871 dixit
1540 2849 1597 2880 pro
1630 2840 1772 2882 utei·i.na;
1809 2848 1876 2870 non

1009 2877 1104 2906 etiarn
1123 2885 1182 2915 pro
1198 2878 1457 2920 consanguinea?
1486 2881 1547 2917 lam
1566 2879 1649 2910 dixi:
1665 2887 1736 2919 quia
1753 2880 1876 2911 uterina

1007 2926 1071 2948 non
1090 2919 1200 2958 utique
1216 2928 1287 2951 cum
1304 2920 1402 2953 frati-e
1420 2920 1465 2953 est
1481 2915 1540 2952 'sub
1564 2920 1674 2950 eadem
1699 2920 1797 2951 tutela
1819 2919 1875 2952 sub

1007 2967 1067 2998 qua
1084 2958 1120 2990 {it
1137 2958 1385 3002 consanguinea:
1402 2971 1504 3001 eoque
1520 2961 1640 2991 uterina
1655 2961 1693 2992 ad
1712 2959 1815 2993 fratris
1831 2961 1876 2994 sui

1008 3006 1145 3031 tutorem
1164 3010 1228 3033 non
1248 3003 1401 3043 pertinet:
1424 3002 1652 3042 consanguinea
1669 3002 1820 3041 pertinet.
1845 3004 1876 3035 &

1009 3049 1131 3082 optime
1148 3043 1240 3082 poffit
1255 3043 1359 3077 fratris
1382 3053 1467 3076 tutor
1482 3043 1589 3086 dotem
1606 3051 1663 3081 pro
1678 3042 1784 3075 sorore
1800 3053 1878 3077 con-

1008 3082 1172 3124 sanguinea
1188 3085 1262 3116 dare
1278 3095 1343 3116 non
1363 3095 1402 3116 ex
1419 3084 1541 3121 fratris,
1564 3082 1614 3115 sed
1632 3094 1673 3116 ex
1691 3083 1802 3125 ipfius‚
1818 3086 1878 3118 bo—

1008 3123 1067 3155 nis.
1110 3123 1172 3157 Sed
1191 3126 1318 3166 signabo
1334 3123 1528 3166 responsum,
1554 3124 1582 3155 ἀ
1598 3124 1667 3164 plus
1684 3126 1811 3158 audebo
1834 3129 1880 3160 di-

1008 3174 1099 3205 cere,
1130 3176 1172 3199 ex
1193 3168 1283 3201 Pauli
1308 3165 1463 3198 sententia
1488 3164 1577 3199 fratri
1600 3175 1664 3201 non
1691 3167 1878 3242 incumbgre

1845 3220 1878 3240 ι).
