2036 3495
205 122 253 160 48

208 214 276 237 non
301 203 346 237 cst
368 213 456 237 mere
482 204 634 244 poenalis,
657 212 718 235 nec
737 212 825 235 mere
843 201 1081 242 persecutoria,

209 255 246 277 ut
262 247 331 286 post
351 247 490 277 dicetur:
516 247 656 284 ideoque
674 254 739 276 non
756 243 915 284 competit
933 242 1080 275 adversus

209 288 379 318 heredem:
395 284 449 317 nisi
466 284 635 323 haetenus,
652 293 686 317 ut
704 294 768 316 non
787 285 927 316 lucretur
944 294 983 316 ex
1001 285 1079 315 dolo

212 327 356 358 defuncti
372 328 392 358 l.
415 335 441 357 1.
458 326 487 367 §.
507 329 536 357 6.
555 325 597 357 D.
614 327 643 358 h.
658 333 679 357 t.
705 326 801 358 Plane
819 326 926 357 scribit
941 325 1079 365 Julianus

210 369 238 398 d.
256 369 274 398 l.
292 378 321 408 3.
338 368 366 408 §.
387 376 413 398 1.
430 366 474 399 D.
491 367 519 398 h.
536 373 556 398 t.
579 367 599 398 fi
618 367 771 399 solvendo
789 376 852 398 non
872 365 969 398 fuerit
984 367 1009 399 is
1025 368 1077 406 qui

209 408 287 439 dolo
312 407 446 446 fecerit,
471 417 537 449 quo
561 409 664 441 minus
689 409 722 440 in
745 409 865 449 judicio
881 407 1017 447 filiatur3
1040 417 1078 438 ae-

208 458 307 488 quum
334 449 414 487 effe,
438 449 586 482 adversus
609 450 707 491 ipsum
732 458 820 481 reum
840 450 905 480 dari
921 450 1078 480 actionem

206 490 456 530 restitutoriam3
474 501 514 522 ne
530 499 663 532 propter
672 492 780 523 dolum
790 491 927 522 alienum
943 500 1015 522 reus
1031 489 1077 521 fa-

207 533 271 562 ciat
288 532 428 571 lucrum,
452 533 482 564 δι
501 534 589 564 attor
608 534 724 564 damno
741 531 904 564 afficiatur.

248 572 310 604 Sed
330 582 476 605 revertor
501 575 539 605 ad
561 573 718 611 lulianum
734 573 753 604 l.
773 583 802 614 3.
820 572 861 603 D.
878 573 906 603 h.
927 578 947 604 t.
972 572 1015 603 ait
1033 572 1079 611 is,

208 615 296 653 quod
321 614 391 646 haec
412 615 495 647 attio
518 624 534 645 a
561 614 702 646 Praetore
723 615 816 646 datur
839 613 986 645 adversus
1005 622 1078 646 eum

173 680 175 683 .
207 656 261 695 qui
281 656 358 687 dolo
377 657 460 688 malo
478 656 577 694 fecit,
594 665 659 695 quo
679 657 783 688 minus
794 655 863 696 quis
880 656 910 686 in
925 655 1079 695 judicium

205 705 341 729 vocatus
366 697 456 729 fistat.
480 697 578 738 Igitur
602 697 664 729 fuit
686 698 807 729 Praetor
824 704 946 727 tantum
964 697 1003 727 de
1021 706 1078 727 reo

204 737 352 777 locutus,
375 739 395 770 fi
412 739 528 770 factum
547 737 600 777 fit,
623 748 663 770 ne
682 739 707 770 is
725 738 825 770 fistat:
842 738 914 777 quia
933 738 972 769 de
989 746 1029 768 eo
1045 736 1078 769 fi·

202 778 317 811 stendo
333 787 460 812 cautum
477 779 548 811 fuit.
574 780 604 811 &
629 787 734 811 tamen
752 779 773 811 si
791 779 920 819 alicuius
940 779 1017 810 dolo
1032 778 1077 810 fa-

203 820 289 852 ctum
315 821 395 860 fuit,
421 830 485 862 quo
509 821 610 852 minus
632 821 722 853 attor
738 821 844 851 veniat
860 821 889 851 in
905 820 1076 860 judicium:

201 870 269 893 non
289 862 492 895 intercedunt
509 862 664 900 Veteres,
688 872 729 894 nc
746 863 841 893 etiam
860 861 960 893 danda
977 861 1075 892 atlori

201 901 239 934 fit
257 903 321 934 hoc
339 904 470 935 nomine
486 904 580 936 attio.
605 903 661 935 etii
679 905 763 935 enim
779 903 866 934 attor
882 912 946 934 non
959 903 1074 942 promi-

200 943 276 975 serit
294 945 459 985 injudicio
477 944 534 976 fisti
546 970 554 983 ‚
572 952 677 976 tamen
695 943 860 976 absurdum
878 944 1024 982 videtur,
1039 951 1074 975 ut

202 985 268 1025 ipse
286 995 302 1016 a
314 986 436 1026 judicio
453 985 529 1018 absit
544 996 584 1017 eo
604 987 656 1017 die
673 995 768 1026 quem
786 985 866 1017 dixit
885 995 952 1016 reo.
986 994 1074 1016 accc-

201 1026 267 1065 dit‚
289 1031 376 1068 quod
395 1037 467 1060 cum
488 1029 519 1059 id
537 1028 715 1068 contingit,
739 1036 809 1058 reus
829 1026 1017 1065 dimittitur,
1043 1027 1073 1058 &

200 1066 498 1101 solviturinstantia.
523 1070 564 1100 ita
575 1068 836 1109 apparet,13di6ti
855 1068 960 1098 verbis
975 1068 1074 1099 solum

200 1110 431 1150 comprehendi
456 1119 561 1142 reum:
588 1111 640 1141 led
676 1110 740 1151 eJus
762 1117 903 1141 mentem
929 1118 1018 1149 aeque
1035 1110 1074 1140 ad

201 1150 342 1183 atrorem
360 1152 547 1193 pertingere.
566 1160 663 1191 quare
674 1152 803 1182 evenire
813 1149 937 1190 potest:
955 1158 988 1181 ut
1002 1150 1071 1181 haec

201 1192 285 1222 actio
301 1193 427 1234 utrique
445 1199 612 1232 competat
636 1193 664 1224 &
681 1192 778 1224 εξὶοτί
796 1191 824 1222 ὅ(
843 1200 898 1222 reo
915 1193 942 1222 d.
958 1191 976 1222 l.
995 1202 1023 1233 3.
1041 1191 1070 1233 §.

201 1242 230 1264 2.
254 1233 347 1265 etiam
360 1257 369 1272 ,
394 1242 427 1266 ut
445 1234 547 1266 neutri
564 1235 592 1264 d.
610 1233 629 1265 l.
648 1243 677 1274 3.
695 1233 725 1275 §.
743 1244 771 1274 3-
804 1231 850 1263 Ut
866 1240 900 1263 ut
916 1233 994 1265 erit:
1017 1233 1069 1264 da-

203 1281 254 1305 tur
270 1274 338 1305 haec
358 1275 439 1307 atrio
458 1276 487 1307 ei
503 1275 588 1315 cujus
604 1274 751 1313 interest,
779 1273 843 1305 five
867 1273 903 1305 sit
927 1283 1017 1312 reus,
1038 1273 1072 1305 fi-

199 1324 241 1347 ve
257 1314 293 1348 fit
311 1315 417 1349 attor:
435 1316 647 1349 &commode
664 1315 852 1357 aitJulianus
861 1315 965 1357 d.l.3‚
982 1315 1070 1357 quod

622 116 982 152 GERARDI
1039 114 1304 150 NoonT
1361 114 1577 150 Consi.

1122 203 1280 244 injudicio
1297 204 1484 243 deducitur,
1498 203 1520 235 fi
1532 203 1606 244 quid
1615 201 1752 234 amiserit
1767 200 1855 237 attor
1869 205 1991 238 obeam

1123 254 1208 277 rem:
1226 246 1324 277 veluti
1344 246 1362 278 fi
1381 256 1451 277 reus
1468 246 1645 277 dominium
1663 245 1705 275 rei
1724 245 1850 277 interim
1869 246 1923 278 fibi
1939 249 1992 280 ad-

1122 286 1246 326 quirat,
1270 294 1323 317 aut
1345 287 1471 319 afflone
1495 287 1645 318 liberatus
1669 284 1777 317 fuerit.
1804 286 1849 318 est
1865 287 1992 320 &aliud

1121 328 1150 357 d.
1168 326 1186 357 1.
1203 337 1231 368 3.
1251 327 1279 369 §.
1298 328 1352 359 ult.
1377 337 1528 360 caeterum
1546 334 1580 358 ut
1596 327 1666 358 haec
1685 327 1766 358 attio
1785 327 1875 358 datur
1892 329 1919 359 ei
1938 338 1991 360 cu·

1118 367 1167 407 jus
1191 368 1338 408 interest,
1361 370 1403 401 sic
1427 371 1454 401 ἅ
1482 369 1590 401 heredi
1608 369 1694 409 ejus,
1718 377 1908 409 quamquam
1924 379 1989 402 non

1122 409 1203 440 ultra
1217 419 1332 441 annum
1349 411 1367 441 l.
1389 420 1414 443 1.
1433 411 1461 452 §.
1478 415 1508 442 6.
1526 410 1568 441 D.
1586 411 1614 441 h.
1631 417 1654 441 t.

1162 450 1211 481 Ad
1225 452 1300 491 quid
1317 453 1408 483 detur
1426 453 1494 483 haec
1510 451 1611 489 attio,
1635 452 1689 482 vix
1706 459 1787 491 opus
1803 450 1894 483 addiz
1918 454 1991 492 quia

1123 499 1271 531 apparet,
1295 493 1361 524 dari
1387 494 1494 534 quanti
1519 493 1631 525 actoris
1656 491 1819 532 interfuit,
1844 501 1915 524 eum
1933 493 1991 526 fisti

1123 533 1182 577 (1.1..
1194 541 1223 572 3.
1239 533 1388 577 idemque
1404 535 1519 574 probat
1535 534 1646 566 Paulus
1660 533 1679 563 l.
1697 543 1726 574 3.
1746 534 1792 564 tit.
1805 535 1868 574 seq.
1888 534 1993 566 Perse·

1124 580 1231 613 quitur
1251 575 1346 614 igitur
1369 584 1435 606 rem
1461 585 1500 607 ex
1525 583 1614 616 parte
1637 574 1770 613 actoris,
1795 584 1922 616 poenam
1948 585 1990 608 ex

1123 621 1213 655 parte
1239 616 1301 646 rei:
1325 615 1354 646 ἀ
1374 616 1447 647 ideo
1468 626 1532 648 non
1557 616 1647 647 datur
1667 616 1745 647 ultra
1769 625 1905 656 annum,
1928 626 1990 649 nee

1123 653 1270 687 adversus
1287 655 1436 688 heredem
1448 679 1457 695 ,
1479 658 1534 689 nifi
1551 666 1705 697 quatenus
1730 658 1923 697 locupletior
1943 657 1991 690 fa-

1122 697 1189 727 ctus
1214 695 1269 735 fit,
1291 696 1310 727 l.
1333 706 1359 728 1.
1377 697 1406 738 §.
1422 701 1476 729 ult.
1495 698 1535 730 D.
1552 699 1580 730 h.
1598 705 1619 730 t.
1656 697 1731 729 Non
1756 698 1877 737 obstat,
1899 701 1989 740 quod

1120 738 1212 769 datur
1227 738 1265 769 ad
1282 738 1313 769 id
1333 739 1420 778 quod
1439 739 1578 771 interest.
1622 739 1698 771 Non
1721 738 1766 771 est
1793 741 1877 772 enim
1896 741 1988 773 unius

1119 778 1232 810 formae
1251 778 1332 810 attio
1347 788 1416 819 quae
1430 780 1470 811 fic
1486 790 1502 811 a
1519 780 1659 813 Praetore
1669 782 1767 813 datur.
1785 785 1859 822 quin
1875 782 1986 817 refert.

1120 820 1195 861 quid
1215 820 1316 861 egerit
1332 819 1471 859 Praetor;
1494 830 1567 853 cum
1590 832 1657 854 eam
1680 831 1877 863 proponeret
1900 825 1938 854 ad
1956 824 1989 855 id

1119 860 1355 901 quodinterest.
1372 871 1443 893 nam
1460 861 1480 893 fi
1492 871 1560 894 eam
1570 863 1657 894 dedit
1666 863 1780 895 actoris
1796 865 1906 904 gratia,
1919 875 1984 897 non

1119 902 1253 934 habetur
1270 902 1421 943 poenalis:
1438 902 1491 934 sed
1507 903 1527 934 fi
1544 913 1612 935 earn
1628 904 1716 936 dedit
1732 905 1809 936 odio
1827 906 1892 945 rei,
1908 906 1936 938 δι
1952 914 1988 938 ut

1117 944 1227 984 puniat
1249 946 1314 984 ejus
1335 943 1474 983 factunm
1496 946 1629 985 poenalis
1655 944 1799 978 habenda
1814 946 1877 984 est,
1901 956 1934 978 ut
1952 948 1985 979 in

1116 987 1145 1017 d.
1161 985 1180 1016 Ζ.
1206 995 1231 1016 1.
1249 985 1278 1027 §.
1304 995 1333 1022 4.
1357 986 1429 1024 vel,
1453 993 1487 1016 ut
1508 986 1580 1017 alibi
1595 986 1727 1025 dicitur,
1751 987 1834 1026 quati
1851 990 1986 1028 poenalis

1116 1026 1136 1057 l.
1152 1036 1176 1058 1.
1194 1026 1222 1068 §.
1241 1037 1270 1067 3.
1291 1025 1328 1061 ὃ)
1342 1037 1372 1066 4.
1389 1026 1432 1058 D.
1450 1027 1483 1057 Si
1497 1027 1599 1058 mulier
1614 1033 1710 1059 ventr.
1725 1037 1799 1059 nom.
1810 1030 1841 1060 in
1852 1029 1922 1070 poff.
1941 1040 1988 1062 ca-

1117 1067 1208 1098 lumn.
1228 1068 1386 1107 competit
1412 1077 1490 1109 ergo
1515 1068 1583 1099 haec
1607 1068 1690 1099 actio
1706 1077 1811 1109 poenae
1835 1072 1986 1110 nomine,

1117 1109 1146 1140 ἀ
1164 1108 1208 1140 est
1230 1109 1313 1149 quafi
1336 1109 1488 1149 poenalis,
1511 1118 1577 1141 non
1596 1118 1672 1141 vere
1693 1109 1841 1150 poenalis,
1864 1113 1937 1152 quia
1953 1121 1986 1144 a·

1116 1150 1196 1182 Ctori
1215 1157 1337 1181 tantum
1354 1151 1444 1182 datur
1460 1151 1491 1182 in
1508 1150 1540 1183 id
1557 1151 1643 1191 quod
1660 1151 1866 1191 ejusinterest
1882 1153 1910 1184 d.
1925 1153 1945 1184 l.
1958 1163 1985 1186 1.

1113 1191 1141 1232 §.
1158 1200 1197 1231 4,
1215 1190 1288 1227 &eL
1306 1192 1365 1232 ΑΒ.
1382 1192 1411 1223 h.
1429 1197 1448 1222 t.
1465 1200 1538 1223 curn
1554 1193 1623 1232 plus
1639 1199 1728 1232 petat
1748 1202 1823 1224 vere
1838 1195 1985 1233 poenalis.

1113 1242 1149 1263 ea
1166 1234 1291 1264 ratione
1309 1242 1386 1271 τεο,
1408 1232 1429 1264 si
1446 1231 1544 1265 fuerit
1561 1233 1732 1273 impeditus
1752 1233 1829 1266 dolo
1849 1235 1986 1274 actoris,

1115 1283 1179 1305 non
1198 1274 1287 1305 datur
1296 1273 1365 1305 haec
1380 1274 1483 1313 estin,
1498 1283 1571 1307 cum
1588 1274 1717 1307 sufficiat
1734 1276 1906 1317 exceptio,
1920 1286 1982 1310 nec

1113 1315 1159 1347 rei
1174 1314 1295 1347 intersit
1310 1316 1336 1346 cl.
1353 1315 1373 1347 l.
1397 1324 1425 1348 1.
1442 1314 1470 1356 §.
1489 1324 1520 1357 3.

848 1390 1207 1436 T1Tutus⁷
1258 1397 1324 1433 XI.

276 1563 389 1596 ICTUM
404 1563 689 1606 superioreTitulo
706 1565 746 1597 de
762 1565 810 1599 his
827 1564 880 1606 qui
898 1573 955 1605 per
972 1564 1066 1596 alium

283 1607 500 1646 impediuntur
510 1607 548 1638 ad
561 1607 713 1647 judicium
729 1615 917 1638 occurrere:
935 1604 1065 1645 sequun-

194 1653 245 1677 tur
261 1648 314 1687 qui
333 1648 552 1680 vadimonium
567 1647 714 1679 deserunt
731 1647 781 1679 sua
797 1647 922 1689 sponte.
947 1646 976 1678 ἃ
993 1646 1064 1678 sane

191 1689 336 1725 constat,
360 1698 432 1720 eum
450 1690 502 1729 qui
518 1688 677 1730 promisit,
700 1689 837 1729 aliquem
863 1687 985 1726 fistere,
1009 1689 1063 1718 de-

190 1727 268 1760 bere
282 1738 355 1761 eum
371 1733 402 1761 in
421 1732 532 1762 eadem
550 1729 638 1761 causa
655 1729 774 1762 sistere:
797 1730 862 1761 hoc
881 1729 943 1767 est,
968 1731 1011 1760 ita
1029 1728 1062 1760 fi-

185 1769 286 1809 stere,
303 1778 337 1801 ut
354 1771 536 1811 persecutio
554 1780 617 1803 non
631 1771 940 1803 fitdeterioreloco:
958 1779 1065 1810 quam-

186 1812 237 1842 vis
254 1811 379 1843 exactio
395 1815 438 1844 rei
456 1813 550 1853 poffit
568 1812 629 1843 effe
646 1811 805 1844 difficilior
822 1813 841 1844 l.
856 1821 900 1844 11.
921 1811 957 1846 &3²
971 1812 990 1843 l.
1018 1821 1064 1843 12.

187 1851 233 1884 D.
250 1853 278 1884 h.
296 1859 317 1883 t.
335 1852 436 1895 Quod
453 1854 473 1885 fi
490 1863 553 1886 non
571 1853 685 1885 faciat:
699 1854 790 1885 datur
806 1854 835 1885 in
852 1851 1064 1893 fidejussorem

187 1893 273 1925 actio
289 1894 327 1925 ad
342 1903 487 1935 poenam,
504 1895 523 1927 fi
541 1894 687 1936 promiffa
701 1894 756 1934 fit,
772 1894 826 1926 nisi
844 1894 978 1926 excedat
993 1903 1061 1924 mo—

188 1936 264 1967 dum
283 1935 432 1968 statutum
447 1937 464 1967 l.
476 1946 504 1976 4.
521 1936 549 1978 §.
565 1936 618 1967 ult.
632 1936 659 1967 h.
675 1942 697 1969 t.
715 1937 754 1967 de
772 1945 837 1976 quo
851 1936 996 1976 Cujacius
1012 1935 1060 1968 lib.

188 1985 239 2008 10.
260 1977 379 2017 Observ.
393 1987 418 2008 c.
436 1986 481 2010 10.
501 1978 589 2018 quod
606 1976 627 2009 ss
644 1977 790 2018 promissa
810 1986 875 2008 non
894 1977 930 2009 fit
948 1986 1059 2017 poena:

188 2019 280 2049 datur
295 2018 397 2058 actio,
421 2019 529 2060 quanti
549 2028 585 2050 ea
602 2027 653 2050 res
670 2017 734 2058 est3
760 2018 813 2050 nisi
829 2026 950 2050 certum
968 2017 1060 2058 stipu-

185 2058 308 2090 latione
330 2059 368 2091 fit
392 2059 657 2102 comprehensum
680 2059 699 2091 l.
718 2070 746 2092 2.
763 2060 791 2102 §.
807 2059 851 2091 ult
867 2059 910 2091 D.
938 2058 1060 2104 Quisn-

187 2100 255 2130 ziscl.
276 2109 335 2141 cog.
354 2101 374 2132 l.
394 2111 423 2142 3.
444 2102 483 2133 D.
502 2102 608 2143 Siquis
622 2102 717 2143 injus
733 2111 795 2132 voc.
813 2111 869 2132 non
883 2102 934 2132 ier.
951 2100 1060 2141 estque

185 2139 352 2173 aestimatio
369 2143 433 2182 ejus
446 2143 533 2183 quod
544 2143 666 2184 agentis
683 2142 821 2180 interfit,
838 2141 1005 2174 referenda
1021 2143 1060 2174 ad

184 2189 315 2222 tempus
332 2191 396 2222 quo
414 2183 471 2215 fisti
494 2184 623 2223 debuit,
646 2193 711 2215 non
736 2184 774 2215 ad
798 2184 830 2215 id
856 2193 920 2225 quo
936 2185 1058 2224 agitur,

184 2224 329 2263 quamvis
347 2224 473 2256 desierit
490 2225 555 2265 ejus
571 2222 718 2257 intereffe
735 2225 754 2256 l.
774 2232 820 2257 12.
837 2224 865 2267 §.
882 2234 907 2256 1.
926 2224 968 2256 D.
990 2225 1017 2256 h.
1033 2230 1056 2256 t.

182 2264 267 2296 Illud
284 2274 348 2296 non
367 2265 412 2297 est
422 2266 584 2307 indignum
597 2266 785 2306 observatu3
801 2267 889 2306 quod
899 2265 1057 2307 stipulatio

181 2306 302 2347 iudicio
326 2305 385 2338 fisti
408 2307 623 2348 interponitur
640 2316 774 2348 propter
789 2307 884 2348 ipsam
903 2317 968 2340 rem
986 2316 1058 2348 pro·

181 2355 257 2389 pter
272 2356 367 2389 quarn
379 2348 449 2386 quis
466 2350 657 2380 convenitur
673 2349 693 2381 l.
714 2358 759 2381 10.
775 2349 804 2390 §.
816 2359 845 2381 2.
864 2349 905 2381 D.
916 2350 945 2380 h.
964 2355 985 2380 t.
1004 2358 1056 2380 eo-

183 2399 247 2429 que
259 2398 347 2421 caret
363 2389 500 2429 effestu3
523 2388 544 2422 fi
561 2399 598 2422 ea
612 2389 648 2422 fit
666 2391 709 2422 rei
727 2390 882 2431 persona,
905 2400 977 2423 cum
995 2399 1056 2432 qua

182 2431 231 2470 agi
253 2440 316 2462 non
333 2431 445 2471 posfit,
469 2432 569 2470 qualis
595 2430 641 2463 est
662 2431 767 2463 servus
791 2432 810 2462 l.
840 2441 869 2468 9.
889 2431 925 2467 {⁴3⁹
944 2441 990 2473 13.
1012 2431 1053 2463 D.

183 2472 212 2502 b.
230 2477 251 2502 t.
284 2470 372 2503 Idem
389 2472 453 2512 est,
475 2471 498 2504 fi
514 2473 583 2505 talis
607 2472 663 2512 fit,
687 2481 721 2504 ut
736 2473 882 2504 adversus
908 2482 976 2506 eam
992 2474 1055 2513 iam

182 2512 315 2552 amplius
333 2513 424 2554 dirigi
443 2523 507 2546 non
525 2514 619 2553 poffit
642 2515 743 2546 actio:
767 2522 802 2546 ut
824 2515 935 2546 evenit
957 2515 987 2546 in
1006 2522 1052 2546 tu-

183 2559 274 2590 tore,
297 2552 383 2585 finita
402 2556 501 2587 tutela
519 2555 538 2586 l.
556 2555 609 2586 ult.
628 2555 670 2587 D.
686 2558 714 2587 h.
734 2561 755 2587 t.
794 2555 914 2587 Eadem
931 2556 1054 2587 ratione

180 2594 321 2634 placuit,
344 2595 364 2626 si
390 2597 551 2636 promiffio
569 2597 691 2637 judicio
711 2597 834 2629 sistendi
858 2595 947 2628 causa
973 2596 1054 2628 faeta

180 2634 220 2667 fit
237 2635 266 2665 in
283 2635 405 2667 afflone
421 2638 621 2677 iniuriarum,
646 2638 676 2670 ἃ
694 2639 848 2670 moriatur
862 2639 912 2669 vel
931 2638 1052 2678 stipula·

180 2682 234 2706 tor
259 2675 310 2706 vel
327 2678 511 2717 promissor,
527 2679 764 2719 stipulationem
788 2689 852 2710 non
871 2679 1000 2711 transire
1014 2679 1053 2711 ad

181 2716 318 2749 heredes
338 2717 366 2748 d.
384 2718 404 2750 l.
423 2728 469 2752 10.
486 2720 515 2761 §.
532 2730 560 2753 2.
587 2720 687 2762 Igitur
703 2721 732 2753 ἃ
747 2720 769 2753 fi
786 2719 886 2753 homo
904 2720 962 2752 fisti
979 2728 1051 2762 pro-

816 2805 851 2840 T
885 2814 898 2839 1
932 2816 955 2840 T
987 2815 1011 2840 u
1046 2814 1066 2839 L

645 2882 696 2917 De
703 2879 802 2926 feriis
820 2877 861 2920 δέ)
878 2880 1073 2915 dilationibus

179 2965 367 3041 PRAETER
389 2965 493 2997 causas
510 2965 554 2997 ob
575 2975 650 3007 quas
675 2967 835 3008 superiore
849 2968 964 3001 Titulo
981 2977 1051 2999 reus

246 3009 361 3039 dicitur
377 3007 532 3046 excusari,
557 3007 577 3038 fi
594 3007 673 3039 stato
691 3016 839 3050 tempore
859 3020 922 3042 non
944 3010 1050 3041 veniat

179 3050 212 3082 in
227 3049 401 3089 judicium,
420 3049 541 3081 exstant
565 3047 619 3078 sub
641 3049 704 3079 hoc
722 3048 836 3081 Titulo
853 3051 1049 3092 explicandae

179 3091 286 3122 adhuc
302 3091 390 3122 duae:
409 3090 554 3122 nimirum
571 3088 699 3120 feriae&
716 3090 893 3122 dilationes.
910 3092 1049 3123 Primum

179 3130 288 3164 feriae:
305 3140 381 3171 quas
391 3130 569 3163 aferiendis
578 3129 685 3161 hostiis
697 3153 705 3167 ‚
723 3130 753 3161 ὅ(
763 3131 802 3160 ab
811 3135 946 3172 antiquis
955 3132 1049 3165 festas

178 3172 372 3214 appellatas,
396 3171 503 3204 Festus
518 3171 628 3203 refert.
652 3171 721 3201 sunt
735 3178 840 3202 autem
859 3172 965 3210 feriae,
982 3175 1048 3205 dies

180 3215 237 3257 qui
251 3214 400 3255 praestant
417 3213 618 3248 vacationem
637 3211 798 3255 publicam
814 3212 896 3250 vela
910 3215 1049 3255 negotiis

488 1477 524 1513 Si
541 1477 606 1522 quis
620 1476 812 1512 cautionibus
826 1475 857 1510 in
866 1475 983 1523 judicio
994 1474 1125 1523 sistendi
1140 1473 1339 1522 caufhfablis
1355 1485 1412 1509 non
1427 1475 1695 1521 obtemperaverit.

1109 1563 1232 1602 miffus,
1256 1563 1334 1596 dolo
1352 1562 1546 1604 promifforis
1570 1564 1666 1605 periit
1688 1569 1762 1595 ante
1787 1562 1891 1603 diem
1914 1569 1982 1598 cer-

1109 1613 1144 1636 to
1168 1606 1284 1636 utimur
1307 1606 1375 1644 iure
1390 1627 1399 1643 ,
1429 1613 1557 1645 poenam
1582 1614 1647 1636 non
1669 1606 1734 1645 peti
1759 1612 1833 1636 ante
1851 1628 1860 1643 ‚
1883 1615 1980 1646 quarn

1108 1647 1175 1678 dies
1200 1647 1342 1685 venerit3
1365 1654 1536 1687 propterea
1561 1646 1648 1687 quod
1671 1653 1739 1679 tota
1765 1645 1926 1686 stipulatio
1946 1649 1979 1680 in

1106 1687 1189 1718 diem
1206 1688 1322 1719 collata
1340 1688 1464 1718 videtur
1480 1687 1499 1718 l.
1524 1696 1568 1719 10.
1587 1687 1614 1728 ᾗ.
1636 1696 1662 1718 1.
1683 1686 1724 1718 D.
1741 1687 1768 1718 b.
1786 1693 1806 1718 t.
1832 1686 1919 1730 Quid
1931 1712 1940 1726 ,
1957 1689 1981 1721 fi

1106 1728 1302 1769 promisero,
1324 1728 1443 1768 judicio
1465 1727 1524 1760 sisti
1551 1738 1622 1760 eum
1648 1728 1701 1768 qui
1726 1728 1891 1761 dicebatur
1916 1730 1982 1770 jam

1109 1778 1256 1810 tempore
1272 1769 1333 1801 effe
1350 1770 1501 1802 liberatus
1518 1769 1534 1801 ἶ)
1564 1770 1607 1801 ait
1624 1769 1756 1808 Paulus,
1782 1770 1863 1802 hanc
1885 1780 1981 1804 excu-

1108 1810 1260 1843 sationem
1292 1820 1356 1842 non
1392 1811 1536 1843 sufficere
1553 1821 1563 1850 ;
1592 1810 1644 1842 sed
1676 1811 1882 1843 nihilominus
1906 1813 1980 1845 dan-

1107 1853 1178 1884 dam
1197 1854 1227 1883 in
1245 1862 1296 1884 me
1313 1851 1374 1884 esse
1383 1853 1561 1891 astionem3
1578 1860 1612 1883 ut
1630 1852 1680 1883 vel
1697 1852 1866 1885 exhibeam
1884 1863 1980 1894 eum,

1104 1895 1163 1966 gel
1190 1893 1361 1926 defendam
1378 1916 1388 1933 ,
1419 1901 1454 1925 ut
1477 1894 1591 1926 veritas
1616 1893 1790 1935 inquiratur
1813 1894 1833 1927 l.
1861 1904 1908 1928 10.
1932 1895 1979 1928 D.

1143 1976 1261 2008 Praeter
1276 1976 1345 2008 haec
1359 1975 1439 2008 solet
1449 1976 1587 2013 Praetor,
1604 1975 1674 2016 post
1684 1976 1874 2018 trigefimum
1891 1977 1977 2010 diem

1103 2027 1120 2050 a
1136 2017 1261 2050 deserto
1285 2018 1492 2057 vadimonio,
1514 2017 1709 2056 mistionem,
1733 2018 1753 2050 fi
1778 2018 1978 2058 postuletur,

1103 2060 1277 2091 decernere
1300 2060 1331 2091 in
1359 2059 1443 2091 bona
1462 2060 1527 2100 ejus
1551 2061 1604 2099 qui
1627 2057 1837 2099 fidejufforcm
1851 2060 1977 2100 judicio

1103 2100 1226 2133 sistendi
1243 2100 1331 2132 causa
1348 2101 1456 2132 dedit:
1475 2099 1557 2140 quafi
1574 2099 1716 2132 latitante
1731 2110 1806 2139 reo,
1823 2108 1858 2132 ut
1872 2102 1975 2141 liquet

1102 2152 1143 2174 ex
1158 2142 1178 2173 l.
1196 2152 1224 2173 2.
1245 2141 1288 2173 D.
1307 2141 1423 2188 Quibus
1439 2151 1474 2172 ex
1493 2139 1584 2179 caufis
1599 2142 1630 2172 in
1643 2140 1747 2182 paffeff.
1765 2148 1820 2173 eat.
1840 2143 1974 2183 conJ'un-

1124 2183 1204 2215 enda
1220 2192 1292 2214 cum
1308 2184 1326 2214 l.
1344 2193 1372 2215 2.
1393 2182 1436 2215 D.
1460 2182 1637 2225 ch'setisd.
1652 2192 1713 2223 cog.
1737 2192 1810 2215 cum
1838 2190 1973 2225 utraque

1101 2193 1137 2257 {it
1154 2234 1193 2256 ex
1214 2223 1340 2264 Ulpiani
1358 2224 1413 2255 lib.
1430 2234 1460 2264 5.
1479 2224 1527 2255 Ad
1547 2223 1702 2255 Edictum.

1141 2265 1235 2297 Plane
1250 2265 1479 2297 observandum
1492 2264 1558 2304 est3
1574 2265 1660 2305 quod
1677 2263 1836 2305 stipulatio
1849 2265 1970 2305 iudicio

1100 2306 1176 2346 fisti,
1192 2316 1264 2338 curn
1280 2306 1316 2338 fit
1327 2306 1474 2338 Praetoria
1486 2306 1506 2339 l.
1526 2306 1632 2348 1.§.3.
1648 2304 1687 2337 D.
1699 2305 1805 2347 dcftip.
1825 2307 1970 2347 Praetor.‚

1099 2347 1174 2380 ideo
1191 2349 1294 2389 legem
1311 2348 1474 2388 accipitex
1490 2357 1598 2380 mente
1614 2348 1760 2379 Praetoris
1775 2349 1795 2378 l.
1810 2358 1857 2387 52.
1875 2348 1917 2380 D.
1935 2351 1971 2380 de

1098 2391 1176 2421 verb.
1194 2390 1276 2431 oblig.
1302 2388 1388 2420 simul
1406 2397 1708 2429 temperamentum:
1729 2389 1817 2428 quod
1835 2398 1898 2420 non
1917 2389 1969 2421 ha·

1099 2431 1209 2469 beret,
1224 2430 1244 2462 fi
1263 2430 1301 2462 ad
1318 2430 1413 2462 solam
1431 2429 1688 2461 contrahentium
1709 2429 1905 2461 voluntatem
1922 2438 1969 2461 at-

1099 2474 1292 2504 tenderetur.
1311 2479 1459 2513 putemus
1481 2471 1595 2512 igitur,
1617 2479 1688 2501 eum
1713 2471 1766 2510 qui
1792 2471 1968 2502 vadimoni-

1096 2523 1149 2545 um
1174 2512 1288 2545 deserit
1304 2536 1314 2551 ,
1336 2522 1353 2543 a
1376 2522 1469 2552 poena
1493 2510 1608 2543 deserti
1629 2511 1801 2542 vadimonii
1826 2511 1967 2544 excusari

1097 2554 1280 2595 complures
1293 2554 1336 2584 ob
1355 2553 1460 2585 causas
1477 2561 1552 2593 quas
1576 2560 1740 2583 enumerat
1764 2550 1920 2591 Ulpianus
1942 2554 1965 2586 1.

1097 2606 1125 2628 2.
1144 2596 1180 2630 ἃ
1196 2606 1224 2634 4.
1252 2596 1329 2627 item
1346 2594 1444 2634 Gajus
1460 2595 1480 2626 l.
1497 2597 1527 2625 6.
1545 2592 1581 2627 ὅ)
1598 2597 1626 2627 8.
1648 2593 1688 2624 D.
1705 2594 1733 2625 h.
1751 2598 1772 2624 t.
1802 2602 1870 2633 quae
1888 2603 1965 2634 pos·

1096 2636 1166 2668 sunt
1181 2636 1303 2677 optime
1319 2635 1458 2667 illustrari
1477 2645 1517 2666 ex
1535 2634 1656 2665 Seneca
1673 2634 1720 2665 De
1737 2634 1850 2675 benefic.
1869 2635 1916 2666 lib.
1933 2646 1964 2674 4.

1095 2688 1134 2752 ο.ιί
1143 2687 1260 2750 33.b34.
1278 2676 1315 2713 &⁹
1330 2686 1380 2718 35.
1398 2676 1525 2716 locum,
1550 2676 1622 2717 quia
1639 2676 1794 2716 prolixior
1812 2676 1876 2717 est,
1898 2686 1965 2710 non

1095 2728 1111 2751 a
1138 2719 1191 2751 scri
1218 2728 1249 2750 ο.
1538 2735 1547 2742 .

1098 2814 1122 2839 u
1158 2814 1173 2837 s
1227 2802 1319 2837 XII.

1093 2875 1134 2918 &²
1149 2877 1277 2923 diversis
1295 2878 1488 2924 temporibus.

1093 2967 1253 3008 plerisque
1265 2989 1275 3004 ‚
1299 2966 1350 2998 vel
1367 2975 1383 2997 a
1399 2965 1588 2998 forensibus.
1630 2965 1690 3000 Hae
1713 2964 1803 2998 feriae
1818 2964 1886 2998 sunt
1900 2963 1958 2997 du·

1093 3009 1212 3049 plices:
1236 3008 1302 3039 aliae
1327 3009 1499 3048 repentinae
1526 3007 1578 3039 seu
1595 3007 1740 3046 indictae,
1763 3008 1830 3038 aliae
1845 3007 1958 3038 solem-

1092 3058 1148 3081 nes
1166 3049 1216 3080 seu
1237 3049 1385 3089 legitimae
1400 3050 1417 3080 l.
1436 3052 1482 3081 26.
1498 3049 1526 3090 §.
1539 3058 1567 3089 7.
1585 3048 1625 3080 D.
1643 3048 1731 3093 Quib.
1746 3056 1783 3078 ex
1795 3048 1870 3085 coust
1885 3045 1956 3087 maj.

1091 3091 1109 3121 l.
1121 3100 1150 3131 3.
1168 3090 1201 3121 C.
1217 3091 1250 3122 cle
1266 3091 1422 3122 dilationib.
1439 3090 1613 3131 repentinae
1630 3098 1717 3121 extra
1733 3088 1874 3118 ordinem
1893 3095 1954 3125 pro

1090 3141 1125 3164 re
1142 3139 1212 3163 nata
1229 3132 1426 3163 indicuntur:
1443 3139 1538 3171 puta,
1553 3132 1597 3161 ob
1614 3140 1661 3162 res
1677 3127 1824 3169 prospere
1840 3127 1955 3166 gestas,

1091 3173 1143 3204 vel
1165 3174 1196 3204 in
1213 3173 1370 3204 honorem
1394 3172 1548 3212 Principis
1566 3173 1594 3202 d.
1611 3171 1638 3211 §.
1654 3179 1671 3209 7
1700 3167 1737 3202 &²
1754 3168 1772 3198 l.
1791 3176 1815 3199 1.
1837 3169 1869 3199 C.
1887 3169 1913 3199 h.
1932 3174 1955 3200 t.

1090 3215 1170 3249 item
1186 3214 1232 3249 ob
1250 3213 1368 3249 lustum
1391 3213 1572 3254 publicum,
1595 3211 1645 3246 vel
1670 3209 1880 3244 calamitatem
1894 3218 1957 3285 gli-⁴
