2052 3487
186 95 254 127 218

189 180 222 215 in
240 176 365 210 caeteris
384 174 478 206 bonae
495 169 572 202 fidei
588 166 733 209 judiciis,
752 167 796 213 'de
812 165 928 206 quibus
953 170 1063 211 egerat

187 211 216 250 il.
239 219 260 250 l.
287 228 312 250 1.
337 216 366 258 §.
392 226 420 247 2.
447 212 483 249 &²
508 222 537 256 3.
562 209 645 242 facta
661 208 707 240 est
730 216 814 239 circa
832 207 939 238 tutelae
964 206 1063 252 actio-

190 252 274 292 nem.
298 258 339 289 fic
355 265 438 288 enim
463 251 648 293 aceipienda
671 248 767 284 tutelae
790 246 950 288 restitutio:
973 256 1007 279 ut
1031 256 1063 293 in

190 302 208 332 l:
236 304 285 332 28.
309 299 338 341 §.
364 307 389 328 1.
422 295 463 327 D.
488 295 521 324 de
543 288 793 332 administratione
816 296 955 322 tutorum.
980 287 1063 320 iusti-

189 342 286 380 tuitur
302 340 384 370 enim
403 335 509 368 tutelae
525 334 609 374 actio
620 331 691 374 post
709 332 927 371 pubertatem:
952 331 980 362 δι
998 331 1063 377 hoc

187 374 334 421 tempore
357 379 475 411 dicitur
492 375 630 417 pupillus
649 374 679 405 in
699 373 786 412 suam
803 373 934 404 tutelam
953 381 1063 403 venire

180 431 229 464 pr.
250 419 321 458 [nli.
339 421 371 452 de
383 415 752 459 pupillari-substitutione,
770 415 790 445 l.
812 424 862 455 39.
887 414 929 445 D.
946 415 979 447 de
995 412 1063 445 vul-

189 465 253 495 vari
271 456 692 502 &²pupillarisubsiituiione‚
717 457 747 488 δι
768 455 853 487 suam
864 456 997 487 tutelam
1015 464 1062 486 re-

184 489 314 544 Zipere:
338 510 372 534 ut
394 501 479 548 apud
502 499 715 535 Suetonium,
747 497 868 531 Claudio
887 507 911 527 c.
935 507 963 529 2.
987 505 1062 543 cunr

187 555 261 578 ante
278 553 343 576 non
360 545 390 575 in
412 545 479 581 sua,
503 542 554 573 sed
573 543 602 572 in
622 541 756 578 tutoris,
783 539 880 571 tutela
890 538 977 570 esset.
1005 537 1062 583 lgi-

189 597 238 619 tur
252 588 336 618 circa
353 585 463 616 tutelae
478 583 636 615 astionem
661 581 743 613 fasta
768 580 814 612 est
836 581 1063 619 interpretatio

187 629 300 668 latior,
323 627 355 658 id
373 626 439 664 est,
464 625 638 661 reiniffior,
662 624 691 655 ὅ(
709 622 1063 668 benignior,·quamnin

186 670 312 703 afflone
331 678 390 707 pro
409 667 518 705 socio,
541 666 570 697 ἀ
586 665 711 697 caeteris
729 662 907 695 bonaefidei
925 663 1062 702 judiciw.

188 712 265 753 quid
282 713 325 742 ita
337 710 354 742 ‘2
376 711 448 751 quia
467 707 644 750 postulabat
660 706 820 747 pupillaris
831 705 933 735 aetatis
948 703 1061 741 favor,

187 762 222 789 ut
248 752 346 784 usurae
369 752 399 782 in
421 751 529 786 tutelae
552 749 677 780 afflone
692 746 760 787 ipso
782 747 851 787 jure
868 746 1063 792 deberentur

187 794 251 827 fine
268 793 412 835 personae
436 791 717 832 interpellatione:
749 788 814 820 sive
833 795 921 818 tutor
943 786 1062 818 invase-

187 837 228 867 rit
238 860 248 875 ,
267 835 366 866 autin
379 833 447 866 usus
457 832 528 864 suos
540 831 740 863 converterit
749 829 859 875 pupilli
872 830 1039 870 pecuniam
1052 838 1060 859 ι

185 876 249 909 ssve
274 886 343 908 eam
368 885 473 916 neque
497 872 675 911 invaserit,
708 881 813 912 neque
839 880 872 917 ¹⁰.
893 870 964 902 usus
989 868 1061 901 suos

186 917 403 949 converterit:
429 917 517 957 quod
533 916 564 947 in
581 914 708 946 actione
734 922 792 954 pro
810 911 898 943 socio
922 921 987 943 non
1006 910 1061 942 est.

185 960 214 991 dc
231 960 297 991 hoc
313 959 392 990 bodie
409 966 533 989 certum
552 955 635 994 esse,
662 955 852 995 Papinianus
878 955 905 984 d.
931 954 960 999 l..
979 961 1005 984 1.
1031 951 1059 993 ς.

186 1002 279 1040 mait.
297 1002 378 1036 bodie
395 1006 501 1031 autem
518 997 564 1030 est
580 997 651 1039 post
668 997 777 1028 Severi
790 994 1062 1040 Constitutionem

185 1036 227 1079 de
243 1052 305 1083 qua
327 1042 401 1074 alibi
420 1041 532 1073 monui
551 1050 604 1072 ex.
628 1039 647 1069 l.
671 1042 720 1085 255.
745 1038 773 1080 §.
804 1036 897 1083 1.·D.
923 1037 955 1067 de
975 1036 1060 1082 fidei-

186 1083 380 1124 conzmiffuriis
395 1083 588 1114 libertatibus.
632 1081 713 1113 Satis
730 1081 770 1111 de
795 1087 895 1118 prima
920 1077 1061 1118 Papinia-

184 1127 218 1162 ni
241 1125 434 1166 quaestione:
459 1133 530 1164 quae
548 1122 612 1161 est,
636 1132 676 1154 ex
693 1131 759 1162 quo
777 1121 828 1152 die
852 1128 982 1151 currant
1007 1128 1062 1160 pu-

186 1168 314 1208 pillares
332 1166 440 1204 usurae.
465 1166 616 1206 Sequitur
637 1164 758 1202 altera,
780 1161 942 1207 usquead
966 1169 1062 1200 quem

186 1217 324 1241 currant.
366 1208 398 1240 in
425 1217 461 1239 ea
483 1200 525 1238 sic
548 1205 729 1247 distinguit3
753 1211 809 1249 aut
833 1202 1061 1248 accipitur-,Ju-

187 1250 251 1282 dex
276 1250 385 1282 tutelae
403 1273 413 1289 ‚
446 1257 499 1280 aut
527 1248 627 1279 tutela
653 1246 716 1278 sine
738 1244 851 1286 Judice
877 1243 1062 1275 restituitur.

185 1293 346 1333 primum,
377 1291 398 1324 si
420 1290 523 1330 Judex
549 1289 728 1329 accipitur,
756 1287 788 1318 id
814 1285 875 1324 est,
907 1284 927 1317 si
953 1285 1061 1332 tutelae

186 1334 309 1375 agitur,
331 1340 365 1364 ut
381 1333 463 1364 ratio
480 1331 630 1365 reddatur
644 1329 674 1362 &
690 1329 810 1369 reliqua
821 1326 999 1373 solvantur·
1019 1334 1064 1358 ait

185 1373 376 1416 Papinianus
388 1397 397 1413 ‚
416 1372 522 1409 usuras
531 1372 640 1411 deberi
652 1372 682 1401 in
694 1371 780 1402 diem
790 1367 964 1404 sententiae.
1011 1377 1062 1399 au-

187 1417 236 1450 lus
253 1416 273 1448 l.
295 1419 346 1455 46.
365 1415 394 1457 §.
409 1425 438 1456 3.
458 1414 498 1445 D.
525 1415 558 1447 de
581 1409 827 1452 administratione
849 1415 979 1441 tutorum
1001 1410 1063 1448 ait,

186 1459 220 1496 iri
240 1458 326 1489 diem
349 1454 458 1497 ac'cepti
474 1455 592 1497 judicii.
619 1453 672 1490 sed
696 1452 780 1487 huuc
804 1451 917 1492 accipe
936 1474 947 1490 ,
977 1451 1062 1483 diem

185 1498 363 1531 sententiae.
395 1507 461 1538 quo
490 1495 577 1528 sensu
601 1494 731 1527 sumitur
747 1493 768 1525 l.
795 1502 821 1524 1.
845 1492 878 1524 C.
903 1492 935 1525 Si
958 1494 1063 1525 adver-

175 1542 231 1582 sus
249 1550 308 1572 rem
319 1540 508 1581 judicatum,
533 1536 573 1572 &¹
587 1538 619 1567 in
639 1536 658 1567 l.
685 1544 733 1572 29.
757 1534 786 1576 §7
812 1544 841 1576 3.
864 1529 907 1581 D.
932 1534 965 1582 de
985 1534 1063 1581 lega·

185 1583 222 1617 tis
245 1582 302 1617 lib„
316 1591 345 1622 3.
373 1578 472 1621 junii.
496 1579 516 1610 l.
542 1587 593 1615 29·
616 1577 645 1619 ᾗ.
669 1577 723 1608 ult.
744 1576 786 1607 1).
805 1579 838 1609 dv
854 1574 1063 1615 evzb'tzomhu53

184 1622 241 1655 etsi
256 1623 331 1654 alias
349 1623 435 1659 diem
453 1621 516 1653 litis
541 1618 731 1651 contestatae
755 1617 777 1649 fi
801 1616 919 1653 nificet.
966 1616 1062 1664 Hoc,

182 1660 314 1705 fiiudex
333 1663 441 1694 tutelae
466 1661 636 1700 accipitur.
660 1659 757 1700 quid,
791 1669 801 1695 ι
825 1658 889 1695 sine
918 1668 959 1690 eo
977 1657 1063 1705 restr3

182 1714 289 1741 tuatur
316 1704 442 1737 tutela?
466 1704 509 1736 ait
536 1702 729 1742 Papinianus
746 1724 756 1738 ,
786 1700 894 1733 usura-s
923 1699 1062 1739 praestari

181 1749 214 1782 in
230 1757 304 1778 eum
324 1747 408 1779 diem
431 1755 496 1787 quo
514 1744 615 1777 tutela
636 1742 830 1779 restituitur:
854 1742 888 1773 id
906 1741 970 1780 est,
995 1751 1063 1778 quo

182 1790 266 1823 ratio
283 1789 444 1826 redditur,
468 1787 497 1818 &
521 1787 643 1826 reliqua
667 1784 847 1815 solvuntur.
891 1784 978 1829 quod
1004 1781 1061 1829 ΠΙ-

182 1833 294 1872 pianus
319 1829 435 1872 probat
456 1828 475 1860 l.
500 1838 529 1868 7.
558 1827 588 1869 §.
611 1825 664 1857 ult.
691 1823 732 1856 D.
756 1826 789 1855 de
814 1823 1064 1864 admimstralzone

182 1868 321 1904 tutorum.
346 1880 443 1911 atque
462 1870 531 1901 haec
546 1875 634 1900 certa
651 1866 722 1898 sunt
741 1865 919 1905 Papiniano
935 1867 964 1896 d.
988 1865 1006 1896 l.
1036 1875 1061 1912 ¹:

182 1914 210 1956 §.
238 1924 266 1954 ¹3.
293 1912 348 1945 nisi
364 1920 452 1944 tutor
474 1911 643 1943 nolentem
661 1908 770 1939 tutelae
783 1908 905 1947 judicio
923 1908 1063 1948 experiri

182 1949 269 1988 ultro
287 1953 498 1992 convenerit,
518 1952 548 1984 δι
565 1950 735 1992 pecuniam
745 1948 962 1987 eiobtulerit,
981 1958 1063 1980 eam-

182 2006 247 2035 que
265 1996 463 2038 obsignatam
481 1992 678 2034 deposuerit.
694 2000 785 2029 narn,
805 1989 825 2021 fi
845 1990 909 2022 hoc
925 1989 981 2028 sit,
997 1991 1062 2022 exi-

181 2038 288 2070 stimat
305 2061 315 2076 ,
346 2045 488 2069 tutorem
517 2045 558 2067 ex
585 2044 626 2065 eo
650 2041 800 2078 tempore
824 2041 889 2062 non
915 2031 1062 2077 prat-stare

182 2079 304 2111 usuras:
328 2080 420 2111 aliter
435 2087 472 2109 ac
491 2076 511 2108 si
538 2075 694 2108 obtulerit
720 2075 850 2114 quidem
867 2082 1034 2113 pecuniam
1050 2096 1060 2112 ,

182 2131 248 2153 non
274 2129 380 2153 autem
407 2118 624 2160 consignatam
646 2115 843 2156 deposuerit.
890 2122 958 2161 tum
975 2115 1060 2146 enim

182 2162 287 2194 verius
306 2162 370 2200 est,
396 2161 467 2202 post
490 2160 569 2200 Imp.
594 2158 704 2190 Severi
728 2155 1002 2202 Constitutionem
1020 2156 1060 2188 de

182 2212 244 2243 qua
263 2204 345 2241 dixi,
366 2203 471 2234 adhuc
492 2202 531 2233 ad
554 2200 660 2232 usuras
685 2209 759 2231 eum
786 2206 905 2229 teneri:
930 2199 1002 2243 quia
1023 2207 1059 2229 ea

183 2244 425 2277 Constitutione
442 2242 581 2283 placuit,
605 2243 636 2274 in
652 2241 751 2272 tutela
777 2239 883 2270 usuras
907 2239 975 2280 ipso
989 2239 1059 2279 jure

183 2296 310 2325 currere
334 2285 397 2317 fine
423 2283 707 2324 interpellatione:
749 2290 785 2313 ut
807 2289 914 2312 autem
939 2280 1059 2312 sistatur

181 2329 243 2359 iter
255 2328 318 2368 jam
336 2327 532 2359 currentium
548 2324 726 2358 usurarum,
749 2323 885 2363 pecunia
902 2323 953 2354 vel
972 2331 1061 2354 natu·

182 2370 291 2402 taliter
309 2368 405 2407 solvi,
429 2368 481 2399 vel
510 2366 652 2405 alioquin
677 2364 809 2403 offerri,
833 2364 870 2410 &.
885 2363 1059 2405 obsignari,

183 2411 213 2448 ὅς
228 2412 369 2451 deponi,
399 2409 523 2441 debet:
553 2407 616 2439 sola
639 2414 746 2439 autem
770 2406 937 2437 oblatione
953 2428 962 2444 ‚
994 2415 1060 2438 non

183 2452 337 2492 sequente
354 2450 575 2491 obsignatione
599 2449 629 2481 &
651 2448 875 2489 depositione,
898 2456 965 2478 uon
982 2446 1057 2479 desi-

183 2501 264 2524 nunt
287 2492 383 2524 usurae
417 2501 544 2523 currere
568 2500 638 2532 quae
668 2498 742 2522 ante
766 2497 983 2521 cucurrerunt.
1017 2487 1060 2520 sic

183 2533 256 2575 post
271 2535 381 2566 Severi
399 2533 687 2566 Constitutionem.
712 2531 873 2563 Caeterum
892 2538 966 2562 ante
976 2530 1059 2561 hanc

185 2585 251 2607 non
270 2576 311 2606 ita
329 2574 401 2606 fuit.
426 2574 535 2606 auctor
551 2573 726 2605 Marcellus
742 2574 761 2604 l.
785 2577 833 2607 28.
858 2572 887 2611 §.
917 2581 942 2604 1.
959 2571 1002 2603 D.
1026 2573 1059 2602 de

183 2614 432 2655 administratione
448 2615 484 2650 ὅ)
504 2616 631 2655 periculo
649 2621 788 2646 tutorum.
813 2616 912 2646 verba
928 2614 995 2653 ejus
1011 2613 1058 2645 lo-

183 2659 225 2691 ci.
270 2657 360 2689 Tutor
386 2660 436 2697 qui
463 2656 522 2697 post
540 2659 721 2697 pubertatem
741 2656 849 2697 pupilli
880 2657 1058 2695 negotiorum

185 2701 248 2741 ejus
270 2697 520 2739 administratione
544 2696 705 2738 abstinuit,
728 2704 833 2733 usuras
847 2697 984 2738 praestare
1000 2706 1057 2727 non

183 2743 281 2781 debet,
304 2750 340 2771 ex
355 2750 410 2781 quo
434 2739 535 2770 obtulit
558 2740 728 2773 pecuniam:
751 2741 823 2781 quin
847 2740 934 2770 etiam
946 2735 1056 2780 justius

183 2784 255 2815 mibi
275 2783 394 2814 videtur
443 2790 508 2811 eum
521 2787 572 2821 per
596 2790 678 2821 quem
695 2790 752 2811 uon
769 2778 853 2821 stem
880 2790 935 2822 quo
960 2782 1057 2811 minus

184 2829 344 2857 conventus
361 2805 519 2863 restitueret
545 2822 683 2859 tutelam,
706 2823 743 2853 ad
766 2819 974 2862 praestationem
990 2821 1056 2856 ulii-

184 2876 288 2898 rurum
308 2875 365 2896 non
386 2862 525 2903 compelli.
556 2861 703 2902 Ulpianus
731 2869 833 2901 notat,
857 2863 930 2895 Nou
943 2862 1058 2903 sufficit

186 2906 314 2948 obtuliffe
328 2929 338 2945 ,
368 2904 423 2943 nisi
449 2903 485 2939 ὅ)
506 2904 632 2943 deposuit
653 2902 831 2945 obfignatain
856 2911 918 2936 tuto
942 2906 973 2936 in
991 2906 1058 2935 loco.

181 2948 359 2981 Marcellus
376 2946 462 2981 τεᾶς
480 2945 510 2976 &
535 2945 770 2976 convenienter
786 2945 850 2977 usui
871 2945 913 2977 sui
932 2955 1056 2985 tempo-

181 2992 223 3023 ris
244 2997 358 3031 negat,
384 2995 544 3023 tutorem,
567 2985 587 3017 si
605 2986 675 3025 post
691 2986 812 3018 finitam
838 2988 968 3019 tutelam
991 2988 1057 3027 ejus

184 3030 456 3065 administratione
480 3027 649 3065 abstinuit,
680 3029 717 3059 ad
737 3026 840 3058 usuras
868 3031 989 3066 teneri,
1014 3038 1056 3059 ex

184 3083 249 3114 quo
272 3073 441 3112 pecuniam
465 3069 594 3101 obtulit.
619 3077 736 3109 nempe
753 3091 761 3105 ‚
785 3069 857 3108 quia
881 3077 968 3101 tutor
985 3070 1053 3101 usu-

181 3124 230 3145 ras
248 3114 397 3146 Marcelli
415 3120 562 3152 tempore
582 3117 704 3142 tantum
719 3119 760 3141 ex
782 3118 870 3140 mora
893 3111 1051 3150 debebat3

768 77 1099 123 *GERARDI

1149 73 1380 110 Noonr

1107 170 1236 203 poterat
1247 169 1352 195 tamen
1363 162 1433 198 fieri
1443 186 1452 202 ‚
1469 169 1504 195 ut
1520 171 1592 205 quae
1601 165 1746 201 nondum
1755 175 1979 212 cucurrerant,

1105 213 1172 236 non
1189 205 1378 248 inciperent.
1401 205 1462 237 Sed
1481 207 1569 246 quod
1586 205 1763 242 Marcellus
1781 210 1822 241 de
1840 210 1882 243 sui
1898 218 1979 245 tem-

1106 245 1194 284 poris
1212 246 1266 277 usu
1285 247 1442 279 veriffime
1458 246 1594 288 scripsit;
1619 257 1684 283 non
1702 250 1747 281 ita
1762 249 1825 282 fuit
1840 250 1978 285 florente

1105 285 1270 328 Ulpiano,
1300 288 1469 329 postquam
1491 289 1614 322 Severo
1638 290 1736 322 visum
1759 290 1821 323 fuit
1836 314 1846 331 ,
1875 292 1981 329 usuras

1106 328 1230 370 pupillo
1255 329 1366 361 deberi
1392 340 1457 362 non
1481 330 1582 364 solum
1607 341 1647 364 ex
1672 341 1783 371 mora,
1809 332 1862 366 sed
1883 334 1979 369 etiam

1106 378 1179 401 ante
1198 379 1320 405 moram
1335 371 1405 411 ipso
1420 372 1507 413 jure3
1531 373 1560 404 ὅ(
1578 373 1652 405 ideo
1669 374 1693 406 is
1708 397 1719 411 ,
1742 374 1834 406 Notis
1847 377 1884 407 ad
1893 374 1979 408 Mar-

1106 411 1227 451 cellum,
1249 412 1335 444 reete
1351 413 1518 452 observat,
1542 413 1741 455 izonsufficere
1755 418 1770 456 (
1784 417 1910 457 tutori)
1931 419 1978 449 ob·
2022 431 2024 433 ’

1105 452 1199 493 tuliffiz
1215 477 1226 493 ,
1254 453 1311 492 nzfi
1334 454 1371 489 δ’
1400 457 1525 496 deposuit
1551 454 1729 498 obsignatam
1764 464 1826 489 tuto
1851 460 1882 490 iu
1908 458 1982 499 loco.

1105 494 1244 543 scilicet,
1269 496 1343 536 quia
1360 496 1477 536 usurae,
1496 498 1559 538 J'am
1585 497 1653 538 ipso
1669 499 1738 538 jure
1755 507 1921 531 currentes
1937 510 1978 534 ex

1105 537 1214 567 Severi
1229 535 1469 570 Constitutione
1485 548 1560 571 ante
1575 549 1698 571 moram
1710 564 1718 578 ‚
1745 549 1810 572 non
1829 541 1980 574 videban-

1106 584 1156 608 tur
1172 578 1242 609 tolli
1259 581 1404 618 pecuniae
1428 580 1613 613 oblatione:
1633 580 1687 613 nisi
1704 582 1833 622 sequuta
1850 584 1980 617 demum

1106 617 1328 659 obsignatione
1356 621 1385 654 ὅ(
1413 622 1625 661 depositione.
1656 630 1753 663 atque
1778 624 1844 655 hoc
1866 624 1887 655 fi
1911 624 1982 657 est:

1106 669 1257 700 apparet,
1287 661 1325 692 ab
1343 662 1487 694 Antonio
1512 663 1618 695 Fabro
1644 664 1682 696 V.
1702 665 1762 697 CL.
1786 666 1814 696 d.
1838 675 1926 696 error.
1944 677 1975 706 5.

1107 703 1205 733 decad.
1233 712 1282 733 22.
1307 712 1336 734 n.
1364 712 1412 736 10.
1436 714 1542 745 neque
1569 704 1760 746 Ulpianum,
1784 716 1890 748 neque
1905 705 1980 739 Tri·
2007 711 2011 714 ”
2048 715 2050 724 ¹

1107 743 1302 789 bonianum,
1328 745 1393 777 ullo
1410 745 1655 787 castigarijure3
1679 757 1746 780 non
1765 748 1981 782 animadversa

1100 785 1176 824 juris
1201 786 1378 818 mutatione
1396 794 1459 819 tarn
1476 789 1620 823 notabili.
1653 788 1717 821 Sed
1732 799 1837 830 neque
1852 789 1982 823 felicior

1103 826 1169 865 ejus
1193 827 1376 866 conjectura
1402 828 1448 860 est
1472 830 1557 860 circa
1574 829 1643 860 haec
1669 830 1755 862 Pauli
1772 832 1868 862 verba
1885 831 1904 862 l.
1929 840 1979 872 73.

1105 867 1148 898 D.
1171 869 1204 898 de
1222 870 1467 908 procuratoribus.
1492 870 1547 901 Sed
1569 871 1619 902 boc
1639 869 1765 912 constat,
1797 878 1831 903 ut
1854 879 1922 904 ante
1944 875 1982 904 li-

1106 917 1162 939 tem
1182 909 1368 950 contestatam
1386 910 1493 951 Praesbs
1499 912 1603 953 jubeat
1619 914 1650 943 in
1668 914 1813 953 oeclestzcra
1826 916 1979 954 pecuniam

1105 951 1231 990 deponi:
1268 952 1323 997 ‘hoc
1347 953 1423 983 enim
1450 952 1491 993 fit
1515 952 1551 987 ὃ
1575 955 1606 986 in
1625 955 1821 995 pupillaribus
1838 957 1980 996 pecuniis.

1107 990 1207 1035 Quod
1224 1002 1309 1025 enim
1328 993 1368 1025 de
1383 995 1591 1034 pupillaribus
1609 996 1752 1035 pecuniis
1770 997 1902 1036 dicitur,
1926 996 1981 1028 Fa-

1105 1034 1162 1064 ber
1188 1042 1252 1065 non
1276 1035 1366 1067 Pauli
1381 1058 1391 1074 ,
1414 1035 1468 1067 sed
1490 1035 1702 1076 Triboniani,
1727 1037 1789 1069 esse
1813 1039 1980 1078 opinatur:

1104 1084 1176 1106 cum
1195 1075 1225 1106 in
1243 1075 1290 1107 his
1311 1075 1505 1109 Triboniani
1530 1087 1636 1118 neque
1660 1079 1773 1119 culpa,
1797 1089 1903 1120 neque
1921 1090 1983 1112 ma-

1105 1126 1182 1154 nus,
1194 1115 1241 1148 sit.
1256 1116 1307 1149 sed
1325 1118 1354 1149 δι
1371 1118 1423 1150 hic
1440 1118 1577 1151 Fabrum
1594 1120 1678 1161 fugit
1696 1122 1764 1152 usus
1780 1121 1981 1162 juris,Seve·

1105 1159 1131 1190 ri
1152 1157 1393 1192 Constitutione
1411 1161 1573 1200 inclinati,
1585 1161 1615 1193 &
1633 1161 1719 1194 Pauli
1739 1170 1834 1203 atque
1853 1161 1981 1204 Ulpiani

1105 1207 1255 1240 tempore
1276 1201 1421 1234 valentis.
1453 1202 1531 1234 Dixi
1548 1203 1588 1235 de
1601 1203 1722 1243 Judieio
1737 1204 1830 1236 bonae
1847 1203 1931 1236 fidei.

1146 1241 1254 1274 Venio
1278 1244 1315 1275 ad
1330 1243 1484 1283 judicium
1500 1244 1595 1276 stricti
1609 1245 1696 1282 juris.
1721 1246 1761 1276 de
1779 1256 1820 1277 eo
1837 1245 1982 1279 Scaevola

1104 1282 1175 1323 (sic
1190 1284 1276 1315 euim
1299 1285 1416 1316 censeo
1434 1295 1443 1324 ;
1468 1286 1624 1326 quicquid
1645 1287 1730 1318 dicat
1748 1287 1806 1319 Vir
1828 1287 1980 1328 Illustris,

1106 1324 1245 1364 jacobus
1262 1325 1438 1367 Cujacius)
1460 1328 1479 1359 l.
1509 1337 1577 1360 122.
1603 1327 1632 1369 §.
1656 1339 1685 1369 5.
1711 1327 1751 1359 D.
1775 1331 1809 1360 de
1829 1331 1983 1363 verborum

1107 1366 1335 1407 obligationibus.
1362 1369 1459 1400 verba
1489 1369 1654 1402 Scaevolae.
1696 1369 1763 1411 Seju
1794 1370 1871 1401 heres
1892 1373 1984 1402 unius

1107 1409 1213 1442 tutoris
1230 1418 1295 1443 cum
1312 1410 1409 1441 herede
1420 1411 1540 1451 pupillae
1559 1410 1754 1443 transaozione
1764 1411 1850 1452 pasto
1864 1413 1919 1450 solo
1935 1412 1985 1450 fa-

1108 1449 1173 1488 tta,
1204 1450 1342 1492 majorem
1363 1457 1478 1492 partem
1498 1453 1612 1491 solvit,
1648 1451 1792 1491 refiduam
1817 1455 1916 1485 cavit:
1931 1454 1985 1493 sed

1106 1491 1182 1525 illico
1195 1493 1317 1533 negavit
1331 1493 1410 1524 heres
1417 1495 1451 1532 je
1467 1493 1691 1526 transactionem
1702 1495 1841 1533 servare:
1856 1494 1894 1529 ὃ)
1904 1496 1983 1535 apud

1101 1533 1231 1573 judicem
1253 1533 1348 1567 tuzelae
1372 1536 1449 1576 egit,
1481 1534 1518 1569 ὅ)
1542 1535 1639 1567 vibius
1655 1538 1829 1577 provocavit
1851 1539 1889 1569 ud
1911 1546 1984 1567 com·

1100 1579 1245 1615 petentem
1261 1575 1390 1616 judicem
1406 1599 1415 1611 ,
1447 1575 1483 1610 &³
1509 1578 1544 1608 ab
1568 1586 1596 1608 eo
1618 1586 1729 1618 quoque
1750 1578 1789 1609 ad
1820 1578 1984 1619 Principem

1105 1616 1179 1651 idem
1190 1618 1382 1656 provocavit.-
1405 1616 1441 1652 δέ’
1470 1615 1583 1659 injusta
1605 1618 1663 1650 oaec
1704 1628 1795 1660 noque
1815 1619 1984 1660 provocatio

1106 1657 1168 1698 ejus
1191 1659 1387 1697 pronuntiata
1409 1657 1458 1699 esi.
1482 1658 1632 1700 quaefitum
1655 1628 1701 1700 eff
1710 1682 1720 1698 ,
1743 1670 1808 1691 cum
1827 1668 1879 1702 per
1905 1662 1984 1693 bere-

1106 1701 1169 1730 dem
1186 1698 1303 1738 pupilice
1324 1709 1404 1733 mora
1426 1700 1610 1741 iutercffrit
1626 1722 1637 1736 ‚
1667 1711 1723 1742 quo
1746 1703 1844 1732 minus
1856 1704 1985 1743 pecunia

1105 1737 1365 1780 instipulatz‘onem
1376 1740 1499 1773 dedum
1515 1744 1550 1774 ab
1567 1742 1665 1773 herede
1681 1743 1787 1773 tutoris
1796 1743 1984 1783 solveretur,

1106 1790 1158 1811 uec
1180 1791 1220 1811 un
1244 1791 1311 1812 uam
1327 1783 1464 1817 petierit.-
1495 1792 1535 1815 an
1554 1785 1580 1814 ei
1602 1783 1683 1814 hodie
1709 1785 1867 1816 debeantur
1890 1784 1983 1824 usuroe

1106 1824 1141 1853 ab
1158 1791 1257 1853 bercille
1280 1823 1411 1854 tutoris?
1443 1823 1617 1863 Relpondit,
1634 1823 1663 1862 si
1687 1824 1755 1866 Seja
1777 1835 1834 1856 non
1857 1825 1981 1866 ceffaffet

1105 1873 1143 1894 ex
1156 1861 1347 1903 stipulacione
1365 1866 1521 1904 pecuniam
1542 1865 1644 1906 offerre
1659 1889 1669 1901 ,
1697 1867 1767 1907 jure
1792 1867 1896 1907 usuras
1925 1877 1982 1898 non

1106 1906 1210 1936 deberi.
1253 1904 1382 1937 Thema
1397 1906 1463 1938 hoc
1486 1907 1540 1938 est.
1566 1907 1635 1947 Seja
1652 1908 1744 1940 heres
1767 1909 1903 1947 tutoris,
1927 1909 1981 1940 he-

1106 1947 1174 1978 redi
1203 1947 1330 1987 pupillae
1356 1956 1485 1982 tenetur
1510 1948 1638 1980 afflone
1664 1950 1783 1980 tutelae.
1815 1951 1899 1981 inter
1922 1959 1980 1981 eos
2024 1966 2027 1970 -

1105 1997 1179 2019 cum
1197 1996 1396 2021 metueretur
1415 1990 1450 2021 lis
1463 2013 1472 2028 ,
1491 1989 1574 2022 satta
1592 1990 1636 2022 est
1653 1991 1822 2022 transactio
1838 1991 1924 2031 solo,
1947 1992 1981 2024 id

1106 2029 1298 2076 ein-nudo,
1322 2030 1428 2070 pacto.
1455 2032 1520 2070 ejus
1541 2032 1762 2064 transactionis
1772 2033 1825 2064 lex
1845 2032 1926 2071 fuit,
1946 2041 1980 2065 ut

1103 2071 1233 2144 Εᾶἓῗέῗ
1251 2071 1519 2146 ἓὲῖξὸῑῃὲἱίἰξῗ
1530 2072 1903 2148 εςὲζ“ῗυξὲἒ3’ὃῗιὲίἓὲ
1919 2075 1982 2148 sifi]

1104 2156 1170 2193 vit,
1200 2136 1233 2185 &J
1248 2123 1408 2195 reliquamJ
1426 2143 1528 2188 cavit:
1547 2124 1583 2188 Jid
1606 2156 1671 2195 est,
1695 2125 1838 2198 prompisit
1855 2167 1913 2197 per
1929 2157 1981 2189 sti.

1102 2196 1312 2237 putationem.
1340 2196 1381 2231 sic
1407 2197 1492 2232 enim
1516 2198 1742 2238 accipiendum
1768 2199 1800 2230 id
1822 2200 1978 2233 verbum:

1100 2245 1137 2269 ut
1152 2238 1236 2278 apud
1253 2237 1384 2270 Paulum
1403 2238 1423 2270 l.
1452 2248 1497 2279 17.
1519 2238 1562 2270 D.
1579 2241 1612 2271 de
1629 2240 1742 2281 usuris:
1765 2240 1795 2271 Gt
1812 2239 1842 2271 in
1862 2241 1918 2272 illo
1931 2241 1978 2273 Si-

1103 2279 1192 2310 donii
1211 2279 1405 2320 Apollinaris
1427 2280 1474 2312 lib.
1498 2290 1527 2321 4.
1551 2280 1628 2322 episi.
1654 2290 1702 2319 24.
1731 2280 1774 2313 Ut
1791 2282 1977 2328 chirographo

1095 2320 1181 2361 fabio
1195 2322 1331 2361 docetur,
1354 2328 1442 2353 cauta
1455 2321 1604 2361 cenlefima
1625 2321 1665 2364 est
1675 2324 1860 2364 faeneratori.
1879 2325 1977 2365 igitur

1104 2362 1192 2403 Seja,
1216 2361 1319 2394 soluta
1337 2364 1456 2404 maiore
1472 2364 1538 2405 ejus
1555 2365 1680 2396 summae
1697 2372 1805 2405 parte,
1822 2365 1979 2397 residuam

1103 2403 1309 2445 stipulatione
1326 2405 1485 2446 promisit;
1511 2415 1548 2438 ac
1563 2430 1574 2446 ,
1596 2405 1618 2438 si
1636 2416 1702 2447 quo
1721 2406 1793 2447 post
1819 2406 1977 2446 solveret,

1104 2445 1220 2478 usuras.
1243 2447 1330 2487 quod
1348 2446 1404 2479 etsi
1427 2448 1529 2487 palam
1552 2457 1618 2480 non
1640 2449 1783 2487 dicatur,
1805 2449 1907 2489 arguit
1929 2456 1976 2480 te-

1103 2497 1163 2519 nor
1183 2487 1259 2522 loci.
1285 2488 1403 2520 deinde
1419 2489 1486 2530 egit
1504 2490 1631 2530 pupillae
1649 2489 1742 2521 heres
1763 2499 1830 2522 non
1849 2490 1975 2521 actione

1103 2539 1143 2564 ex
1158 2528 1306 2570 stipulatu
1322 2553 1334 2569 ,
1364 2529 1415 2562 sed
1442 2532 1561 2562 tutelae.
1597 2538 1665 2562 erat
1688 2531 1773 2563 enim
1806 2531 1976 2563 transaffio

1100 2570 1183 2602 fasta
1199 2571 1287 2602 nudo
1305 2571 1418 2611 paeto,
1437 2581 1543 2613 neque
1561 2572 1643 2604 hauc
1658 2571 1787 2613 sequuta
1801 2581 1868 2604 erat
1879 2573 1974 2612 Aqui-

1101 2612 1181 2644 liana
1199 2611 1379 2652 stipulatio,
1397 2622 1502 2653 neque
1517 2614 1744 2654 acceptilatio,
1769 2614 1821 2645 sed
1841 2613 1974 2654 simplex

1101 2653 1274 2694 stipulatio.
1297 2653 1365 2695 ipso
1383 2655 1479 2695 igitur
1492 2655 1562 2695 jure
1581 2655 1742 2696 supererat
1753 2656 1860 2687 tutelae
1871 2656 1974 2694 aelim

1101 2695 1172 2733 sed,
1197 2696 1268 2736 quia
1287 2704 1416 2735 poterat
1434 2697 1507 2728 elidi
1522 2696 1601 2737 pasti
1620 2697 1835 2737 exceptione,
1861 2697 1889 2729 ἃ
1905 2698 1975 2728 haee

1102 2738 1204 2769 inerat
1223 2737 1331 2769 tutelae
1347 2737 1464 2769 aCtioni
1476 2761 1485 2776 ‚
1509 2738 1541 2769 id
1559 2738 1622 2777 est,
1644 2739 1738 2770 bonae
1750 2737 1973 2779 fitieijudicio,

1100 2778 1234 2818 perinde
1249 2786 1318 2810 erat
1332 2802 1342 2817 ,
1367 2778 1388 2810 fi
1405 2780 1445 2810 ad
1462 2778 1613 2811 effectum
1637 2780 1849 2820 respiceretur
1864 2803 1874 2815 ,
1898 2789 1934 2811 ac
1948 2778 1971 2811 fi

1100 2819 1168 2861 ipso
1182 2820 1252 2860 Jure
1269 2821 1354 2852 nulla
1370 2819 1447 2852 esset
1463 2821 1558 2853 aetio.
1584 2821 1650 2863 egit
1667 2822 1762 2861 igitur
1778 2822 1905 2862 pupillae
1915 2821 1970 2852 he-

1101 2871 1152 2893 res
1179 2861 1305 2893 afflone
1328 2863 1456 2902 tutelae;
1487 2872 1545 2901 ac,
1577 2872 1649 2894 cum
1678 2864 1766 2895 litem
1791 2864 1971 2899 amitteret,

1101 2904 1294 2943 provocavit
1311 2903 1350 2935 ad
1378 2903 1572 2944 superiorem
1593 2905 1748 2944 judicem.
1771 2914 1786 2936 a
1806 2914 1871 2945 quo
1895 2913 1973 2934 cori-

1100 2944 1222 2977 firmata
1245 2946 1354 2985 priore
1380 2944 1534 2977 sententia
1552 2969 1562 2984 ,
1596 2946 1758 2985 postremo
1791 2946 1972 2984 Principem

1101 2987 1285 3027 appellavit.
1309 2987 1362 3018 sed
1377 2987 1406 3018 &
1423 2987 1476 3018 hic
1491 2987 1599 3027 injusta
1616 2989 1682 3028 ejus
1695 2989 1887 3028 provocatio
1898 2995 1971 3025 pro-

1100 3029 1242 3060 nuntiata
1259 3027 1314 3060 est.
1338 3029 1453 3069 igitur,
1477 3038 1549 3059 cum
1563 3030 1621 3059 alia
1639 3039 1702 3060 non
1721 3028 1797 3059 ess'et
1814 3035 1972 3066 provoca-

1101 3070 1167 3108 tio,
1189 3069 1351 3110 quaesitum
1368 3070 1449 3109 fuit,
1472 3080 1510 3101 an
1525 3070 1624 3102 usurae
1643 3071 1835 3102 deberentur
1851 3076 1868 3097 a
1883 3074 1971 3112 tuto-

1097 3111 1138 3143 ris
1154 3112 1285 3143 herede.
1309 3112 1472 3152 quaerendi
1488 3111 1577 3143 causa
1593 3119 1679 3150 erat,
1697 3110 1783 3151 quod
1802 3107 1904 3140 usuras
1919 3108 1970 3138 sli-

181 3155 249 3195 ipso
263 3157 331 3195 jure
349 3155 413 3186 fine
434 3162 523 3186 mora
539 3161 605 3183 non
623 3151 762 3184 debebat
781 3161 788 3182 ε
813 3150 843 3182 &
860 3160 1052 3191 quamquam
1095 3153 1261 3192 pulatione
1271 3153 1457 3194 promiserat
1467 3163 1505 3184 ex
1514 3163 1613 3184 mora.
1625 3161 1655 3183 at
1671 3160 1733 3183 non
1747 3159 1802 3189 per
1817 3149 1969 3188 eam,sed

179 3195 245 3229 sola
263 3196 429 3231 oblatione
446 3204 511 3229 non
528 3192 655 3236 possent
669 3193 917 3226 tollicurrentes
934 3192 1052 3233 usurae3
1093 3202 1152 3233 per
1168 3195 1321 3229 heredem
1338 3195 1487 3237 pupillae,
1510 3194 1594 3227 fasta
1612 3193 1779 3228 videbatur
1797 3199 1897 3223 mora.
1922 3191 1971 3229 ip-

1940 3229 1970 3260 se
