2036 3495
335 147 398 182 AD
438 146 530 184 Lrn.
564 144 700 182 XXIV.
745 144 779 178 'i'
790 157 800 180 i
812 156 844 180 T.
876 147 900 182 1.
927 146 977 182 De
995 149 1206 185 donationibus
1222 152 1303 187 inter
1317 152 1420 188 virum
1437 151 1479 194 δὲ’
1494 164 1630 191 uxorem.

89 239 211 270 tionem
226 236 412 278 prohibuit,
434 237 544 268 eadem
559 232 752 278 beneficium
768 234 877 268 datum
899 235 959 267 im.

86 280 235 320 ploravit.
280 280 322 310 Ut
342 279 439 320 igitur
459 279 561 310 valeat
582 278 714 307 donatio
739 275 811 314 ista,
835 278 878 308 ait
904 277 955 308 Ui»

89 319 220 361 pianus,
261 319 465 360 Papinianum
496 318 645 362 exigere,
675 324 708 347 ut
734 317 764 347 ἃ
786 317 867 349 lilius
891 318 956 357 ejus

88 363 142 402 qui
169 362 320 400 donavit,
344 368 418 393 ante
441 358 626 397 decefferit,
657 357 688 389 δε
712 357 801 389 socer
825 358 955 399 postea,

86 404 219 435 durante
235 403 413 435 voluntate.

128 444 207 477 Inde
229 445 380 486 quaeritur
400 445 429 474 in
448 443 475 474 d.
499 441 520 472 l.
536 449 587 482 32.
613 440 643 481 §.
664 444 710 486 13.
729 440 854 486 &squp
877 441 955 486 quid

87 486 161 525 iuris
176 486 232 525 lit,
255 485 276 518 fi
291 494 387 517 nurus
404 484 513 514 socero
532 482 726 513 donaverit?
750 490 885 522 primum
911 490 954 513 ait

83 521 254 567 Ulpianus,
278 526 366 566 quod
388 524 433 556 est
456 522 656 563 consequens
680 521 849 561 Orationi,
872 532 953 554 mor·

86 577 152 600 tem
177 577 269 600 nurus
285 568 315 598 dt
333 565 588 606 perseverantem
612 566 642 595 in
669 563 844 603 supremam
869 564 952 596 diem

85 610 283 641 voluntatem
306 607 373 647 ejus
396 606 536 647 spectare
560 615 619 638 nos
643 614 805 645 oportere.
837 605 953 637 deinde

83 651 161 683 hinc
178 649 292 687 infert,
314 649 335 680 fi
353 648 442 680 socer
459 646 625 679 decesserit
648 654 721 677 ante
746 655 879 691 nurum,
902 656 954 677 ex·

85 692 214 723 tinctam
239 690 446 722 donationem
477 688 557 726 esse,
589 687 673 728 quasi
694 686 856 720 ‚Oratione
887 697 953 720 non

83 732 311 764 confirmatam.
362 730 445 763 Illud
469 729 622 762 difficilius
654 729 786 769 Ulpiano
809 728 925 760 accidit
942 752 953 767 ,

83 775 161 814 quid
177 773 337 810 dicamus,
360 772 381 804 fi
405 772 513 803 socero
536 778 685 808 mortue,
708 772 837 801 maritus
860 771 953 802 uxori

84 813 288 855 supervixiffe
306 814 440 846 dicatur.
463 812 574 853 quaerit
589 812 694 850 enim3
718 821 774 848 an,
799 811 870 850 quia
888 820 952 856 rna-

84 857 164 888 ritus
190 857 271 887 vixit
295 855 365 896 post
388 863 541 893 uxorem,
564 852 784 890 admittamus,
807 853 951 883 donatio·

83 907 159 929 nem
177 897 241 928 vim
261 896 403 928 habere?
427 894 515 927 causa
540 894 721 933 dubitandi,
746 894 834 934 quod
859 892 951 924 finita

85 938 131 970 est
154 937 287 970 donatio
317 939 426 969 socero
451 946 468 968 a
497 945 576 968 nuru
597 934 699 973 faeta,
721 934 885 975 postquam
907 934 953 966 est

83 987 227 1012 mortuus
249 980 358 1017 socer,
381 979 458 1010 licet
479 978 508 1009 ei
535 976 707 1015 supervixit
728 977 868 1008 marituS.
891 984 953 1007 nec

83 1030 248 1063 repugno,
277 1020 298 1052 fi
322 1021 360 1052 ad
383 1019 519 1060 rigorem
547 1017 712 1050 Orationis
736 1015 951 1063 deflectamus.

86 1063 150 1094 Sed
170 1065 255 1093 nunc
272 1060 416 1102 infringit
434 1061 600 1101 Ulpianus:
625 1059 814 1103 arbitratus,
838 1057 859 1089 fi
883 1067 952 1099 qui-

85 1106 159 1136 dem
175 1104 302 1135 maritus
317 1102 396 1134 solus
415 1102 526 1133 socero
544 1100 637 1132 heres
653 1107 778 1138 extitit,
793 1098 881 1139 poss'e
899 1100 952 1130 de-

84 1145 172 1177 fendi
185 1167 194 1183 ,
216 1144 298 1185 quali
316 1152 419 1175 morte
443 1143 540 1174 soceri
559 1143 646 1173 finita
662 1141 790 1180 quidem
809 1139 843 1171 iit
860 1147 952 1171 vetus

85 1186 216 1218 donatio
232 1184 260 1216 ei
275 1195 291 1215 a
309 1194 388 1215 nuru
404 1183 500 1215 fat‘Ia:
525 1183 577 1215 scd
594 1193 647 1220 ea,
670 1182 691 1213 ss
713 1189 865 1226 revocata
886 1191 952 1213 non

85 1227 150 1268 est,
173 1228 283 1259 marito
301 1226 391 1266 poffit
411 1225 521 1256 servari
539 1232 697 1264 tamquam
721 1232 862 1262 nova,in
878 1231 951 1254 eum

85 1270 125 1300 ab
149 1278 250 1300 uxore
274 1269 378 1298 denuo
396 1267 520 1298 collata.
563 1266 610 1297 lta
638 1264 809 1304 Ulpianus,
833 1263 853 1295 fi
882 1264 951 1304 qui-

83 1311 155 1342 dem
171 1310 251 1341 filius
269 1309 348 1348 patri
366 1307 446 1339 solus
464 1308 554 1338 heres
572 1306 616 1337 fit.
640 1314 672 1336 at
690 1304 710 1336 fi
732 1315 796 1337 non
812 1304 865 1336 fit:
887 1314 951 1337 ma-

83 1352 131 1392 gis
150 1358 237 1390 putat
250 1372 259 1387 ‚
284 1349 404 1380 finitam
423 1346 484 1379 effe
500 1347 724 1384 donationem
747 1347 776 1377 ἀ
799 1355 883 1377 nova
905 1354 952 1379 ra«

85 1393 184 1423 tione.
216 1390 257 1423 fic
281 1389 439 1429 loquitur:
472 1398 540 1420 eam
564 1397 662 1426 vero,
700 1396 770 1418 mea
795 1387 952 1427 opinione

83 1442 148 1464 non
173 1433 211 1463 ad
236 1430 443 1471 posteriorem
467 1429 552 1462 istius
577 1428 785 1461 distinetionis
808 1435 950 1469 partem;

84 1473 139 1504 sed
160 1473 198 1505 ad
220 1481 386 1512 utramque
404 1469 515 1502 referri
532 1477 676 1511 oportet.
719 1467 765 1501 Ita
780 1477 948 1508 putemuS,

82 1524 168 1545 noxa
190 1515 241 1545 illa
267 1516 391 1544 ratione
419 1511 578 1542 obtineri:
601 1518 635 1545 ut
661 1509 682 1541 fi
703 1509 784 1541 filius
809 1511 889 1541 solus
915 1510 950 1542 fit

83 1555 163 1595 patri
180 1554 290 1593 heres3
301 1552 493 1593 intelligatur
509 1552 704 1592 consequens
713 1550 774 1582 else
791 1552 949 1592 conjugali

1808 167 1878 206 4θῖ

999 236 1147 276 affectui,
1171 238 1301 271 voluiffe
1318 241 1504 282 mulierem,
1526 242 1734 276 donationem
1761 243 1873 276 socero

998 277 1134 316 factam,
1157 289 1198 324 co
1215 288 1344 313 mortuo
1361 285 1444 324 apud
1462 284 1608 316 maritum
1624 294 1804 316 remanere:
1826 285 1869 318 fin

998 329 1168 352 extraneus
1182 322 1293 365 loccro
1317 323 1354 354 sit
1372 325 1482 364 heres,
1505 325 1588 366 quasi
1605 324 1777 358 deficiente
1799 336 1874 358 cau-

998 360 1028 391 sa
1047 361 1118 405 talis
1135 360 1329 401 affectionis,
1353 366 1392 395 ad
1410 365 1439 396 se
1455 368 1587 400 reverti.
1630 366 1707 399 Hoc
1724 368 1755 399 in
1770 367 1799 413 §-
1818 372 1868 402 18.

997 401 1160 441 Ulpianus.
1204 403 1302 434 Porro
1318 406 1349 435 in
1365 404 1465 450 §.¹19·
1487 406 1573 439 silere
1591 409 1710 448 noluit,
1724 409 1745 441 fi
1760 410 1871 449 iocer,

996 450 1131 489 accepta
1157 453 1174 474 a
1199 453 1279 490 nuru
1297 446 1492 490 donatione,
1522 449 1551 479 ei
1573 451 1726 482 nuncium
1749 449 1868 482 miserit

997 491 1100 515 mariti
1125 494 1276 525 nornine,
1307 494 1401 519 etiam
1427 487 1469 519 fic
1486 488 1604 521 irritam
1629 490 1698 522 fieri
1721 491 1870 523 donatio-

996 534 1089 569 nem,
1113 525 1196 566 quali
1213 535 1254 558 cx
1273 527 1363 559 causa
1379 528 1457 560 miffi
1474 531 1581 562 nuncii
1598 540 1692 564 nurus
1707 533 1869 573 poeniten·

996 573 1037 596 tia
1055 575 1249 613 revocatam²
1279 568 1400 610 Aliquis
1417 570 1520 610 dicat,
1543 573 1777 605 matrimonium
1794 583 1871 606 con-

995 607 1203 639 cordantibus
1219 618 1289 640 Viro
1307 611 1337 642 δε
1354 621 1469 649 uxore,
1497 620 1530 643 ut
1547 621 1582 643 ut
1600 614 1736 645 maxime
1753 616 1870 647 direm-

995 656 1086 694 ptum
1103 650 1179 680 velit
1196 658 1303 690 pater,
1328 652 1534 689 nihilominus
1558 655 1802 694 comprobatum
1819 665 1870 688 es·

996 688 1101 735 se,·id
1118 690 1180 729 est,
1204 691 1362 724 subfistere
1388 693 1552 735 Rescripto
1577 694 1780 736 Imperatoris
1803 697 1868 729 An-

996 738 1099 762 tonini
1118 731 1148 766 dc
1173 731 1215 763 D.
1238 732 1338 766 Patris
1361 735 1448 775 ejus,
1472 745 1508 767 ut
1530 736 1756 769 demonstrabo
1781 736 1868 771 alibi.

996 772 1025 803 ὅ(
1044 772 1108 803 hoc
1130 772 1250 819 fate-tur
1273 775 1444 816 Ulpianus3
1470 785 1627 817 quatenus
1650 778 1690 810 ad
1708 778 1811 812 virum
1834 779 1867 812 δι

995 821 1129 859 uxorem
1145 822 1270 846 attinet.
1280 815 1332 847 sed
1350 820 1440 858 quod
1456 820 1496 850 ad
1512 819 1595 860 ipsos
1612 818 1694 851 inter
1711 829 1793 860 quos
1809 820 1868 852 do-

993 863 1082 900 natio
1106 854 1188 886 fana
1211 855 1276 895 est,
1305 857 1446 894 finitum.
1481 861 1604 900 inquit,
1637 860 1683 893 est
1706 862 1871 893 matrimo-

995 904 1103 934 nium,
1127 896 1311 941 &quidem
1325 908 1383 939 per
1396 900 1665 942 indignationem:
1690 910 1725 934 ut
1749 904 1867 935 merito

996 945 1147 982 revocata
1169 945 1252 984 inter
1275 949 1332 971 eos
1358 940 1510 974 habeatur
1533 943 1690 975 donatio:
1723 945 1868 984 quamvis

995 985 1234 1011 matrimonium
1255 980 1339 1013 inter
1355 983 1456 1015 virum
1481 983 1512 1015 &
1535 993 1669 1016 uxorem
1694 985 1867 1017 retineatur

995 1028 1105 1051 eorum
1121 1020 1284 1053 consensu.
1329 1022 1381 1055 Sic
1396 1023 1511 1056 censeo
1526 1048 1536 1063 ,
1559 1027 1589 1058 ὅ(
1607 1027 1869 1059 emendationem

996 1069 1090 1101 quarn
1106 1068 1209 1093 tentat
1222 1062 1362 1102 Jacobus
1382 1064 1529 1106 Cujacius
1550 1067 1601 1099 lib.
1628 1078 1678 1108 25.
1701 1067 1822 1109 Olfferv.
1841 1078 1865 1101 c.

994 1111 1025 1139 9.
1049 1110 1159 1148 parum
1176 1102 1237 1134 effe
1259 1105 1468 1139 necessariam.

1035 1142 1114 1174 Satis
1131 1145 1171 1175 de
1190 1143 1347 1178 Oratione
1364 1157 1424 1188 qua
1448 1148 1581 1180 donatio
1605 1149 1688 1182 inter
1711 1150 1813 1182 virum
1838 1149 1869 1182 ἂ

995 1193 1131 1230 uxor-ern
1147 1194 1253 1217 morte
1269 1187 1432 1221 donatoris
1451 1190 1682 1223 confirmatur:
1705 1191 1763 1224 nisi
1778 1190 1868 1223 illum

995 1228 1181 1264 poenituerit
1197 1227 1399 1269 donationi53
1424 1240 1478 1261 aut
1495 1231 1627 1271 persona
1641 1233 1693 1264 cui
1715 1233 1869 1265 donatum

994 1265 1048 1305 iit,
1063 1275 1145 1313 ‘ante
1166 1269 1356 1302 donatorem
1378 1271 1558 1304 decess'erit.
1600 1273 1718 1305 Saltem
1735 1274 1867 1313 addam,

993 1307 1199 1346 Justinianum
1217 1319 1332 1351 praeter
1351 1312 1420 1344 haec
1434 1313 1562 1345 noviter
1578 1313 1773 1346 constituiss'e
1788 1315 1808 1347 l.
1819 1326 1868 1356 25.

995 1348 1076 1395 C..b.
1096 1355 1119 1381 t.
1152 1350 1236 1382 hanc
1257 1352 1488 1395 donationem,
1512 1354 1533 1387 fi
1557 1356 1695 1387 excedat
1719 1356 1869 1388 summam

994 1398 1241 1431 quingentorum
1268 1393 1473 1433 solidorum,
1505 1405 1572 1428 tum
1596 1397 1723 1429 demum
1749 1406 1867 1429 conva-

993 1431 1112 1462 lescere
1140 1432 1306 1465 donatoris
1330 1444 1435 1468 morte
1458 1434 1488 1469 dc
1516 1437 1660 1477 mentio,
1693 1439 1712 1470 si
1736 1438 1812 1471 attis
1834 1439 1870 1471 iit

993 1472 1143 1544 ίῃίὶιὲυῑιω
1168 1497 1177 1511 ,
1218 1484 1272 1507 aut
1308 1476 1447 1518 alioquin
1483 1478 1676 1511 testamento
1707 1480 1869 1513 donatoris

993 1523 1053 1544 con
1083 1522 1190 1546 i'mata.
1387 1521 1391 1527 '

721 1634 1069 1671 'l'iTuLus
1170 1638 1212 1673 ii.

739 1710 789 1744 De
814 1710 956 1744 divortiis
982 1709 1023 1750 δὲ)
1050 1714 1190 1759 repudiis.

157 1800 287 1841 xpofitis
310 1799 414 1831 modis
431 1797 543 1838 quibus
567 1797 773 1828 contrahatur
796 1798 957 1829 matrimo-

85 1801 155 1877 E
178 1841 262 1873 nium
279 1864 289 1879 ,
318 1839 542 1881 tempestivum
565 1837 611 1870 est
640 1841 782 1879 cogitare
798 1861 808 1877 ,
839 1839 955 1879 quibus

84 1884 234 1915 solvatur.
280 1880 371 1914 Duos
396 1888 559 1912 enumerat
581 1878 796 1921 Quintilianus
820 1880 956 1911 Decium.

83 1934 155 1965 347.
187 1923 436 1959 Matrimonium,
466 1921 633 1962 inquiens,
665 1922 772 1952 duobus
802 1922 956 1962 generibus

76 1965 206 2007 solvitur
220 1988 230 2002 ,
253 1972 305 1995 aut
322 1965 437 2004 repudio
454 1967 506 1994 aut
522 1968 610 1993 morte
624 1961 753 1993 atterius.
777 1961 886 1993 Plures
903 1961 954 1993 ad-

84 2007 174 2038 ducit
192 2006 303 2038 Paulus
318 2005 336 2035 l.
359 2016 384 2035 1.
406 2005 443 2035 D.
461 2005 487 2036 b.
506 2009 527 2034 t.
552 2003 593 2034 fic
618 2001 769 2034 scribens:
793 2002 956 2034 Dirimz'tur

84 2048 301 2080 matrimonium
321 2047 463 2084 divortio,
485 2051 593 2082 morte,
616 2045 804 2084 captivitate,
826 2044 872 2074 vel
894 2044 955 2076 alia

85 2091 266 2129 contingente
286 2088 424 2125 servitute
446 2089 543 2117 atrius
558 2095 664 2123 eorum.
707 2085 770 2117 Sed
792 2085 875 2117 nulla
896 2094 953 2125 pu·

83 2139 145 2171 gna
169 2131 246 2160 erit:
267 2128 288 2160 fi
312 2136 477 2169 putemus,
500 2136 517 2158 a
540 2126 740 2170 Quintiliano
767 2125 820 2157 sub
849 2133 955 2171 morte

83 2180 178 2202 etiarn
204 2170 388 2202 servitutem
405 2191 415 2207 ,
449 2168 512 2200 ssve
535 2169 722 2208 captivitate
739 2190 749 2206 ,
778 2167 842 2199 five
865 2168 956 2199 aliter

84 2214 268 2253 contingat,
293 2211 464 2241 contineri.
487 2219 557 2241 narn
580 2209 610 2240 ὅ(
626 2209 808 2249 deportatio
824 2218 865 2240 eo
887 2218 956 2240 ver-

84 2254 130 2285 bo
146 2252 373 2293 comprehendi
393 2251 498 2291 potest
511 2251 530 2281 l.
545 2253 598 2290 63.
619 2249 648 2291 §.
668 2259 713 2282 10.
739 2250 780 2280 D.
798 2250 856 2281 Pro
869 2250 953 2295 [ocio.

83 2294 222 2336 primum
237 2293 368 2326 solvitur
383 2292 620 2324 matrimonium
639 2299 758 2323 morte:
782 2290 812 2323 δί
829 2290 864 2322 fit
880 2293 954 2322 inde

82 2336 218 2374 marito,
242 2342 366 2367 mortua
382 2344 503 2371 uxore,
526 2332 627 2364 statim
649 2332 697 2372 jus
714 2331 841 2364 transire
859 2333 898 2363 ad
914 2331 956 2362 se-

85 2378 202 2408 cundas
226 2377 361 2415 nuptias.
403 2375 554 2406 Similiter
577 2374 653 2404 licet
677 2374 798 2412 uxori,
828 2380 955 2405 mortuo

83 2419 219 2459 marito,
241 2417 291 2449 alii
308 2418 448 2450 nubere:
472 2425 536 2447 non
554 2423 659 2446 tamen
682 2414 804 2453 statim,
826 2413 877 2446 sed
902 2415 956 2446 de·

86 2467 171 2490 mum
188 2458 257 2499 post
275 2467 391 2489 annum
409 2458 518 2489 luctus.
543 2456 684 2497 alioquin
701 2455 826 2487 infamis
843 2455 904 2487 est:
922 2463 956 2486 ut

86 2498 174 2538 supra
191 2500 337 2531 traditum
356 2499 410 2530 sub
425 2498 541 2529 Titulo
566 2499 619 2529 De
635 2498 679 2528 bis
700 2499 751 2538 qui
774 2502 886 2528 notant.
911 2498 955 2527 in-

81 2540 158 2580 fam.
181 2539 248 2570 sunt
264 2541 294 2571 δι
315 2540 381 2572 aliae
397 2549 502 2581 poenae
525 2539 545 2571 l.
571 2547 596 2570 1.
621 2538 654 2569 C.
680 2539 713 2569 de
733 2538 849 2575 l'ecund.
873 2543 955 2578 nupt.

87 2589 158 2620 qua:
181 2580 301 2619 poffunt
324 2581 366 2612 ibi
390 2584 501 2612 videri.
525 2580 596 2620 post
616 2588 732 2610 annum
749 2580 849 2611 luftus
874 2581 953 2610 inte-

87 2630 142 2662 gra
166 2629 260 2652 etiam
284 2621 402 2654 mulieri
434 2622 478 2654 est
500 2622 628 2653 libertas
658 2621 698 2653 ad
723 2619 857 2652 secunda
881 2628 954 2651 vota

86 2664 206 2693 venire.
232 2670 352 2693 tantuin
368 2685 377 2700 ‚
398 2663 420 2694 ss
436 2662 615 2703 superstites
638 2663 668 2693 ei
686 2671 728 2693 ex
751 2663 859 2702 priore
882 2661 953 2693 viro

88 2703 144 2734 sint
164 2703 272 2741 liberi,
296 2702 340 2733 cst
357 2703 496 2735 officium
514 2705 613 2744 legis,
637 2704 829 2743 providere3
852 2711 893 2734 ne
908 2703 954 2735 his

86 2753 240 2775 noceatur
265 2745 363 2781 odio,
399 2745 552 2783 avaritia,
590 2744 761 2776 stultitiave
793 2753 954 2776 novorum

88 2785 269 2825 conjugum.
300 2785 379 2824 saepe
406 2786 437 2816 id
461 2785 614 2824 evenire,
644 2786 846 2826 experiundo
867 2794 954 2816 com-

87 2834 214 2867 pertum
238 2826 298 2857 est:
330 2835 434 2864 eoque
461 2827 586 2866 plenam
612 2827 768 2866 aequitatis
791 2825 852 2857 effe
871 2825 954 2857 hanc

86 2868 289 2905 cautionem,
313 2876 415 2907 negari
433 2867 551 2906 nequit.
575 2868 723 2909 exempla
745 2867 814 2899 sunt
828 2874 955 2898 notaex

87 2910 106 2939 l.
122 2919 151 2950 3.
171 2907 206 2943 ὅ)
220 2916 285 2949 seqq
314 2908 346 2939 C.
365 2909 398 2939 de
416 2909 528 2942 recund.
542 2915 625 2949 nupt.

126 2951 234 2982 Altera
263 2949 352 2980 caula
383 2948 522 2980 solvendi
558 2949 752 2982 matrimonii
782 2949 880 2981 Paulo
909 2948 955 2980 est

87 2992 256 3032 captivitas
281 2992 308 3021 cl.
332 2991 352 3021 l.
375 3003 399 3022 ι.
430 2989 472 3020 ira
500 2991 543 3022 nil
565 2994 678 3023 mirum
694 3014 703 3029 ,
734 2989 954 3032 Tryphonino

84 3032 104 3064 l.
126 3041 167 3064 12.
189 3032 217 3074 §.
233 3042 261 3070 4.
283 3030 325 3062 D.
340 3033 373 3062 de
390 3033 496 3070 captiv.
521 3032 636 3073 captivi
655 3042 807 3070 uxorem,
831 3031 953 3064 tametsi

85 3074 225 3105 maxime
251 3073 346 3111 velit,
369 3073 446 3104 &in
464 3074 563 3105 domo
581 3075 647 3114 ejus
671 3073 725 3111 fit,
755 3082 820 3104 non
847 3082 952 3105 tamen

86 3113 186 3147 videri
202 3114 232 3145 in
252 3115 451 3145 matrimonio
468 3113 540 3145 esse.
565 3116 638 3155 quin
657 3116 860 3153 puto‚etiam
876 3114 950 3146 fuis*

86 3154 118 3185 se
133 3156 162 3186 ei
178 3157 224 3196 ius
247 3155 386 3187 nubendi
404 3156 466 3187 alii.
490 3163 586 3196 atque
602 3156 633 3187 in
658 3155 742 3187 hanc
765 3155 951 3188 sententiam

87 3205 139 3227 ine
161 3196 247 3228 ducit
270 3197 419 3237 Ulpianus
443 3197 460 3227 t
480 3207 529 3237 45.
572 3199 650 3228 ΑΛΒ.
677 3196 709 3227 D
734 3198 767 3228 de
791 3198 840 3227 rit.
865 3203 949 3237 nupt.

84 3239 137 3278 qui
153 3237 274 3271 secutus
297 3238 517 3270 auctoritatem
558 3238 649 3272 ultani
673 3237 731 3277 ait,
763 3237 792 3271 in
820 3239 953 3279 persona

999 1799 1121 1832 libertae
1138 1801 1281 1842 effejtire
1297 1802 1442 1844 singulari
1459 1813 1644 1846 receptum3
1667 1817 1707 1839 ne
1731 1808 1793 1850 ipsa
1817 1818 1869 1849 pa-

999 1848 1092 1888 trono
1107 1851 1213 1888 ¹capto
1231 1867 1243 1888 ,
1274 1844 1408 1878 haberet
1430 1848 1640 1881 connubium.
1691 1848 1797 1882 Verba
1816 1852 1868 1883 Ul·

998 1891 1082 1922 piani
1105 1893 1137 1915 in
1152 1885 1298 1917 omnibus
1315 1887 1510 1921 editionibus
1526 1898 1676 1931 corrupta
1700 1888 1870 1924 circumfe-

998 1931 1127 1970 runtur:
1152 1924 1205 1956 sed
1217 1935 1258 1973 ⁸ea
1277 1929 1510 1962 emendavi-lib.
1527 1939 1556 1961 2.
1577 1931 1697 1966 Observ.
1715 1941 1740 1963 c.
1755 1936 1786 1965 6.
1804 1941 1867 1966 nec

999 1965 1133 2010 dubito,
1163 1975 1246 2014 *quin
1275 1977 1361 2001 vere.
1402 1971 1500 2012 Atqui
1524 1972 1545 2004 l.
1569 1976 1598 2004 σν.
1622 1972 1664 2005 D.
1688 1973 1716 2004 b.
1740 1979 1763 2006 t.
1799 1983 1869 2015 quae

998 2006 1090 2052 iplius
1104 2006 1217 2054 juliani
1234 2007 1297 2048 est,
1319 2012 1510 2051 generaliter
1528 2015 1589 2052 ait,
1613 2023 1730 2047 uxores
1755 2024 1869 2050 eorum

998 2054 1053 2092 qui
1070 2056 1100 2078 in
1124 2047 1263 2081 hostium
1286 2052 1477 2096 potestatem
1501 2060 1734 2095 pervenerunt.
1758 2065 1867 2097 quam·

998 2088 1052 2118 tliu
1068 2096 1190 2121 certum
1213 2090 1277 2130 est,
1299 2101 1444 2127 maritum
1467 2095 1578 2128 vivere
1593 2119 1604 2134 ‚
1633 2096 1732 2128 videri
1755 2105 1867 2139 nupta-

997 2137 1067 2160 rum
1081 2129 1193 2175 ·locum
1211 2133 1365 2174 retinere3
1390 2144 1451 2168 nec
1467 2136 1552 2177 poss'e
1569 2137 1703 2178 migrare
1718 2138 1757 2170 ad
1781 2139 1867 2172 aliud

997 2177 1254 2213 matrinionium3
1290 2174 1345 2207 nisi
1362 2175 1435 2217 ipsae
1453 2179 1571 2210 vmalint
1595 2177 1717 2211 causam
1742 2181 1868 2221 repudii

997 2210 1159 2250 praestare:
1181 2215 1269 2254 quod
1284 2214 1305 2247 fi
1325 2216 1357 2249 in
1373 2219 1499 2250 incerto
1520 2219 1585 2258 est,
1608 2228 1646 2250 an
1671 2219 1764 2253 vivus
1786 2223 1870 2264 apud

996 2252 1103 2298 hostes
1123 2261 1287 2301 teneatur,
1317 2258 1370 2290 vel
1389 2267 1496 2292 morte
1521 2267 1722 2300 praeventus,
1746 2269 1824 2295 tunc
1848 2264 1869 2296 fi

997 2301 1247 2341 quinquennium
1264 2307 1280 2329 a
1298 2307 1445 2340 tempore
1464 2302 1660 2341 captivitatis
1683 2303 1870 2345 excefferit,

997 2334 1159 2380 licentiam
1178 2337 1296 2370 habere
1310 2340 1476 2373 mulierem
1490 2343 1530 2373 ad
1547 2342 1621 2374 alias
1635 2343 1769 2384 migrare
1792 2355 1870 2387 nup-

999 2383 1078 2423 uas,-
1091 2377 1154 2409 Scd
1172 2387 1320 2419 putemus
1335 2403 1345 2419 ‚
1369 2391 1541 2422 numquam
1564 2382 1655 2415 fuisse
1670 2385 1783 2424 Juliani
1800 2387 1868 2419 sen·

999 2423 1150 2450 tentiam:
1174 2428 1267 2460 quam
1286 2422 1382 2453 liodie
1398 2423 1539 2455 indicant
1554 2425 1582 2456 d.
1603 2424 1621 2455 l.
1638 2429 1669 2456 6.
1694 2428 1868 2461 verba:sed

998 2457 1237 2504 effe-Justiniani
1264 2471 1303 2493 ex
1326 2462 1444 2495 Novell.
1462 2475 1511 2497 22.
1530 2475 1554 2496 c.
1569 2475 1597 2506 7.
1620 2466 1736 2500 inflexa
1755 2478 1771 2500 a
1795 2469 1869 2502 Tri-

999 2498 1151 2532 boniano.
1176 2502 1299 2541 prorsus
1324 2504 1367 2535 ita
1391 2505 1451 2536 est:
1474 2507 1559 2546 quod
1581 2506 1719 2546 Julianus
1745 2512 1869 2543 dixerat

998 2539 1151 2585 singulare
1175 2542 1237 2589 effe
1257 2544 1288 2576 in
1305 2544 1437 2586 liberta,
1459 2547 1491 2579 id
1514 2546 1750 2583 aTriboniano
1773 2561 1867 2593 gene·

997 2582 1103 2614 raliter
1117 2584 1250 2616 traditur
1267 2585 1307 2616 de
1325 2587 1473 2620 omnibus
1490 2589 1684 2624 mulieribus.
1726 2593 1775 2624 Ac
1792 2592 1867 2624 fimi·

997 2622 1028 2669 le
1044 2625 1152 2656 evenit
1170 2624 1270 2672 iffaulo
1287 2627 1319 2658 in
1336 2628 1356 2659 l.
1373 2633 1400 2663 8.
1424 2628 1465 2660 D.
1479 2631 1513 2661 de
1528 2632 1669 2671 captivis:
1690 2633 1722 2665 in
1738 2643 1798 2675 qua
1815 2635 1866 2666 ad·

994 2664 1076 2704 Jecta
1093 2674 1110 2696 a
1126 2664 1330 2700 Triboniano
1346 2679 1387 2701 ex
1402 2672 1499 2702 eadem
1515 2671 1644 2704 Novella
1661 2672 1729 2705 sunt
1747 2675 1841 2705 verba
1852 2697 1862 2712 ‚

994 2704 1054 2745 post
1074 2706 1261 2752 constitutum
1285 2715 1404 2751 tempus.
1428 2713 1514 2752 quod
1538 2712 1583 2745 est
1608 2713 1813 2756 quinquennii
1834 2716 1866 2746 in

996 2747 1024 2777 d.
1043 2757 1068 2777 c.
1086 2756 1114 2787 7.
1126 2749 1169 2792 ¹&
1186 2750 1259 2781 inde
1274 2759 1407 2792 quoque
1426 2753 1456 2785 in
1472 2755 1501 2785 d.
1517 2753 1536 2785 l.
1553 2758 1584 2786 6.

1038 2786 1152 2835 Tertia
1174 2791 1263 2837 causa
1285 2791 1424 2826 solvendi
1447 2795 1636 2827 matrimonii
1662 2795 1706 2826 est
1735 2794 1863 2831 servitus

997 2828 1140 2872 alterutri
1163 2833 1293 2874 conjugi
1313 2835 1355 2866 ob
1380 2836 1472 2869 aliam
1492 2836 1632 2873 causam,
1657 2845 1748 2876 quam
1767 2838 1866 2879 capti-

998 2878 1130 2902 vitatem
1154 2873 1335 2918 obveniens
1362 2877 1424 2908 d.t.
1444 2886 1471 2910 1.
1497 2878 1525 2909 h.
1550 2883 1570 2908 t.
1593 2876 1660 2908 fac:
1695 2877 1829 2910 libertus
1845 2888 1863 2911 a

997 2917 1134 2951 patrono
1151 2923 1181 2945 in
1201 2914 1384 2950 servantem
1406 2926 1573 2950 revocatur
1592 2925 1750 2956 tamquam
1765 2919 1865 2961 ingra-

998 2960 1056 2998 tus.
1080 2952 1150 2985 fac:
1173 2953 1278 2989 servius
1296 2967 1399 2998 poenae
1415 2959 1548 2991 efficitur
1562 2959 1728 2990 atrocitate
1742 2958 1865 2994 senten-

998 3001 1048 3024 tia:
1063 2993 1090 3036 ᾖ.
1115 3004 1140 3026 1.
1163 2995 1235 3037 Infl.
1251 3001 1284 3029 de
1304 3008 1367 3041 cap.
1383 3001 1487 3031 minut.
1512 2998 1563 3029 sed
1589 2998 1739 3031 servitute
1763 3010 1865 3042 poena·

997 3043 1086 3079 novo
1101 3037 1170 3076 jure
1187 3039 1302 3071 lublata
1314 3064 1323 3078 ‚
1348 3041 1444 3072 hodie
1461 3040 1695 3072 matrimonium
1714 3041 1774 3073 hac
1791 3044 1862 3077 diri·

995 3085 1037 3124 mi
1059 3077 1149 3125 deliit
1175 3080 1194 3110 l,
1210 3089 1258 3120 24.
1281 3081 1318 3115 ὅ)
1333 3081 1427 3112 Autb.
1451 3080 1508 3111 Sea
1523 3080 1604 3111 hodie
1619 3080 1654 3112 C.
1670 3083 1704 3112 de
1718 3084 1784 3116 don.
1802 3088 1859 3118 int.

993 3126 1053 3148 vir.
1069 3118 1106 3153 ξφ
1123 3130 1207 3152 uxor.
1251 3122 1399 3153 servituti
1412 3121 1580 3161 jungamus
1596 3123 1862 3163 deportationem.

994 3168 1063 3190 nain
1080 3161 1109 3191 ἀ
1127 3162 1195 3193 haec
1212 3164 1295 3193 tollit
1310 3161 1438 3192 civilem
1455 3162 1652 3196 libertatern:
1675 3163 1752 3197 ficut
1769 3167 1864 3200 servi·

996 3208 1046 3231 tus
1065 3202 1149 3233 tollit
1167 3204 1349 3234 naturalem.
1373 3204 1491 3243 nuptiae
1507 3211 1612 3235 autem
1627 3205 1716 3246 Justae
1740 3215 1861 3242 tantum

995 3243 1223 3276 contrahuntur
1246 3244 1328 3277 inter
1345 3244 1434 3277 cives
1454 3243 1638 3282 Romanosz
1666 3247 1750 3281 inter
1774 3251 1862 3284 cives
