2036 3495
249 117 312 152 An
339 117 429 152 Lm.
460 114 558 152 XIV.
587 113 685 150 T1·r.
715 113 762 148 V.
803 111 901 161 Quod
912 121 979 147 cam
994 121 1043 153 eo,
1071 111 1125 157 qui
1141 110 1173 145 in
1187 110 1290 146 aliena
1301 109 1529 160 potestateqst‚
1557 105 1625 151 &a

47 208 203 243 rationem
239 207 414 240 habendam
437 205 519 238 effe:
552 204 581 236 ὃς
596 201 775 245 praefatur,
800 211 830 233 in
853 202 919 233 hoc

48 250 147 283 causae
165 250 383 291 cognitionem
403 248 496 280 verti.

89 291 156 324 Dat
173 293 270 333 igitur
286 300 327 322 ex
353 290 417 321 hoc
440 288 553 320 Edicto
570 286 690 318 Praetor
708 283 855 329 adversus
880 283 914 316 fi-

48 332 125 367 lium
147 333 399 371 emancipatum,
423 329 667 364 exheredatum,
691 325 721 356 δι
745 335 796 363 qui
815 325 844 355 se
863 335 914 365 pa-

48 375 106 406 tris
140 374 315 405 hereditate
338 372 510 408 abstinuit,
542 379 583 401 ex
607 377 717 399 vetere
747 367 913 397 contractu

48 416 207 447 atilionem
225 437 234 452 ‚
264 414 294 445 in
321 422 471 453 quantum
496 411 603 442 facere
634 407 746 450 potest.
779 417 841 452 non
869 417 911 438 ta-

47 465 122 489 men
148 457 197 488 vel
218 455 259 487 fic
284 455 422 495 semper:
445 453 497 484 sed
521 452 678 482 interdum
705 451 735 480 in
760 449 911 480 solidum:

48 499 141 538 quia,
163 505 198 528 ut
220 497 317 527 modo
337 495 419 534 coepi
444 494 568 527 dicere,
593 492 680 522 caus'a
697 492 825 535 cognita
843 499 912 521 eam

46 540 119 570 dat:
137 539 167 570 id
185 537 246 576 est,
263 538 305 568 ita
319 537 444 567 demum
456 558 464 573 ‚
480 534 499 566 si
516 536 543 565 ei
557 533 634 574 justa
651 534 740 564 causa
757 533 913 563 videatur.

45 579 128 613 Fac:
145 579 253 619 aliquis
268 578 298 608 in
314 576 535 607 contrahendo
553 574 597 606 cst
615 575 786 611 mentitus,
803 571 913 618 seess'e

44 619 317 663 patremfamilias,
330 627 401 649 cum
417 616 496 649 esset
513 616 741 649 filiusfamilias.
760 615 784 646 is
795 615 912 645 deinde

45 672 63 695 a
80 670 168 703 patre
185 660 289 691 estant
299 660 514 697 emancipatus
527 681 536 696 ‚
553 666 605 689 aut
617 657 847 692 exheredatus,
859 662 912 685 aut

42 694 99 735 sea
111 701 203 743 patris
213 700 388 732 hereditate
399 699 554 731 abstinuit.
569 709 606 730 an
623 705 790 730 convento
803 695 871 742 βοᾷ
881 706 911 726 e-

42 742 326 782 mancipationem,
349 749 528 773 mortemve
557 744 671 781 patris,
696 739 816 771 Praetoi·
844 738 909 768 lub-

42 785 168 821 veniet;
191 794 230 815 ne
247 782 277 814 in
296 783 427 815 solidum
444 781 703 820 conveniatur,si
722 780 828 811 facere
844 787 911 809 non

40 826 158 867 possit?
182 834 244 856 non
268 824 338 856 sinit
363 825 513 864 Ulpianus
538 825 557 855 l.
575 834 603 860 4.
627 823 655 865 §.
676 833 700 855 1.
729 823 755 852 h.
774 827 792 852 ι.
817 829 909 864 quam

41 867 83 902 ob
108 877 171 899 rem
193 867 210 897 ¹?
239 867 307 904 ait,
338 875 470 906 propter
500 867 707 897 mendacium.
760 861 912 893 Occurrit

42 908 94 940 hic
111 909 141 940 &
166 909 246 939 alius
272 908 439 946 respestus.
462 917 558 938 ecce:
581 914 670 948 pater
697 904 815 942 filium,
842 902 912 948 post

42 949 242 982 contractum
258 949 297 981 ab
314 958 354 980 eo
374 948 577 989 confectum,
598 947 827 984 exheredavit,
849 945 912 975 alio

685 1031 1045 1066 TITutus

1771 113 1838 156 263

961 199 1105 232 instituto
1129 200 1258 232 herede.
1284 208 1374 242 pater
1401 200 1487 232 hunc
1511 198 1654 242 rogavit,
1679 198 1725 230 uti
1742 198 1834 230 liere-

960 243 1093 273 ditatem
1118 241 1186 273 filio
1211 242 1364 273 restituat.
1387 241 1530 282 restituta
1554 242 1599 273 est
1622 250 1663 272 ex
1685 240 1835 272 Senatus·

959 282 1108 313 cons'ulto
1134 281 1353 315 Trebelliano.
1386 283 1494 324 postea
1525 290 1705 314 conventus
1738 280 1832 314 filius.

958 326 1123 362 quomodo
1147 325 1409 356 condemnandus
1425 325 1442 357 ἱ)
1466 334 1528 356 uon
1553 324 1583 356 in
1608 331 1760 365 quantum
1787 321 1831 353 fa-

957 373 1031 394 cere
1056 362 1180 403 potest,
1203 365 1255 395 sed
1277 367 1307 396 in
1335 365 1479 397 solidum.
1523 365 1621 406 Atqui
1643 368 1658 396 a
1679 374 1767 406 patre
1785 363 1831 395 eil:

955 406 1182 437 exheredatus.
1227 405 1275 436 Sit
1289 406 1348 437 ita:
1375 406 1425 436 scd
1445 407 1587 438 restituta
1603 406 1630 438 ei
1649 407 1832 437 hereditate

955 456 995 477 ex
1020 445 1302 478 Senatusconsuiro
1328 445 1539 479 Trebelliano
1558 471 1567 486 ,
1605 447 1701 479 cess'at
1726 446 1830 478 Edisti

956 487 1061 518 causa:
1087 486 1157 526 quia
1184 487 1237 518 etsi
1258 488 1327 527 jure
1350 488 1432 518 civili
1451 498 1514 519 non
1536 489 1571 520 sit
1588 489 1698 527 liei-es,
1723 496 1830 519 tamen

958 530 987 559 vi
1015 529 1287 560 Senatusconlulti
1309 529 1377 568 jure
1407 529 1561 561 Praetorio
1593 529 1717 562 heredis
1752 532 1829 561 loco

958 570 1092 601 habetur
1113 569 1142 610 §.
1163 580 1191 608 4.
1213 569 1285 609 lust.
1305 573 1337 600 de
1354 570 1454 608 fideic.
1472 571 1564 602 bered.
1589 573 1638 609 (St,
1664 580 1698 601 ut
1714 571 1830 603 Paulus

956 611 1116 651 loquitur,
1140 614 1384 651 quodammodo
1403 612 1493 642 heres
1510 611 1555 642 est
1584 613 1603 642 l.
1621 622 1649 651 5.
1668 612 1686 654 §
1718 621 1743 650 ι,
1759 613 1788 642 h.
1807 617 1828 642 t.

956 652 1064 695 Quid,
1089 651 1108 683 fi
1134 661 1247 683 contra
1273 652 1355 684 silius
1379 662 1395 684 a
1421 661 1511 692 patre
1536 653 1630 684 heres
1648 652 1828 690 institutus,

955 705 990 725 at·
1009 702 1134 734 rogatus
1152 693 1363 725 hereditatem
1381 693 1564 732 restituere,
1581 695 1662 725 nolit
1681 693 1710 724 se
1724 693 1751 725 ei
1771 695 1829 724 im-

954 735 1112 773 miscere,
1144 736 1284 775 ideoque
1313 746 1352 766 ex
1384 735 1523 767 fecundo
1555 735 1661 775 capite
1685 735 1831 767 Senatus·

954 776 1090 808 consulti
1103 776 1261 816 Pegasiani
1279 777 1407 808 constris
1420 776 1624 808 immiscuerit
1643 775 1689 814 se,
1700 783 1734 805 ut
1745 776 1831 807 resti·

954 826 1022 848 tuat
1041 818 1278 850 hereditatem?
1304 815 1470 849 immistuit
1495 817 1534 849 fe.
1558 820 1599 849 ita
1618 818 1680 850 esl:
1705 816 1756 848 sed
1774 826 1829 847 ve·

955 860 1068 891 riffime
1086 858 1199 890 Paulus
1215 861 1242 890 d.
1261 860 1279 889 l.
1295 870 1323 898 5>
1342 859 1369 901 ᾗ.
1388 870 1414 890 2.
1441 860 1573 900 pei-inde
1593 858 1830 891 observandum

955 900 1018 933 esse
1035 902 1097 940 ait,
1121 909 1158 931 ac
1177 899 1198 932 si
1215 900 1245 932 se
1262 899 1465 932 abstinuiss‘et.

1107 1024 1182 1060 VI.

639 1121 689 1157 De
710 1116 974 1165 Senatusconfidto
1002 1115 1237 1152 Macedoniam.

49 1211 307 1286 quperioribus
329 1209 448 1244 Titulis
474 1211 670 1244 intellectum
690 1209 754 1248 est,
776 1217 816 1239 eit
835 1216 910 1238 con-

49 1262 81 1289 x„
126 1255 223 1284 [rachi
248 1252 437 1286 filiifamilias
459 1263 476 1284 a
515 1261 605 1294 patre
639 1251 783 1296 habentis
815 1257 909 1289 pecu-

46 1295 141 1333 lium,
164 1303 234 1325 cum
260 1294 406 1326 adversus
432 1293 530 1326 filium
553 1294 624 1335 jure
647 1292 752 1328 civili,
777 1298 842 1321 tum
861 1291 911 1319 ad·

44 1336 150 1366 versus
184 1345 302 1376 patrem
332 1336 400 1373 jure
433 1336 616 1371 Praetorio‚
646 1332 800 1364 aaronem
834 1330 911 1377 dari3

43 1377 183 1410 Praesens
207 1375 337 1407 Titulus
367 1376 524 1414 ostendit,
556 1376 587 1406 id
613 1375 724 1406 fallere
741 1397 750 1411 ,
786 1374 857 1404 data
883 1380 912 1402 ei

44 1427 153 1450 mutua
174 1419 325 1457 pecunia,
349 1426 481 1458 propter
501 1415 816 1449 Senatusconsultum
834 1413 913 1458 ‘Ma-

45 1460 275 1491 cedonianum:
299 1468 364 1500 quo
382 1459 589 1499 prohibetur3
613 1467 652 1488 ne
676 1456 705 1489 ei
727 1456 779 1497 qui
797 1454 911 1501 filio-fa-

46 1501 147 1532 milias
171 1509 309 1532 mutuam
336 1501 503 1539 pecuniam
535 1499 659 1530 dederit
677 1521 687 1536 ,
716 1508 757 1529 eo
782 1504 912 1528 nomine

47 1542 129 1572 aCtio
152 1542 331 1581 petitioque
355 1543 457 1572 detur.
504 1539 611 1571 Verba
642 1536 911 1570 Senatuscons'ulti

45 1582 271 1613 Macedoniani
298 1582 366 1613 haec
385 1583 453 1613 sunt
478 1592 518 1613 ex
541 1582 560 1612 1.
584 1590 609 1613 1.
639 1581 667 1611 h.
686 1586 707 1611 t.
744 1580 816 1610 Cum
838 1582 913 1610 inter

49 1630 163 1653 cameras
185 1622 298 1663 sitelerz's
323 1624 422 1662 causas
447 1623 571 1654 Macedo
589 1646 599 1661 ‚
637 1631 708 1662 quas
738 1622 781 1652 iziz·
805 1627 914 1651 natura

49 1661 288 1704 administrabat,
311 1666 398 1695 eiiam
412 1674 450 1694 aes
466 1665 591 1695 alienum
607 1663 774 1702 adhibuisset
785 1686 793 1699 ‚
812 1661 912 1702 &Jee-

43 1711 82 1747 pe
107 1706 255 1736 materiam
276 1707 415 1745 peccandi
433 1706 514 1736 malis
538 1705 659 1735 moribus
680 1702 840 1744 prestaret,
865 1703 916 1744 qui

45 1747 198 1789 pecuniam
220 1752 274 1787 (ne
287 1748 358 1788 quid
379 1747 500 1787 amplius
518 1745 675 1784 diceretur)
697 1747 812 1776 incertis
826 1746 913 1775 nomi-

51 1789 136 1818 nibus
159 1789 290 1818 crederet.
320 1789 428 1827 placere
445 1811 454 1824 ,
485 1797 520 1818 ne
545 1788 593 1818 ciri
610 1811 619 1825 ,
650 1787 703 1827 qui
722 1786 916 1827 filiofamilias

50 1835 182 1860 mutuam
193 1830 346 1870 pecuniam
361 1828 474 1868 dediffet
485 1853 493 1867 ‚
512 1829 596 1859 eiiam
611 1828 671 1869 posi}
687 1836 801 1860 mortem
815 1835 916 1867 paren-

50 1870 89 1901 tis
110 1871 189 1911 ejur,
212 1870 295 1911 cnjus
317 1872 349 1901 in
369 1869 503 1910 potestate
523 1870 636 1910 suffer,
667 1870 738 1901 αὲἶίο
765 1870 916 1911 petitioqice

51 1913 189 1942 daretur.-
210 1913 377 1949 ulscirem,
402 1910 574 1953 quipeffimo
589 1913 711 1952 exemplo
723 1912 914 1951 stammana,

51 1952 162 1983 nullius
173 1951 448 1993 prffefilz‘ifamz‘tms
467 1955 568 1984 bonum
587 1963 686 1983 nomen
704 1952 853 1993 επρεὲἶαια
865 1958 915 1992 pa·

51 1996 104 2024 zris
131 2000 217 2024 morte
232 1992 308 2032 fieri.
352 1993 474 2034 Integra
503 1994 570 2024 sunt
596 1994 683 2034 liujus
705 1995 915 2026 Senatuscou·

49 2033 119 2065 sulti
145 2035 251 2066 verba.
283 2043 403 2066 tantum
429 2037 537 2066 desunt
561 2035 715 2067 Coniuies
741 2035 793 2076 qui
818 2036 857 2067 de
876 2044 916 2066 eo

51 2075 215 2107 'retulerint
243 2076 280 2106 ad
303 2075 463 2107 Senatum.
500 2078 542 2108 ita
567 2086 631 2108 non
665 2077 766 2116 liquet
791 2085 916 2115 ternpus

50 2125 116 2156 quo
135 2116 170 2147 sit
187 2116 313 2148 fanum.
339 2117 557 2149 difficultatem
575 2126 670 2159 auget
681 2118 843 2150 discidium
854 2117 917 2149 Ta·

51 2158 106 2189 citi
125 2157 152 2188 ἃ
172 2156 331 2188 Suetonii:
356 2168 488 2197 quorum
504 2160 556 2190 ille
571 2159 615 2190 lib.
632 2169 677 2191 xx.
695 2160 806 2191 Annal.
824 2170 847 2191 c.
869 2169 915 2200 13.

53 2198 118 2229 hoc
154 2199 465 2231 senatusconsultum
494 2200 641 2232 adscribit
670 2201 830 2240 Claudi03
867 2203 917 2232 hic

52 2237 240 2280 Vespasiano
255 2242 285 2269 2⁴⁷2
302 2240 363 2281 ejus
379 2243 443 2272 vita
457 2252 479 2272 c.
498 2251 542 2273 x1.
586 2240 622 2273 In
645 2242 869 2282 componenda
884 2243 919 2275 li-

53 2287 87 2312 te
111 2282 230 2311 iudavi't
254 2281 363 2312 Petrus
388 2281 490 2313 Faber
527 2283 573 2313 lib.
601 2292 628 2314 1.
654 2283 784 2322 Sernesbr.
810 2293 835 2314 c.
861 2284 916 2315 ult.

52 2321 114 2354 Sed
139 2322 263 2361 praestat
279 2323 460 2362 coniectura
476 2322 657 2362 Torrentii‚
682 2325 771 2355 Notis
795 2326 833 2355 ad
847 2325 916 2355 Sue-

52 2365 162 2394 tonium
200 2363 436 2403 existimantis,
469 2366 736 2396 Macedonianum
774 2365 915 2397 Senatus<

50 2404 230 2436 consultum
247 2405 371 2446 (legem
388 2407 524 2447 generali
543 2406 699 2437 vocabulo
723 2407 801 2438 dicit
823 2405 916 2438 Taci-

50 2446 121 2486 tus)
143 2446 260 2477 factum
280 2445 427 2488 Principe
446 2447 597 2479 Claudio:
615 2457 651 2478 ac
667 2447 738 2488 post
755 2448 819 2488 ejus
834 2457 915 2479 mor-

52 2494 137 2525 tem,
160 2496 215 2527 per
231 2487 389 2519 licentiam
409 2497 589 2529 temporum
613 2490 818 2521 desuetudine
841 2490 917 2521 obli-

54 2535 209 2565 teratum,
233 2530 348 2560 deinde
364 2539 381 2560 a
405 2529 592 2570 Vespasiano
608 2530 637 2562 iri
657 2530 742 2561 usum
761 2530 849 2561 fmffe
875 2540 918 2562 re-

51 2576 202 2612 vocatum
219 2592 229 2608 ,
258 2568 343 2602 forte
369 2571 400 2602 &
425 2571 619 2612 asperatum;
646 2580 679 2603 ut
703 2573 742 2603 ad
768 2571 918 2604 Tacitum

52 2609 219 2653 arbitratur
235 2609 334 2648 justus
351 2610 476 2652 Lipsius.

93 2649 221 2681 Certior
235 2649 282 2695 'est
305 2653 395 2693 origo
422 2654 557 2685 nominis
575 2654 806 2686 Macedoniani
823 2653 915 2686 Sena-

55 2691 259 2723 tusconfulti:
282 2693 448 2731 manifesto
467 2705 506 2726 ex
532 2696 597 2735 ejus
621 2696 742 2733 veihis,
769 2697 877 2726 venire
901 2705 918 2726 a

55 2733 194 2773 quodam
221 2732 423 2765 Macedone:
453 2737 505 2776 qui
542 2739 570 2767 ei
594 2738 770 2776 multiplice
802 2737 918 2768 scelere

55 2773 176 2804 causam
202 2773 355 2813 praeslitit.
389 2774 470 2813 scio,
494 2777 587 2808 rarius
614 2779 677 2810 hoc
702 2778 865 2810 accidere:
890 2779 918 2808 dt

56 2812 160 2854 Leges
186 2823 222 2844 ac
245 2813 521 2848 senatusconsulta
541 2819 726 2860 plerumque
751 2830 767 2850 a
791 2819 848 2850 suis
867 2829 914 2849 au⁴

52 2855 193 2887 {toribus
211 2856 371 2893 appellari.
395 2866 435 2887 ne
452 2865 556 2889 tamen
573 2861 622 2892 vel
641 2860 715 2892 illud
732 2860 794 2892 sine
810 2869 916 2892 exem-

56 2898 111 2938 plo
129 2896 182 2933 sit,
207 2895 365 2941 suffecerit
383 2895 450 2928 Lex
469 2899 625 2932 Scantinia
646 2904 684 2932 de
703 2901 916 2941 impudicitia:

53 2947 148 2978 quam
172 2948 187 2967 a
211 2938 392 2977 Scantinio,
418 2940 578 2978 impudico
603 2943 749 2981 homine,
784 2943 812 2974 in
833 2943 917 2982 cujus

51 2979 157 3024 odium
177 2980 237 3024 lata
256 2978 317 3017 est,
341 2989 455 3011 nomen
473 2982 643 3022 accepisse,
667 2985 785 3016 dudum
809 2984 853 3015 est
878 2984 916 3014 ab

52 3020 118 3052 aliis
140 3020 352 3051 obieriatum.
399 3021 556 3053 Caeterum
581 3025 722 3062 quisnam
746 3025 842 3056 fuerit
860 3024 917 3055 iste

50 3060 214 3099 Macedo,
247 3063 375 3094 minime
398 3062 531 3096 constat.
557 3064 672 3097 Plinius
695 3067 742 3097 lib.
766 3077 795 3106 3.
824 3064 915 3106 Epist.

50 3110 99 3141 14.
121 3103 265 3135 meminit
283 3104 441 3143 cujusdam
468 3104 569 3147 Largii
597 3106 801 3144 Macedonis,
827 3116 916 3147 patre

48 3144 200 3176 libertino
224 3145 305 3181 nati,
330 3145 486 3183 praetoriis
519 3150 712 3179 ornamentis
740 3148 912 3180 honestati:

954 1203 996 1235 At
1021 1203 1060 1234 de
1082 1201 1235 1244 praefente
1266 1204 1363 1247 longe
1386 1203 1444 1236 alia
1466 1204 1610 1238 Senatus.
1641 1205 1701 1245 ait,
1734 1215 1830 1245 eum,

955 1254 1069 1285 praeter
1103 1254 1217 1277 caetera
1245 1247 1380 1285 scelera,
1405 1248 1501 1278 etiam
1534 1247 1680 1278 adhibito
1705 1258 1766 1279 aere
1799 1257 1831 1278 a-

955 1288 1060 1332 heim,
1086 1288 1235 1326 peccandi
1252 1288 1412 1320 materiam
1438 1289 1525 1319 malis
1553 1289 1691 1319 moribus
1718 1288 1832 1329 praestis-

958 1327 1042 1367 tisse3
1067 1329 1141 1372 ‹lu-ni
1166 1332 1333 1367 pecuniam
1360 1332 1506 1361 crederet
1538 1329 1667 1362 incertis
1693 1330 1832 1361 nomini-

957 1369 1024 1400 bus.
1072 1368 1129 1400 His
1157 1380 1233 1401 vero
1259 1371 1363 1403 verbis
1395 1372 1471 1410 quid
1497 1372 1646 1412 indigitet
1675 1370 1831 1410 Senarus,

957 1420 1020 1441 non
1038 1410 1121 1441 bene
1137 1412 1314 1452 expediunt
1335 1411 1510 1444 Doctiffimi
1530 1412 1607 1444 Viri.
1653 1412 1734 1444 Meo
1747 1412 1832 1454 judi·

956 1453 1029 1490 cio,
1053 1453 1164 1482 incerta
1180 1455 1297 1484 nomina
1319 1453 1386 1485 sunt
1405 1454 1482 1485 mola
1505 1456 1639 1485 nomina:
1663 1453 1776 1494 quibus
1799 1454 1833 1485 in

957 1491 1019 1523 fine
1052 1493 1324 1538 Sena—tusconfulti
1362 1495 1539 1535 opponitur
1575 1498 1679 1526 bonurn
1718 1504 1830 1526 nomen.

956 1533 1093 1565 Horatio
1110 1534 1224 1566 dicitur
1241 1543 1350 1567 certum
1365 1545 1473 1567 nowen.
1518 1535 1579 1568 Res
1596 1536 1665 1567 talis
1682 1535 1746 1568 est:
1771 1536 1832 1567 foe-

957 1584 1121 1619 nei-atores
1149 1576 1218 1607 <luri
1242 1586 1339 1617 atque
1363 1576 1493 1615 acerbi,
1527 1578 1603 1608 boni
1625 1585 1729 1608 tamen
1755 1577 1832 1615 viri,

958 1625 1107 1656 pecunias
1132 1617 1197 1649 suas
1224 1628 1288 1650 non
1316 1618 1537 1656 foenerabant,
1569 1618 1624 1650 nisi
1650 1618 1832 1650 nominibus

957 1666 1073 1695 certis,
1097 1659 1128 1689 id
1148 1659 1211 1696 est,
1234 1660 1418 1691 nominibus
1436 1661 1548 1698 bonis,
1566 1659 1630 1691 sive
1645 1661 1757 1700 quibus
1775 1667 1833 1699 pet

959 1700 1063 1740 leges,
1088 1708 1210 1740 perque
1229 1711 1340 1733 eorum
1357 1701 1516 1739 fortunas,
1539 1709 1610 1732 tuto
1638 1701 1724 1732 credi
1744 1701 1834 1732 vide·

958 1749 1076 1772 rentur.
1103 1741 1134 1771 hi
1161 1741 1392 1782 foeneratores,
1427 1752 1457 1773 ut
1483 1752 1572 1774 erant
1599 1742 1694 1774 securi
1721 1741 1833 1781 sortis,

958 1792 1018 1813 una
1035 1791 1125 1813 erant
1149 1786 1295 1814 contenti
1312 1783 1500 1816 centesima:
1525 1793 1596 1824 quae
1614 1783 1748 1815 maxima
1766 1784 1835 1822 qui·

959 1826 1030 1854 dem
1049 1832 1114 1854 erat
1138 1825 1165 1855 ἃ
1181 1825 1375 1865 graviffima,
1397 1834 1427 1857 at
1452 1826 1572 1867 legibus
1589 1825 1750 1866 permissa,
1776 1833 1833 1856 un-

959 1869 999 1896 de
1018 1868 1045 1895 ὄι
1065 1866 1203 1906 legitima
1227 1868 1393 1907 appellata.
1416 1877 1530 1898 contra
1557 1867 1693 1908 improbi
1719 1873 1774 1897 aut
1789 1864 1835 1897 fa·

959 1914 1002 1938 tui
1027 1905 1239 1938 foeneratores
1263 1909 1446 1948 quaerebant
1470 1908 1596 1940 nomina
1619 1909 1717 1946 mala,
1749 1907 1834 1946 five,

960 1956 993 1979 ut
1008 1948 1140 1979 Senatus
1157 1949 1317 1989 loquitur,
1342 1952 1480 1988 incerta,
1505 1951 1535 1982 id
1552 1950 1616 1988 est,
1637 1949 1749 1990 quibus
1767 1958 1832 1980 non

960 1997 1109 2030 poterant
1140 1997 1210 2021 tuto
1232 1991 1318 2022 credi
1345 1991 1487 2030 pecuniae
1504 2015 1513 2029 ‚
1546 2001 1578 2022 ut
1603 1990 1831 2029 filiisfamilias‚

959 2032 1125 2072 prodigis,
1157 2032 1186 2062 ὅ(
1214 2032 1387 2064 luxuriosis.
1421 2034 1499 2065 tales
1524 2032 1736 2064 foeneratores
1765 2040 1833 2062 non

959 2073 1081 2104 stabant
1110 2075 1191 2104 intra
1217 2083 1308 2105 unam
1334 2074 1556 2112 centesimam,
1579 2073 1642 2106 sive
1658 2072 1834 2114 legitimam

960 2115 1088 2145 usuram.
1128 2114 1182 2145 sub
1215 2123 1373 2155 praetextu
1403 2115 1532 2156 periculi
1557 2116 1645 2156 quod
1668 2114 1832 2146 credendo
1859 2139 1864 2142 .

960 2164 1048 2186 crant
1066 2155 1213 2195 subituri,
1238 2155 1463 2198 stipulabantur
1483 2158 1589 2196 binas2
1613 2165 1734 2194 ternas,
1757 2164 1834 2196 qua-

962 2206 1087 2235 ternas,
1111 2197 1206 2228 etiam
1224 2201 1351 2238 quinas,
1374 2198 1571 2230 centesimas.
1615 2198 1675 2229 Res
1699 2197 1834 2228 incred'r-

961 2239 1046 2270 bilis:
1071 2247 1102 2269 at
1122 2248 1212 2277 vera,
1238 2249 1298 2271 nec
1314 2242 1417 2272 minus
1435 2242 1587 2280 improba.
1612 2238 1832 2270 adolescentes

961 2289 1050 2311 certe
1069 2289 1132 2311 iam
1156 2280 1341 2314 immanibus
1367 2282 1462 2314 usuris
1481 2281 1596 2321 exiguo
1614 2289 1761 2320 tempore
1777 2279 1832 2311 obn

962 2321 1022 2353 ruti
1047 2331 1108 2352 aere
1126 2323 1250 2359 alieno,
1274 2333 1370 2362 atque
1396 2323 1626 2360 inextricabili,
1651 2324 1724 2353 dum
1743 2322 1833 2352 vive-

963 2372 1010 2393 ret
1029 2371 1134 2403 pater,
1158 2363 1223 2403 ejus
1241 2363 1313 2395 vitae
1329 2364 1489 2395 struebant
1506 2362 1644 2395 insidias:
1663 2363 1831 2404 parricidio

963 2405 1150 2442 inventuri,
1184 2406 1266 2436 unde
1291 2405 1498 2436 dissolverent
1539 2415 1579 2436 aes
1609 2406 1755 2436 alienum.
1787 2402 1832 2436 ita

961 2447 1116 2485 optimum
1134 2446 1252 2477 faCtum
1269 2445 1420 2478 Senatus:
1445 2448 1600 2485 vetantis,
1621 2454 1759 2478 mutuam
1777 2455 1835 2485 pe-

962 2486 1083 2518 cuniam
1109 2486 1316 2519 filiisfamilias
1345 2488 1432 2526 dari3
1457 2487 1505 2524 «St,
1530 2487 1550 2519 fi
1576 2495 1686 2519 contra
1710 2486 1832 2518 fastum

962 2528 1058 2565 css'ct,
1083 2527 1274 2559 foeneratori
1291 2538 1329 2559 eo
1346 2531 1475 2560 nomine
1494 2528 1558 2560 dari
1575 2529 1731 2560 actionem
1752 2529 1832 2567 peti·

963 2569 1167 2608 tioneinque.
1192 2579 1255 2600 non
1278 2572 1374 2601 modo
1400 2579 1488 2610 patre
1507 2569 1599 2608 vivo,
1624 2571 1674 2602 sed
1700 2579 1831 2602 mortuo

962 2620 1107 2650 quoquc:
1132 2611 1268 2648 scilicet,
1291 2620 1324 2642 ut
1342 2621 1382 2642 rie
1398 2621 1474 2643 tunc
1491 2611 1617 2652 quidem
1637 2612 1757 2643 bonum
1777 2610 1831 2642 fie-

962 2661 1010 2683 ret
1033 2651 1223 2684 filiifamilias
1250 2662 1367 2684 nomen
1386 2677 1394 2689 ,
1425 2655 1511 2694 quod
1539 2654 1614 2684 vivo
1641 2661 1729 2694 patre
1761 2659 1829 2683 erat

962 2694 1087 2725 malurn.
1132 2693 1226 2732 Dixi,
1250 2693 1325 2733 quid
1344 2693 1417 2726 milii
1437 2696 1580 2725 videatur
1595 2696 1634 2726 de
1654 2697 1774 2726 ratione
1791 2701 1829 2722 ac

964 2734 1161 2774 providentia
1177 2734 1328 2773 Senatus,
1341 2746 1398 2776 pro
1415 2735 1557 2770 instituto
1575 2745 1660 2767 riunc
1677 2736 1828 2766 breviter.

965 2777 1089 2807 uberius
1114 2774 1163 2816 egi
1187 2777 1233 2806 lib.
1254 2786 1280 2808 2*
1308 2777 1469 2816 Defoenore
1493 2777 1528 2811 &2³
1544 2778 1640 2814 usuris
1656 2788 1678 2807 c.
1703 2785 1749 2816 13.
1773 2774 1827 2805 ad-

963 2819 1063 2847 ductis
1091 2827 1130 2847 ex
1164 2817 1320 2848 vetustate
1354 2818 1539 2850 testimoniis
1565 2817 1701 2858 pulchris
1730 2824 1828 2856 atque

962 2858 1159 2930 (uagantibus
1177 2881 1186 2897 ,
1217 2867 1286 2899 quae
1308 2860 1425 2892 ibidem
1458 2861 1554 2898 vide,
1585 2861 1614 2890 <St
1639 2857 1762 2899 juvabit
1784 2855 1830 2888 vi-

962 2899 990 2929 di
1018 2901 1047 2930 e.

1003 2939 1097 2971 Nunc
1119 2949 1195 2980 age,
1220 2941 1282 2979 ipsa
1302 2941 1434 2974 Senatus
1461 2942 1554 2972 verba
1579 2938 1828 2971 confideremus.

962 2980 1012 3012 Ait
1023 3006 1031 3019 ‚
1058 2982 1188 3021 Placere,
1212 2991 1247 3012 ne
1263 2985 1309 3014 oui
1324 2987 1375 3024 (μα’
1395 2981 1581 3022 filiofamilias
1598 2986 1727 3010 mutuam
1738 2986 1827 3021 pecu-

959 3023 1036 3053 m'um
1054 3022 1184 3063 dedzffet,
1208 3023 1280 3055 ηὲῗίο
1295 3020 1448 3066 peritiaque
1461 3026 1586 3053 daretur.
1606 3021 1733 3066 Verbo,
1759 3021 1830 3053 Pia·

959 3073 1032 3103 cere,
1045 3064 1175 3096 Senatus
1190 3066 1354 3097 decretum
1374 3064 1527 3104 indigitari
1539 3086 1547 3099 ,
1572 3062 1750 3094 oblervavit
1767 3062 1831 3095 Bu-

959 3106 1060 3143 daeus,
1085 3107 1196 3137 Anth.
1221 3110 1258 3138 ad
1281 3106 1413 3139 Pande&
1431 3113 1495 3145 pag.
1520 3106 1584 3144 ¹36·
1606 3103 1738 3142 Sensus,
1765 3105 1831 3138 De-

958 3146 1087 3179 creviss‘e
1117 3147 1288 3188 Senatum3
1319 3157 1358 3178 ne
1382 3145 1582 3176 filiofamilias
1605 3153 1713 3176 mutua
1737 3146 1830 3179 detur

45 3184 133 3218 illum
152 3186 264 3217 saevum
283 3185 375 3217 fuisl'e
393 3186 424 3219 in
441 3186 565 3227 servos,
589 3189 618 3220 ἅ
635 3190 663 3220 ἰη
682 3189 757 3220 villa
773 3188 910 3221 Formia-
954 3190 1097 3227 pecunia.
1122 3190 1337 3229 appellatione
1360 3195 1464 3218 autem
1482 3185 1674 3226 filiifamilias
1694 3187 1830 3220 Senatus

46 3235 85 3262 na
103 3228 143 3259 ab
163 3226 232 3269 ipsis
248 3227 280 3260 in
297 3227 412 3265 balneo
432 3228 546 3262 caesum
558 3252 570 3270 ,
594 3232 721 3264 tandem
747 3229 908 3272 expiraffe.
952 3230 1206 3272 indigitatfilium
1216 3231 1246 3262 in
1256 3228 1351 3271 pati-is
1358 3227 1517 3270 potestate
1526 3228 1744 3261 constitutum:
1757 3238 1830 3267 quas

1764 3270 1828 3305 lem
