2036 3495
389 81 452 124 An
479 87 573 122 Lm.
600 80 698 119 XVl.
727 82 829 119 Τῐτ.
858 82 884 120 Ι.

69 181 184 219 serint,
206 178 294 211 SCto
314 177 509 217 adjuvantur.
535 175 599 216 pari
627 173 711 204 enim
734 170 879 203 omnium
899 169 943 202 fa-

70 224 192 255 cilitate
218 218 436 253 intercedendi
457 240 467 256 ,
571 257 576 261 .
779 254 786 259 Ἴ

70 265 231 297 auxilium.
257 262 284 293 δι
308 259 481 292 commode
504 257 656 298 Ulpianus
679 255 697 284 l.
716 264 744 299 2...
770 254 798 294 ᾗ.
819 263 844 286 1.
868 255 895 284 h.
920 259 942 300 t.

70 306 166 340 Hoc.
192 304 313 345 inquit,
337 299 621 332 Senatuscotilulto
645 295 820 343 pleniffinie
839 304 942 342 omni-

68 348 126 379 bus
150 345 288 378 foeminis
313 343 500 374 subventum
526 339 598 371 esse.
641 337 715 368 Sic:
740 340 758 367 ll
784 345 846 382 pro
869 346 940 367 viris

67 388 269 421 intercedant
293 384 444 416 foeminae.
468 383 533 413 imo
557 381 586 411 ἅ
610 378 630 410 si
650 387 709 419 pro
721 377 882 423 -soeminisx
906 385 940 423 ut

69 431 152 461 enini
176 429 328 465 Senatus,
351 434 419 466 quae
436 423 612 454 intercedat
636 420 790 457 fcemiiia,
812 428 877 449 non
897 419 939 450 di·

68 471 212 511 ssinguit:
235 471 276 500 ita
302 477 361 498 nec
386 474 444 505 pro
467 472 531 503 quo
556 462 760 505 intercedat,
799 469 938 506 quaeren-

68 513 142 543 dum
162 520 259 551 putat.
284 514 408 548 poterat
424 507 552 544 quidem
574 502 737 535 honestior
763 502 859 532 videri
878 500 939 532 foe-

67 553 160 587 minae
187 562 244 592 pro
267 550 397 581 foemina
423 545 621 577 interceffio:
645 552 676 575 at
700 543 834 575 Senatus
863 551 938 587 con-

67 594 170 625 sulens
198 588 403 623 imbecillitati
423 586 534 625 sexus,
559 587 623 626 ejus
653 586 817 616 levitatem
843 592 938 614 etiam

66 635 127 667 hac
145 636 174 666 in
197 640 283 674 parte
299 629 504 670 improbavit.
531 627 610 658 vidit
628 627 692 658 hoc
710 626 821 657 Paulus
840 625 888 656 lie.
904 635 935 672 ‚²⁶

68 676 149 707 Sent.
172 676 216 705 tit.
235 683 279 704 xi.
302 672 342 703 iic
368 670 526 708 scribens;
550 669 587 701 In
603 671 679 700 enini
693 677 795 709 genere
813 672 937 708 negotzo-

66 727 132 748 rum
147 739 156 754 ,
179 714 215 749 δὲ)
240 714 463 754 obligationum,
488 717 548 742 tam
570 717 621 751 pro
649 711 742 749 viris,
773 717 861 782 qganz
885 714 938 748 pro

58 759 190 798 soemirzis
207 756 376 786 intercedere
398 753 528 784 mulieres
543 751 737 791 probibentur.
816 749 935 795 ystero-

67 800 150 837 logia
166 796 227 828 cst:
252 797 356 827 voluit
374 794 457 825 enim
476 795 602 831 dicere,
625 792 779 836 foeminas.
799 800 863 822 non
882 799 938 821 mi-

65 831 124 872 nus
143 837 323 879 prohiberi,
347 836 549 867 intercedere
574 843 632 874 pro
655 833 816 870 foeminis,
840 840 936 878 quam

63 889 124 922 pro
142 880 225 910 vii-is.
250 879 300 910 sed
318 877 395 909 nihil
415 877 616 908 mutandum:
640 875 811 916 frequente
834 874 936 917 tali-a·

64 923 130 963 pud
155 921 291 952 Veteres
315 918 561 960 Hysterologia:
585 925 618 949 ut
645 916 813 956 aliquoties
829 914 937 962 *obier-

27 962 28 966 ’
64 964 139 994 vavi
160 962 244 993 alibi.
288 960 409 992 Finiam
436 960 515 990 hanc
538 967 658 999 partem
678 957 738 1003 3⁴s1
764 957 935 994 addider0‚

65 1004 281 1037 infirmitatem
298 1001 387 1033 sexus
404 1001 563 1033 muliebris
582 1001 747 1032 latitudine
764 998 936 1029 verborum

68 1046 202 1077 Senatus
225 1045 306 1075 adeo
325 1044 469 1083 protegi3
494 1050 527 1073 ut
544 1051 578 1072 ea
595 1040 733 1072 foeminae
750 1049 813 1070 non
833 1040 936 1070 minus

68 1088 275 1127 adjuventur3
299 1084 317 1115 si
340 1094 397 1124 pro
415 1082 555 1124 personis
577 1081 753 1122 conjunCtis
776 1082 805 1127 ὃς
825 1089 934 1111 neces-

67 1129 170 1165 sariis,
196 1136 285 1167 quam
302 1125 322 1157 si
340 1135 397 1165 pro
414 1124 589 1160 extraneis,
613 1126 854 1154 intervenerint.
872 1130 936 1152 non

67 1169 213 1200 :ii-ctss'am
239 1174 432 1208 argumenta.
459 1165 571 1197 sufficit
595 1165 657 1196 hoc
675 1164 759 1196 Pauli
778 1164 796 1195 l.
819 1173 842 1194 1.
863 1163 889 1193 h.
915 1169 937 1192 t.

68 1211 215 1251 Vellejano
233 1207 479 1247 Senatnsconsnlto
493 1205 648 1248 plenifflnze
670 1205 936 1247 comprehenditur,

69 1253 121 1284 Ae
135 1261 186 1292 pro
210 1251 266 1281 ullo
275 1250 406 1289 foenzmae
425 1249 646 1279 intercederent:
669 1248 700 1278 id
731 1246 795 1284 est,
820 1255 859 1277 ne
881 1254 938 1284 pro

67 1294 136 1324 ullo
155 1295 241 1327 viro,
265 1299 319 1321 aut
343 1300 401 1331 pro
424 1291 484 1321 ulla
508 1289 657 1326 foeminzi,
680 1287 744 1319 five
769 1295 937 1324 extranea,

68 1334 133 1366 five
157 1332 323 1372 conjuncta
355 1331 384 1362 ἀ
409 1330 598 1362 necess'aria:
629 1337 665 1360 ut:
688 1328 751 1366 est,
775 1336 881 1369 pater,
905 1326 937 1358 fi-

68 1376 148 1413 lius,
172 1374 250 1411 filia,
276 1382 320 1404 vir
337 1372 481 1413 proprius
500 1372 527 1402 d.
552 1372 570 1402 l.
586 1381 613 1401 2.
630 1371 658 1412 §.
673 1371 727 1401 ult.
744 1371 762 1400 l.
773 1375 802 1403 8.
820 1369 853 1400 C.
868 1370 895 1399 l)⁴
913 1374 937 1416 t.

113 1416 217 1456 Pergit
241 1415 391 1445 Senatus:
417 1410 538 1451 Tametsi
553 1418 620 1444 ante
637 1413 754 1443 videtur
770 1413 812 1442 ita
826 1411 876 1454 jus
892 1410 933 1440 ἀι-

70 1458 148 1489 &arn
165 1457 214 1496 elle
225 1480 233 1494 ‚
252 1465 286 1486 ne
304 1465 332 1486 eo
347 1456 459 1485 nomine
475 1456 509 1485 ab
519 1454 563 1484 his
575 1455 674 1494 petitio
686 1477 695 1492 ‚
712 1462 782 1484 neve
797 1454 828 1483 in
845 1462 891 1483 eas
907 1461 936 1500 a·

70 1499 125 1530 ctio
147 1493 239 1529 delier.
288 1496 449 1533 Verbum,
478 1502 564 1532 ante,
589 1495 718 1533 accipe,
742 1501 816 1525 ante
839 1503 879 1524 ex
896 1493 935 1523 h-

73 1540 167 1570 dictis*
190 1538 418 1578 Imperatorum
443 1536 574 1576 Augusti
598 1536 628 1566 ὅ(
653 1535 793 1567 Claudii:
823 1535 936 1574 quibus

73 1589 141 1610 erat
158 1579 377 1615 interdictum,
400 1578 449 1609 Ne
465 1578 596 1616 saeminae
613 1584 665 1617 pro
681 1576 827 1616 virissuz's
849 1577 936 1606 inter-

74 1624 210 1651 cederent.
256 1619 454 1650 Caeteroruin
483 1619 655 1649 verborum
672 1641 681 1656 ‚
706 1618 755 1650 Ne
780 1627 808 1648 eo
826 1618 939 1648 nomine

74 1663 112 1693 ab
134 1662 176 1692 bis
188 1662 308 1701 petitio,
331 1669 401 1690 neve
424 1661 456 1690 in
483 1669 528 1690 eas
545 1657 617 1691 αὲἶίο
632 1660 734 1697 detur,
757 1669 820 1691 non
844 1658 890 1690 est
910 1668 939 1689 a·

73 1703 134 1734 lius
160 1702 261 1732 sensus
278 1724 288 1739 ,
320 1710 413 1742 quam
445 1701 479 1732 iis
504 1701 577 1732 dedi
601 1701 632 1731 in
656 1700 940 1731 Senatusconsulto

73 1743 325 1776 Macedoniano.
371 1742 449 1773 Puta
485 1743 603 1783 igitur,
632 1743 779 1782 petitionis
809 1743 941 1786 nomine

72 1785 322 1816 vindicationem
346 1785 479 1822 venii'e3
516 1783 648 1815 actionis
672 1784 802 1815 nomine
832 1784 941 1814 condi-

75 1826 238 1864 ctionem,
270 1824 321 1857 seu
343 1825 498 1856 actionem
516 1848 525 1862 ‚
556 1827 586 1856 in
611 1825 787 1865 personam.
810 1824 852 1856 fic
875 1824 943 1855 haec

74 1867 308 1909 distinguuntur
330 1867 424 1898 verba
443 1875 449 1896 :
481 1867 534 1897 hic
558 1876 598 1897 eo
625 1869 727 1898 verius
745 1889 755 1905 ,
787 1866 857 1905 quia
880 1865 943 1897 huc

73 1909 196 1940 ducunt
214 1909 332 1949 anctta
350 1908 418 1946 illa,
442 1909 477 1938 ab
493 1907 552 1945 his,
579 1909 606 1938 ἃ
625 1909 655 1938 in
672 1918 726 1938 eas.
770 1906 825 1939 Est
847 1909 942 1949 igitur

74 1948 208 1981 Senatus
228 1950 345 1987 sensus,
370 1949 457 1987 quod
475 1958 548 1979 ante
567 1958 609 1980 ex
630 1948 746 1981 Editus
766 1949 891 1990 Augusti
911 1949 942 1980 ὅτ.

74 1990 197 2022 Claudii
216 1990 316 2030 itajus
333 1990 447 2022 dictum
473 1989 534 2020 fuit
557 1991 596 2021 de
621 1990 821 2022 foeininarum
848 1992 941 2022 inter·

72 2032 279 2070 ceslionibus‚
302 2039 335 2063 ut
359 2031 421 2063 five
446 2032 484 2062 ab
504 2030 550 2062 his
575 2040 738 2072 peteretur
759 2032 885 2063 afflone
910 2032 941 2063 in

72 2083 140 2106 rem
162 2097 171 2112 ,
202 2073 265 2104 five
296 2073 440 2104 adversus
474 2082 524 2103 eas
565 2081 712 2114 ageretur
748 2073 872 2104 actione
910 2075 942 2105 in

72 2115 237 2155 personam
256 2125 266 2152 3
289 2123 422 2154 utraque
445 2114 662 2155 denegaretur*
708 2114 812 2146 Datur
836 2123 941 2146 autem

71 2157 104 2187 in
124 2155 285 2195 personam
304 2155 385 2186 attio
403 2164 442 2186 ex
460 2155 654 2195 fidejussione
677 2156 705 2187 &
720 2165 852 2196 mutuo,
877 2166 943 2188 ver-

74 2197 106 2228 bi
123 2198 239 2238 gratia;
263 2196 433 2227 vindicatio
457 2206 534 2227 vero
560 2207 600 2228 ex
623 2198 756 2239 pignore
778 2208 793 2228 a
810 2198 944 2230 muliere

75 2239 230 2276 obligato.
255 2239 342 2277 quod
367 2246 408 2268 eo
436 2238 616 2277 diligentius
640 2240 840 2271 notandum:
871 2239 943 2279 quia

74 2279 241 2310 confirmat
272 2288 309 2309 ea
334 2287 403 2318 quae
428 2279 467 2309 de
496 2278 698 2311 foeminarum
722 2280 943 2312 interceffione

73 2319 165 2361 supra
182 2320 304 2351 tradidi.
348 2319 508 2351 Caeterum
533 2320 684 2360 Senatus,
709 2331 782 2352 cum
807 2321 870 2360 ait,
893 2321 944 2353 Ne

71 2371 103 2392 en
124 2364 235 2392 nomine
256 2363 290 2392 ab
313 2361 357 2391 his
376 2362 490 2400 petitio,
516 2371 586 2392 neve
608 2363 640 2393 in
673 2372 718 2394 eas
740 2362 813 2393 otiio
836 2364 919 2394 detur
933 2385 942 2400 ,

72 2404 111 2434 ad
132 2403 280 2435 effectum
298 2402 460 2443 postulatae
475 2402 606 2434 actionis
629 2411 682 2434 aut·
707 2404 873 2444 petitionis
897 2414 942 2435 re-

73 2444 175 2484 spicit.
206 2453 270 2475 non
288 2443 332 2475 est
349 2444 432 2474 enim
459 2444 499 2475 illi
528 2446 721 2485 negotium,
752 2444 942 2477 interceffio-

74 2493 148 2516 nem
167 2486 232 2525 ipio
248 2486 315 2525 jure
334 2484 509 2516 infirmare:
534 2494 654 2517 tantum
672 2486 758 2524 vult,
782 2488 811 2517 ei
830 2496 845 2516 a
865 2487 943 2518 Prae-

77 2532 149 2556 tore
180 2525 328 2558 effectum
351 2526 511 2567 denegari.
536 2527 578 2557 ita
604 2527 657 2559 fit:
689 2537 722 2558 ut
745 2528 866 2559 Praetor
892 2537 931 2568 pe

76 2567 158 2597 tenti
175 2568 301 2604 quidem
321 2568 375 2598 det
399 2568 554 2599 actionem
579 2577 630 2599 aut
656 2569 866 2609 petitionem:
892 2569 944 2600 sed

76 2607 171 2638 addat
189 2608 413 2647 exceptionem
427 2633 435 2647 ‚
459 2608 559 2641 Extra
582 2619 675 2646 quam
701 2610 721 2641 si
741 2609 942 2642 intercessum

76 2647 114 2679 fit
138 2648 283 2680 adversus
304 2649 553 2687 prohibitionem
579 2651 720 2683 Senatus.
745 2661 806 2692 qua
825 2661 941 2692 excep-

76 2690 166 2720 tione
184 2688 346 2729 opposita‚
369 2689 390 2721 fi
406 2694 443 2722 ad
460 2692 579 2724 exitum
596 2692 798 2734 respicinius3
819 2694 880 2733 jam
898 2693 930 2724 ni

76 2729 121 2761 hil
147 2730 294 2768 interest,
318 2738 420 2762 utrum
443 2734 527 2763 nulla
553 2733 588 2765 fit
612 2736 684 2765 data
712 2734 814 2772 actio,
838 2745 875 2765 an
900 2743 943 2765 ta-

76 2771 132 2809 lis,
156 2781 224 2809 quae
246 2781 301 2810 pcr
318 2773 541 2811 exceptionem
558 2776 708 2807 elidatur:
732 2784 765 2806 ut
783 2776 837 2806 sub
852 2775 945 2807 Titu-

75 2812 134 2849 lis,
160 2812 211 2843 De
224 2813 423 2852 jurejurando
435 2837 443 2851 ,
468 2816 497 2844 δι
514 2814 564 2845 De
578 2816 860 2848 Senatusconsulto
874 2816 944 2849 Ma-

76 2853 260 2885 cedoniano
276 2853 320 2884 cst
340 2854 596 2888 demonstratum.

118 2896 170 2925 Ait
189 2896 339 2931 Senatus,
366 2895 439 2926 Cum
456 2906 501 2926 eas
515 2898 649 2929 virilibus
664 2900 765 2940 officiis
774 2900 889 2941 fungi,
907 2899 944 2934 δέ)

77 2936 141 2978 ejas
156 2937 268 2976 generis
289 2936 508 2976 obligationibus
534 2937 669 2982 obstringi
685 2952 741 2972 nori
752 2941 792 2979 fit
809 2951 943 2982 tequam,

77 2979 217 3008 arbitrari
234 2978 373 3008 Senatum
387 3001 396 3016 ‚
419 2978 489 3009 reste
514 2985 599 3020 atque
615 2983 710 3012 ordine
724 2982 879 3022 satiares,
903 2983 941 3012 ad

74 3029 145 3061 quos
164 3021 196 3050 de
211 3029 242 3050 ea
257 3028 286 3049 re
302 3020 333 3049 in
343 3019 411 3059 jure
425 3021 534 3050 aditum
553 3023 604 3052 erit
615 3021 656 3059 ,fi
670 3025 800 3054 dederint
819 3031 941 3064 operam,

75 3067 111 3091 ut
127 3063 157 3091 in
173 3071 204 3091 ea
219 3071 249 3091 re
266 3061 390 3091 Senatus
412 3061 547 3092 voluntas
569 3065 696 3099 servetur
751 3064 860 3096 Virilia
877 3064 940 3096 offi-

75 3102 123 3133 cia
146 3101 198 3133 hic
222 3103 394 3139 dicuntur,
427 3111 497 3142 quae
524 3103 697 3135 desiderant
723 3106 817 3136 animi
850 3106 946 3137 virilis

75 3143 304 3175 constantiam:
328 3153 516 3184 quamquam
546 3144 575 3175 in
599 3145 618 3175 l.
639 3154 661 3177 1.
687 3146 714 3188 §.
736 3158 763 3186 5.
789 3145 829 3176 D.
853 3148 885 3176 de
899 3154 945 3188 po—

70 3181 227 3225 stulando,
251 3185 288 3220 ἃ
311 3185 331 3218 l.
353 3189 398 3220 18.
426 3185 459 3219 C.
477 3186 510 3217 de
522 3189 760 3227 procuratoribus
783 3186 946 3223 sumuntur

936 81 990 118 Ad
1003 82 1305 130 Seiiatusconfitltam
1329 85 1536 132 Vellejamaem.

972 584 1027 623 sed
1051 585 1138 614 etiam
1163 585 1328 624 periculam
1348 587 1389 616 rei
1405 587 1578 626 familiaris.

1800 100 1868 116 ῃ-ικν

1799 116 1859 136 “a'‘

988 180 1048 212 pro
1068 171 1115 203 liis
1139 181 1209 211 quae
1232 176 1262 206 in.
1280 174 1298 205 l.
1319 183 1346 206 2.
1363 174 1405 206 D„
1423 177 1456 206 de
1472 176 1581 217 regulis
1599 176 1680 219 juris
1696 174 1802 209 officia
1820 178 1862 208 ci-

497 226 552 257 par
583 213 732 247 omnibus
766 212 945 244 debebatur
987 214 1061 244 vilia
1079 214 1299 254 appellantur3
1325 216 1353 247 ἂ
1371 217 1577 258 egrediuntur
1599 220 1755 259 pudorem
1776 218 1863 250 sexui.

986 263 1229 293 congruentem.
1272 257 1335 288 Sed
1353 258 1415 290 alio
1440 258 1578 299 respexit
1600 259 1744 291 Senatus.
1768 261 1801 291 id
1817 261 1862 291 vi-

986 296 1032 340 dit
1050 295 1205 336 Ulpianus
1221 297 1240 327 l.
1261 307 1288 328 2.
1304 298 1331 339 §.
1350 309 1376 330 2.
1393 300 1421 330 b.
1441 305 1461 330 t.
1486 301 1616 340 dicens,
1639 300 1793 333 Senatum
1812 308 1861 332 tu·

983 335 1051 367 liffe
1070 346 1167 377 opem
1191 338 1375 370 mulieribus
1394 349 1528 382 propter
1553 341 1643 374 sexus
1660 342 1862 374 imbecillita-

984 384 1060 408 tem.
1106 377 1180 409 Nec
1205 379 1309 411 minus
1332 380 1445 412 Paulus
1475 383 1493 412 l.
1513 392 1536 414 1.
1564 383 1592 423 §-
1621 393 1646 415 ι.
1672 385 1700 416 b.
1718 390 1738 414 t.
1762 384 1860 415 verba

982 418 1086 450 Pauli:
1109 420 1194 449 Sicut
1209 421 1333 450 moribus
1348 422 1449 452 civilia
1466 417 1788 465 officia‘adenzptafimt
1801 425 1862 465 foe·

981 461 1086 499 ruinis,
1108 459 1145 493 ὅ)
1157 461 1294 502 pleraque
1315 464 1371 502 ipso
1391 464 1460 503 jure
1481 474 1538 494 non
1560 467 1676 497 valent:
1699 469 1743 498 ita
1766 467 1857 498 multo

981 502 1074 541 magis
1089 503 1276 532 adimendam
1300 504 1339 533 eis
1347 503 1414 542 furt
1438 505 1467 535 id
1488 504 1614 545 officium
1630 509 1661 538 in
1677 518 1731 549 quo
1746 508 1862 548 nonja-

981 542 1010 572 la
1033 548 1118 582 opera
1141 545 1309 584 nudumque
1334 542 1527 585 ministerium
1553 557 1652 578 earum
1675 551 1858 588 versaretur,

1245 625 1249 628 ⁴
1623 588 1685 621 Vix
1712 590 1797 628 scio,
1819 599 1859 622 au

981 625 1092 656 addam
1105 648 1114 661 ‚
1139 625 1182 656 est
1201 635 1283 657 enim
1303 626 1424 666 levius,
1443 629 1530 667 quod
1547 627 1630 661 hanc
1646 630 1860 663 Senatuscon-

981 666 1050 696 sulti
1069 665 1258 705 formulam,
1284 667 1371 698 Recte
1391 674 1477 709 atque
1493 671 1610 708 ordine,
1634 671 1761 713 attingit
1784 671 1860 704 Bat-

981 707 1076 738 iiabas
1101 706 1272 739 Briss'onius
1296 709 1344 740 lib.
1364 719 1389 741 1.
1417 709 1517 742 Seleet.
1536 712 1628 753 antiq.
1651 723 1676 743 c.
1695 723 1724 749 9.
1749 715 1859 754 potius

980 748 1145 786 monebo,
1171 751 1257 789 quod
1277 751 1483 790 sequentibus
1500 752 1637 784 Senatus
1658 753 1781 792 verbis,
1804 755 1857 786 Aa

978 799 1048 830 quos
1067 791 1100 820 cle
1119 798 1152 821 ea
1168 799 1198 821 re
1215 792 1246 822 in
1262 792 1330 832 jure
1348 794 1461 824 aditum
1484 796 1559 833 erit,
1583 794 1767 836 indigitatur
1787 794 1861 827 Ma-

979 830 1143 871 gistratus,
1168 832 1254 871 cujus
1272 833 1444 872 jurisdictio
1463 834 1516 866 est.
1540 836 1659 875 qualis,
1684 836 1773 868 verbi
1790 846 1862 876 gra-

980 881 1041 909 tia,
1066 871 1204 909 Praetor,
1230 874 1270 904 de
1297 883 1333 904 ea
1352 883 1386 905 re
1406 875 1435 906 in
1452 876 1521 915 jure
1538 878 1613 908 adiri
1632 877 1750 909 solitus.
1793 878 1860 910 Ex—

979 913 1070 954 posui
1097 913 1229 945 Senatus
1258 916 1365 946 verba.
1396 925 1483 947 nunc
1516 926 1658 951 mentem
1682 928 1855 957 exponam.

979 954 1057 986 mihi
1072 953 1113 986 fic
1131 955 1275 988 videtur:
1299 957 1387 996 quod
1407 957 1541 990 Senatus
1560 969 1624 992 non
1644 959 1766 992 directo
1785 970 1860 1001 pro-

979 996 1088 1034 hibet,
1112 996 1352 1029 inter-cessiones
1381 1007 1397 1028 a
1420 998 1562 1031 foeminis
1587 1010 1646 1041 pro
1672 1001 1740 1033 aliis
1763 1001 1856 1034 fieri:

980 1047 1039 1069 nec
1068 1039 1166 1078 magis
1193 1038 1274 1079 agit,
1299 1047 1333 1069 ut
1357 1038 1447 1071 faCtae
1467 1041 1534 1081 ipso
1549 1042 1617 1081 jure
1643 1042 1859 1075 infirmentur.

980 1079 1086 1110 saltem
1113 1081 1175 1118 ait,
1210 1081 1239 1110 sc
1263 1080 1426 1119 arbitrari,
1449 1091 1512 1113 non
1538 1083 1600 1115 effe
1625 1094 1772 1125 aequum,
1804 1094 1857 1116 eas

980 1121 1130 1161 obstringi
1147 1120 1327 1161 hujusmodi
1345 1122 1593 1162 obligationibus
1618 1127 1747 1157 modurn
1765 1126 1857 1158 sexus

981 1161 1234 1203 egredientibus.-
1246 1163 1385 1203 ideoque
1403 1165 1565 1197 auctorem
1583 1165 1650 1198 fieri
1667 1165 1798 1199 Praetori
1816 1168 1857 1199 ad

981 1212 1077 1243 quem
1102 1204 1140 1234 de
1158 1213 1194 1235 ea
1217 1205 1296 1234 rein
1315 1205 1384 1244 jure
1400 1207 1549 1245 adeatur,
1571 1216 1606 1239 ut
1631 1209 1857 1241 interceffione

981 1253 1040 1285 pro
1058 1244 1123 1276 aliis
1139 1254 1155 1275 a
1176 1245 1308 1277 foemina
1322 1246 1444 1287 gestum
1465 1257 1504 1278 ex
1527 1257 1622 1289 aequo
1647 1250 1677 1281 ἂ
1700 1251 1789 1282 bono
1807 1259 1857 1281 re·

981 1286 1105 1318 stituat:
1128 1287 1159 1317 id
1185 1286 1252 1326 est,
1282 1288 1346 1327 ita;
1370 1296 1404 1319 ut
1429 1288 1520 1320 sexus
1544 1290 1757 1322 imbecillitati
1785 1292 1857 1323 data

980 1328 1175 1367 exceptione
1193 1327 1367 1360 succurrat:
1393 1330 1501 1369 (quod
1519 1330 1548 1362 δι
1566 1339 1640 1363 ante
1657 1331 1776 1364 Ediciis
1796 1333 1858 1363 Irn-

979 1378 1162 1410 peratorum
1186 1370 1315 1410 Augusti
1341 1370 1370 1401 ὅ(
1395 1371 1519 1404 Claudii
1545 1373 1686 1405 obtinuit
1702 1397 1711 1412 ‚
1741 1373 1762 1406 li
1785 1382 1857 1414 quae

980 1420 1039 1450 pro
1063 1411 1132 1441 viro
1155 1410 1209 1441 suo
1232 1412 1434 1444 interceffiffe
1461 1414 1649 1455 diceretur)
1679 1424 1740 1446 nec
1762 1415 1806 1446 ob
1824 1416 1858 1447 id

980 1452 1118 1493 negligat
1136 1453 1332 1492 creditores,
1351 1453 1369 1484 fi
1388 1454 1440 1485 vel
1458 1464 1568 1486 eorum
1584 1456 1633 1496 jus
1650 1455 1764 1488 servari
1782 1466 1858 1497 pos·

980 1493 1037 1525 sit:
1063 1493 1184 1525 tametsi
1203 1494 1234 1525 id
1252 1503 1326 1525 ante
1343 1504 1408 1525 non
1426 1494 1524 1526 fuerit
1540 1506 1640 1536 usque
1664 1507 1791 1538 quaque
1809 1497 1858 1529 fa·

980 1534 1074 1566 etum.
1117 1534 1168 1566 Sic
1186 1534 1328 1567 Senatus.
1370 1534 1458 1578 Quid
1474 1537 1620 1570 Praetor?
1644 1541 1803 1570 excitatus
1820 1548 1859 1570 ea

981 1576 1187 1614 auetoritate,
1211 1577 1376 1616 proposuit
1401 1577 1565 1610 Edictum:
1589 1579 1677 1619 cujus
1702 1579 1858 1612 sententia

980 1619 1071 1655 (nain
1097 1618 1193 1648 verba
1216 1618 1358 1658 periere)
1389 1628 1459 1650 inea
1484 1619 1656 1660 opinione,
1689 1621 1758 1653 talis
1782 1621 1856 1653 fuit.

985 1658 1072 1700 Quod
1091 1669 1156 1690 cuni.
1174 1660 1292 1690 muliere
1305 1659 1416 1701 gestum
1437 1662 1508 1699 erit,
1525 1660 1555 1699 fi
1573 1668 1627 1702 pro
1651 1662 1707 1693 alio
1721 1663 1858 1694 interces-

977 1701 1043 1741 fiffe
1066 1702 1197 1737 dicetur3
1220 1702 1265 1732 utz‘
1291 1711 1409 1743 quaeqae
1432 1712 1476 1733 res
1505 1705 1559 1734 erit
1576 1727 1586 1742 ,
1615 1705 1859 1736 animadvertam.

988 1744 1087 1785 Igitur
1103 1752 1176 1774 cum
1195 1752 1234 1774 ex
1250 1741 1371 1775 Edietis
1388 1743 1516 1785 Augusti
1538 1745 1568 1776 &
1592 1744 1735 1782 Claudii,
1760 1745 1780 1777 fi
1798 1755 1857 1786 pro

986 1785 1060 1816 viris
1078 1784 1136 1815 suis
1154 1783 1297 1816 foeminae
1315 1794 1375 1815 reae
1398 1784 1529 1823 fierent,
1554 1795 1627 1817 ante
1648 1787 1692 1817 ita
1709 1788 1755 1826 ius
1775 1789 1863 1818 dice-

984 1835 1092 1864 retur;
1116 1835 1156 1856 ne
1181 1836 1221 1857 eo
1243 1827 1375 1857 nomine
1401 1828 1432 1858 in
1460 1836 1511 1859 eas
1528 1827 1630 1866 actio,
1655 1838 1737 1859 neve
1754 1828 1792 1859 ab
1810 1828 1860 1861 his

985 1868 1101 1909 petitio
1117 1869 1261 1899 daretur:
1286 1867 1417 1899 Praetori
1437 1868 1501 1899 hoc
1520 1869 1589 1909 plus
1613 1878 1739 1911 aequum
1761 1869 1860 1902 visum

985 1909 1030 1941 est
1047 1933 1056 1946 ‚
1087 1918 1293 1949 quocumque
1320 1910 1418 1941 modo
1442 1910 1670 1943 intercesserint
1694 1911 1859 1951 foeminae,

985 1952 1025 1982 de
1046 1951 1269 1982 intercessione
1292 1953 1334 1981 ita
1358 1951 1407 1991 jus
1425 1952 1551 1983 dicere:
1575 1961 1609 1984 ut
1625 1962 1689 1984 non
1709 1954 1807 1985 solum
1825 1952 1861 1985 il-

984 1993 1021 2025 lis
1046 1991 1243 2023 succurratur
1265 1993 1335 2023 data
1361 1994 1575 2034 exceptione:
1599 1994 1652 2026 sed
1677 1995 1772 2026 etiam
1789 2004 1861 2026 cre-

984 2034 1080 2066 ditori
1108 2035 1137 2064 in
1163 2041 1308 2065 veterem
1334 2034 1531 2073 debitorem,
1555 2043 1609 2066 aut
1626 2045 1715 2067 certe
1737 2037 1767 2067 in
1785 2045 1862 2069 eum

985 2076 1038 2115 qui
1064 2075 1229 2107 mulierem
1255 2084 1314 2114 pro
1339 2076 1369 2107 se
1400 2085 1485 2108 ream
1509 2076 1742 2116 constituisset,
1776 2077 1861 2109 actio

983 2118 1085 2149 detur.
1131 2115 1209 2148 Hoc
1226 2115 1360 2148 censeo:
1384 2117 1412 2149 ἂ
1434 2116 1588 2159 fignificat
1608 2118 1720 2151 Paulus
1747 2119 1766 2149 1.
1785 2128 1810 2150 1.
1829 2118 1861 2161 §.

987 2168 1016 2190 2.
1041 2159 1069 2189 h.
1086 2163 1107 2188 t.
1131 2157 1271 2190 causatus
1287 2181 1297 2197 ‚
1334 2159 1421 2198 quod
1453 2163 1551 2201 magis
1577 2160 1706 2191 debitor
1722 2184 1732 2199 ,
1765 2169 1862 2199 quam

988 2198 1149 2238 creditor,
1173 2200 1338 2231 mulierem
1356 2200 1494 2241 decepit.
1539 2200 1601 2232 Sed
1620 2201 1718 2242 prima
1741 2202 1863 2234 Praeto-

987 2242 1028 2273 ris
1047 2250 1121 2272 cura
1136 2239 1201 2272 est:
1224 2251 1263 2272 ne
1279 2241 1362 2273 aetio
1389 2243 1573 2282 petitioque
1589 2242 1736 2275 adversus
1752 2242 1861 2275 foemi-

986 2291 1058 2314 nam
1078 2291 1117 2313 ex
1140 2283 1205 2322 ejus
1224 2282 1448 2315 interceffione
1465 2285 1567 2315 detur.
1592 2285 1680 2322 quod
1697 2286 1792 2316 etiam
1809 2293 1863 2316 an·

987 2331 1019 2355 te
1035 2322 1124 2354 fuisse
1140 2323 1363 2363 observatum,
1385 2325 1657 2357 Senatusconsulti
1684 2327 1788 2357 verbis
1805 2327 1861 2358 de-

986 2366 1121 2396 claratur
1153 2365 1227 2396 inde
1248 2365 1444 2405 Pomponius
1459 2366 1538 2406 l.32.
1559 2366 1589 2408 §.
1604 2377 1631 2398 2.
1650 2368 1677 2398 h.
1696 2373 1716 2400 t.
1737 2367 1861 2407 Τοιαοη,

987 2407 1110 2446 inquit,
1132 2407 1287 2445 sermonem
1312 2407 1560 2446 Senatusconsulti
1575 2406 1706 2449 speetare
1729 2410 1767 2440 ad
1787 2409 1864 2449 peti·

987 2449 1091 2478 tionem
1116 2458 1173 2478 non
1194 2449 1336 2479 dandam:
1367 2449 1398 2480 id
1422 2447 1484 2487 est,
1508 2450 1547 2480 ad
1574 2450 1707 2482 dandam
1735 2449 1862 2482 mulieri

987 2488 1227 2527 exceptionem.
1273 2489 1376 2520 Datur
1395 2499 1472 2521 vero
1498 2490 1550 2522 illa
1575 2501 1639 2523 non
1663 2499 1785 2523 tantum
1803 2491 1861 2532 ipsi

987 2530 1111 2561 mulieri
1136 2540 1204 2570 quae
1226 2531 1416 2562 intercessit:
1438 2531 1491 2562 sed
1516 2531 1684 2564 heredibus
1707 2542 1862 2574 quoque,

987 2580 1055 2603 eam
1076 2570 1146 2610 post
1163 2580 1301 2603 mortem
1320 2572 1618 2611 repraesentantibus
1635 2574 1653 2605 l.
1674 2584 1722 2606 20.
1740 2574 1772 2606 C.
1790 2576 1819 2606 h.
1835 2581 1858 2605 t.

987 2612 1036 2644 An
1061 2612 1090 2642 δι
1115 2611 1369 2653 fidejussoribus?
1393 2621 1520 2653 poterat
1547 2615 1701 2653 dubitari,
1724 2623 1859 2657 propter

986 2653 1258 2685 Senatusconsulti
1279 2655 1392 2693 verba,
1418 2655 1468 2686 Ne
1493 2665 1522 2686 eo
1539 2658 1651 2688 nomine
1669 2658 1704 2688 ab
1721 2658 1765 2688 bis
1783 2656 1859 2698 peti-

986 2697 1045 2733 tio,
1068 2704 1139 2726 neve
1162 2696 1193 2726 in
1209 2705 1256 2726 eas
1270 2694 1343 2726 αὲἶίο
1364 2697 1456 2727 detur.
1501 2697 1564 2729 Sed
1581 2697 1676 2730 facile
1701 2698 1858 2736 obtinuit,

988 2744 1022 2766 ut
1041 2737 1192 2774 exceptio
1208 2738 1335 2768 daretur
1351 2737 1537 2778 fidejussori,
1561 2739 1730 2781 regressum
1746 2740 1859 2770 adver-

988 2776 1036 2809 sus
1053 2777 1218 2809 mulierem
1238 2778 1402 2817 habitur03
1426 2789 1466 2811 eo
1489 2782 1576 2820 quod
1595 2782 1659 2813 hoc
1675 2780 1744 2812 casu
1769 2779 1859 2810 vide-

988 2826 1074 2849 retur
1098 2818 1152 2858 ipii
1176 2819 1417 2859 quodammodo
1440 2822 1562 2853 mulieri
1585 2823 1659 2853 dari.
1696 2821 1770 2851 illud
1798 2819 1858 2850 ob-

988 2858 1125 2898 scurius3
1149 2869 1185 2891 an
1204 2861 1287 2892 idem
1305 2862 1468 2901 obtineat,
1492 2863 1511 2895 fi
1535 2861 1695 2905 fidejussor
1712 2869 1776 2892 non
1801 2860 1858 2891 ha-

987 2900 1062 2931 beat
1088 2901 1256 2942 regressum
1280 2904 1382 2935 talem.
1407 2914 1470 2936 non
1496 2907 1579 2936 enim
1608 2903 1724 2942 placuit
1740 2901 1858 2933 Caffio.

989 2940 1041 2973 sed
1058 2942 1115 2973 alia
1134 2942 1192 2973 fuit
1206 2944 1319 2983 ⁴iuliani
1340 2945 1511 2978 sententia:
1535 2943 1676 2985 praefari,
1702 2942 1857 2976 Senatum

988 2991 1088 3015 totam
1120 2983 1300 3022 improbare
1326 2987 1555 3028 obligationem
1581 2986 1600 3015 1.
1624 2989 1669 3016 16.
1692 2984 1721 3026 §.
1743 2992 1768 3015 1.
1785 2985 1813 3016 b.
1834 2990 1858 3016 t.

987 3023 1111 3057 interim
1135 3024 1179 3057 est
1205 3026 1268 3058 hoc
1293 3037 1425 3068 quoque
1447 3027 1636 3066 quaestioni:
1667 3028 1777 3058 eadem
1804 3027 1859 3059 vel

988 3064 1076 3098 fimili
1106 3066 1377 3100 Senatusconsulti
1409 3066 1563 3107 Vellejani
1590 3067 1755 3099 locutione
1783 3077 1857 3109 quae

989 3107 1032 3138 est
1050 3107 1287 3141 Macedo-niani.
1313 3111 1342 3142 &
1370 3119 1474 3140 tamen
1501 3111 1530 3139 in
1550 3108 1614 3139 hoc
1629 3109 1692 3140 alio
1707 3110 1776 3150 jure
1794 3110 1858 3141 uti-

987 3157 1070 3180 mur:
1094 3158 1129 3181 ut
1155 3148 1310 3192 Ulpianus
1333 3151 1431 3182 refert
1455 3150 1473 3181 l.
1491 3159 1512 3186 9
1545 3149 1572 3192 §.
1590 3159 1618 3191 3.
1644 3151 1690 3182 D.
1716 3153 1750 3181 de
1766 3153 1857 3193 §enas

986 3192 1235 3265 tascffiqacedon.
1258 3193 1357 3225 Scio:
1379 3191 1555 3226 remedium
1578 3189 1654 3225 huic
1676 3191 1857 3266 difficigltgtx

1099 3242 1128 3264 m
1150 3242 1170 3274 3
1789 3243 1806 3266 e
1833 3242 1861 3269 ιε
