<?xml version="1.0" encoding="UTF-8"?>
<!DOCTYPE html PUBLIC "-//W3C//DTD XHTML 1.0 Transitional//EN"
    "http://www.w3.org/TR/xhtml1/DTD/xhtml1-transitional.dtd">
<html xmlns="http://www.w3.org/1999/xhtml" xml:lang="en" lang="en">
 <head>
  <title>
</title>
<meta http-equiv="Content-Type" content="text/html;charset=utf-8" />
  <meta name='ocr-system' content='tesseract 3.04.00' />
  <meta name='ocr-capabilities' content='ocr_page ocr_carea ocr_par ocr_line ocrx_word'/>
</head>
<body>
  <div class='ocr_page' id='page_1' title='image "./gerardinoodtnovi00nood_0812.png"; bbox 0 0 2036 3495; ppageno 0'>
   <div class='ocr_carea' id='block_1_1' title="bbox 166 61 1070 3193">
    <p class='ocr_par' dir='ltr' id='par_1_1' title="bbox 177 61 1057 801">
     <span class='ocr_line' id='line_1_1' title="bbox 177 61 948 113; baseline -0.018 -9"><span class='ocrx_word' id='word_1_1' title='bbox 177 78 248 113; x_wconf 83' lang='lat'>230</span> <span class='ocrx_word' id='word_1_2' title='bbox 600 61 633 97; x_wconf 91' lang='lat' dir='ltr'>G</span> <span class='ocrx_word' id='word_1_3' title='bbox 665 70 684 96; x_wconf 80' lang='lat' dir='ltr'>E</span> <span class='ocrx_word' id='word_1_4' title='bbox 717 69 739 93; x_wconf 74' lang='lat' dir='ltr'>R</span> <span class='ocrx_word' id='word_1_5' title='bbox 770 67 792 94; x_wconf 78' lang='lat' dir='ltr'>A</span> <span class='ocrx_word' id='word_1_6' title='bbox 821 66 845 92; x_wconf 80' lang='lat' dir='ltr'>R</span> <span class='ocrx_word' id='word_1_7' title='bbox 877 66 901 92; x_wconf 85' lang='lat' dir='ltr'>n</span> <span class='ocrx_word' id='word_1_8' title='bbox 934 64 948 91; x_wconf 91' lang='lat'>1</span> 
     </span>
     <span class='ocr_line' id='line_1_2' title="bbox 183 143 1054 197; baseline -0.015 -10"><span class='ocrx_word' id='word_1_9' title='bbox 183 156 311 197; x_wconf 85' lang='lat' dir='ltr'>quidam</span> <span class='ocrx_word' id='word_1_10' title='bbox 328 153 412 193; x_wconf 80' lang='lat' dir='ltr'>(hoc</span> <span class='ocrx_word' id='word_1_11' title='bbox 430 159 548 183; x_wconf 89' lang='lat' dir='ltr'>nomen</span> <span class='ocrx_word' id='word_1_12' title='bbox 565 147 698 191; x_wconf 41' lang='lat' dir='ltr'>indicat·</span> <span class='ocrx_word' id='word_1_13' title='bbox 710 144 775 190; x_wconf 75' lang='lat' dir='ltr'>loci</span> <span class='ocrx_word' id='word_1_14' title='bbox 793 143 980 184; x_wconf 84' lang='lat' dir='ltr'>Inscriptio)</span> <span class='ocrx_word' id='word_1_15' title='bbox 998 144 1054 175; x_wconf 91' lang='lat' dir='ltr'>do-</span> 
     </span>
     <span class='ocr_line' id='line_1_3' title="bbox 182 189 1056 232; baseline -0.015 -3"><span class='ocrx_word' id='word_1_16' title='bbox 182 197 315 229; x_wconf 84' lang='lat' dir='ltr'>minium</span> <span class='ocrx_word' id='word_1_17' title='bbox 340 192 484 232; x_wconf 89' lang='lat' dir='ltr'>mancipii</span> <span class='ocrx_word' id='word_1_18' title='bbox 500 201 517 221; x_wconf 88' lang='lat' dir='ltr'>a</span> <span class='ocrx_word' id='word_1_19' title='bbox 532 190 563 220; x_wconf 92' lang='lat' dir='ltr'>se</span> <span class='ocrx_word' id='word_1_20' title='bbox 579 189 698 219; x_wconf 89' lang='lat' dir='ltr'>venditi</span> <span class='ocrx_word' id='word_1_21' title='bbox 717 196 747 217; x_wconf 90' lang='lat' dir='ltr'>in</span> <span class='ocrx_word' id='word_1_22' title='bbox 762 195 942 226; x_wconf 84' lang='lat' dir='ltr'>emptorem</span> <span class='ocrx_word' id='word_1_23' title='bbox 959 194 1056 217; x_wconf 88' lang='lat' dir='ltr'>trans-</span> 
     </span>
     <span class='ocr_line' id='line_1_4' title="bbox 184 227 1055 273; baseline -0.014 -4"><span class='ocrx_word' id='word_1_24' title='bbox 184 239 276 269; x_wconf 89' lang='lat' dir='ltr'>tulit:</span> <span class='ocrx_word' id='word_1_25' title='bbox 300 245 335 266; x_wconf 83' lang='lat' dir='ltr'>ea</span> <span class='ocrx_word' id='word_1_26' title='bbox 358 235 447 273; x_wconf 83' lang='lat' dir='ltr'>lege,</span> <span class='ocrx_word' id='word_1_27' title='bbox 470 239 504 262; x_wconf 90' lang='lat' dir='ltr'>ut</span> <span class='ocrx_word' id='word_1_28' title='bbox 529 237 640 261; x_wconf 89' lang='lat' dir='ltr'>contra</span> <span class='ocrx_word' id='word_1_29' title='bbox 665 228 792 259; x_wconf 85' lang='lat' dir='ltr'>daretur</span> <span class='ocrx_word' id='word_1_30' title='bbox 810 227 956 266; x_wconf 85' lang='lat' dir='ltr'>pretium.</span> <span class='ocrx_word' id='word_1_31' title='bbox 990 236 1055 257; x_wconf 90' lang='lat' dir='ltr'>em-</span> 
     </span>
     <span class='ocr_line' id='line_1_5' title="bbox 184 266 1055 319; baseline -0.014 -10"><span class='ocrx_word' id='word_1_32' title='bbox 184 287 262 319; x_wconf 85' lang='lat' dir='ltr'>ptor</span> <span class='ocrx_word' id='word_1_33' title='bbox 271 275 365 307; x_wconf 75' lang='lat' dir='ltr'>cess&#39;at</span> <span class='ocrx_word' id='word_1_34' title='bbox 374 275 458 304; x_wconf 87' lang='lat' dir='ltr'>dare.</span> <span class='ocrx_word' id='word_1_35' title='bbox 483 271 634 302; x_wconf 88' lang='lat' dir='ltr'>venditor</span> <span class='ocrx_word' id='word_1_36' title='bbox 646 269 714 299; x_wconf 90' lang='lat' dir='ltr'>vult</span> <span class='ocrx_word' id='word_1_37' title='bbox 730 268 921 307; x_wconf 80' lang='lat' dir='ltr'>mancipium</span> <span class='ocrx_word' id='word_1_38' title='bbox 938 266 991 299; x_wconf 87' lang='lat' dir='ltr'>fibi</span> <span class='ocrx_word' id='word_1_39' title='bbox 1008 277 1055 298; x_wconf 91' lang='lat' dir='ltr'>re-</span> 
     </span>
     <span class='ocr_line' id='line_1_6' title="bbox 183 309 1054 354; baseline -0.013 -4"><span class='ocrx_word' id='word_1_40' title='bbox 183 318 279 351; x_wconf 89' lang='lat' dir='ltr'>stitui.</span> <span class='ocrx_word' id='word_1_41' title='bbox 303 325 340 346; x_wconf 90' lang='lat' dir='ltr'>an</span> <span class='ocrx_word' id='word_1_42' title='bbox 364 312 470 354; x_wconf 88' lang='lat' dir='ltr'>potest</span> <span class='ocrx_word' id='word_1_43' title='bbox 492 321 533 343; x_wconf 83' lang='lat' dir='ltr'>ex</span> <span class='ocrx_word' id='word_1_44' title='bbox 560 309 772 349; x_wconf 73' lang='lat' dir='ltr'>poenitentia?</span> <span class='ocrx_word' id='word_1_45' title='bbox 796 310 934 340; x_wconf 88' lang='lat' dir='ltr'>minime.</span> <span class='ocrx_word' id='word_1_46' title='bbox 957 310 1054 349; x_wconf 87' lang='lat' dir='ltr'>idque</span> 
     </span>
     <span class='ocr_line' id='line_1_7' title="bbox 183 349 1052 398; baseline -0.013 -8"><span class='ocrx_word' id='word_1_47' title='bbox 183 358 251 398; x_wconf 79' lang='lat' dir='ltr'>ipse</span> <span class='ocrx_word' id='word_1_48' title='bbox 264 365 327 388; x_wconf 93' lang='lat' dir='ltr'>non</span> <span class='ocrx_word' id='word_1_49' title='bbox 337 356 480 395; x_wconf 84' lang='lat' dir='ltr'>ignorat:</span> <span class='ocrx_word' id='word_1_50' title='bbox 501 353 530 384; x_wconf 72' lang='grc' dir='ltr'>δε</span> <span class='ocrx_word' id='word_1_51' title='bbox 548 351 622 383; x_wconf 87' lang='lat' dir='ltr'>ideo</span> <span class='ocrx_word' id='word_1_52' title='bbox 632 351 714 391; x_wconf 84' lang='lat' dir='ltr'>petit</span> <span class='ocrx_word' id='word_1_53' title='bbox 725 351 764 382; x_wconf 90' lang='lat' dir='ltr'>ab</span> <span class='ocrx_word' id='word_1_54' title='bbox 778 349 878 390; x_wconf 85' lang='lat' dir='ltr'>impp.</span> <span class='ocrx_word' id='word_1_55' title='bbox 892 349 1052 381; x_wconf 81' lang='lat' dir='ltr'>Diocleti-</span> 
     </span>
     <span class='ocr_line' id='line_1_8' title="bbox 185 390 1055 432; baseline -0.01 -2"><span class='ocrx_word' id='word_1_56' title='bbox 185 408 247 430; x_wconf 88' lang='lat' dir='ltr'>ano</span> <span class='ocrx_word' id='word_1_57' title='bbox 264 399 293 428; x_wconf 84' lang='lat'>&amp;</span> <span class='ocrx_word' id='word_1_58' title='bbox 313 394 528 432; x_wconf 79' lang='lat' dir='ltr'>Maximiano,</span> <span class='ocrx_word' id='word_1_59' title='bbox 544 393 736 432; x_wconf 83' lang='lat' dir='ltr'>mancipium</span> <span class='ocrx_word' id='word_1_60' title='bbox 747 391 800 423; x_wconf 86' lang='lat' dir='ltr'>fibi</span> <span class='ocrx_word' id='word_1_61' title='bbox 811 400 851 422; x_wconf 85' lang='lat' dir='ltr'>ex</span> <span class='ocrx_word' id='word_1_62' title='bbox 868 400 978 422; x_wconf 89' lang='lat' dir='ltr'>eorum</span> <span class='ocrx_word' id='word_1_63' title='bbox 996 390 1055 422; x_wconf 92' lang='lat' dir='ltr'>Re·</span> 
     </span>
     <span class='ocr_line' id='line_1_9' title="bbox 184 433 1053 478; baseline -0.008 -8"><span class='ocrx_word' id='word_1_64' title='bbox 184 439 303 478; x_wconf 89' lang='lat' dir='ltr'>scripto</span> <span class='ocrx_word' id='word_1_65' title='bbox 320 437 469 477; x_wconf 80' lang='lat' dir='ltr'>assignari.</span> <span class='ocrx_word' id='word_1_66' title='bbox 492 434 555 466; x_wconf 88' lang='lat' dir='ltr'>Sed</span> <span class='ocrx_word' id='word_1_67' title='bbox 582 433 813 473; x_wconf 85' lang='lat' dir='ltr'>Imperatores,</span> <span class='ocrx_word' id='word_1_68' title='bbox 837 433 985 471; x_wconf 88' lang='lat' dir='ltr'>incivile,</span> <span class='ocrx_word' id='word_1_69' title='bbox 1010 433 1053 463; x_wconf 91' lang='lat' dir='ltr'>in-</span> 
     </span>
     <span class='ocr_line' id='line_1_10' title="bbox 184 473 1054 520; baseline -0.009 -9"><span class='ocrx_word' id='word_1_70' title='bbox 184 480 317 520; x_wconf 88' lang='lat' dir='ltr'>quiunt,</span> <span class='ocrx_word' id='word_1_71' title='bbox 339 484 434 517; x_wconf 85' lang='lat' dir='ltr'>atque</span> <span class='ocrx_word' id='word_1_72' title='bbox 454 475 633 507; x_wconf 72' lang='lat' dir='ltr'>inusitatum</span> <span class='ocrx_word' id='word_1_73' title='bbox 649 474 712 512; x_wconf 90' lang='lat' dir='ltr'>est,</span> <span class='ocrx_word' id='word_1_74' title='bbox 735 474 821 514; x_wconf 88' lang='lat' dir='ltr'>quod</span> <span class='ocrx_word' id='word_1_75' title='bbox 839 473 995 513; x_wconf 84' lang='lat' dir='ltr'>postulas,</span> <span class='ocrx_word' id='word_1_76' title='bbox 1019 481 1054 503; x_wconf 89' lang='lat' dir='ltr'>ut</span> 
     </span>
     <span class='ocr_line' id='line_1_11' title="bbox 182 513 1054 559; baseline -0.009 -7"><span class='ocrx_word' id='word_1_77' title='bbox 182 520 379 559; x_wconf 82' lang='lat' dir='ltr'>mancipium</span> <span class='ocrx_word' id='word_1_78' title='bbox 395 518 481 558; x_wconf 82' lang='lat' dir='ltr'>cujus</span> <span class='ocrx_word' id='word_1_79' title='bbox 498 517 675 548; x_wconf 90' lang='lat' dir='ltr'>dominium</span> <span class='ocrx_word' id='word_1_80' title='bbox 698 525 738 546; x_wconf 81' lang='lat' dir='ltr'>ex</span> <span class='ocrx_word' id='word_1_81' title='bbox 755 513 844 545; x_wconf 83' lang='lat' dir='ltr'>causa</span> <span class='ocrx_word' id='word_1_82' title='bbox 860 514 1054 545; x_wconf 83' lang='lat' dir='ltr'>venditionis</span> 
     </span>
     <span class='ocr_line' id='line_1_12' title="bbox 182 554 1053 598; baseline -0.008 -5"><span class='ocrx_word' id='word_1_83' title='bbox 182 560 359 598; x_wconf 82' lang='lat' dir='ltr'>tradidisti,</span> <span class='ocrx_word' id='word_1_84' title='bbox 382 560 474 590; x_wconf 83' lang='lat' dir='ltr'>invito</span> <span class='ocrx_word' id='word_1_85' title='bbox 491 565 628 597; x_wconf 84' lang='lat' dir='ltr'>emptore,</span> <span class='ocrx_word' id='word_1_86' title='bbox 653 557 703 587; x_wconf 91' lang='lat' dir='ltr'>vel</span> <span class='ocrx_word' id='word_1_87' title='bbox 719 557 813 587; x_wconf 80' lang='lat' dir='ltr'>invito</span> <span class='ocrx_word' id='word_1_88' title='bbox 829 564 874 586; x_wconf 84' lang='lat' dir='ltr'>ero</span> <span class='ocrx_word' id='word_1_89' title='bbox 891 555 952 594; x_wconf 84' lang='lat' dir='ltr'>(iic</span> <span class='ocrx_word' id='word_1_90' title='bbox 970 554 1053 586; x_wconf 89' lang='lat' dir='ltr'>enim</span> 
     </span>
     <span class='ocr_line' id='line_1_13' title="bbox 184 596 1057 644; baseline -0.007 -10"><span class='ocrx_word' id='word_1_91' title='bbox 184 604 280 644; x_wconf 87' lang='lat' dir='ltr'>lego,</span> <span class='ocrx_word' id='word_1_92' title='bbox 305 610 377 632; x_wconf 92' lang='lat' dir='ltr'>cum</span> <span class='ocrx_word' id='word_1_93' title='bbox 395 601 468 631; x_wconf 89' lang='lat' dir='ltr'>alias</span> <span class='ocrx_word' id='word_1_94' title='bbox 493 599 580 630; x_wconf 88' lang='lat' dir='ltr'>nullo</span> <span class='ocrx_word' id='word_1_95' title='bbox 597 596 684 629; x_wconf 88' lang='lat' dir='ltr'>sensu</span> <span class='ocrx_word' id='word_1_96' title='bbox 701 596 871 634; x_wconf 82' lang='lat' dir='ltr'>scribatur,</span> <span class='ocrx_word' id='word_1_97' title='bbox 894 597 988 626; x_wconf 83' lang='lat' dir='ltr'>invito</span> <span class='ocrx_word' id='word_1_98' title='bbox 1004 605 1032 626; x_wconf 87' lang='lat' dir='ltr'>eo</span> <span class='ocrx_word' id='word_1_99' title='bbox 1046 607 1057 628; x_wconf 84' lang='grc'>.-</span> 
     </span>
     <span class='ocr_line' id='line_1_14' title="bbox 185 636 1055 682; baseline -0.009 -7"><span class='ocrx_word' id='word_1_100' title='bbox 185 653 223 675; x_wconf 89' lang='lat' dir='ltr'>ut</span> <span class='ocrx_word' id='word_1_101' title='bbox 242 643 363 682; x_wconf 87' lang='lat' dir='ltr'>pridem</span> <span class='ocrx_word' id='word_1_102' title='bbox 381 640 544 672; x_wconf 84' lang='lat' dir='ltr'>observavi</span> <span class='ocrx_word' id='word_1_103' title='bbox 562 640 609 669; x_wconf 82' lang='lat' dir='ltr'>lib.</span> <span class='ocrx_word' id='word_1_104' title='bbox 627 648 655 669; x_wconf 83' lang='lat'>2.</span> <span class='ocrx_word' id='word_1_105' title='bbox 667 638 786 677; x_wconf 61' lang='lat' dir='ltr'>Obsserv.</span> <span class='ocrx_word' id='word_1_106' title='bbox 804 647 827 668; x_wconf 92' lang='lat' dir='ltr'>c.</span> <span class='ocrx_word' id='word_1_107' title='bbox 847 637 914 678; x_wconf 87' lang='lat'>25.)</span> <span class='ocrx_word' id='word_1_108' title='bbox 930 646 971 668; x_wconf 85' lang='lat' dir='ltr'>ex</span> <span class='ocrx_word' id='word_1_109' title='bbox 990 636 1055 668; x_wconf 88' lang='lat' dir='ltr'>nos-</span> 
     </span>
     <span class='ocr_line' id='line_1_15' title="bbox 186 679 1057 722; baseline -0.009 -6"><span class='ocrx_word' id='word_1_110' title='bbox 186 693 239 716; x_wconf 84' lang='lat' dir='ltr'>tro</span> <span class='ocrx_word' id='word_1_111' title='bbox 260 683 426 722; x_wconf 88' lang='lat' dir='ltr'>Rescripto</span> <span class='ocrx_word' id='word_1_112' title='bbox 443 682 499 712; x_wconf 91' lang='lat' dir='ltr'>tibi</span> <span class='ocrx_word' id='word_1_113' title='bbox 511 681 689 720; x_wconf 73' lang='lat' dir='ltr'>assignetur.</span> <span class='ocrx_word' id='word_1_114' title='bbox 706 679 786 710; x_wconf 87' lang='lat' dir='ltr'>Sane</span> <span class='ocrx_word' id='word_1_115' title='bbox 803 680 842 710; x_wconf 93' lang='lat' dir='ltr'>de</span> <span class='ocrx_word' id='word_1_116' title='bbox 859 679 965 718; x_wconf 87' lang='lat' dir='ltr'>pretio</span> <span class='ocrx_word' id='word_1_117' title='bbox 981 687 1057 709; x_wconf 81' lang='lat' dir='ltr'>con·</span> 
     </span>
     <span class='ocr_line' id='line_1_16' title="bbox 185 719 1057 765; baseline -0.009 -8"><span class='ocrx_word' id='word_1_118' title='bbox 185 725 297 757; x_wconf 88' lang='lat' dir='ltr'>venire</span> <span class='ocrx_word' id='word_1_119' title='bbox 307 731 400 765; x_wconf 89' lang='lat' dir='ltr'>potes</span> <span class='ocrx_word' id='word_1_120' title='bbox 410 722 618 754; x_wconf 84' lang='lat' dir='ltr'>adversarium</span> <span class='ocrx_word' id='word_1_121' title='bbox 629 729 726 751; x_wconf 69' lang='lat' dir='ltr'>tuum,</span> <span class='ocrx_word' id='word_1_122' title='bbox 736 720 834 751; x_wconf 86' lang='lat' dir='ltr'>Iidem</span> <span class='ocrx_word' id='word_1_123' title='bbox 845 719 1057 759; x_wconf 79' lang='lat' dir='ltr'>Imperatores</span> 
     </span>
     <span class='ocr_line' id='line_1_17' title="bbox 187 760 1057 801; baseline -0.008 -3"><span class='ocrx_word' id='word_1_124' title='bbox 187 767 207 798; x_wconf 85' lang='lat' dir='ltr'>l.</span> <span class='ocrx_word' id='word_1_125' title='bbox 236 775 280 798; x_wconf 87' lang='lat'>12.</span> <span class='ocrx_word' id='word_1_126' title='bbox 309 766 340 797; x_wconf 90' lang='lat' dir='ltr'>C.</span> <span class='ocrx_word' id='word_1_127' title='bbox 362 767 394 795; x_wconf 79' lang='lat' dir='ltr'>de</span> <span class='ocrx_word' id='word_1_128' title='bbox 410 764 534 794; x_wconf 75' lang='lat' dir='ltr'>control).</span> <span class='ocrx_word' id='word_1_129' title='bbox 564 768 648 801; x_wconf 84' lang='lat' dir='ltr'>empt.</span> <span class='ocrx_word' id='word_1_130' title='bbox 680 762 764 793; x_wconf 83' lang='lat' dir='ltr'>idern</span> <span class='ocrx_word' id='word_1_131' title='bbox 790 760 831 792; x_wconf 80' lang='lat' dir='ltr'>fic</span> <span class='ocrx_word' id='word_1_132' title='bbox 857 762 1057 800; x_wconf 84' lang='lat' dir='ltr'>exprimunt:</span> 
     </span>
    </p>

    <p class='ocr_par' dir='ltr' id='par_1_2' title="bbox 166 801 1069 2569">
     <span class='ocr_line' id='line_1_18' title="bbox 166 801 1056 845; baseline -0.007 -7"><span class='ocrx_word' id='word_1_133' title='bbox 166 813 169 822; x_wconf 79' lang='lat'><strong>¹</strong></span> <span class='ocrx_word' id='word_1_134' title='bbox 186 808 321 841; x_wconf 84' lang='lat' dir='ltr'>Pretium</span> <span class='ocrx_word' id='word_1_135' title='bbox 334 806 436 845; x_wconf 74' lang='lat' dir='ltr'>stine..</span> <span class='ocrx_word' id='word_1_136' title='bbox 449 829 455 835; x_wconf 89' lang='lat'><strong><em>.</em></strong></span> <span class='ocrx_word' id='word_1_137' title='bbox 467 805 528 844; x_wconf 83' lang='lat' dir='ltr'>peti</span> <span class='ocrx_word' id='word_1_138' title='bbox 550 801 655 844; x_wconf 77' lang='lat' dir='ltr'>potest:</span> <span class='ocrx_word' id='word_1_139' title='bbox 678 812 728 833; x_wconf 83' lang='lat' dir='ltr'>nec</span> <span class='ocrx_word' id='word_1_140' title='bbox 745 803 839 839; x_wconf 79' lang='lat' dir='ltr'>enim,</span> <span class='ocrx_word' id='word_1_141' title='bbox 863 802 926 832; x_wconf 81' lang='lat' dir='ltr'>licet</span> <span class='ocrx_word' id='word_1_142' title='bbox 943 805 973 832; x_wconf 84' lang='lat' dir='ltr'>in</span> <span class='ocrx_word' id='word_1_143' title='bbox 992 811 1056 832; x_wconf 84' lang='lat' dir='ltr'>con-</span> 
     </span>
     <span class='ocr_line' id='line_1_19' title="bbox 187 841 1058 887; baseline -0.008 -8"><span class='ocrx_word' id='word_1_144' title='bbox 187 851 295 880; x_wconf 79' lang='lat' dir='ltr'>tinenti</span> <span class='ocrx_word' id='word_1_145' title='bbox 311 847 417 887; x_wconf 65' lang='lat' dir='ltr'>sotici,</span> <span class='ocrx_word' id='word_1_146' title='bbox 440 847 612 884; x_wconf 80' lang='lat' dir='ltr'>poeizitenti&#39;ae</span> <span class='ocrx_word' id='word_1_147' title='bbox 641 841 803 883; x_wconf 79' lang='lat' dir='ltr'>contestatio</span> <span class='ocrx_word' id='word_1_148' title='bbox 821 844 955 883; x_wconf 78' lang='lat' dir='ltr'>consensu</span> <span class='ocrx_word' id='word_1_149' title='bbox 966 842 1058 882; x_wconf 73' lang='lat' dir='ltr'>fiuitsi</span> 
     </span>
     <span class='ocr_line' id='line_1_20' title="bbox 188 885 1059 926; baseline -0.009 -5"><span class='ocrx_word' id='word_1_150' title='bbox 188 890 333 926; x_wconf 76' lang='lat' dir='ltr'>rescindit,</span> <span class='ocrx_word' id='word_1_151' title='bbox 352 886 485 919; x_wconf 87' lang='lat' dir='ltr'>Interest</span> <span class='ocrx_word' id='word_1_152' title='bbox 504 887 597 926; x_wconf 84' lang='lat' dir='ltr'>igitur</span> <span class='ocrx_word' id='word_1_153' title='bbox 615 886 697 916; x_wconf 90' lang='lat' dir='ltr'>inter</span> <span class='ocrx_word' id='word_1_154' title='bbox 715 885 898 915; x_wconf 70' lang='lat' dir='ltr'>contr-acius</span> <span class='ocrx_word' id='word_1_155' title='bbox 915 885 1059 914; x_wconf 85' lang='lat' dir='ltr'>nomina-</span> 
     </span>
     <span class='ocr_line' id='line_1_21' title="bbox 185 925 1061 966; baseline -0.008 -4"><span class='ocrx_word' id='word_1_156' title='bbox 185 939 239 962; x_wconf 84' lang='lat' dir='ltr'>tos</span> <span class='ocrx_word' id='word_1_157' title='bbox 253 931 282 961; x_wconf 87' lang='lat'>&amp;</span> <span class='ocrx_word' id='word_1_158' title='bbox 299 930 529 960; x_wconf 86' lang='lat' dir='ltr'>innominatos:</span> <span class='ocrx_word' id='word_1_159' title='bbox 545 929 632 966; x_wconf 87' lang='lat' dir='ltr'>quod</span> <span class='ocrx_word' id='word_1_160' title='bbox 649 927 679 957; x_wconf 92' lang='lat' dir='ltr'>in</span> <span class='ocrx_word' id='word_1_161' title='bbox 697 925 760 956; x_wconf 77' lang='lat' dir='ltr'>istis</span> <span class='ocrx_word' id='word_1_162' title='bbox 771 928 865 957; x_wconf 85' lang='lat' dir='ltr'>etiam</span> <span class='ocrx_word' id='word_1_163' title='bbox 884 925 928 956; x_wconf 91' lang='lat' dir='ltr'>est</span> <span class='ocrx_word' id='word_1_164' title='bbox 938 926 999 956; x_wconf 88' lang='lat' dir='ltr'>dati</span> <span class='ocrx_word' id='word_1_165' title='bbox 1016 934 1061 955; x_wconf 88' lang='lat' dir='ltr'>re-</span> 
     </span>
     <span class='ocr_line' id='line_1_22' title="bbox 185 966 1062 1009; baseline -0.008 -7"><span class='ocrx_word' id='word_1_166' title='bbox 185 972 321 1009; x_wconf 77' lang='lat' dir='ltr'>petitio:</span> <span class='ocrx_word' id='word_1_167' title='bbox 332 971 362 1001; x_wconf 89' lang='lat' dir='ltr'>in</span> <span class='ocrx_word' id='word_1_168' title='bbox 373 970 430 1001; x_wconf 86' lang='lat' dir='ltr'>illis</span> <span class='ocrx_word' id='word_1_169' title='bbox 442 977 561 999; x_wconf 87' lang='lat' dir='ltr'>tantum</span> <span class='ocrx_word' id='word_1_170' title='bbox 576 967 712 1008; x_wconf 83' lang='lat' dir='ltr'>promiffi</span> <span class='ocrx_word' id='word_1_171' title='bbox 723 967 858 997; x_wconf 62' lang='lat' dir='ltr'>exactio.</span> <span class='ocrx_word' id='word_1_172' title='bbox 877 967 981 1006; x_wconf 87' lang='lat' dir='ltr'>Atque</span> <span class='ocrx_word' id='word_1_173' title='bbox 993 966 1062 996; x_wconf 76' lang='lat' dir='ltr'>liaec</span> 
     </span>
     <span class='ocr_line' id='line_1_23' title="bbox 187 1007 1063 1048; baseline -0.007 -4"><span class='ocrx_word' id='word_1_174' title='bbox 187 1013 219 1045; x_wconf 84' lang='lat' dir='ltr'>iii</span> <span class='ocrx_word' id='word_1_175' title='bbox 231 1014 248 1043; x_wconf 86' lang='lat' dir='ltr'>l.</span> <span class='ocrx_word' id='word_1_176' title='bbox 261 1013 314 1043; x_wconf 86' lang='lat' dir='ltr'>ult.</span> <span class='ocrx_word' id='word_1_177' title='bbox 335 1012 380 1042; x_wconf 77' lang='lat' dir='ltr'>l).</span> <span class='ocrx_word' id='word_1_178' title='bbox 396 1012 422 1042; x_wconf 85' lang='lat' dir='ltr'>h.</span> <span class='ocrx_word' id='word_1_179' title='bbox 441 1016 461 1041; x_wconf 90' lang='lat' dir='ltr'>t.</span> <span class='ocrx_word' id='word_1_180' title='bbox 484 1009 527 1040; x_wconf 89' lang='lat' dir='ltr'>est</span> <span class='ocrx_word' id='word_1_181' title='bbox 546 1009 638 1040; x_wconf 67' lang='lat' dir='ltr'>Celso</span> <span class='ocrx_word' id='word_1_182' title='bbox 655 1009 814 1048; x_wconf 72' lang='lat' dir='ltr'>quaerendi</span> <span class='ocrx_word' id='word_1_183' title='bbox 833 1007 940 1044; x_wconf 87' lang='lat' dir='ltr'>causa,</span> <span class='ocrx_word' id='word_1_184' title='bbox 964 1008 1063 1046; x_wconf 84' lang='lat' dir='ltr'>qualis</span> 
     </span>
     <span class='ocr_line' id='line_1_24' title="bbox 189 1048 1064 1093; baseline -0.007 -8"><span class='ocrx_word' id='word_1_185' title='bbox 189 1056 221 1086; x_wconf 86' lang='lat' dir='ltr'>in</span> <span class='ocrx_word' id='word_1_186' title='bbox 233 1054 338 1093; x_wconf 85' lang='lat' dir='ltr'>specie</span> <span class='ocrx_word' id='word_1_187' title='bbox 350 1053 377 1083; x_wconf 88' lang='lat' dir='ltr'>ei</span> <span class='ocrx_word' id='word_1_188' title='bbox 389 1050 550 1091; x_wconf 78' lang='lat' dir='ltr'>proposita</span> <span class='ocrx_word' id='word_1_189' title='bbox 561 1050 596 1081; x_wconf 81' lang='lat' dir='ltr'>iit</span> <span class='ocrx_word' id='word_1_190' title='bbox 607 1048 785 1080; x_wconf 65' lang='lat' dir='ltr'>contractus</span> <span class='ocrx_word' id='word_1_191' title='bbox 795 1071 804 1087; x_wconf 86' lang='lat'>‚</span> <span class='ocrx_word' id='word_1_192' title='bbox 815 1049 939 1088; x_wconf 83' lang='lat' dir='ltr'>emptio</span> <span class='ocrx_word' id='word_1_193' title='bbox 951 1049 978 1078; x_wconf 67' lang='lat' dir='ltr'>ti&lt;</span> <span class='ocrx_word' id='word_1_194' title='bbox 992 1058 1064 1079; x_wconf 82' lang='lat' dir='ltr'>ven-</span> 
     </span>
     <span class='ocr_line' id='line_1_25' title="bbox 192 1088 1063 1134; baseline -0.006 -9"><span class='ocrx_word' id='word_1_195' title='bbox 192 1095 292 1133; x_wconf 82' lang='lat' dir='ltr'>ditio,</span> <span class='ocrx_word' id='word_1_196' title='bbox 311 1104 349 1125; x_wconf 85' lang='lat' dir='ltr'>an</span> <span class='ocrx_word' id='word_1_197' title='bbox 367 1093 523 1134; x_wconf 81' lang='lat' dir='ltr'>obligatio</span> <span class='ocrx_word' id='word_1_198' title='bbox 545 1092 589 1122; x_wconf 89' lang='lat' dir='ltr'>ob</span> <span class='ocrx_word' id='word_1_199' title='bbox 613 1099 679 1122; x_wconf 89' lang='lat' dir='ltr'>rem</span> <span class='ocrx_word' id='word_1_200' title='bbox 702 1091 764 1121; x_wconf 87' lang='lat' dir='ltr'>dati</span> <span class='ocrx_word' id='word_1_201' title='bbox 790 1099 823 1121; x_wconf 93' lang='lat' dir='ltr'>re</span> <span class='ocrx_word' id='word_1_202' title='bbox 841 1099 904 1120; x_wconf 89' lang='lat' dir='ltr'>non</span> <span class='ocrx_word' id='word_1_203' title='bbox 924 1088 1063 1128; x_wconf 78' lang='lat' dir='ltr'>sequuta.</span> 
     </span>
     <span class='ocr_line' id='line_1_26' title="bbox 191 1128 1064 1173; baseline -0.01 -5"><span class='ocrx_word' id='word_1_204' title='bbox 191 1137 299 1168; x_wconf 63' lang='lat' dir='ltr'>Verba</span> <span class='ocrx_word' id='word_1_205' title='bbox 317 1133 399 1166; x_wconf 81' lang='lat' dir='ltr'>Celsi</span> <span class='ocrx_word' id='word_1_206' title='bbox 418 1132 577 1173; x_wconf 79' lang='lat' dir='ltr'>adscripsi:</span> <span class='ocrx_word' id='word_1_207' title='bbox 601 1130 787 1163; x_wconf 66' lang='lat' dir='ltr'>differentiae</span> <span class='ocrx_word' id='word_1_208' title='bbox 812 1131 966 1161; x_wconf 88' lang='lat' dir='ltr'>rationem</span> <span class='ocrx_word' id='word_1_209' title='bbox 991 1128 1064 1160; x_wconf 84' lang='lat' dir='ltr'>effe-</span> 
     </span>
     <span class='ocr_line' id='line_1_27' title="bbox 192 1170 1064 1216; baseline -0.007 -8"><span class='ocrx_word' id='word_1_210' title='bbox 192 1178 341 1216; x_wconf 70' lang='lat' dir='ltr'>Ctumque</span> <span class='ocrx_word' id='word_1_211' title='bbox 356 1176 518 1215; x_wconf 87' lang='lat' dir='ltr'>aliquanto</span> <span class='ocrx_word' id='word_1_212' title='bbox 535 1175 673 1205; x_wconf 87' lang='lat' dir='ltr'>curatius</span> <span class='ocrx_word' id='word_1_213' title='bbox 686 1171 963 1204; x_wconf 84' lang='lat' dir='ltr'>demonstraturus.</span> <span class='ocrx_word' id='word_1_214' title='bbox 987 1170 1064 1202; x_wconf 88' lang='lat' dir='ltr'>Ver-</span> 
     </span>
     <span class='ocr_line' id='line_1_28' title="bbox 191 1212 1061 1255; baseline -0.01 -5"><span class='ocrx_word' id='word_1_215' title='bbox 191 1220 232 1250; x_wconf 89' lang='lat' dir='ltr'>ba</span> <span class='ocrx_word' id='word_1_216' title='bbox 245 1217 342 1250; x_wconf 76' lang='lat' dir='ltr'>Celsi:</span> <span class='ocrx_word' id='word_1_217' title='bbox 360 1216 436 1247; x_wconf 82' lang='lat' dir='ltr'>Dedi</span> <span class='ocrx_word' id='word_1_218' title='bbox 450 1217 503 1247; x_wconf 85' lang='lat' dir='ltr'>tibi</span> <span class='ocrx_word' id='word_1_219' title='bbox 508 1216 679 1255; x_wconf 83' lang='lat' dir='ltr'>pecuniam,</span> <span class='ocrx_word' id='word_1_220' title='bbox 696 1218 728 1244; x_wconf 81' lang='lat' dir='ltr'>ut</span> <span class='ocrx_word' id='word_1_221' title='bbox 739 1213 808 1244; x_wconf 76' lang='lat' dir='ltr'>mihi</span> <span class='ocrx_word' id='word_1_222' title='bbox 824 1212 957 1244; x_wconf 78' lang='lat' dir='ltr'>Stichum</span> <span class='ocrx_word' id='word_1_223' title='bbox 971 1213 1061 1242; x_wconf 78' lang='lat' dir='ltr'>dares.</span> 
     </span>
     <span class='ocr_line' id='line_1_29' title="bbox 192 1252 1063 1297; baseline -0.011 -5"><span class='ocrx_word' id='word_1_224' title='bbox 192 1267 294 1292; x_wconf 86' lang='lat' dir='ltr'>utrum</span> <span class='ocrx_word' id='word_1_225' title='bbox 310 1259 340 1288; x_wconf 84' lang='lat' dir='ltr'>id</span> <span class='ocrx_word' id='word_1_226' title='bbox 357 1256 520 1288; x_wconf 69' lang='lat' dir='ltr'>contratius</span> <span class='ocrx_word' id='word_1_227' title='bbox 540 1265 633 1297; x_wconf 79' lang='lat' dir='ltr'>genui</span> <span class='ocrx_word' id='word_1_228' title='bbox 648 1262 698 1294; x_wconf 83' lang='lat' dir='ltr'>pro</span> <span class='ocrx_word' id='word_1_229' title='bbox 719 1254 846 1294; x_wconf 75' lang='lat' dir='ltr'>portione</span> <span class='ocrx_word' id='word_1_230' title='bbox 863 1254 1010 1294; x_wconf 81' lang='lat' dir='ltr'>emptionis</span> <span class='ocrx_word' id='word_1_231' title='bbox 1027 1252 1063 1287; x_wconf 60' lang='grc' dir='ltr'>ἐξ*</span> 
     </span>
     <span class='ocr_line' id='line_1_30' title="bbox 191 1295 1065 1338; baseline -0.008 -7"><span class='ocrx_word' id='word_1_232' title='bbox 191 1300 370 1332; x_wconf 81' lang='lat' dir='ltr'>venditionis</span> <span class='ocrx_word' id='word_1_233' title='bbox 388 1296 451 1338; x_wconf 77' lang='lat' dir='ltr'>est?</span> <span class='ocrx_word' id='word_1_234' title='bbox 474 1308 512 1328; x_wconf 82' lang='lat' dir='ltr'>an</span> <span class='ocrx_word' id='word_1_235' title='bbox 531 1297 613 1327; x_wconf 82' lang='lat' dir='ltr'>nulla</span> <span class='ocrx_word' id='word_1_236' title='bbox 630 1297 674 1327; x_wconf 81' lang='lat' dir='ltr'>bic</span> <span class='ocrx_word' id='word_1_237' title='bbox 688 1296 746 1326; x_wconf 78' lang='lat' dir='ltr'>alia</span> <span class='ocrx_word' id='word_1_238' title='bbox 763 1295 894 1335; x_wconf 74' lang='lat' dir='ltr'>obligatio</span> <span class='ocrx_word' id='word_1_239' title='bbox 908 1318 915 1332; x_wconf 96' lang='lat'>,</span> <span class='ocrx_word' id='word_1_240' title='bbox 932 1304 1018 1335; x_wconf 81' lang='lat' dir='ltr'>quum</span> <span class='ocrx_word' id='word_1_241' title='bbox 1033 1296 1065 1324; x_wconf 88' lang='lat' dir='ltr'>ob</span> 
     </span>
     <span class='ocr_line' id='line_1_31' title="bbox 190 1334 1065 1379; baseline -0.008 -7"><span class='ocrx_word' id='word_1_242' title='bbox 190 1352 250 1373; x_wconf 82' lang='lat' dir='ltr'>reni.</span> <span class='ocrx_word' id='word_1_243' title='bbox 266 1342 329 1372; x_wconf 85' lang='lat' dir='ltr'>dati</span> <span class='ocrx_word' id='word_1_244' title='bbox 345 1349 374 1370; x_wconf 88' lang='lat' dir='ltr'>re</span> <span class='ocrx_word' id='word_1_245' title='bbox 391 1349 447 1370; x_wconf 88' lang='lat' dir='ltr'>non</span> <span class='ocrx_word' id='word_1_246' title='bbox 460 1340 581 1379; x_wconf 83' lang='lat' dir='ltr'>sequuta</span> <span class='ocrx_word' id='word_1_247' title='bbox 592 1337 608 1368; x_wconf 76' lang='grc'>,9</span> <span class='ocrx_word' id='word_1_248' title='bbox 630 1340 661 1368; x_wconf 76' lang='lat' dir='ltr'>itt</span> <span class='ocrx_word' id='word_1_249' title='bbox 678 1338 752 1378; x_wconf 78' lang='lat' dir='ltr'>quod</span> <span class='ocrx_word' id='word_1_250' title='bbox 769 1336 926 1376; x_wconf 81' lang='lat' dir='ltr'>proclivior</span> <span class='ocrx_word' id='word_1_251' title='bbox 936 1339 1012 1374; x_wconf 80' lang='lat' dir='ltr'>sum.</span> <span class='ocrx_word' id='word_1_252' title='bbox 1029 1334 1065 1369; x_wconf 54' lang='grc' dir='ltr'>ἐξ</span> 
     </span>
     <span class='ocr_line' id='line_1_32' title="bbox 192 1376 1064 1420; baseline -0.009 -6"><span class='ocrx_word' id='word_1_253' title='bbox 192 1384 251 1414; x_wconf 86' lang='lat' dir='ltr'>ideo</span> <span class='ocrx_word' id='word_1_254' title='bbox 262 1381 289 1420; x_wconf 87' lang='lat' dir='ltr'><em>fi</em></span> <span class='ocrx_word' id='word_1_255' title='bbox 304 1386 434 1413; x_wconf 83' lang='lat' dir='ltr'>mortuus</span> <span class='ocrx_word' id='word_1_256' title='bbox 450 1378 489 1419; x_wconf 79' lang='lat' dir='ltr'>est</span> <span class='ocrx_word' id='word_1_257' title='bbox 500 1380 636 1416; x_wconf 68' lang='lat' dir='ltr'>Stichus,</span> <span class='ocrx_word' id='word_1_258' title='bbox 655 1385 774 1418; x_wconf 84' lang='lat' dir='ltr'>repetere</span> <span class='ocrx_word' id='word_1_259' title='bbox 780 1376 888 1417; x_wconf 83' lang='lat' dir='ltr'>poffuiiz</span> <span class='ocrx_word' id='word_1_260' title='bbox 899 1400 906 1411; x_wconf 73' lang='lat'><em>.</em></span> <span class='ocrx_word' id='word_1_261' title='bbox 923 1378 998 1417; x_wconf 82' lang='lat' dir='ltr'>quod</span> <span class='ocrx_word' id='word_1_262' title='bbox 1006 1377 1064 1407; x_wconf 81' lang='lat' dir='ltr'>ideo</span> 
     </span>
     <span class='ocr_line' id='line_1_33' title="bbox 192 1417 1066 1462; baseline -0.009 -7"><span class='ocrx_word' id='word_1_263' title='bbox 192 1424 245 1454; x_wconf 79' lang='lat' dir='ltr'>tihi</span> <span class='ocrx_word' id='word_1_264' title='bbox 259 1424 341 1462; x_wconf 78' lang='lat' dir='ltr'>dedi,</span> <span class='ocrx_word' id='word_1_265' title='bbox 365 1428 398 1452; x_wconf 89' lang='lat' dir='ltr'>ut</span> <span class='ocrx_word' id='word_1_266' title='bbox 424 1421 495 1451; x_wconf 62' lang='lat' dir='ltr'>olibi</span> <span class='ocrx_word' id='word_1_267' title='bbox 511 1420 642 1450; x_wconf 79' lang='lat' dir='ltr'>Stichum</span> <span class='ocrx_word' id='word_1_268' title='bbox 666 1421 758 1449; x_wconf 81' lang='lat' dir='ltr'>clares.</span> <span class='ocrx_word' id='word_1_269' title='bbox 777 1418 860 1459; x_wconf 77' lang='lat' dir='ltr'>finge</span> <span class='ocrx_word' id='word_1_270' title='bbox 874 1418 999 1448; x_wconf 75' lang='lat' dir='ltr'>alienum</span> <span class='ocrx_word' id='word_1_271' title='bbox 1016 1417 1066 1458; x_wconf 83' lang='lat' dir='ltr'>effe</span> 
     </span>
     <span class='ocr_line' id='line_1_34' title="bbox 192 1458 1066 1503; baseline -0.009 -7"><span class='ocrx_word' id='word_1_272' title='bbox 192 1465 344 1502; x_wconf 81' lang='lat' dir='ltr'>Stichum,</span> <span class='ocrx_word' id='word_1_273' title='bbox 358 1463 412 1503; x_wconf 84' lang='lat' dir='ltr'>sed</span> <span class='ocrx_word' id='word_1_274' title='bbox 436 1467 462 1492; x_wconf 87' lang='lat' dir='ltr'>te</span> <span class='ocrx_word' id='word_1_275' title='bbox 491 1466 586 1491; x_wconf 78' lang='lat' dir='ltr'>tamen</span> <span class='ocrx_word' id='word_1_276' title='bbox 602 1469 665 1490; x_wconf 88' lang='lat' dir='ltr'>eum</span> <span class='ocrx_word' id='word_1_277' title='bbox 684 1458 847 1498; x_wconf 77' lang='lat' dir='ltr'>tradidiffe:</span> <span class='ocrx_word' id='word_1_278' title='bbox 872 1465 992 1500; x_wconf 83' lang='lat' dir='ltr'>repetere</span> <span class='ocrx_word' id='word_1_279' title='bbox 1007 1469 1025 1489; x_wconf 85' lang='lat' dir='ltr'>a</span> <span class='ocrx_word' id='word_1_280' title='bbox 1040 1465 1066 1488; x_wconf 84' lang='lat' dir='ltr'>te</span> 
     </span>
     <span class='ocr_line' id='line_1_35' title="bbox 186 1500 1065 1548; baseline -0.009 -11"><span class='ocrx_word' id='word_1_281' title='bbox 186 1506 343 1548; x_wconf 83' lang='lat' dir='ltr'>pecuniam</span> <span class='ocrx_word' id='word_1_282' title='bbox 357 1509 472 1544; x_wconf 86' lang='lat' dir='ltr'>potero,</span> <span class='ocrx_word' id='word_1_283' title='bbox 495 1503 564 1542; x_wconf 84' lang='lat' dir='ltr'>quia</span> <span class='ocrx_word' id='word_1_284' title='bbox 580 1501 719 1531; x_wconf 83' lang='lat' dir='ltr'>hominem</span> <span class='ocrx_word' id='word_1_285' title='bbox 744 1501 907 1540; x_wconf 80' lang='lat' dir='ltr'>accipientis</span> <span class='ocrx_word' id='word_1_286' title='bbox 923 1509 979 1530; x_wconf 81' lang='lat' dir='ltr'>non</span> <span class='ocrx_word' id='word_1_287' title='bbox 988 1500 1065 1539; x_wconf 83' lang='lat' dir='ltr'>fece-</span> 
     </span>
     <span class='ocr_line' id='line_1_36' title="bbox 193 1539 1067 1582; baseline -0.007 -5"><span class='ocrx_word' id='word_1_288' title='bbox 193 1549 243 1579; x_wconf 84' lang='lat' dir='ltr'>ris.</span> <span class='ocrx_word' id='word_1_289' title='bbox 270 1545 307 1580; x_wconf 51' lang='grc' dir='ltr'>δέ</span> <span class='ocrx_word' id='word_1_290' title='bbox 325 1544 442 1581; x_wconf 82' lang='lat' dir='ltr'>rursus,</span> <span class='ocrx_word' id='word_1_291' title='bbox 458 1540 488 1580; x_wconf 85' lang='lat' dir='ltr'><em>fi</em></span> <span class='ocrx_word' id='word_1_292' title='bbox 506 1549 574 1572; x_wconf 84' lang='lat' dir='ltr'>tuus</span> <span class='ocrx_word' id='word_1_293' title='bbox 591 1539 629 1581; x_wconf 72' lang='lat' dir='ltr'>esi</span> <span class='ocrx_word' id='word_1_294' title='bbox 647 1541 782 1579; x_wconf 83' lang='lat' dir='ltr'>Stichus,</span> <span class='ocrx_word' id='word_1_295' title='bbox 806 1540 842 1575; x_wconf 53' lang='grc' dir='ltr'>ἐξ</span> <span class='ocrx_word' id='word_1_296' title='bbox 856 1549 907 1582; x_wconf 80' lang='lat' dir='ltr'>pro</span> <span class='ocrx_word' id='word_1_297' title='bbox 930 1541 1067 1572; x_wconf 72' lang='lat' dir='ltr'>evictione</span> 
     </span>
     <span class='ocr_line' id='line_1_37' title="bbox 193 1582 1066 1629; baseline -0.007 -11"><span class='ocrx_word' id='word_1_298' title='bbox 193 1588 255 1629; x_wconf 87' lang='lat' dir='ltr'>ejus</span> <span class='ocrx_word' id='word_1_299' title='bbox 268 1587 434 1627; x_wconf 82' lang='lat' dir='ltr'>promittere</span> <span class='ocrx_word' id='word_1_300' title='bbox 458 1592 515 1613; x_wconf 81' lang='lat' dir='ltr'>non</span> <span class='ocrx_word' id='word_1_301' title='bbox 529 1584 595 1621; x_wconf 84' lang='lat' dir='ltr'>vis,</span> <span class='ocrx_word' id='word_1_302' title='bbox 620 1592 676 1612; x_wconf 84' lang='lat' dir='ltr'>non</span> <span class='ocrx_word' id='word_1_303' title='bbox 696 1582 876 1620; x_wconf 77' lang='lat' dir='ltr'>liberaberis,</span> <span class='ocrx_word' id='word_1_304' title='bbox 900 1592 953 1623; x_wconf 87' lang='lat' dir='ltr'>quo</span> <span class='ocrx_word' id='word_1_305' title='bbox 971 1583 1066 1612; x_wconf 84' lang='lat' dir='ltr'>minus</span> 
     </span>
     <span class='ocr_line' id='line_1_38' title="bbox 192 1622 1063 1667; baseline -0.006 -8"><span class='ocrx_word' id='word_1_306' title='bbox 192 1639 213 1660; x_wconf 83' lang='lat' dir='ltr'>a</span> <span class='ocrx_word' id='word_1_307' title='bbox 229 1633 255 1658; x_wconf 86' lang='lat' dir='ltr'>te</span> <span class='ocrx_word' id='word_1_308' title='bbox 265 1628 420 1667; x_wconf 84' lang='lat' dir='ltr'>pecuniam</span> <span class='ocrx_word' id='word_1_309' title='bbox 445 1629 566 1665; x_wconf 85' lang='lat' dir='ltr'>repetere</span> <span class='ocrx_word' id='word_1_310' title='bbox 583 1622 693 1664; x_wconf 82' lang='lat' dir='ltr'>poffim.</span> <span class='ocrx_word' id='word_1_311' title='bbox 716 1622 806 1662; x_wconf 81' lang='lat' dir='ltr'>Saepe</span> <span class='ocrx_word' id='word_1_312' title='bbox 829 1624 955 1654; x_wconf 84' lang='lat' dir='ltr'>miratus</span> <span class='ocrx_word' id='word_1_313' title='bbox 980 1622 1063 1660; x_wconf 90' lang='lat' dir='ltr'>sum,</span> 
     </span>
     <span class='ocr_line' id='line_1_39' title="bbox 192 1664 1064 1709; baseline -0.007 -9"><span class='ocrx_word' id='word_1_314' title='bbox 192 1678 259 1709; x_wconf 90' lang='lat' dir='ltr'>quo</span> <span class='ocrx_word' id='word_1_315' title='bbox 277 1673 464 1709; x_wconf 87' lang='lat' dir='ltr'>argumento</span> <span class='ocrx_word' id='word_1_316' title='bbox 480 1664 588 1697; x_wconf 87' lang='lat' dir='ltr'>Celsus</span> <span class='ocrx_word' id='word_1_317' title='bbox 615 1669 685 1695; x_wconf 82' lang='lat' dir='ltr'>data</span> <span class='ocrx_word' id='word_1_318' title='bbox 710 1665 863 1704; x_wconf 84' lang='lat' dir='ltr'>pecunia3</span> <span class='ocrx_word' id='word_1_319' title='bbox 886 1672 922 1695; x_wconf 88' lang='lat' dir='ltr'>ut</span> <span class='ocrx_word' id='word_1_320' title='bbox 940 1664 1064 1695; x_wconf 84' lang='lat' dir='ltr'>Stichus</span> 
     </span>
     <span class='ocr_line' id='line_1_40' title="bbox 191 1705 1065 1749; baseline -0.008 -7"><span class='ocrx_word' id='word_1_321' title='bbox 191 1711 339 1747; x_wconf 82' lang='lat' dir='ltr'>daretur,</span> <span class='ocrx_word' id='word_1_322' title='bbox 366 1707 512 1749; x_wconf 88' lang='lat' dir='ltr'>potuerit</span> <span class='ocrx_word' id='word_1_323' title='bbox 529 1714 688 1745; x_wconf 78' lang='lat' dir='ltr'>quaerere3</span> <span class='ocrx_word' id='word_1_324' title='bbox 712 1712 818 1736; x_wconf 88' lang='lat' dir='ltr'>utrum</span> <span class='ocrx_word' id='word_1_325' title='bbox 836 1708 867 1736; x_wconf 82' lang='lat' dir='ltr'>id</span> <span class='ocrx_word' id='word_1_326' title='bbox 884 1705 1065 1736; x_wconf 72' lang='lat' dir='ltr'>contractus</span> 
     </span>
     <span class='ocr_line' id='line_1_41' title="bbox 192 1746 1064 1794; baseline -0.007 -12"><span class='ocrx_word' id='word_1_327' title='bbox 192 1760 293 1794; x_wconf 84' lang='lat' dir='ltr'>genus</span> <span class='ocrx_word' id='word_1_328' title='bbox 310 1759 369 1790; x_wconf 92' lang='lat' dir='ltr'>pro</span> <span class='ocrx_word' id='word_1_329' title='bbox 387 1759 422 1780; x_wconf 89' lang='lat' dir='ltr'>ea</span> <span class='ocrx_word' id='word_1_330' title='bbox 441 1748 594 1788; x_wconf 87' lang='lat' dir='ltr'>portione</span> <span class='ocrx_word' id='word_1_331' title='bbox 614 1755 707 1786; x_wconf 89' lang='lat' dir='ltr'>quam</span> <span class='ocrx_word' id='word_1_332' title='bbox 727 1746 824 1777; x_wconf 85' lang='lat' dir='ltr'>habet</span> <span class='ocrx_word' id='word_1_333' title='bbox 847 1747 878 1777; x_wconf 90' lang='lat' dir='ltr'>in</span> <span class='ocrx_word' id='word_1_334' title='bbox 896 1747 1007 1777; x_wconf 89' lang='lat' dir='ltr'>ordine</span> <span class='ocrx_word' id='word_1_335' title='bbox 1023 1746 1064 1777; x_wconf 92' lang='lat' dir='ltr'>ci-</span> 
     </span>
     <span class='ocr_line' id='line_1_42' title="bbox 191 1786 1066 1832; baseline -0.008 -8"><span class='ocrx_word' id='word_1_336' title='bbox 191 1793 303 1825; x_wconf 84' lang='lat' dir='ltr'>vilium</span> <span class='ocrx_word' id='word_1_337' title='bbox 323 1791 549 1832; x_wconf 85' lang='lat' dir='ltr'>negotiorum,</span> <span class='ocrx_word' id='word_1_338' title='bbox 572 1787 609 1819; x_wconf 89' lang='lat' dir='ltr'>fit</span> <span class='ocrx_word' id='word_1_339' title='bbox 627 1787 750 1828; x_wconf 88' lang='lat' dir='ltr'>emptio</span> <span class='ocrx_word' id='word_1_340' title='bbox 768 1788 797 1818; x_wconf 68' lang='grc' dir='ltr'>ἃ</span> <span class='ocrx_word' id='word_1_341' title='bbox 816 1788 979 1826; x_wconf 89' lang='lat' dir='ltr'>venditi0;</span> <span class='ocrx_word' id='word_1_342' title='bbox 1005 1786 1066 1827; x_wconf 83' lang='lat' dir='ltr'>(iic</span> 
     </span>
     <span class='ocr_line' id='line_1_43' title="bbox 195 1828 1065 1872; baseline -0.008 -7"><span class='ocrx_word' id='word_1_343' title='bbox 195 1833 280 1866; x_wconf 90' lang='lat' dir='ltr'>enim</span> <span class='ocrx_word' id='word_1_344' title='bbox 303 1831 493 1872; x_wconf 84' lang='lat' dir='ltr'>explicanda</span> <span class='ocrx_word' id='word_1_345' title='bbox 511 1829 572 1861; x_wconf 91' lang='lat' dir='ltr'>esse</span> <span class='ocrx_word' id='word_1_346' title='bbox 590 1828 671 1860; x_wconf 88' lang='lat' dir='ltr'>Celsi</span> <span class='ocrx_word' id='word_1_347' title='bbox 691 1828 807 1866; x_wconf 82' lang='lat' dir='ltr'>verba,</span> <span class='ocrx_word' id='word_1_348' title='bbox 823 1828 960 1859; x_wconf 89' lang='lat' dir='ltr'>indicavi</span> <span class='ocrx_word' id='word_1_349' title='bbox 975 1829 1021 1859; x_wconf 83' lang='lat' dir='ltr'>lib.</span> <span class='ocrx_word' id='word_1_350' title='bbox 1041 1837 1065 1859; x_wconf 92' lang='lat'>1.</span> 
     </span>
     <span class='ocr_line' id='line_1_44' title="bbox 196 1870 1066 1912; baseline -0.007 -6"><span class='ocrx_word' id='word_1_351' title='bbox 196 1875 318 1911; x_wconf 82' lang='lat' dir='ltr'>Observ.</span> <span class='ocrx_word' id='word_1_352' title='bbox 338 1883 362 1904; x_wconf 88' lang='lat' dir='ltr'>c.</span> <span class='ocrx_word' id='word_1_353' title='bbox 385 1872 447 1912; x_wconf 82' lang='lat'>17.)</span> <span class='ocrx_word' id='word_1_354' title='bbox 465 1880 502 1901; x_wconf 85' lang='lat' dir='ltr'>an</span> <span class='ocrx_word' id='word_1_355' title='bbox 522 1871 627 1911; x_wconf 82' lang='lat' dir='ltr'>potius</span> <span class='ocrx_word' id='word_1_356' title='bbox 638 1870 793 1910; x_wconf 77' lang='lat' dir='ltr'>obligatio</span> <span class='ocrx_word' id='word_1_357' title='bbox 811 1870 854 1900; x_wconf 94' lang='lat' dir='ltr'>ob</span> <span class='ocrx_word' id='word_1_358' title='bbox 870 1880 934 1901; x_wconf 92' lang='lat' dir='ltr'>rem</span> <span class='ocrx_word' id='word_1_359' title='bbox 953 1870 1015 1901; x_wconf 81' lang='lat' dir='ltr'>dati</span> <span class='ocrx_word' id='word_1_360' title='bbox 1033 1878 1066 1900; x_wconf 92' lang='lat' dir='ltr'>re</span> 
     </span>
     <span class='ocr_line' id='line_1_45' title="bbox 194 1910 1066 1953; baseline -0.008 -5"><span class='ocrx_word' id='word_1_361' title='bbox 194 1926 260 1949; x_wconf 89' lang='lat' dir='ltr'>non</span> <span class='ocrx_word' id='word_1_362' title='bbox 286 1915 398 1946; x_wconf 87' lang='lat' dir='ltr'>secuta.</span> <span class='ocrx_word' id='word_1_363' title='bbox 430 1915 593 1953; x_wconf 83' lang='lat' dir='ltr'>magisque</span> <span class='ocrx_word' id='word_1_364' title='bbox 617 1911 692 1942; x_wconf 87' lang='lat' dir='ltr'>milii</span> <span class='ocrx_word' id='word_1_365' title='bbox 720 1920 804 1952; x_wconf 82' lang='lat' dir='ltr'>aegre</span> <span class='ocrx_word' id='word_1_366' title='bbox 831 1910 953 1951; x_wconf 79' lang='lat' dir='ltr'>semper</span> <span class='ocrx_word' id='word_1_367' title='bbox 975 1911 1066 1949; x_wconf 88' lang='lat' dir='ltr'>fuit;</span> 
     </span>
     <span class='ocr_line' id='line_1_46' title="bbox 196 1952 1065 1996; baseline -0.007 -8"><span class='ocrx_word' id='word_1_368' title='bbox 196 1957 285 1996; x_wconf 83' lang='lat' dir='ltr'>quod</span> <span class='ocrx_word' id='word_1_369' title='bbox 304 1958 333 1986; x_wconf 92' lang='lat' dir='ltr'>in</span> <span class='ocrx_word' id='word_1_370' title='bbox 352 1956 415 1986; x_wconf 83' lang='lat' dir='ltr'>hoc</span> <span class='ocrx_word' id='word_1_371' title='bbox 433 1953 462 1985; x_wconf 89' lang='lat' dir='ltr'>se</span> <span class='ocrx_word' id='word_1_372' title='bbox 473 1953 534 1985; x_wconf 82' lang='lat' dir='ltr'>effe</span> <span class='ocrx_word' id='word_1_373' title='bbox 545 1952 770 1993; x_wconf 86' lang='lat' dir='ltr'>procliviorem</span> <span class='ocrx_word' id='word_1_374' title='bbox 788 1952 977 1983; x_wconf 85' lang='lat' dir='ltr'>confitetur:</span> <span class='ocrx_word' id='word_1_375' title='bbox 993 1961 1065 1983; x_wconf 89' lang='lat' dir='ltr'>cum</span> 
     </span>
     <span class='ocr_line' id='line_1_47' title="bbox 197 1993 1065 2035; baseline -0.007 -6"><span class='ocrx_word' id='word_1_376' title='bbox 197 1998 352 2031; x_wconf 85' lang='lat' dir='ltr'>Veterum</span> <span class='ocrx_word' id='word_1_377' title='bbox 369 2005 484 2033; x_wconf 90' lang='lat' dir='ltr'>nemo,</span> <span class='ocrx_word' id='word_1_378' title='bbox 509 2002 661 2035; x_wconf 89' lang='lat' dir='ltr'>quantum</span> <span class='ocrx_word' id='word_1_379' title='bbox 685 2003 725 2024; x_wconf 84' lang='lat' dir='ltr'>ex</span> <span class='ocrx_word' id='word_1_380' title='bbox 741 2002 852 2024; x_wconf 92' lang='lat' dir='ltr'>eorum</span> <span class='ocrx_word' id='word_1_381' title='bbox 869 1993 1065 2033; x_wconf 79' lang='lat' dir='ltr'>Fragmentis</span> 
     </span>
     <span class='ocr_line' id='line_1_48' title="bbox 195 2033 1064 2079; baseline -0.008 -8"><span class='ocrx_word' id='word_1_382' title='bbox 195 2040 349 2079; x_wconf 81' lang='lat' dir='ltr'>conjici0‚</span> <span class='ocrx_word' id='word_1_383' title='bbox 361 2046 508 2077; x_wconf 85' lang='lat' dir='ltr'>umquam</span> <span class='ocrx_word' id='word_1_384' title='bbox 520 2034 732 2074; x_wconf 89' lang='lat' dir='ltr'>dubitaverit;</span> <span class='ocrx_word' id='word_1_385' title='bbox 749 2033 821 2075; x_wconf 90' lang='lat' dir='ltr'>quin</span> <span class='ocrx_word' id='word_1_386' title='bbox 833 2044 967 2074; x_wconf 88' lang='lat' dir='ltr'>pecunia</span> <span class='ocrx_word' id='word_1_387' title='bbox 981 2035 1064 2073; x_wconf 88' lang='lat' dir='ltr'>data,</span> 
     </span>
     <span class='ocr_line' id='line_1_49' title="bbox 196 2075 1067 2116; baseline -0.007 -5"><span class='ocrx_word' id='word_1_388' title='bbox 196 2088 234 2112; x_wconf 85' lang='lat' dir='ltr'>ut</span> <span class='ocrx_word' id='word_1_389' title='bbox 252 2079 377 2110; x_wconf 80' lang='lat' dir='ltr'>Stichus</span> <span class='ocrx_word' id='word_1_390' title='bbox 396 2079 507 2116; x_wconf 89' lang='lat' dir='ltr'>detur,</span> <span class='ocrx_word' id='word_1_391' title='bbox 524 2076 559 2108; x_wconf 88' lang='lat' dir='ltr'>sit</span> <span class='ocrx_word' id='word_1_392' title='bbox 578 2077 701 2115; x_wconf 87' lang='lat' dir='ltr'>emptio</span> <span class='ocrx_word' id='word_1_393' title='bbox 720 2076 750 2107; x_wconf 72' lang='grc' dir='ltr'>δε</span> <span class='ocrx_word' id='word_1_394' title='bbox 768 2075 933 2113; x_wconf 79' lang='lat' dir='ltr'>venditi03</span> <span class='ocrx_word' id='word_1_395' title='bbox 948 2075 1067 2116; x_wconf 89' lang='lat' dir='ltr'>obliga-</span> 
     </span>
     <span class='ocr_line' id='line_1_50' title="bbox 196 2115 1067 2158; baseline -0.008 -4"><span class='ocrx_word' id='word_1_396' title='bbox 196 2123 244 2155; x_wconf 89' lang='lat' dir='ltr'>tio</span> <span class='ocrx_word' id='word_1_397' title='bbox 259 2121 303 2152; x_wconf 90' lang='lat' dir='ltr'>ob</span> <span class='ocrx_word' id='word_1_398' title='bbox 319 2129 385 2152; x_wconf 93' lang='lat' dir='ltr'>rem</span> <span class='ocrx_word' id='word_1_399' title='bbox 407 2118 470 2150; x_wconf 84' lang='lat' dir='ltr'>dati</span> <span class='ocrx_word' id='word_1_400' title='bbox 488 2128 551 2149; x_wconf 92' lang='lat' dir='ltr'>non</span> <span class='ocrx_word' id='word_1_401' title='bbox 570 2117 616 2149; x_wconf 87' lang='lat' dir='ltr'>fit.</span> <span class='ocrx_word' id='word_1_402' title='bbox 633 2116 782 2148; x_wconf 84' lang='lat' dir='ltr'>Exiniere</span> <span class='ocrx_word' id='word_1_403' title='bbox 799 2118 893 2158; x_wconf 82' lang='lat' dir='ltr'>igitur</span> <span class='ocrx_word' id='word_1_404' title='bbox 911 2117 992 2148; x_wconf 90' lang='lat' dir='ltr'>hanc</span> <span class='ocrx_word' id='word_1_405' title='bbox 1008 2115 1067 2147; x_wconf 84' lang='lat' dir='ltr'>dif-</span> 
     </span>
     <span class='ocr_line' id='line_1_51' title="bbox 197 2158 1067 2199; baseline -0.007 -5"><span class='ocrx_word' id='word_1_406' title='bbox 197 2163 374 2195; x_wconf 83' lang='lat' dir='ltr'>ficultatem</span> <span class='ocrx_word' id='word_1_407' title='bbox 398 2160 488 2192; x_wconf 90' lang='lat' dir='ltr'>multi</span> <span class='ocrx_word' id='word_1_408' title='bbox 513 2158 567 2190; x_wconf 93' lang='lat' dir='ltr'>suo</span> <span class='ocrx_word' id='word_1_409' title='bbox 584 2160 765 2199; x_wconf 88' lang='lat' dir='ltr'>cogitarunt</span> <span class='ocrx_word' id='word_1_410' title='bbox 782 2160 891 2190; x_wconf 90' lang='lat' dir='ltr'>modo.</span> <span class='ocrx_word' id='word_1_411' title='bbox 915 2168 976 2199; x_wconf 88' lang='lat' dir='ltr'>ego</span> <span class='ocrx_word' id='word_1_412' title='bbox 993 2167 1067 2189; x_wconf 90' lang='lat' dir='ltr'>meo</span> 
     </span>
     <span class='ocr_line' id='line_1_52' title="bbox 199 2200 1066 2241; baseline -0.007 -5"><span class='ocrx_word' id='word_1_413' title='bbox 199 2205 286 2236; x_wconf 86' lang='lat' dir='ltr'>idem</span> <span class='ocrx_word' id='word_1_414' title='bbox 304 2203 422 2241; x_wconf 78' lang='lat' dir='ltr'>tentavi</span> <span class='ocrx_word' id='word_1_415' title='bbox 441 2201 487 2231; x_wconf 84' lang='lat' dir='ltr'>lib.</span> <span class='ocrx_word' id='word_1_416' title='bbox 503 2210 533 2239; x_wconf 73' lang='grc'>4.</span> <span class='ocrx_word' id='word_1_417' title='bbox 558 2200 701 2231; x_wconf 82' lang='lat' dir='ltr'>Prolmbz&#39;l.</span> <span class='ocrx_word' id='word_1_418' title='bbox 724 2209 748 2230; x_wconf 93' lang='lat' dir='ltr'>c.</span> <span class='ocrx_word' id='word_1_419' title='bbox 768 2210 794 2237; x_wconf 79' lang='lat'>4.</span> <span class='ocrx_word' id='word_1_420' title='bbox 812 2200 998 2237; x_wconf 83' lang='lat' dir='ltr'>arbitratus,</span> <span class='ocrx_word' id='word_1_421' title='bbox 1022 2200 1066 2230; x_wconf 90' lang='lat' dir='ltr'>vi·</span> 
     </span>
     <span class='ocr_line' id='line_1_53' title="bbox 200 2240 1068 2281; baseline -0.007 -4"><span class='ocrx_word' id='word_1_422' title='bbox 200 2245 276 2277; x_wconf 89' lang='lat' dir='ltr'>tiosa</span> <span class='ocrx_word' id='word_1_423' title='bbox 297 2243 359 2276; x_wconf 88' lang='lat' dir='ltr'>esse</span> <span class='ocrx_word' id='word_1_424' title='bbox 376 2242 457 2275; x_wconf 76' lang='lat' dir='ltr'>Celsi</span> <span class='ocrx_word' id='word_1_425' title='bbox 469 2242 563 2273; x_wconf 89' lang='lat' dir='ltr'>verba</span> <span class='ocrx_word' id='word_1_426' title='bbox 576 2264 584 2279; x_wconf 94' lang='lat'>‚</span> <span class='ocrx_word' id='word_1_427' title='bbox 603 2242 631 2272; x_wconf 67' lang='lat' dir='ltr'>C&lt;</span> <span class='ocrx_word' id='word_1_428' title='bbox 648 2250 687 2272; x_wconf 85' lang='lat' dir='ltr'>ex</span> <span class='ocrx_word' id='word_1_429' title='bbox 698 2240 789 2281; x_wconf 84' lang='lat' dir='ltr'>Siglis</span> <span class='ocrx_word' id='word_1_430' title='bbox 808 2240 848 2272; x_wconf 87' lang='lat' dir='ltr'>fic</span> <span class='ocrx_word' id='word_1_431' title='bbox 862 2240 1068 2272; x_wconf 88' lang='lat' dir='ltr'>restituenda:</span> 
     </span>
     <span class='ocr_line' id='line_1_54' title="bbox 199 2282 1069 2324; baseline -0.007 -6"><span class='ocrx_word' id='word_1_432' title='bbox 199 2287 284 2319; x_wconf 78' lang='lat' dir='ltr'>,Dedi</span> <span class='ocrx_word' id='word_1_433' title='bbox 311 2286 364 2316; x_wconf 84' lang='lat' dir='ltr'>tibi</span> <span class='ocrx_word' id='word_1_434' title='bbox 390 2284 588 2324; x_wconf 83' lang='lat' dir='ltr'>peregrinam</span> <span class='ocrx_word' id='word_1_435' title='bbox 610 2284 781 2322; x_wconf 80' lang='lat' dir='ltr'>pecuniam,</span> <span class='ocrx_word' id='word_1_436' title='bbox 804 2287 837 2313; x_wconf 82' lang='lat' dir='ltr'>ut</span> <span class='ocrx_word' id='word_1_437' title='bbox 852 2282 921 2313; x_wconf 83' lang='lat' dir='ltr'>mibi</span> <span class='ocrx_word' id='word_1_438' title='bbox 938 2282 1069 2313; x_wconf 83' lang='lat' dir='ltr'>Stichum</span> 
     </span>
     <span class='ocr_line' id='line_1_55' title="bbox 200 2323 1068 2364; baseline -0.007 -5"><span class='ocrx_word' id='word_1_439' title='bbox 200 2331 291 2359; x_wconf 75' lang='lat' dir='ltr'>dares.</span> <span class='ocrx_word' id='word_1_440' title='bbox 322 2333 421 2357; x_wconf 86' lang='lat' dir='ltr'>utrum</span> <span class='ocrx_word' id='word_1_441' title='bbox 436 2348 445 2362; x_wconf 89' lang='lat'>‚</span> <span class='ocrx_word' id='word_1_442' title='bbox 471 2325 500 2355; x_wconf 69' lang='grc' dir='ltr'>ὅ(</span> <span class='ocrx_word' id='word_1_443' title='bbox 531 2325 662 2359; x_wconf 76' lang='lat' dir='ltr'>reliqua.</span> <span class='ocrx_word' id='word_1_444' title='bbox 711 2323 880 2364; x_wconf 79' lang='lat' dir='ltr'>Peregrina</span> <span class='ocrx_word' id='word_1_445' title='bbox 908 2324 1042 2362; x_wconf 89' lang='lat' dir='ltr'>pecunia</span> <span class='ocrx_word' id='word_1_446' title='bbox 1058 2346 1068 2361; x_wconf 95' lang='lat'>‚</span> 
     </span>
     <span class='ocr_line' id='line_1_56' title="bbox 199 2364 1067 2406; baseline -0.006 -6"><span class='ocrx_word' id='word_1_447' title='bbox 199 2377 236 2400; x_wconf 88' lang='lat' dir='ltr'>ut</span> <span class='ocrx_word' id='word_1_448' title='bbox 260 2367 377 2400; x_wconf 84' lang='lat' dir='ltr'>ibidem</span> <span class='ocrx_word' id='word_1_449' title='bbox 405 2365 546 2406; x_wconf 88' lang='lat' dir='ltr'>pluribus</span> <span class='ocrx_word' id='word_1_450' title='bbox 573 2364 716 2403; x_wconf 86' lang='lat' dir='ltr'>ostendi,</span> <span class='ocrx_word' id='word_1_451' title='bbox 741 2364 853 2396; x_wconf 85' lang='lat' dir='ltr'>mercis</span> <span class='ocrx_word' id='word_1_452' title='bbox 881 2365 956 2395; x_wconf 91' lang='lat' dir='ltr'>loco</span> <span class='ocrx_word' id='word_1_453' title='bbox 974 2365 1067 2395; x_wconf 86' lang='lat' dir='ltr'>liabe-</span> 
     </span>
     <span class='ocr_line' id='line_1_57' title="bbox 199 2405 1068 2446; baseline -0.006 -5"><span class='ocrx_word' id='word_1_454' title='bbox 199 2411 300 2441; x_wconf 66' lang='lat' dir='ltr'>batur⁴</span> <span class='ocrx_word' id='word_1_455' title='bbox 319 2410 362 2440; x_wconf 90' lang='lat' dir='ltr'>ita</span> <span class='ocrx_word' id='word_1_456' title='bbox 379 2408 509 2439; x_wconf 83' lang='lat' dir='ltr'>rationis</span> <span class='ocrx_word' id='word_1_457' title='bbox 529 2405 611 2445; x_wconf 87' lang='lat' dir='ltr'>fuit;</span> <span class='ocrx_word' id='word_1_458' title='bbox 626 2415 661 2436; x_wconf 88' lang='lat' dir='ltr'>ut</span> <span class='ocrx_word' id='word_1_459' title='bbox 676 2407 750 2436; x_wconf 91' lang='lat' dir='ltr'>eain</span> <span class='ocrx_word' id='word_1_460' title='bbox 770 2406 875 2446; x_wconf 87' lang='lat' dir='ltr'>specie</span> <span class='ocrx_word' id='word_1_461' title='bbox 892 2415 933 2436; x_wconf 86' lang='lat' dir='ltr'>ex</span> <span class='ocrx_word' id='word_1_462' title='bbox 948 2405 1068 2436; x_wconf 88' lang='lat' dir='ltr'>senten-</span> 
     </span>
     <span class='ocr_line' id='line_1_58' title="bbox 201 2446 1068 2487; baseline -0.006 -5"><span class='ocrx_word' id='word_1_463' title='bbox 201 2453 244 2482; x_wconf 83' lang='lat' dir='ltr'>tia</span> <span class='ocrx_word' id='word_1_464' title='bbox 265 2450 343 2482; x_wconf 78' lang='lat' dir='ltr'>Celsi</span> <span class='ocrx_word' id='word_1_465' title='bbox 363 2459 426 2481; x_wconf 92' lang='lat' dir='ltr'>non</span> <span class='ocrx_word' id='word_1_466' title='bbox 447 2447 568 2487; x_wconf 90' lang='lat' dir='ltr'>emptio</span> <span class='ocrx_word' id='word_1_467' title='bbox 586 2448 615 2478; x_wconf 87' lang='lat'>&amp;</span> <span class='ocrx_word' id='word_1_468' title='bbox 633 2446 793 2485; x_wconf 82' lang='lat' dir='ltr'>venditio,</span> <span class='ocrx_word' id='word_1_469' title='bbox 819 2447 870 2477; x_wconf 86' lang='lat' dir='ltr'>sed</span> <span class='ocrx_word' id='word_1_470' title='bbox 887 2447 1068 2478; x_wconf 65' lang='lat' dir='ltr'>contractus</span> 
     </span>
     <span class='ocr_line' id='line_1_59' title="bbox 200 2487 1069 2528; baseline -0.006 -5"><span class='ocrx_word' id='word_1_471' title='bbox 200 2492 414 2523; x_wconf 81' lang='lat' dir='ltr'>innominatus</span> <span class='ocrx_word' id='word_1_472' title='bbox 426 2491 593 2520; x_wconf 84' lang='lat' dir='ltr'>videretur.</span> <span class='ocrx_word' id='word_1_473' title='bbox 607 2487 680 2520; x_wconf 92' lang='lat' dir='ltr'>Nec</span> <span class='ocrx_word' id='word_1_474' title='bbox 692 2498 769 2519; x_wconf 88' lang='lat' dir='ltr'>vero</span> <span class='ocrx_word' id='word_1_475' title='bbox 780 2497 888 2528; x_wconf 84' lang='lat' dir='ltr'>parum</span> <span class='ocrx_word' id='word_1_476' title='bbox 899 2489 1049 2519; x_wconf 85' lang='lat' dir='ltr'>intererat</span> <span class='ocrx_word' id='word_1_477' title='bbox 1060 2510 1069 2525; x_wconf 91' lang='lat'>,</span> 
     </span>
     <span class='ocr_line' id='line_1_60' title="bbox 200 2529 1067 2569; baseline -0.005 -6"><span class='ocrx_word' id='word_1_478' title='bbox 200 2541 305 2564; x_wconf 86' lang='lat' dir='ltr'>utrum</span> <span class='ocrx_word' id='word_1_479' title='bbox 325 2533 374 2562; x_wconf 79' lang='grc'><strong>1116</strong></span> <span class='ocrx_word' id='word_1_480' title='bbox 387 2556 396 2569; x_wconf 83' lang='lat'>,</span> <span class='ocrx_word' id='word_1_481' title='bbox 414 2541 449 2562; x_wconf 87' lang='lat' dir='ltr'>an</span> <span class='ocrx_word' id='word_1_482' title='bbox 463 2532 532 2567; x_wconf 87' lang='lat' dir='ltr'>ille,</span> <span class='ocrx_word' id='word_1_483' title='bbox 549 2529 730 2561; x_wconf 69' lang='lat' dir='ltr'>contractus</span> <span class='ocrx_word' id='word_1_484' title='bbox 740 2529 979 2560; x_wconf 87' lang='lat' dir='ltr'>existimaretur.</span> <span class='ocrx_word' id='word_1_485' title='bbox 997 2538 1067 2559; x_wconf 90' lang='lat' dir='ltr'>nam</span> 
     </span>
    </p>

    <p class='ocr_par' dir='ltr' id='par_1_3' title="bbox 172 2570 1070 3193">
     <span class='ocr_line' id='line_1_61' title="bbox 172 2570 1069 2611; baseline -0.001 -9"><span class='ocrx_word' id='word_1_486' title='bbox 172 2599 177 2602; x_wconf 86' lang='lat'>.</span> <span class='ocrx_word' id='word_1_487' title='bbox 201 2574 323 2611; x_wconf 88' lang='lat' dir='ltr'>emptio</span> <span class='ocrx_word' id='word_1_488' title='bbox 348 2574 374 2603; x_wconf 83' lang='lat'>&amp;</span> <span class='ocrx_word' id='word_1_489' title='bbox 401 2573 543 2603; x_wconf 81' lang='lat' dir='ltr'>venditio</span> <span class='ocrx_word' id='word_1_490' title='bbox 571 2570 750 2609; x_wconf 84' lang='lat' dir='ltr'>perficitur,</span> <span class='ocrx_word' id='word_1_491' title='bbox 774 2570 916 2601; x_wconf 89' lang='lat' dir='ltr'>simulac</span> <span class='ocrx_word' id='word_1_492' title='bbox 932 2571 971 2601; x_wconf 91' lang='lat' dir='ltr'>de</span> <span class='ocrx_word' id='word_1_493' title='bbox 988 2580 1021 2600; x_wconf 85' lang='lat' dir='ltr'>rc</span> <span class='ocrx_word' id='word_1_494' title='bbox 1039 2570 1069 2601; x_wconf 84' lang='lat'>&amp;</span> 
     </span>
     <span class='ocr_line' id='line_1_62' title="bbox 201 2610 1068 2657; baseline -0.005 -12"><span class='ocrx_word' id='word_1_495' title='bbox 201 2614 308 2657; x_wconf 88' lang='lat' dir='ltr'>pretio</span> <span class='ocrx_word' id='word_1_496' title='bbox 325 2614 494 2650; x_wconf 80' lang='lat' dir='ltr'>converiit3</span> <span class='ocrx_word' id='word_1_497' title='bbox 518 2613 546 2643; x_wconf 73' lang='grc' dir='ltr'><strong>ἃ</strong></span> <span class='ocrx_word' id='word_1_498' title='bbox 566 2614 641 2643; x_wconf 88' lang='lat' dir='ltr'>ideo</span> <span class='ocrx_word' id='word_1_499' title='bbox 659 2612 721 2643; x_wconf 84' lang='lat' dir='ltr'>five</span> <span class='ocrx_word' id='word_1_500' title='bbox 737 2612 874 2652; x_wconf 87' lang='lat' dir='ltr'>aliquid,</span> <span class='ocrx_word' id='word_1_501' title='bbox 890 2611 953 2642; x_wconf 84' lang='lat' dir='ltr'>sive</span> <span class='ocrx_word' id='word_1_502' title='bbox 970 2610 1047 2642; x_wconf 89' lang='lat' dir='ltr'>nihil</span> <span class='ocrx_word' id='word_1_503' title='bbox 1059 2634 1068 2649; x_wconf 83' lang='lat'>‚</span> 
     </span>
     <span class='ocr_line' id='line_1_63' title="bbox 201 2652 1054 2693; baseline -0.001 -9"><span class='ocrx_word' id='word_1_504' title='bbox 201 2658 309 2688; x_wconf 66' lang='lat' dir='ltr'>datum</span> <span class='ocrx_word' id='word_1_505' title='bbox 327 2653 379 2688; x_wconf 78' lang='lat' dir='ltr'>iit.</span> <span class='ocrx_word' id='word_1_506' title='bbox 403 2655 499 2685; x_wconf 85' lang='lat' dir='ltr'>modo</span> <span class='ocrx_word' id='word_1_507' title='bbox 517 2653 702 2684; x_wconf 84' lang='lat' dir='ltr'>consensum</span> <span class='ocrx_word' id='word_1_508' title='bbox 721 2653 775 2689; x_wconf 80' lang='lat' dir='ltr'>iit,</span> <span class='ocrx_word' id='word_1_509' title='bbox 801 2654 924 2693; x_wconf 86' lang='lat' dir='ltr'>emptio</span> <span class='ocrx_word' id='word_1_510' title='bbox 943 2652 971 2683; x_wconf 77' lang='grc' dir='ltr'>δι</span> <span class='ocrx_word' id='word_1_511' title='bbox 993 2661 1054 2683; x_wconf 89' lang='lat' dir='ltr'>ven</span> 
     </span>
     <span class='ocr_line' id='line_1_64' title="bbox 203 2693 1069 2735; baseline -0.003 -8"><span class='ocrx_word' id='word_1_512' title='bbox 203 2698 282 2729; x_wconf 87' lang='lat' dir='ltr'>ditio</span> <span class='ocrx_word' id='word_1_513' title='bbox 300 2696 432 2731; x_wconf 73' lang='lat' dir='ltr'>dicitur,</span> <span class='ocrx_word' id='word_1_514' title='bbox 450 2696 615 2734; x_wconf 78' lang='lat' dir='ltr'>statimque</span> <span class='ocrx_word' id='word_1_515' title='bbox 633 2693 789 2735; x_wconf 86' lang='lat' dir='ltr'>competit</span> <span class='ocrx_word' id='word_1_516' title='bbox 803 2694 885 2725; x_wconf 69' lang='lat' dir='ltr'>actio</span> <span class='ocrx_word' id='word_1_517' title='bbox 903 2703 943 2724; x_wconf 83' lang='lat' dir='ltr'>ex</span> <span class='ocrx_word' id='word_1_518' title='bbox 959 2701 1069 2734; x_wconf 90' lang='lat' dir='ltr'>empto</span> 
     </span>
     <span class='ocr_line' id='line_1_65' title="bbox 204 2734 1070 2775; baseline 0.001 -10"><span class='ocrx_word' id='word_1_519' title='bbox 204 2740 235 2770; x_wconf 83' lang='lat'>&amp;</span> <span class='ocrx_word' id='word_1_520' title='bbox 255 2737 386 2768; x_wconf 88' lang='lat' dir='ltr'>vendito</span> <span class='ocrx_word' id='word_1_521' title='bbox 405 2737 441 2765; x_wconf 70' lang='lat' dir='ltr'>ad</span> <span class='ocrx_word' id='word_1_522' title='bbox 459 2736 764 2767; x_wconf 77' lang='lat' dir='ltr'>coniumrnationem</span> <span class='ocrx_word' id='word_1_523' title='bbox 790 2736 854 2775; x_wconf 84' lang='lat' dir='ltr'>ejus</span> <span class='ocrx_word' id='word_1_524' title='bbox 870 2734 1070 2766; x_wconf 66' lang='lat' dir='ltr'>contractus:</span> 
     </span>
     <span class='ocr_line' id='line_1_66' title="bbox 203 2775 1068 2817; baseline -0.007 -5"><span class='ocrx_word' id='word_1_525' title='bbox 203 2781 242 2812; x_wconf 86' lang='lat' dir='ltr'>ad</span> <span class='ocrx_word' id='word_1_526' title='bbox 261 2780 322 2810; x_wconf 82' lang='lat' dir='ltr'>dati</span> <span class='ocrx_word' id='word_1_527' title='bbox 341 2785 444 2807; x_wconf 86' lang='lat' dir='ltr'>autem</span> <span class='ocrx_word' id='word_1_528' title='bbox 465 2779 686 2815; x_wconf 56' lang='lat' dir='ltr'>repetitionem</span> <span class='ocrx_word' id='word_1_529' title='bbox 703 2786 807 2817; x_wconf 88' lang='lat' dir='ltr'>neque</span> <span class='ocrx_word' id='word_1_530' title='bbox 825 2777 877 2807; x_wconf 89' lang='lat' dir='ltr'>illa</span> <span class='ocrx_word' id='word_1_531' title='bbox 893 2775 1068 2815; x_wconf 89' lang='lat' dir='ltr'>competit,</span> 
     </span>
     <span class='ocr_line' id='line_1_67' title="bbox 202 2817 1068 2859; baseline 0.001 -11"><span class='ocrx_word' id='word_1_532' title='bbox 202 2830 308 2859; x_wconf 74' lang='lat' dir='ltr'>neque</span> <span class='ocrx_word' id='word_1_533' title='bbox 318 2817 478 2850; x_wconf 73' lang='lat' dir='ltr'>connic&#39;tio</span> <span class='ocrx_word' id='word_1_534' title='bbox 496 2817 583 2847; x_wconf 89' lang='lat' dir='ltr'>causa</span> <span class='ocrx_word' id='word_1_535' title='bbox 601 2820 662 2849; x_wconf 88' lang='lat' dir='ltr'>dati</span> <span class='ocrx_word' id='word_1_536' title='bbox 681 2819 769 2849; x_wconf 89' lang='lat' dir='ltr'>causa</span> <span class='ocrx_word' id='word_1_537' title='bbox 779 2827 842 2849; x_wconf 93' lang='lat' dir='ltr'>non</span> <span class='ocrx_word' id='word_1_538' title='bbox 861 2818 965 2848; x_wconf 91' lang='lat' dir='ltr'>secuta</span> <span class='ocrx_word' id='word_1_539' title='bbox 981 2817 1000 2847; x_wconf 85' lang='lat' dir='ltr'>l.</span> <span class='ocrx_word' id='word_1_540' title='bbox 1025 2826 1068 2849; x_wconf 79' lang='lat'>12.</span> 
     </span>
     <span class='ocr_line' id='line_1_68' title="bbox 205 2858 1067 2898; baseline -0.007 -4"><span class='ocrx_word' id='word_1_541' title='bbox 205 2864 238 2894; x_wconf 92' lang='lat' dir='ltr'>C.</span> <span class='ocrx_word' id='word_1_542' title='bbox 265 2863 297 2892; x_wconf 76' lang='lat' dir='ltr'>tle</span> <span class='ocrx_word' id='word_1_543' title='bbox 320 2860 447 2890; x_wconf 66' lang='lat' dir='ltr'>control).</span> <span class='ocrx_word' id='word_1_544' title='bbox 469 2864 550 2896; x_wconf 85' lang='lat' dir='ltr'>empt.</span> <span class='ocrx_word' id='word_1_545' title='bbox 574 2858 591 2887; x_wconf 91' lang='lat' dir='ltr'>l.</span> <span class='ocrx_word' id='word_1_546' title='bbox 616 2869 642 2898; x_wconf 81' lang='lat'>3.</span> <span class='ocrx_word' id='word_1_547' title='bbox 663 2860 680 2889; x_wconf 89' lang='lat' dir='ltr'>l.</span> <span class='ocrx_word' id='word_1_548' title='bbox 698 2860 751 2898; x_wconf 83' lang='lat' dir='ltr'>7.l</span> <span class='ocrx_word' id='word_1_549' title='bbox 786 2868 821 2898; x_wconf 72' lang='lat'>14</span> <span class='ocrx_word' id='word_1_550' title='bbox 850 2859 881 2889; x_wconf 88' lang='lat' dir='ltr'>C.</span> <span class='ocrx_word' id='word_1_551' title='bbox 900 2860 932 2889; x_wconf 81' lang='lat' dir='ltr'>cle</span> <span class='ocrx_word' id='word_1_552' title='bbox 950 2859 1067 2895; x_wconf 82' lang='lat' dir='ltr'>refcind.</span> 
     </span>
     <span class='ocr_line' id='line_1_69' title="bbox 203 2898 1069 2943; baseline -0.005 -9"><span class='ocrx_word' id='word_1_553' title='bbox 203 2905 288 2936; x_wconf 76' lang='lat' dir='ltr'>vend.</span> <span class='ocrx_word' id='word_1_554' title='bbox 308 2911 337 2932; x_wconf 89' lang='lat' dir='ltr'>at</span> <span class='ocrx_word' id='word_1_555' title='bbox 356 2898 534 2930; x_wconf 68' lang='lat' dir='ltr'>munacius</span> <span class='ocrx_word' id='word_1_556' title='bbox 546 2899 587 2943; x_wconf 86' lang='lat' dir='ltr'>do</span> <span class='ocrx_word' id='word_1_557' title='bbox 606 2901 701 2931; x_wconf 74' lang='lat' dir='ltr'>uides</span> <span class='ocrx_word' id='word_1_558' title='bbox 714 2901 841 2931; x_wconf 87' lang='lat' dir='ltr'>demum</span> <span class='ocrx_word' id='word_1_559' title='bbox 860 2898 1069 2940; x_wconf 88' lang='lat' dir='ltr'>proficiscitur</span> 
     </span>
     <span class='ocr_line' id='line_1_70' title="bbox 204 2940 1069 2980; baseline -0.007 -3"><span class='ocrx_word' id='word_1_560' title='bbox 204 2956 221 2977; x_wconf 91' lang='lat' dir='ltr'>a</span> <span class='ocrx_word' id='word_1_561' title='bbox 237 2955 270 2975; x_wconf 89' lang='lat' dir='ltr'>re</span> <span class='ocrx_word' id='word_1_562' title='bbox 289 2946 379 2980; x_wconf 65' lang='lat' dir='ltr'>data,</span> <span class='ocrx_word' id='word_1_563' title='bbox 395 2942 546 2979; x_wconf 83' lang='lat' dir='ltr'>daturque</span> <span class='ocrx_word' id='word_1_564' title='bbox 565 2941 638 2969; x_wconf 85' lang='lat' dir='ltr'>inde</span> <span class='ocrx_word' id='word_1_565' title='bbox 656 2941 736 2970; x_wconf 60' lang='lat' dir='ltr'>aetio</span> <span class='ocrx_word' id='word_1_566' title='bbox 754 2942 873 2972; x_wconf 79' lang='lat' dir='ltr'>incerta</span> <span class='ocrx_word' id='word_1_567' title='bbox 883 2940 1069 2980; x_wconf 79' lang='lat' dir='ltr'>praescriptis</span> 
     </span>
     <span class='ocr_line' id='line_1_71' title="bbox 204 2979 1068 3019; baseline -0.006 -1"><span class='ocrx_word' id='word_1_568' title='bbox 204 2987 331 3019; x_wconf 83' lang='lat' dir='ltr'>verbis.·.</span> <span class='ocrx_word' id='word_1_569' title='bbox 357 2992 416 3014; x_wconf 84' lang='lat' dir='ltr'>nec</span> <span class='ocrx_word' id='word_1_570' title='bbox 433 2983 533 3013; x_wconf 90' lang='lat' dir='ltr'>minus</span> <span class='ocrx_word' id='word_1_571' title='bbox 552 2979 713 3010; x_wconf 75' lang='lat' dir='ltr'>condictio</span> <span class='ocrx_word' id='word_1_572' title='bbox 729 2982 771 3011; x_wconf 89' lang='lat' dir='ltr'>ob</span> <span class='ocrx_word' id='word_1_573' title='bbox 790 2992 854 3012; x_wconf 84' lang='lat' dir='ltr'>rem</span> <span class='ocrx_word' id='word_1_574' title='bbox 874 2983 936 3013; x_wconf 85' lang='lat' dir='ltr'>dati</span> <span class='ocrx_word' id='word_1_575' title='bbox 955 2992 987 3013; x_wconf 91' lang='lat' dir='ltr'>re</span> <span class='ocrx_word' id='word_1_576' title='bbox 1004 2991 1068 3013; x_wconf 88' lang='lat' dir='ltr'>non</span> 
     </span>
     <span class='ocr_line' id='line_1_72' title="bbox 203 3021 1069 3063; baseline -0.006 -4"><span class='ocrx_word' id='word_1_577' title='bbox 203 3028 329 3059; x_wconf 85' lang='lat' dir='ltr'>secuta:</span> <span class='ocrx_word' id='word_1_578' title='bbox 352 3024 403 3055; x_wconf 86' lang='lat' dir='ltr'>illa</span> <span class='ocrx_word' id='word_1_579' title='bbox 428 3029 520 3063; x_wconf 75' lang='lat' dir='ltr'>urget</span> <span class='ocrx_word' id='word_1_580' title='bbox 541 3021 721 3052; x_wconf 70' lang='lat' dir='ltr'>contractus</span> <span class='ocrx_word' id='word_1_581' title='bbox 746 3023 1069 3054; x_wconf 81' lang='lat' dir='ltr'>consummationem:</span> 
     </span>
     <span class='ocr_line' id='line_1_73' title="bbox 204 3061 1068 3104; baseline -0.007 -4"><span class='ocrx_word' id='word_1_582' title='bbox 204 3069 260 3100; x_wconf 82' lang='lat' dir='ltr'>ista</span> <span class='ocrx_word' id='word_1_583' title='bbox 276 3067 338 3099; x_wconf 83' lang='lat' dir='ltr'>dati</span> <span class='ocrx_word' id='word_1_584' title='bbox 357 3066 603 3104; x_wconf 80' lang='lat' dir='ltr'>repetitionem,</span> <span class='ocrx_word' id='word_1_585' title='bbox 622 3062 649 3091; x_wconf 72' lang='lat' dir='ltr'>(St</span> <span class='ocrx_word' id='word_1_586' title='bbox 668 3061 749 3091; x_wconf 90' lang='lat' dir='ltr'>hanc</span> <span class='ocrx_word' id='word_1_587' title='bbox 759 3071 821 3092; x_wconf 90' lang='lat' dir='ltr'>non</span> <span class='ocrx_word' id='word_1_588' title='bbox 842 3072 980 3102; x_wconf 85' lang='lat' dir='ltr'>tantum,</span> <span class='ocrx_word' id='word_1_589' title='bbox 997 3073 1068 3095; x_wconf 92' lang='lat' dir='ltr'>cum</span> 
     </span>
     <span class='ocr_line' id='line_1_74' title="bbox 206 3104 1069 3144; baseline -0.007 -5"><span class='ocrx_word' id='word_1_590' title='bbox 206 3117 242 3140; x_wconf 90' lang='lat' dir='ltr'>tu</span> <span class='ocrx_word' id='word_1_591' title='bbox 262 3107 355 3139; x_wconf 80' lang='lat' dir='ltr'>cessas</span> <span class='ocrx_word' id='word_1_592' title='bbox 374 3107 465 3144; x_wconf 84' lang='lat' dir='ltr'>dare,</span> <span class='ocrx_word' id='word_1_593' title='bbox 482 3105 532 3136; x_wconf 90' lang='lat' dir='ltr'>sed</span> <span class='ocrx_word' id='word_1_594' title='bbox 550 3104 580 3135; x_wconf 86' lang='lat'>&amp;</span> <span class='ocrx_word' id='word_1_595' title='bbox 597 3110 681 3139; x_wconf 79' lang='lat' dir='ltr'>tum,</span> <span class='ocrx_word' id='word_1_596' title='bbox 699 3111 770 3133; x_wconf 90' lang='lat' dir='ltr'>cum</span> <span class='ocrx_word' id='word_1_597' title='bbox 790 3112 839 3132; x_wconf 89' lang='lat' dir='ltr'>me</span> <span class='ocrx_word' id='word_1_598' title='bbox 857 3104 918 3134; x_wconf 84' lang='lat' dir='ltr'>dati</span> <span class='ocrx_word' id='word_1_599' title='bbox 936 3107 1069 3144; x_wconf 81' lang='lat' dir='ltr'>poemtec</span> 
     </span>
     <span class='ocr_line' id='line_1_75' title="bbox 202 3142 1067 3193; baseline -0.005 -12"><span class='ocrx_word' id='word_1_600' title='bbox 202 3151 222 3183; x_wconf 90' lang='lat' dir='ltr'>l.</span> <span class='ocrx_word' id='word_1_601' title='bbox 239 3161 267 3193; x_wconf 82' lang='lat'>3.</span> <span class='ocrx_word' id='word_1_602' title='bbox 285 3149 312 3191; x_wconf 83' lang='lat'>§.</span> <span class='ocrx_word' id='word_1_603' title='bbox 328 3158 356 3180; x_wconf 87' lang='lat'>2.</span> <span class='ocrx_word' id='word_1_604' title='bbox 373 3147 409 3183; x_wconf 68' lang='lat'>{5⁹</span> <span class='ocrx_word' id='word_1_605' title='bbox 427 3158 456 3189; x_wconf 82' lang='grc'>3.</span> <span class='ocrx_word' id='word_1_606' title='bbox 473 3149 539 3180; x_wconf 85' lang='lat' dir='ltr'>item</span> <span class='ocrx_word' id='word_1_607' title='bbox 554 3145 573 3178; x_wconf 84' lang='lat' dir='ltr'>l.</span> <span class='ocrx_word' id='word_1_608' title='bbox 591 3155 621 3185; x_wconf 86' lang='lat'>5.</span> <span class='ocrx_word' id='word_1_609' title='bbox 639 3142 681 3176; x_wconf 90' lang='lat' dir='ltr'>D.</span> <span class='ocrx_word' id='word_1_610' title='bbox 699 3144 727 3177; x_wconf 79' lang='lat' dir='ltr'>b.</span> <span class='ocrx_word' id='word_1_611' title='bbox 746 3149 767 3174; x_wconf 66' lang='lat' dir='ltr'>t,</span> <span class='ocrx_word' id='word_1_612' title='bbox 783 3142 864 3174; x_wconf 87' lang='lat' dir='ltr'>Haec</span> <span class='ocrx_word' id='word_1_613' title='bbox 882 3152 944 3177; x_wconf 82' lang='lat' dir='ltr'>tani</span> <span class='ocrx_word' id='word_1_614' title='bbox 966 3148 1067 3179; x_wconf 85' lang='lat' dir='ltr'>varie:</span> 
     </span>
    </p>
   </div>
   <div class='ocr_carea' id='block_1_2' title="bbox 1004 53 1535 92">
    <p class='ocr_par' dir='ltr' id='par_1_4' title="bbox 1004 53 1535 92">
     <span class='ocr_line' id='line_1_76' title="bbox 1004 53 1535 92; baseline 0.002 -1"><span class='ocrx_word' id='word_1_615' title='bbox 1004 54 1269 91; x_wconf 71' lang='lat' dir='ltr'>Noonr</span> <span class='ocrx_word' id='word_1_616' title='bbox 1326 53 1535 92; x_wconf 75' lang='lat' dir='ltr'>COMM-</span> 
     </span>
    </p>
   </div>
   <div class='ocr_carea' id='block_1_3' title="bbox 1097 142 1980 3144">
    <p class='ocr_par' dir='ltr' id='par_1_5' title="bbox 1097 142 1980 3055">
     <span class='ocr_line' id='line_1_77' title="bbox 1097 142 1962 188; baseline 0.01 -16"><span class='ocrx_word' id='word_1_617' title='bbox 1097 142 1171 182; x_wconf 86' lang='lat' dir='ltr'>quia</span> <span class='ocrx_word' id='word_1_618' title='bbox 1194 143 1348 185; x_wconf 90' lang='lat' dir='ltr'>quidquid</span> <span class='ocrx_word' id='word_1_619' title='bbox 1375 148 1405 176; x_wconf 88' lang='lat' dir='ltr'>in</span> <span class='ocrx_word' id='word_1_620' title='bbox 1439 148 1605 186; x_wconf 86' lang='lat' dir='ltr'>emptione</span> <span class='ocrx_word' id='word_1_621' title='bbox 1630 146 1818 179; x_wconf 82' lang='lat' dir='ltr'>venditione</span> <span class='ocrx_word' id='word_1_622' title='bbox 1841 149 1932 181; x_wconf 88' lang='lat' dir='ltr'>datur</span> <span class='ocrx_word' id='word_1_623' title='bbox 1949 171 1962 188; x_wconf 88' lang='lat'>,</span> 
     </span>
     <span class='ocr_line' id='line_1_78' title="bbox 1097 182 1963 228; baseline 0.009 -15"><span class='ocrx_word' id='word_1_624' title='bbox 1097 182 1263 223; x_wconf 88' lang='lat' dir='ltr'>postquam</span> <span class='ocrx_word' id='word_1_625' title='bbox 1289 187 1328 216; x_wconf 92' lang='lat' dir='ltr'>de</span> <span class='ocrx_word' id='word_1_626' title='bbox 1353 195 1387 217; x_wconf 88' lang='lat' dir='ltr'>re</span> <span class='ocrx_word' id='word_1_627' title='bbox 1413 186 1442 217; x_wconf 83' lang='lat'>&amp;</span> <span class='ocrx_word' id='word_1_628' title='bbox 1465 189 1568 226; x_wconf 89' lang='lat' dir='ltr'>pretio</span> <span class='ocrx_word' id='word_1_629' title='bbox 1585 187 1629 218; x_wconf 89' lang='lat' dir='ltr'>est</span> <span class='ocrx_word' id='word_1_630' title='bbox 1646 187 1850 228; x_wconf 80' lang='lat' dir='ltr'>consensum,</span> <span class='ocrx_word' id='word_1_631' title='bbox 1873 191 1963 221; x_wconf 84' lang='lat' dir='ltr'>datur</span> 
     </span>
     <span class='ocr_line' id='line_1_79' title="bbox 1098 224 1965 269; baseline 0.008 -15"><span class='ocrx_word' id='word_1_632' title='bbox 1098 224 1240 269; x_wconf 70' lang='lat' dir='ltr'>perfecta</span> <span class='ocrx_word' id='word_1_633' title='bbox 1263 228 1427 267; x_wconf 87' lang='lat' dir='ltr'>emptione</span> <span class='ocrx_word' id='word_1_634' title='bbox 1452 228 1482 259; x_wconf 67' lang='grc' dir='ltr'>ὅ(</span> <span class='ocrx_word' id='word_1_635' title='bbox 1508 227 1710 260; x_wconf 86' lang='lat' dir='ltr'>venditione:</span> <span class='ocrx_word' id='word_1_636' title='bbox 1733 238 1773 259; x_wconf 79' lang='lat' dir='ltr'>ex</span> <span class='ocrx_word' id='word_1_637' title='bbox 1790 238 1890 269; x_wconf 88' lang='lat' dir='ltr'>eaque</span> <span class='ocrx_word' id='word_1_638' title='bbox 1907 230 1965 261; x_wconf 86' lang='lat' dir='ltr'>sol-</span> 
     </span>
     <span class='ocr_line' id='line_1_80' title="bbox 1098 266 1963 311; baseline 0.008 -16"><span class='ocrx_word' id='word_1_639' title='bbox 1098 273 1181 295; x_wconf 79' lang='lat' dir='ltr'>wtur</span> <span class='ocrx_word' id='word_1_640' title='bbox 1206 266 1288 306; x_wconf 87' lang='lat' dir='ltr'>quafi</span> <span class='ocrx_word' id='word_1_641' title='bbox 1305 269 1467 307; x_wconf 77' lang='lat' dir='ltr'>debitum3</span> <span class='ocrx_word' id='word_1_642' title='bbox 1492 278 1589 309; x_wconf 87' lang='lat' dir='ltr'>quare</span> <span class='ocrx_word' id='word_1_643' title='bbox 1605 279 1710 310; x_wconf 89' lang='lat' dir='ltr'>neque</span> <span class='ocrx_word' id='word_1_644' title='bbox 1727 270 1792 300; x_wconf 85' lang='lat' dir='ltr'>dati</span> <span class='ocrx_word' id='word_1_645' title='bbox 1811 271 1963 311; x_wconf 84' lang='lat' dir='ltr'>repetitio</span> 
     </span>
     <span class='ocr_line' id='line_1_81' title="bbox 1097 305 1965 354; baseline 0.007 -18"><span class='ocrx_word' id='word_1_646' title='bbox 1097 305 1160 354; x_wconf 71' lang='lat' dir='ltr'>esi,</span> <span class='ocrx_word' id='word_1_647' title='bbox 1178 306 1207 338; x_wconf 71' lang='grc' dir='ltr'>ἀ</span> <span class='ocrx_word' id='word_1_648' title='bbox 1223 316 1343 340; x_wconf 89' lang='lat' dir='ltr'>tantum</span> <span class='ocrx_word' id='word_1_649' title='bbox 1361 312 1520 350; x_wconf 88' lang='lat' dir='ltr'>competit</span> <span class='ocrx_word' id='word_1_650' title='bbox 1534 310 1616 342; x_wconf 72' lang='lat' dir='ltr'>aftio</span> <span class='ocrx_word' id='word_1_651' title='bbox 1632 321 1673 342; x_wconf 83' lang='lat' dir='ltr'>ex</span> <span class='ocrx_word' id='word_1_652' title='bbox 1692 318 1803 350; x_wconf 83' lang='lat' dir='ltr'>empto</span> <span class='ocrx_word' id='word_1_653' title='bbox 1818 321 1872 342; x_wconf 87' lang='lat' dir='ltr'>aut</span> <span class='ocrx_word' id='word_1_654' title='bbox 1891 321 1965 343; x_wconf 88' lang='lat' dir='ltr'>ven-</span> 
     </span>
     <span class='ocr_line' id='line_1_82' title="bbox 1097 348 1963 393; baseline 0.007 -16"><span class='ocrx_word' id='word_1_655' title='bbox 1097 348 1167 377; x_wconf 86' lang='lat' dir='ltr'>dito</span> <span class='ocrx_word' id='word_1_656' title='bbox 1185 349 1222 379; x_wconf 91' lang='lat' dir='ltr'>ad</span> <span class='ocrx_word' id='word_1_657' title='bbox 1239 351 1509 390; x_wconf 85' lang='lat' dir='ltr'>complementum</span> <span class='ocrx_word' id='word_1_658' title='bbox 1528 352 1595 393; x_wconf 82' lang='lat' dir='ltr'>ejus</span> <span class='ocrx_word' id='word_1_659' title='bbox 1611 352 1801 383; x_wconf 69' lang='lat' dir='ltr'>contractus.</span> <span class='ocrx_word' id='word_1_660' title='bbox 1817 361 1848 383; x_wconf 90' lang='lat' dir='ltr'>at</span> <span class='ocrx_word' id='word_1_661' title='bbox 1863 353 1914 393; x_wconf 87' lang='lat' dir='ltr'>qui</span> <span class='ocrx_word' id='word_1_662' title='bbox 1930 353 1963 384; x_wconf 87' lang='lat' dir='ltr'>in</span> 
     </span>
     <span class='ocr_line' id='line_1_83' title="bbox 1098 389 1964 434; baseline 0.008 -16"><span class='ocrx_word' id='word_1_663' title='bbox 1098 389 1261 434; x_wconf 67' lang='lat' dir='ltr'>contractu</span> <span class='ocrx_word' id='word_1_664' title='bbox 1277 393 1319 421; x_wconf 86' lang='lat' dir='ltr'>do</span> <span class='ocrx_word' id='word_1_665' title='bbox 1337 400 1370 422; x_wconf 89' lang='lat' dir='ltr'>ut</span> <span class='ocrx_word' id='word_1_666' title='bbox 1388 394 1442 423; x_wconf 85' lang='lat' dir='ltr'>cles</span> <span class='ocrx_word' id='word_1_667' title='bbox 1453 394 1524 430; x_wconf 86' lang='lat' dir='ltr'>dat,</span> <span class='ocrx_word' id='word_1_668' title='bbox 1543 402 1647 433; x_wconf 89' lang='lat' dir='ltr'>neque</span> <span class='ocrx_word' id='word_1_669' title='bbox 1664 393 1806 424; x_wconf 89' lang='lat' dir='ltr'>debitum</span> <span class='ocrx_word' id='word_1_670' title='bbox 1825 395 1895 433; x_wconf 79' lang='lat' dir='ltr'>dat,</span> <span class='ocrx_word' id='word_1_671' title='bbox 1910 402 1964 425; x_wconf 88' lang='lat' dir='ltr'>ne-</span> 
     </span>
     <span class='ocr_line' id='line_1_84' title="bbox 1097 432 1963 475; baseline 0.009 -17"><span class='ocrx_word' id='word_1_672' title='bbox 1097 438 1159 468; x_wconf 89' lang='lat' dir='ltr'>que</span> <span class='ocrx_word' id='word_1_673' title='bbox 1177 438 1211 475; x_wconf 87' lang='lat' dir='ltr'>ut</span> <span class='ocrx_word' id='word_1_674' title='bbox 1228 432 1256 461; x_wconf 90' lang='lat' dir='ltr'>ie</span> <span class='ocrx_word' id='word_1_675' title='bbox 1272 432 1413 473; x_wconf 87' lang='lat' dir='ltr'>obliget,</span> <span class='ocrx_word' id='word_1_676' title='bbox 1430 434 1624 465; x_wconf 87' lang='lat' dir='ltr'>autliberet:</span> <span class='ocrx_word' id='word_1_677' title='bbox 1641 433 1736 465; x_wconf 83' lang='lat' dir='ltr'>seduc</span> <span class='ocrx_word' id='word_1_678' title='bbox 1752 435 1963 474; x_wconf 85' lang='lat' dir='ltr'>accipientem</span> 
     </span>
     <span class='ocr_line' id='line_1_85' title="bbox 1097 470 1966 520; baseline 0.009 -21"><span class='ocrx_word' id='word_1_679' title='bbox 1097 470 1270 516; x_wconf 74' lang='lat' dir='ltr'>obstringat</span> <span class='ocrx_word' id='word_1_680' title='bbox 1293 473 1359 505; x_wconf 83' lang='lat' dir='ltr'>sibi.</span> <span class='ocrx_word' id='word_1_681' title='bbox 1392 475 1526 520; x_wconf 87' lang='lat' dir='ltr'>proinde</span> <span class='ocrx_word' id='word_1_682' title='bbox 1556 477 1661 507; x_wconf 87' lang='lat' dir='ltr'>verius</span> <span class='ocrx_word' id='word_1_683' title='bbox 1684 474 1749 514; x_wconf 89' lang='lat' dir='ltr'>est,</span> <span class='ocrx_word' id='word_1_684' title='bbox 1783 476 1826 507; x_wconf 87' lang='lat' dir='ltr'>illi</span> <span class='ocrx_word' id='word_1_685' title='bbox 1851 484 1966 517; x_wconf 83' lang='lat' dir='ltr'>praeter</span> 
     </span>
     <span class='ocr_line' id='line_1_86' title="bbox 1097 511 1964 557; baseline 0.009 -17"><span class='ocrx_word' id='word_1_686' title='bbox 1097 511 1257 556; x_wconf 60' lang='lat' dir='ltr'>actionem</span> <span class='ocrx_word' id='word_1_687' title='bbox 1281 513 1467 556; x_wconf 65' lang='lat' dir='ltr'>praescriptis</span> <span class='ocrx_word' id='word_1_688' title='bbox 1487 516 1591 548; x_wconf 86' lang='lat' dir='ltr'>verbis</span> <span class='ocrx_word' id='word_1_689' title='bbox 1608 518 1645 548; x_wconf 90' lang='lat' dir='ltr'>ad</span> <span class='ocrx_word' id='word_1_690' title='bbox 1663 517 1694 547; x_wconf 91' lang='lat' dir='ltr'>id</span> <span class='ocrx_word' id='word_1_691' title='bbox 1712 518 1798 557; x_wconf 91' lang='lat' dir='ltr'>quod</span> <span class='ocrx_word' id='word_1_692' title='bbox 1816 516 1964 556; x_wconf 88' lang='lat' dir='ltr'>interest,</span> 
     </span>
     <span class='ocr_line' id='line_1_87' title="bbox 1099 558 1967 598; baseline 0.008 -17"><span class='ocrx_word' id='word_1_693' title='bbox 1099 560 1192 582; x_wconf 87' lang='lat' dir='ltr'>etiam</span> <span class='ocrx_word' id='word_1_694' title='bbox 1225 561 1412 594; x_wconf 84' lang='lat' dir='ltr'>competere</span> <span class='ocrx_word' id='word_1_695' title='bbox 1446 558 1509 589; x_wconf 88' lang='lat' dir='ltr'>dati</span> <span class='ocrx_word' id='word_1_696' title='bbox 1534 558 1789 590; x_wconf 72' lang='lat' dir='ltr'>condictionem:</span> <span class='ocrx_word' id='word_1_697' title='bbox 1819 559 1870 590; x_wconf 89' lang='lat' dir='ltr'>vel</span> <span class='ocrx_word' id='word_1_698' title='bbox 1893 558 1967 598; x_wconf 80' lang='lat' dir='ltr'>quia</span> 
     </span>
     <span class='ocr_line' id='line_1_88' title="bbox 1099 592 1965 640; baseline 0.007 -16"><span class='ocrx_word' id='word_1_699' title='bbox 1099 602 1148 624; x_wconf 88' lang='lat' dir='ltr'>res</span> <span class='ocrx_word' id='word_1_700' title='bbox 1167 592 1271 624; x_wconf 88' lang='lat' dir='ltr'>secuta</span> <span class='ocrx_word' id='word_1_701' title='bbox 1289 604 1352 626; x_wconf 90' lang='lat' dir='ltr'>non</span> <span class='ocrx_word' id='word_1_702' title='bbox 1369 596 1431 635; x_wconf 84' lang='grc'><strong>611,</strong></span> <span class='ocrx_word' id='word_1_703' title='bbox 1456 599 1507 629; x_wconf 90' lang='lat' dir='ltr'>vel</span> <span class='ocrx_word' id='word_1_704' title='bbox 1525 600 1596 639; x_wconf 88' lang='lat' dir='ltr'>quia</span> <span class='ocrx_word' id='word_1_705' title='bbox 1612 609 1684 631; x_wconf 91' lang='lat' dir='ltr'>eum</span> <span class='ocrx_word' id='word_1_706' title='bbox 1703 600 1764 630; x_wconf 87' lang='lat' dir='ltr'>dati</span> <span class='ocrx_word' id='word_1_707' title='bbox 1787 601 1922 640; x_wconf 84' lang='lat' dir='ltr'>poenitet</span> <span class='ocrx_word' id='word_1_708' title='bbox 1937 600 1965 629; x_wconf 88' lang='grc' dir='ltr'>ιΙ.</span> 
     </span>
     <span class='ocr_line' id='line_1_89' title="bbox 1099 634 1966 681; baseline 0.009 -17"><span class='ocrx_word' id='word_1_709' title='bbox 1099 634 1118 664; x_wconf 92' lang='lat' dir='ltr'>l.</span> <span class='ocrx_word' id='word_1_710' title='bbox 1137 644 1165 674; x_wconf 85' lang='lat'>3.</span> <span class='ocrx_word' id='word_1_711' title='bbox 1183 634 1210 675; x_wconf 85' lang='lat'>§.</span> <span class='ocrx_word' id='word_1_712' title='bbox 1231 644 1259 665; x_wconf 85' lang='lat'>2.</span> <span class='ocrx_word' id='word_1_713' title='bbox 1276 635 1305 681; x_wconf 69' lang='lat' dir='ltr'>bt</span> <span class='ocrx_word' id='word_1_714' title='bbox 1323 641 1349 681; x_wconf 43' lang='lat' dir='ltr'>t„</span> <span class='ocrx_word' id='word_1_715' title='bbox 1367 635 1612 681; x_wconf 58' lang='lat' dir='ltr'>intererit‚„hoc</span> <span class='ocrx_word' id='word_1_716' title='bbox 1631 639 1863 672; x_wconf 84' lang='lat' dir='ltr'>demonstrass&#39;e.</span> <span class='ocrx_word' id='word_1_717' title='bbox 1881 641 1966 681; x_wconf 88' lang='lat' dir='ltr'>prior</span> 
     </span>
     <span class='ocr_line' id='line_1_90' title="bbox 1101 675 1969 721; baseline 0.012 -17"><span class='ocrx_word' id='word_1_718' title='bbox 1101 675 1192 706; x_wconf 86' lang='lat' dir='ltr'>causa</span> <span class='ocrx_word' id='word_1_719' title='bbox 1210 677 1421 708; x_wconf 67' lang='lat' dir='ltr'>condictionis</span> <span class='ocrx_word' id='word_1_720' title='bbox 1439 680 1483 710; x_wconf 90' lang='lat' dir='ltr'>ob</span> <span class='ocrx_word' id='word_1_721' title='bbox 1501 690 1566 712; x_wconf 86' lang='lat' dir='ltr'>rern</span> <span class='ocrx_word' id='word_1_722' title='bbox 1586 683 1648 712; x_wconf 85' lang='lat' dir='ltr'>clati</span> <span class='ocrx_word' id='word_1_723' title='bbox 1666 681 1727 720; x_wconf 91' lang='lat' dir='ltr'>est,</span> <span class='ocrx_word' id='word_1_724' title='bbox 1752 683 1839 721; x_wconf 89' lang='lat' dir='ltr'>quod</span> <span class='ocrx_word' id='word_1_725' title='bbox 1857 692 1906 713; x_wconf 87' lang='lat' dir='ltr'>res</span> <span class='ocrx_word' id='word_1_726' title='bbox 1923 681 1969 712; x_wconf 83' lang='lat' dir='ltr'>se-</span> 
     </span>
     <span class='ocr_line' id='line_1_91' title="bbox 1100 718 1968 762; baseline 0.009 -16"><span class='ocrx_word' id='word_1_727' title='bbox 1100 724 1173 747; x_wconf 89' lang='lat' dir='ltr'>cuta</span> <span class='ocrx_word' id='word_1_728' title='bbox 1197 726 1261 748; x_wconf 92' lang='lat' dir='ltr'>non</span> <span class='ocrx_word' id='word_1_729' title='bbox 1289 718 1352 756; x_wconf 80' lang='lat' dir='ltr'>est,</span> <span class='ocrx_word' id='word_1_730' title='bbox 1376 718 1439 750; x_wconf 86' lang='lat' dir='ltr'>five</span> <span class='ocrx_word' id='word_1_731' title='bbox 1464 729 1535 752; x_wconf 91' lang='lat' dir='ltr'>cum</span> <span class='ocrx_word' id='word_1_732' title='bbox 1560 722 1662 761; x_wconf 90' lang='lat' dir='ltr'>posset</span> <span class='ocrx_word' id='word_1_733' title='bbox 1687 723 1792 762; x_wconf 86' lang='lat' dir='ltr'>sequi,</span> <span class='ocrx_word' id='word_1_734' title='bbox 1817 723 1878 754; x_wconf 87' lang='lat' dir='ltr'>sive</span> <span class='ocrx_word' id='word_1_735' title='bbox 1893 731 1968 754; x_wconf 92' lang='lat' dir='ltr'>cum</span> 
     </span>
     <span class='ocr_line' id='line_1_92' title="bbox 1100 763 1967 804; baseline 0.009 -17"><span class='ocrx_word' id='word_1_736' title='bbox 1100 765 1232 802; x_wconf 86' lang='lat' dir='ltr'>propter</span> <span class='ocrx_word' id='word_1_737' title='bbox 1249 768 1369 803; x_wconf 83' lang='lat' dir='ltr'>moram</span> <span class='ocrx_word' id='word_1_738' title='bbox 1391 768 1442 790; x_wconf 86' lang='lat' dir='ltr'>aut</span> <span class='ocrx_word' id='word_1_739' title='bbox 1458 763 1582 801; x_wconf 84' lang='lat' dir='ltr'>culpam</span> <span class='ocrx_word' id='word_1_740' title='bbox 1601 771 1684 795; x_wconf 88' lang='lat' dir='ltr'>tuam</span> <span class='ocrx_word' id='word_1_741' title='bbox 1694 773 1758 795; x_wconf 91' lang='lat' dir='ltr'>non</span> <span class='ocrx_word' id='word_1_742' title='bbox 1776 764 1896 804; x_wconf 84' lang='lat' dir='ltr'>posset:</span> <span class='ocrx_word' id='word_1_743' title='bbox 1913 764 1967 795; x_wconf 92' lang='lat' dir='ltr'>illo</span> 
     </span>
     <span class='ocr_line' id='line_1_93' title="bbox 1101 800 1966 846; baseline 0.01 -18"><span class='ocrx_word' id='word_1_744' title='bbox 1101 802 1229 838; x_wconf 86' lang='lat' dir='ltr'>quidem</span> <span class='ocrx_word' id='word_1_745' title='bbox 1246 800 1335 846; x_wconf 83' lang='lat' dir='ltr'>calu,</span> <span class='ocrx_word' id='word_1_746' title='bbox 1358 810 1397 832; x_wconf 90' lang='lat' dir='ltr'>ne</span> <span class='ocrx_word' id='word_1_747' title='bbox 1414 811 1475 843; x_wconf 80' lang='lat' dir='ltr'>ego</span> <span class='ocrx_word' id='word_1_748' title='bbox 1493 804 1630 842; x_wconf 59' lang='lat' dir='ltr'>cujus‘tu</span> <span class='ocrx_word' id='word_1_749' title='bbox 1647 804 1742 836; x_wconf 83' lang='lat' dir='ltr'>fidem</span> <span class='ocrx_word' id='word_1_750' title='bbox 1763 805 1862 844; x_wconf 86' lang='lat' dir='ltr'>fallis,</span> <span class='ocrx_word' id='word_1_751' title='bbox 1879 806 1966 837; x_wconf 88' lang='lat' dir='ltr'>dam-</span> 
     </span>
     <span class='ocr_line' id='line_1_94' title="bbox 1102 844 1968 887; baseline 0.008 -17"><span class='ocrx_word' id='word_1_752' title='bbox 1102 849 1177 871; x_wconf 89' lang='lat' dir='ltr'>num</span> <span class='ocrx_word' id='word_1_753' title='bbox 1197 848 1296 886; x_wconf 78' lang='lat' dir='ltr'>patiar</span> <span class='ocrx_word' id='word_1_754' title='bbox 1318 850 1375 881; x_wconf 88' lang='lat' dir='ltr'>pei·</span> <span class='ocrx_word' id='word_1_755' title='bbox 1392 851 1424 873; x_wconf 89' lang='lat' dir='ltr'>te</span> <span class='ocrx_word' id='word_1_756' title='bbox 1440 844 1490 874; x_wconf 93' lang='lat' dir='ltr'>cui</span> <span class='ocrx_word' id='word_1_757' title='bbox 1509 853 1574 875; x_wconf 90' lang='lat' dir='ltr'>rem</span> <span class='ocrx_word' id='word_1_758' title='bbox 1593 853 1693 876; x_wconf 83' lang='lat' dir='ltr'>meam</span> <span class='ocrx_word' id='word_1_759' title='bbox 1711 845 1801 885; x_wconf 83' lang='lat' dir='ltr'>dedi3</span> <span class='ocrx_word' id='word_1_760' title='bbox 1824 856 1860 877; x_wconf 90' lang='lat' dir='ltr'>ea</span> <span class='ocrx_word' id='word_1_761' title='bbox 1877 847 1968 887; x_wconf 80' lang='lat' dir='ltr'>lege,</span> 
     </span>
     <span class='ocr_line' id='line_1_95' title="bbox 1102 881 1968 928; baseline 0.009 -18"><span class='ocrx_word' id='word_1_762' title='bbox 1102 889 1138 926; x_wconf 85' lang='lat' dir='ltr'>ut</span> <span class='ocrx_word' id='word_1_763' title='bbox 1155 881 1240 927; x_wconf 31' lang='lat' dir='ltr'>*mihi</span> <span class='ocrx_word' id='word_1_764' title='bbox 1267 890 1351 914; x_wconf 87' lang='lat' dir='ltr'>tuam</span> <span class='ocrx_word' id='word_1_765' title='bbox 1376 883 1487 923; x_wconf 83' lang='lat' dir='ltr'>dares,</span> <span class='ocrx_word' id='word_1_766' title='bbox 1511 894 1582 916; x_wconf 87' lang='lat' dir='ltr'>cum</span> <span class='ocrx_word' id='word_1_767' title='bbox 1608 895 1672 917; x_wconf 87' lang='lat' dir='ltr'>non</span> <span class='ocrx_word' id='word_1_768' title='bbox 1698 885 1792 917; x_wconf 82' lang='lat' dir='ltr'>effem</span> <span class='ocrx_word' id='word_1_769' title='bbox 1809 888 1968 928; x_wconf 82' lang='lat' dir='ltr'>obligatus</span> 
     </span>
     <span class='ocr_line' id='line_1_96' title="bbox 1106 922 1969 966; baseline 0.008 -14"><span class='ocrx_word' id='word_1_770' title='bbox 1106 922 1177 966; x_wconf 81' lang='lat' dir='ltr'>tibi:</span> <span class='ocrx_word' id='word_1_771' title='bbox 1200 922 1264 953; x_wconf 86' lang='lat' dir='ltr'>hoc</span> <span class='ocrx_word' id='word_1_772' title='bbox 1280 932 1384 955; x_wconf 87' lang='lat' dir='ltr'>autem</span> <span class='ocrx_word' id='word_1_773' title='bbox 1402 924 1473 956; x_wconf 85' lang='lat' dir='ltr'>casn</span> <span class='ocrx_word' id='word_1_774' title='bbox 1492 926 1566 957; x_wconf 90' lang='lat' dir='ltr'>ideo</span> <span class='ocrx_word' id='word_1_775' title='bbox 1584 927 1659 958; x_wconf 81' lang='lat' dir='ltr'>milii</span> <span class='ocrx_word' id='word_1_776' title='bbox 1678 927 1767 958; x_wconf 89' lang='lat' dir='ltr'>datur</span> <span class='ocrx_word' id='word_1_777' title='bbox 1784 929 1969 966; x_wconf 62' lang='lat' dir='ltr'>condictio;</span> 
     </span>
     <span class='ocr_line' id='line_1_97' title="bbox 1106 965 1970 1007; baseline 0.007 -14"><span class='ocrx_word' id='word_1_778' title='bbox 1106 972 1197 1003; x_wconf 84' lang='lat' dir='ltr'>quia,</span> <span class='ocrx_word' id='word_1_779' title='bbox 1221 973 1292 995; x_wconf 90' lang='lat' dir='ltr'>cum</span> <span class='ocrx_word' id='word_1_780' title='bbox 1317 965 1362 996; x_wconf 89' lang='lat' dir='ltr'>est</span> <span class='ocrx_word' id='word_1_781' title='bbox 1386 973 1438 996; x_wconf 87' lang='lat' dir='ltr'>tua</span> <span class='ocrx_word' id='word_1_782' title='bbox 1461 967 1554 1007; x_wconf 86' lang='lat' dir='ltr'>culpa</span> <span class='ocrx_word' id='word_1_783' title='bbox 1579 976 1630 999; x_wconf 91' lang='lat' dir='ltr'>aut</span> <span class='ocrx_word' id='word_1_784' title='bbox 1654 977 1740 999; x_wconf 85' lang='lat' dir='ltr'>mora</span> <span class='ocrx_word' id='word_1_785' title='bbox 1763 967 1900 1007; x_wconf 66' lang='lat' dir='ltr'>factum,</span> <span class='ocrx_word' id='word_1_786' title='bbox 1929 978 1970 999; x_wconf 86' lang='lat' dir='ltr'>ne</span> 
     </span>
     <span class='ocr_line' id='line_1_98' title="bbox 1106 1006 1970 1052; baseline 0.007 -17"><span class='ocrx_word' id='word_1_787' title='bbox 1106 1012 1218 1050; x_wconf 80' lang='lat' dir='ltr'>contra</span> <span class='ocrx_word' id='word_1_788' title='bbox 1244 1006 1339 1046; x_wconf 85' lang='lat' dir='ltr'>poffis</span> <span class='ocrx_word' id='word_1_789' title='bbox 1362 1007 1454 1052; x_wconf 82' lang='lat' dir='ltr'>dare,</span> <span class='ocrx_word' id='word_1_790' title='bbox 1479 1018 1543 1040; x_wconf 89' lang='lat' dir='ltr'>non</span> <span class='ocrx_word' id='word_1_791' title='bbox 1568 1010 1709 1049; x_wconf 86' lang='lat' dir='ltr'>iniquum</span> <span class='ocrx_word' id='word_1_792' title='bbox 1738 1009 1800 1048; x_wconf 88' lang='lat' dir='ltr'>est,</span> <span class='ocrx_word' id='word_1_793' title='bbox 1825 1019 1892 1041; x_wconf 89' lang='lat' dir='ltr'>eam</span> <span class='ocrx_word' id='word_1_794' title='bbox 1911 1010 1970 1041; x_wconf 86' lang='lat' dir='ltr'>tibi</span> 
     </span>
     <span class='ocr_line' id='line_1_99' title="bbox 1106 1049 1969 1090; baseline 0.009 -15"><span class='ocrx_word' id='word_1_795' title='bbox 1106 1053 1234 1086; x_wconf 85' lang='lat' dir='ltr'>potius,</span> <span class='ocrx_word' id='word_1_796' title='bbox 1257 1056 1348 1085; x_wconf 89' lang='lat' dir='ltr'>quam</span> <span class='ocrx_word' id='word_1_797' title='bbox 1366 1049 1440 1079; x_wconf 81' lang='lat' dir='ltr'>milii</span> <span class='ocrx_word' id='word_1_798' title='bbox 1457 1049 1613 1090; x_wconf 85' lang='lat' dir='ltr'>imputari.</span> <span class='ocrx_word' id='word_1_799' title='bbox 1636 1058 1806 1089; x_wconf 85' lang='lat' dir='ltr'>caeterurn,</span> <span class='ocrx_word' id='word_1_800' title='bbox 1829 1050 1850 1082; x_wconf 91' lang='lat' dir='ltr'>si</span> <span class='ocrx_word' id='word_1_801' title='bbox 1866 1058 1901 1081; x_wconf 86' lang='lat' dir='ltr'>ea</span> <span class='ocrx_word' id='word_1_802' title='bbox 1919 1060 1969 1083; x_wconf 86' lang='lat' dir='ltr'>res</span> 
     </span>
     <span class='ocr_line' id='line_1_100' title="bbox 1107 1088 1969 1132; baseline 0.005 -15"><span class='ocrx_word' id='word_1_803' title='bbox 1107 1096 1200 1126; x_wconf 86' lang='lat' dir='ltr'>quarn</span> <span class='ocrx_word' id='word_1_804' title='bbox 1226 1088 1358 1120; x_wconf 86' lang='lat' dir='ltr'>debuisti</span> <span class='ocrx_word' id='word_1_805' title='bbox 1385 1089 1460 1120; x_wconf 88' lang='lat' dir='ltr'>mihi</span> <span class='ocrx_word' id='word_1_806' title='bbox 1487 1092 1578 1130; x_wconf 85' lang='lat' dir='ltr'>dare,</span> <span class='ocrx_word' id='word_1_807' title='bbox 1603 1091 1739 1122; x_wconf 86' lang='lat' dir='ltr'>fortuito</span> <span class='ocrx_word' id='word_1_808' title='bbox 1764 1090 1834 1123; x_wconf 88' lang='lat' dir='ltr'>casu</span> <span class='ocrx_word' id='word_1_809' title='bbox 1859 1092 1969 1132; x_wconf 86' lang='lat' dir='ltr'>periit,</span> 
     </span>
     <span class='ocr_line' id='line_1_101' title="bbox 1107 1130 1971 1173; baseline 0.006 -14"><span class='ocrx_word' id='word_1_810' title='bbox 1107 1136 1221 1168; x_wconf 85' lang='lat' dir='ltr'>praeter</span> <span class='ocrx_word' id='word_1_811' title='bbox 1240 1137 1325 1160; x_wconf 89' lang='lat' dir='ltr'>tuam</span> <span class='ocrx_word' id='word_1_812' title='bbox 1348 1130 1473 1171; x_wconf 86' lang='lat' dir='ltr'>culpam</span> <span class='ocrx_word' id='word_1_813' title='bbox 1498 1141 1551 1162; x_wconf 88' lang='lat' dir='ltr'>aut:</span> <span class='ocrx_word' id='word_1_814' title='bbox 1568 1141 1686 1164; x_wconf 89' lang='lat' dir='ltr'>moram</span> <span class='ocrx_word' id='word_1_815' title='bbox 1699 1155 1707 1169; x_wconf 90' lang='lat'>‚</span> <span class='ocrx_word' id='word_1_816' title='bbox 1731 1141 1808 1163; x_wconf 91' lang='lat' dir='ltr'>tunc</span> <span class='ocrx_word' id='word_1_817' title='bbox 1825 1134 1896 1173; x_wconf 90' lang='lat' dir='ltr'>quia</span> <span class='ocrx_word' id='word_1_818' title='bbox 1915 1142 1971 1172; x_wconf 88' lang='lat' dir='ltr'>per</span> 
     </span>
     <span class='ocr_line' id='line_1_102' title="bbox 1107 1170 1970 1213; baseline 0.005 -13"><span class='ocrx_word' id='word_1_819' title='bbox 1107 1177 1139 1200; x_wconf 91' lang='lat' dir='ltr'>te</span> <span class='ocrx_word' id='word_1_820' title='bbox 1165 1178 1227 1200; x_wconf 91' lang='lat' dir='ltr'>non</span> <span class='ocrx_word' id='word_1_821' title='bbox 1255 1170 1330 1208; x_wconf 88' lang='lat' dir='ltr'>stat,</span> <span class='ocrx_word' id='word_1_822' title='bbox 1354 1181 1418 1211; x_wconf 87' lang='lat' dir='ltr'>quo</span> <span class='ocrx_word' id='word_1_823' title='bbox 1445 1175 1545 1204; x_wconf 86' lang='lat' dir='ltr'>minus</span> <span class='ocrx_word' id='word_1_824' title='bbox 1571 1183 1637 1204; x_wconf 88' lang='lat' dir='ltr'>eam</span> <span class='ocrx_word' id='word_1_825' title='bbox 1663 1174 1738 1205; x_wconf 84' lang='lat' dir='ltr'>milii</span> <span class='ocrx_word' id='word_1_826' title='bbox 1768 1175 1841 1212; x_wconf 84' lang='lat' dir='ltr'>des,</span> <span class='ocrx_word' id='word_1_827' title='bbox 1866 1183 1970 1213; x_wconf 84' lang='lat' dir='ltr'>neque</span> 
     </span>
     <span class='ocr_line' id='line_1_103' title="bbox 1105 1210 1970 1258; baseline 0.007 -18"><span class='ocrx_word' id='word_1_828' title='bbox 1105 1211 1186 1241; x_wconf 88' lang='lat' dir='ltr'>adeo</span> <span class='ocrx_word' id='word_1_829' title='bbox 1208 1210 1270 1250; x_wconf 89' lang='lat' dir='ltr'>est,</span> <span class='ocrx_word' id='word_1_830' title='bbox 1296 1214 1382 1258; x_wconf 87' lang='lat' dir='ltr'>quod</span> <span class='ocrx_word' id='word_1_831' title='bbox 1401 1214 1574 1253; x_wconf 90' lang='lat' dir='ltr'>imputetur</span> <span class='ocrx_word' id='word_1_832' title='bbox 1599 1214 1669 1253; x_wconf 84' lang='lat' dir='ltr'>tibi,</span> <span class='ocrx_word' id='word_1_833' title='bbox 1697 1215 1859 1246; x_wconf 70' lang='lat' dir='ltr'>condictio</span> <span class='ocrx_word' id='word_1_834' title='bbox 1875 1215 1970 1246; x_wconf 68' lang='lat' dir='ltr'>ceilae</span> 
     </span>
     <span class='ocr_line' id='line_1_104' title="bbox 1107 1252 1971 1288; baseline 0.006 -6"><span class='ocrx_word' id='word_1_835' title='bbox 1107 1252 1166 1282; x_wconf 87' lang='lat' dir='ltr'>hac</span> <span class='ocrx_word' id='word_1_836' title='bbox 1184 1261 1223 1282; x_wconf 86' lang='lat' dir='ltr'>ex</span> <span class='ocrx_word' id='word_1_837' title='bbox 1240 1254 1337 1284; x_wconf 87' lang='lat' dir='ltr'>caula.</span> <span class='ocrx_word' id='word_1_838' title='bbox 1353 1253 1414 1284; x_wconf 88' lang='lat' dir='ltr'>Sed</span> <span class='ocrx_word' id='word_1_839' title='bbox 1433 1255 1493 1285; x_wconf 88' lang='lat' dir='ltr'>dati</span> <span class='ocrx_word' id='word_1_840' title='bbox 1505 1256 1669 1287; x_wconf 69' lang='lat' dir='ltr'>condictio</span> <span class='ocrx_word' id='word_1_841' title='bbox 1687 1256 1836 1287; x_wconf 86' lang='lat' dir='ltr'>mihinon</span> <span class='ocrx_word' id='word_1_842' title='bbox 1849 1265 1971 1288; x_wconf 89' lang='lat' dir='ltr'>tantum</span> 
     </span>
     <span class='ocr_line' id='line_1_105' title="bbox 1108 1294 1972 1338; baseline 0.007 -15"><span class='ocrx_word' id='word_1_843' title='bbox 1108 1294 1290 1338; x_wconf 75' lang='lat' dir='ltr'>datur-tum,</span> <span class='ocrx_word' id='word_1_844' title='bbox 1306 1304 1377 1325; x_wconf 90' lang='lat' dir='ltr'>cum</span> <span class='ocrx_word' id='word_1_845' title='bbox 1390 1303 1421 1326; x_wconf 91' lang='lat' dir='ltr'>tu</span> <span class='ocrx_word' id='word_1_846' title='bbox 1432 1295 1527 1328; x_wconf 83' lang='lat' dir='ltr'>cessas</span> <span class='ocrx_word' id='word_1_847' title='bbox 1538 1298 1634 1335; x_wconf 78' lang='lat' dir='ltr'>dare3</span> <span class='ocrx_word' id='word_1_848' title='bbox 1650 1307 1757 1328; x_wconf 87' lang='lat' dir='ltr'>verum</span> <span class='ocrx_word' id='word_1_849' title='bbox 1769 1298 1861 1328; x_wconf 90' lang='lat' dir='ltr'>etiam</span> <span class='ocrx_word' id='word_1_850' title='bbox 1874 1320 1882 1333; x_wconf 84' lang='grc'><em>,</em></span> <span class='ocrx_word' id='word_1_851' title='bbox 1898 1307 1972 1329; x_wconf 86' lang='lat' dir='ltr'>cum</span> 
     </span>
     <span class='ocr_line' id='line_1_106' title="bbox 1108 1336 1973 1380; baseline 0.006 -16"><span class='ocrx_word' id='word_1_852' title='bbox 1108 1343 1159 1365; x_wconf 91' lang='lat' dir='ltr'>me</span> <span class='ocrx_word' id='word_1_853' title='bbox 1169 1336 1230 1380; x_wconf 72' lang='lat' dir='ltr'>dati</span> <span class='ocrx_word' id='word_1_854' title='bbox 1242 1336 1392 1375; x_wconf 87' lang='lat' dir='ltr'>poenitet:</span> <span class='ocrx_word' id='word_1_855' title='bbox 1409 1346 1513 1377; x_wconf 90' lang='lat' dir='ltr'>neque</span> <span class='ocrx_word' id='word_1_856' title='bbox 1532 1338 1582 1368; x_wconf 86' lang='lat' dir='ltr'>bic</span> <span class='ocrx_word' id='word_1_857' title='bbox 1599 1337 1743 1376; x_wconf 84' lang='lat' dir='ltr'>interest,</span> <span class='ocrx_word' id='word_1_858' title='bbox 1761 1346 1864 1369; x_wconf 88' lang='lat' dir='ltr'>utrum</span> <span class='ocrx_word' id='word_1_859' title='bbox 1876 1347 1930 1378; x_wconf 83' lang='lat' dir='ltr'>per</span> <span class='ocrx_word' id='word_1_860' title='bbox 1939 1346 1973 1369; x_wconf 85' lang='lat' dir='ltr'>te</span> 
     </span>
     <span class='ocr_line' id='line_1_107' title="bbox 1107 1375 1973 1422; baseline 0.006 -17"><span class='ocrx_word' id='word_1_861' title='bbox 1107 1375 1245 1422; x_wconf 82' lang='lat' dir='ltr'>steterit,</span> <span class='ocrx_word' id='word_1_862' title='bbox 1264 1386 1328 1416; x_wconf 90' lang='lat' dir='ltr'>quo</span> <span class='ocrx_word' id='word_1_863' title='bbox 1346 1378 1447 1408; x_wconf 88' lang='lat' dir='ltr'>minus</span> <span class='ocrx_word' id='word_1_864' title='bbox 1461 1378 1537 1409; x_wconf 87' lang='lat' dir='ltr'>mihi</span> <span class='ocrx_word' id='word_1_865' title='bbox 1549 1379 1656 1416; x_wconf 88' lang='lat' dir='ltr'>dares,</span> <span class='ocrx_word' id='word_1_866' title='bbox 1673 1389 1710 1410; x_wconf 91' lang='lat' dir='ltr'>an</span> <span class='ocrx_word' id='word_1_867' title='bbox 1722 1386 1818 1419; x_wconf 86' lang='lat' dir='ltr'>perte</span> <span class='ocrx_word' id='word_1_868' title='bbox 1831 1389 1894 1410; x_wconf 88' lang='lat' dir='ltr'>non</span> <span class='ocrx_word' id='word_1_869' title='bbox 1912 1378 1973 1410; x_wconf 90' lang='lat' dir='ltr'>ste-</span> 
     </span>
     <span class='ocr_line' id='line_1_108' title="bbox 1109 1418 1972 1459; baseline 0.005 -12"><span class='ocrx_word' id='word_1_870' title='bbox 1109 1424 1202 1448; x_wconf 84' lang='lat' dir='ltr'>terit:</span> <span class='ocrx_word' id='word_1_871' title='bbox 1227 1426 1297 1449; x_wconf 88' lang='lat' dir='ltr'>nam</span> <span class='ocrx_word' id='word_1_872' title='bbox 1315 1418 1390 1448; x_wconf 85' lang='lat' dir='ltr'>mihi</span> <span class='ocrx_word' id='word_1_873' title='bbox 1411 1418 1539 1457; x_wconf 86' lang='lat' dir='ltr'>sufficit,</span> <span class='ocrx_word' id='word_1_874' title='bbox 1565 1420 1801 1451; x_wconf 72' lang='lat' dir='ltr'>conci÷6iionem</span> <span class='ocrx_word' id='word_1_875' title='bbox 1821 1429 1924 1459; x_wconf 90' lang='lat' dir='ltr'>neque</span> <span class='ocrx_word' id='word_1_876' title='bbox 1940 1419 1972 1451; x_wconf 86' lang='lat' dir='ltr'>in</span> 
     </span>
     <span class='ocr_line' id='line_1_109' title="bbox 1108 1457 1976 1503; baseline 0.003 -15"><span class='ocrx_word' id='word_1_877' title='bbox 1108 1457 1191 1503; x_wconf 86' lang='lat' dir='ltr'>hoc,</span> <span class='ocrx_word' id='word_1_878' title='bbox 1209 1467 1312 1497; x_wconf 84' lang='lat' dir='ltr'>neque</span> <span class='ocrx_word' id='word_1_879' title='bbox 1329 1460 1359 1490; x_wconf 92' lang='lat' dir='ltr'>in</span> <span class='ocrx_word' id='word_1_880' title='bbox 1377 1459 1451 1498; x_wconf 79' lang='lat' dir='ltr'>iiio,</span> <span class='ocrx_word' id='word_1_881' title='bbox 1469 1460 1538 1491; x_wconf 88' lang='lat' dir='ltr'>casu</span> <span class='ocrx_word' id='word_1_882' title='bbox 1556 1461 1614 1491; x_wconf 91' lang='lat' dir='ltr'>ulla</span> <span class='ocrx_word' id='word_1_883' title='bbox 1634 1470 1703 1492; x_wconf 86' lang='lat' dir='ltr'>mea</span> <span class='ocrx_word' id='word_1_884' title='bbox 1719 1461 1913 1501; x_wconf 88' lang='lat' dir='ltr'>obligatione</span> <span class='ocrx_word' id='word_1_885' title='bbox 1929 1461 1976 1492; x_wconf 88' lang='lat' dir='ltr'>in·</span> 
     </span>
     <span class='ocr_line' id='line_1_110' title="bbox 1108 1499 1975 1539; baseline 0.005 -10"><span class='ocrx_word' id='word_1_886' title='bbox 1108 1499 1222 1529; x_wconf 83' lang='lat' dir='ltr'>hiberi.</span> <span class='ocrx_word' id='word_1_887' title='bbox 1242 1499 1338 1539; x_wconf 84' lang='lat' dir='ltr'>Igitur</span> <span class='ocrx_word' id='word_1_888' title='bbox 1353 1499 1373 1531; x_wconf 88' lang='grc'>11</span> <span class='ocrx_word' id='word_1_889' title='bbox 1391 1510 1440 1530; x_wconf 88' lang='lat' dir='ltr'>res</span> <span class='ocrx_word' id='word_1_890' title='bbox 1457 1501 1532 1532; x_wconf 84' lang='lat' dir='ltr'>mibi</span> <span class='ocrx_word' id='word_1_891' title='bbox 1551 1511 1566 1531; x_wconf 93' lang='lat' dir='ltr'>a</span> <span class='ocrx_word' id='word_1_892' title='bbox 1584 1510 1615 1533; x_wconf 91' lang='lat' dir='ltr'>te</span> <span class='ocrx_word' id='word_1_893' title='bbox 1631 1502 1731 1533; x_wconf 82' lang='lat' dir='ltr'>danda</span> <span class='ocrx_word' id='word_1_894' title='bbox 1746 1501 1885 1532; x_wconf 89' lang='lat' dir='ltr'>fortuito</span> <span class='ocrx_word' id='word_1_895' title='bbox 1902 1500 1975 1533; x_wconf 86' lang='lat' dir='ltr'>casu</span> 
     </span>
     <span class='ocr_line' id='line_1_111' title="bbox 1108 1539 1976 1585; baseline 0.002 -15"><span class='ocrx_word' id='word_1_896' title='bbox 1108 1540 1203 1585; x_wconf 84' lang='lat' dir='ltr'>periit</span> <span class='ocrx_word' id='word_1_897' title='bbox 1213 1539 1276 1571; x_wconf 87' lang='lat' dir='ltr'>fine</span> <span class='ocrx_word' id='word_1_898' title='bbox 1286 1549 1373 1572; x_wconf 85' lang='lat' dir='ltr'>mora</span> <span class='ocrx_word' id='word_1_899' title='bbox 1382 1548 1433 1571; x_wconf 89' lang='lat' dir='ltr'>aut</span> <span class='ocrx_word' id='word_1_900' title='bbox 1444 1542 1535 1582; x_wconf 88' lang='lat' dir='ltr'>culpa</span> <span class='ocrx_word' id='word_1_901' title='bbox 1547 1550 1617 1581; x_wconf 78' lang='lat' dir='ltr'>tua3</span> <span class='ocrx_word' id='word_1_902' title='bbox 1637 1542 1690 1574; x_wconf 81' lang='lat' dir='ltr'>etii</span> <span class='ocrx_word' id='word_1_903' title='bbox 1702 1551 1756 1581; x_wconf 91' lang='lat' dir='ltr'>per</span> <span class='ocrx_word' id='word_1_904' title='bbox 1767 1550 1798 1572; x_wconf 91' lang='lat' dir='ltr'>te</span> <span class='ocrx_word' id='word_1_905' title='bbox 1809 1552 1871 1573; x_wconf 89' lang='lat' dir='ltr'>non</span> <span class='ocrx_word' id='word_1_906' title='bbox 1882 1541 1976 1573; x_wconf 87' lang='lat' dir='ltr'>stete-</span> 
     </span>
     <span class='ocr_line' id='line_1_112' title="bbox 1108 1582 1976 1623; baseline 0.002 -12"><span class='ocrx_word' id='word_1_907' title='bbox 1108 1589 1165 1619; x_wconf 89' lang='lat' dir='ltr'>rit,</span> <span class='ocrx_word' id='word_1_908' title='bbox 1188 1590 1253 1620; x_wconf 90' lang='lat' dir='ltr'>quo</span> <span class='ocrx_word' id='word_1_909' title='bbox 1276 1582 1377 1612; x_wconf 88' lang='lat' dir='ltr'>minus</span> <span class='ocrx_word' id='word_1_910' title='bbox 1397 1591 1463 1613; x_wconf 89' lang='lat' dir='ltr'>eam</span> <span class='ocrx_word' id='word_1_911' title='bbox 1483 1584 1592 1621; x_wconf 83' lang='lat' dir='ltr'>dares,</span> <span class='ocrx_word' id='word_1_912' title='bbox 1608 1583 1637 1614; x_wconf 76' lang='grc' dir='ltr'>ἂ</span> <span class='ocrx_word' id='word_1_913' title='bbox 1658 1584 1730 1614; x_wconf 92' lang='lat' dir='ltr'>ideo</span> <span class='ocrx_word' id='word_1_914' title='bbox 1749 1591 1881 1623; x_wconf 85' lang='lat' dir='ltr'>negetur</span> <span class='ocrx_word' id='word_1_915' title='bbox 1898 1582 1976 1614; x_wconf 87' lang='lat' dir='ltr'>mihi</span> 
     </span>
     <span class='ocr_line' id='line_1_113' title="bbox 1107 1622 1974 1655; baseline 0.003 -3"><span class='ocrx_word' id='word_1_916' title='bbox 1107 1623 1272 1653; x_wconf 72' lang='lat' dir='ltr'>condictio</span> <span class='ocrx_word' id='word_1_917' title='bbox 1302 1632 1342 1653; x_wconf 86' lang='lat' dir='ltr'>ex</span> <span class='ocrx_word' id='word_1_918' title='bbox 1365 1622 1453 1654; x_wconf 85' lang='lat' dir='ltr'>causa</span> <span class='ocrx_word' id='word_1_919' title='bbox 1477 1624 1521 1654; x_wconf 89' lang='lat' dir='ltr'>rei</span> <span class='ocrx_word' id='word_1_920' title='bbox 1546 1633 1608 1654; x_wconf 91' lang='lat' dir='ltr'>non</span> <span class='ocrx_word' id='word_1_921' title='bbox 1637 1623 1767 1655; x_wconf 80' lang='lat' dir='ltr'>secutae:</span> <span class='ocrx_word' id='word_1_922' title='bbox 1785 1625 1852 1655; x_wconf 85' lang='lat' dir='ltr'>baec</span> <span class='ocrx_word' id='word_1_923' title='bbox 1867 1633 1974 1655; x_wconf 88' lang='lat' dir='ltr'>tamen</span> 
     </span>
     <span class='ocr_line' id='line_1_114' title="bbox 1108 1664 1975 1705; baseline 0.002 -11"><span class='ocrx_word' id='word_1_924' title='bbox 1108 1665 1311 1703; x_wconf 76' lang='lat' dir='ltr'>permittetur</span> <span class='ocrx_word' id='word_1_925' title='bbox 1322 1673 1361 1695; x_wconf 84' lang='lat' dir='ltr'>ex</span> <span class='ocrx_word' id='word_1_926' title='bbox 1372 1664 1459 1694; x_wconf 81' lang='lat' dir='ltr'>causa</span> <span class='ocrx_word' id='word_1_927' title='bbox 1470 1665 1677 1705; x_wconf 78' lang='lat' dir='ltr'>poenitentiae.</span> <span class='ocrx_word' id='word_1_928' title='bbox 1695 1664 1724 1696; x_wconf 85' lang='lat' dir='ltr'>id</span> <span class='ocrx_word' id='word_1_929' title='bbox 1737 1666 1836 1704; x_wconf 89' lang='lat' dir='ltr'>liquet</span> <span class='ocrx_word' id='word_1_930' title='bbox 1856 1675 1895 1696; x_wconf 87' lang='lat' dir='ltr'>ex</span> <span class='ocrx_word' id='word_1_931' title='bbox 1907 1665 1926 1697; x_wconf 87' lang='lat' dir='ltr'>l.</span> <span class='ocrx_word' id='word_1_932' title='bbox 1943 1674 1975 1705; x_wconf 89' lang='lat'>5.</span> 
     </span>
     <span class='ocr_line' id='line_1_115' title="bbox 1102 1705 1974 1746; baseline 0.003 -12"><span class='ocrx_word' id='word_1_933' title='bbox 1102 1711 1149 1744; x_wconf 83' lang='lat' dir='ltr'>pr.</span> <span class='ocrx_word' id='word_1_934' title='bbox 1168 1705 1204 1739; x_wconf 57' lang='grc' dir='ltr'>δ’</span> <span class='ocrx_word' id='word_1_935' title='bbox 1219 1705 1247 1746; x_wconf 86' lang='lat'>§.</span> <span class='ocrx_word' id='word_1_936' title='bbox 1268 1705 1320 1735; x_wconf 86' lang='lat' dir='ltr'>ult.</span> <span class='ocrx_word' id='word_1_937' title='bbox 1347 1706 1390 1736; x_wconf 85' lang='lat' dir='ltr'>I).</span> <span class='ocrx_word' id='word_1_938' title='bbox 1407 1706 1432 1736; x_wconf 87' lang='lat' dir='ltr'>b.</span> <span class='ocrx_word' id='word_1_939' title='bbox 1451 1711 1472 1736; x_wconf 85' lang='lat' dir='ltr'>t.</span> <span class='ocrx_word' id='word_1_940' title='bbox 1497 1715 1556 1737; x_wconf 86' lang='lat' dir='ltr'>nec</span> <span class='ocrx_word' id='word_1_941' title='bbox 1574 1707 1656 1737; x_wconf 90' lang='lat' dir='ltr'>aliud</span> <span class='ocrx_word' id='word_1_942' title='bbox 1674 1708 1743 1737; x_wconf 88' lang='lat' dir='ltr'>vult</span> <span class='ocrx_word' id='word_1_943' title='bbox 1761 1705 1869 1738; x_wconf 88' lang='lat' dir='ltr'>Celsus</span> <span class='ocrx_word' id='word_1_944' title='bbox 1890 1707 1919 1737; x_wconf 93' lang='lat' dir='ltr'>in</span> <span class='ocrx_word' id='word_1_945' title='bbox 1943 1708 1974 1737; x_wconf 85' lang='lat' dir='ltr'>d.</span> 
     </span>
     <span class='ocr_line' id='line_1_116' title="bbox 1107 1745 1976 1788; baseline 0.002 -13"><span class='ocrx_word' id='word_1_946' title='bbox 1107 1746 1127 1776; x_wconf 88' lang='lat' dir='ltr'>l.</span> <span class='ocrx_word' id='word_1_947' title='bbox 1146 1747 1200 1777; x_wconf 87' lang='lat' dir='ltr'>ult.</span> <span class='ocrx_word' id='word_1_948' title='bbox 1224 1747 1264 1777; x_wconf 84' lang='lat' dir='ltr'>iic</span> <span class='ocrx_word' id='word_1_949' title='bbox 1282 1745 1437 1778; x_wconf 89' lang='lat' dir='ltr'>scribens:</span> <span class='ocrx_word' id='word_1_950' title='bbox 1462 1747 1502 1778; x_wconf 88' lang='lat' dir='ltr'>Et</span> <span class='ocrx_word' id='word_1_951' title='bbox 1520 1746 1617 1785; x_wconf 81' lang='lat' dir='ltr'>ideofi</span> <span class='ocrx_word' id='word_1_952' title='bbox 1638 1754 1768 1778; x_wconf 81' lang='lat' dir='ltr'>mortuus</span> <span class='ocrx_word' id='word_1_953' title='bbox 1785 1745 1822 1788; x_wconf 81' lang='lat' dir='ltr'>eft</span> <span class='ocrx_word' id='word_1_954' title='bbox 1839 1747 1976 1785; x_wconf 76' lang='lat' dir='ltr'>Stichus,</span> 
     </span>
     <span class='ocr_line' id='line_1_117' title="bbox 1107 1787 1975 1829; baseline 0.002 -12"><span class='ocrx_word' id='word_1_955' title='bbox 1107 1794 1226 1827; x_wconf 82' lang='lat' dir='ltr'>repetere</span> <span class='ocrx_word' id='word_1_956' title='bbox 1247 1787 1375 1828; x_wconf 62' lang='lat' dir='ltr'>pistum,</span> <span class='ocrx_word' id='word_1_957' title='bbox 1400 1790 1475 1829; x_wconf 84' lang='lat' dir='ltr'>quod</span> <span class='ocrx_word' id='word_1_958' title='bbox 1498 1790 1555 1819; x_wconf 80' lang='lat' dir='ltr'>ideo</span> <span class='ocrx_word' id='word_1_959' title='bbox 1579 1790 1631 1819; x_wconf 81' lang='lat' dir='ltr'>tibi</span> <span class='ocrx_word' id='word_1_960' title='bbox 1660 1790 1741 1827; x_wconf 80' lang='lat' dir='ltr'>dedi,</span> <span class='ocrx_word' id='word_1_961' title='bbox 1766 1795 1798 1819; x_wconf 84' lang='lat' dir='ltr'>ut</span> <span class='ocrx_word' id='word_1_962' title='bbox 1821 1789 1890 1819; x_wconf 77' lang='lat' dir='ltr'>mibi</span> <span class='ocrx_word' id='word_1_963' title='bbox 1916 1788 1975 1819; x_wconf 84' lang='lat' dir='ltr'>Sti-</span> 
     </span>
     <span class='ocr_line' id='line_1_118' title="bbox 1108 1829 1976 1870; baseline 0.001 -11"><span class='ocrx_word' id='word_1_964' title='bbox 1108 1829 1192 1859; x_wconf 83' lang='lat' dir='ltr'>chum</span> <span class='ocrx_word' id='word_1_965' title='bbox 1209 1830 1301 1860; x_wconf 81' lang='lat' dir='ltr'>dares.</span> <span class='ocrx_word' id='word_1_966' title='bbox 1348 1829 1454 1860; x_wconf 76' lang='lat' dir='ltr'>Celsus</span> <span class='ocrx_word' id='word_1_967' title='bbox 1480 1829 1608 1870; x_wconf 81' lang='lat' dir='ltr'>respicit</span> <span class='ocrx_word' id='word_1_968' title='bbox 1623 1831 1660 1862; x_wconf 86' lang='lat' dir='ltr'>ad</span> <span class='ocrx_word' id='word_1_969' title='bbox 1677 1829 1889 1861; x_wconf 62' lang='lat' dir='ltr'>condictionis</span> <span class='ocrx_word' id='word_1_970' title='bbox 1905 1838 1976 1860; x_wconf 84' lang='lat' dir='ltr'>cau-</span> 
     </span>
     <span class='ocr_line' id='line_1_119' title="bbox 1109 1870 1976 1914; baseline 0.001 -14"><span class='ocrx_word' id='word_1_971' title='bbox 1109 1870 1196 1914; x_wconf 66' lang='grc' dir='ltr'>13111Ἰ</span> <span class='ocrx_word' id='word_1_972' title='bbox 1216 1879 1284 1910; x_wconf 89' lang='lat' dir='ltr'>quae</span> <span class='ocrx_word' id='word_1_973' title='bbox 1311 1870 1500 1911; x_wconf 87' lang='lat' dir='ltr'>poenitentia</span> <span class='ocrx_word' id='word_1_974' title='bbox 1523 1872 1649 1910; x_wconf 89' lang='lat' dir='ltr'>nititur,</span> <span class='ocrx_word' id='word_1_975' title='bbox 1676 1879 1772 1911; x_wconf 88' lang='lat' dir='ltr'>atque</span> <span class='ocrx_word' id='word_1_976' title='bbox 1801 1881 1840 1902; x_wconf 80' lang='lat' dir='ltr'>ex</span> <span class='ocrx_word' id='word_1_977' title='bbox 1865 1870 1923 1901; x_wconf 91' lang='lat' dir='ltr'>hac</span> <span class='ocrx_word' id='word_1_978' title='bbox 1943 1880 1976 1901; x_wconf 93' lang='lat' dir='ltr'>u-</span> 
     </span>
     <span class='ocr_line' id='line_1_120' title="bbox 1109 1910 1976 1952; baseline 0 -10"><span class='ocrx_word' id='word_1_979' title='bbox 1109 1911 1173 1942; x_wconf 89' lang='lat' dir='ltr'>sum</span> <span class='ocrx_word' id='word_1_980' title='bbox 1190 1912 1322 1943; x_wconf 87' lang='lat' dir='ltr'>invenit.</span> <span class='ocrx_word' id='word_1_981' title='bbox 1348 1912 1443 1950; x_wconf 78' lang='lat' dir='ltr'>Eii03</span> <span class='ocrx_word' id='word_1_982' title='bbox 1466 1911 1487 1943; x_wconf 87' lang='lat' dir='ltr'><strong>fi</strong></span> <span class='ocrx_word' id='word_1_983' title='bbox 1508 1922 1557 1944; x_wconf 81' lang='lat' dir='ltr'>res</span> <span class='ocrx_word' id='word_1_984' title='bbox 1581 1912 1685 1943; x_wconf 85' lang='lat' dir='ltr'>secuta</span> <span class='ocrx_word' id='word_1_985' title='bbox 1704 1922 1765 1943; x_wconf 90' lang='lat' dir='ltr'>non</span> <span class='ocrx_word' id='word_1_986' title='bbox 1784 1911 1828 1943; x_wconf 80' lang='lat' dir='ltr'>iit,</span> <span class='ocrx_word' id='word_1_987' title='bbox 1861 1912 1935 1952; x_wconf 86' lang='lat' dir='ltr'>quid</span> <span class='ocrx_word' id='word_1_988' title='bbox 1954 1910 1976 1943; x_wconf 86' lang='lat' dir='ltr'>ii</span> 
     </span>
     <span class='ocr_line' id='line_1_121' title="bbox 1108 1951 1977 1994; baseline 0 -11"><span class='ocrx_word' id='word_1_989' title='bbox 1108 1953 1212 1984; x_wconf 86' lang='lat' dir='ltr'>secuta</span> <span class='ocrx_word' id='word_1_990' title='bbox 1239 1952 1300 1992; x_wconf 87' lang='lat' dir='ltr'>sit;</span> <span class='ocrx_word' id='word_1_991' title='bbox 1331 1953 1383 1984; x_wconf 83' lang='lat' dir='ltr'>sed</span> <span class='ocrx_word' id='word_1_992' title='bbox 1406 1955 1523 1991; x_wconf 87' lang='lat' dir='ltr'>aliter,</span> <span class='ocrx_word' id='word_1_993' title='bbox 1568 1962 1660 1994; x_wconf 87' lang='lat' dir='ltr'>quam</span> <span class='ocrx_word' id='word_1_994' title='bbox 1693 1954 1861 1993; x_wconf 87' lang='lat' dir='ltr'>oportuit:</span> <span class='ocrx_word' id='word_1_995' title='bbox 1891 1961 1925 1983; x_wconf 91' lang='lat' dir='ltr'>ut</span> <span class='ocrx_word' id='word_1_996' title='bbox 1953 1951 1977 1983; x_wconf 83' lang='lat' dir='ltr'>ii</span> 
     </span>
     <span class='ocr_line' id='line_1_122' title="bbox 1108 1992 1977 2035; baseline -0.001 -10"><span class='ocrx_word' id='word_1_997' title='bbox 1108 1995 1205 2026; x_wconf 87' lang='lat' dir='ltr'>aliena</span> <span class='ocrx_word' id='word_1_998' title='bbox 1232 1995 1302 2025; x_wconf 84' lang='lat' dir='ltr'>data</span> <span class='ocrx_word' id='word_1_999' title='bbox 1327 1994 1378 2031; x_wconf 80' lang='lat' dir='ltr'>fit,</span> <span class='ocrx_word' id='word_1_1000' title='bbox 1410 2003 1481 2025; x_wconf 90' lang='lat' dir='ltr'>cum</span> <span class='ocrx_word' id='word_1_1001' title='bbox 1502 1995 1627 2035; x_wconf 89' lang='lat' dir='ltr'>propria</span> <span class='ocrx_word' id='word_1_1002' title='bbox 1652 1996 1752 2025; x_wconf 80' lang='lat' dir='ltr'>danda</span> <span class='ocrx_word' id='word_1_1003' title='bbox 1770 1993 1864 2032; x_wconf 77' lang='lat' dir='ltr'>effet3</span> <span class='ocrx_word' id='word_1_1004' title='bbox 1887 1992 1977 2024; x_wconf 80' lang='lat' dir='ltr'>antii</span> 
     </span>
     <span class='ocr_line' id='line_1_123' title="bbox 1110 2035 1979 2077; baseline -0.002 -11"><span class='ocrx_word' id='word_1_1005' title='bbox 1110 2037 1236 2077; x_wconf 81' lang='lat' dir='ltr'>propria</span> <span class='ocrx_word' id='word_1_1006' title='bbox 1257 2037 1327 2066; x_wconf 89' lang='lat' dir='ltr'>data</span> <span class='ocrx_word' id='word_1_1007' title='bbox 1351 2035 1405 2073; x_wconf 84' lang='lat' dir='ltr'>iit,</span> <span class='ocrx_word' id='word_1_1008' title='bbox 1429 2035 1480 2067; x_wconf 89' lang='lat' dir='ltr'>sed</span> <span class='ocrx_word' id='word_1_1009' title='bbox 1498 2036 1522 2066; x_wconf 86' lang='lat' dir='ltr'>is</span> <span class='ocrx_word' id='word_1_1010' title='bbox 1538 2036 1589 2075; x_wconf 89' lang='lat' dir='ltr'>qui</span> <span class='ocrx_word' id='word_1_1011' title='bbox 1609 2036 1705 2066; x_wconf 89' lang='lat' dir='ltr'>debet</span> <span class='ocrx_word' id='word_1_1012' title='bbox 1729 2037 1820 2072; x_wconf 85' lang='lat' dir='ltr'>dare,</span> <span class='ocrx_word' id='word_1_1013' title='bbox 1845 2044 1909 2065; x_wconf 90' lang='lat' dir='ltr'>non</span> <span class='ocrx_word' id='word_1_1014' title='bbox 1928 2043 1979 2064; x_wconf 82' lang='lat' dir='ltr'>ca-</span> 
     </span>
     <span class='ocr_line' id='line_1_124' title="bbox 1112 2075 1977 2117; baseline -0.002 -10"><span class='ocrx_word' id='word_1_1015' title='bbox 1112 2085 1183 2108; x_wconf 83' lang='lat' dir='ltr'>veat</span> <span class='ocrx_word' id='word_1_1016' title='bbox 1201 2086 1256 2117; x_wconf 93' lang='lat' dir='ltr'>pro</span> <span class='ocrx_word' id='word_1_1017' title='bbox 1274 2076 1460 2108; x_wconf 71' lang='lat' dir='ltr'>eviCtione?</span> <span class='ocrx_word' id='word_1_1018' title='bbox 1485 2077 1660 2116; x_wconf 82' lang='lat' dir='ltr'>utroquein</span> <span class='ocrx_word' id='word_1_1019' title='bbox 1679 2075 1768 2114; x_wconf 90' lang='lat' dir='ltr'>casu,</span> <span class='ocrx_word' id='word_1_1020' title='bbox 1784 2082 1977 2116; x_wconf 87' lang='lat' dir='ltr'>quamquam</span> 
     </span>
     <span class='ocr_line' id='line_1_125' title="bbox 1111 2116 1977 2157; baseline -0.002 -9"><span class='ocrx_word' id='word_1_1021' title='bbox 1111 2118 1217 2149; x_wconf 88' lang='lat' dir='ltr'>secuta</span> <span class='ocrx_word' id='word_1_1022' title='bbox 1235 2127 1282 2149; x_wconf 87' lang='lat' dir='ltr'>res</span> <span class='ocrx_word' id='word_1_1023' title='bbox 1300 2118 1361 2156; x_wconf 85' lang='lat' dir='ltr'>est,</span> <span class='ocrx_word' id='word_1_1024' title='bbox 1378 2127 1480 2149; x_wconf 86' lang='lat' dir='ltr'>tamen</span> <span class='ocrx_word' id='word_1_1025' title='bbox 1499 2118 1570 2157; x_wconf 88' lang='lat' dir='ltr'>quia</span> <span class='ocrx_word' id='word_1_1026' title='bbox 1587 2118 1689 2148; x_wconf 84' lang='lat' dir='ltr'>secuta</span> <span class='ocrx_word' id='word_1_1027' title='bbox 1705 2117 1748 2148; x_wconf 89' lang='grc'>611</span> <span class='ocrx_word' id='word_1_1028' title='bbox 1759 2116 1866 2154; x_wconf 86' lang='lat' dir='ltr'>aliter,</span> <span class='ocrx_word' id='word_1_1029' title='bbox 1883 2125 1977 2156; x_wconf 86' lang='lat' dir='ltr'>quam</span> 
     </span>
     <span class='ocr_line' id='line_1_126' title="bbox 1111 2157 1976 2200; baseline -0.001 -10"><span class='ocrx_word' id='word_1_1030' title='bbox 1111 2160 1275 2200; x_wconf 88' lang='lat' dir='ltr'>oportuit,</span> <span class='ocrx_word' id='word_1_1031' title='bbox 1292 2159 1349 2190; x_wconf 91' lang='lat' dir='ltr'>erit</span> <span class='ocrx_word' id='word_1_1032' title='bbox 1361 2158 1554 2199; x_wconf 82' lang='lat' dir='ltr'>poenitentiae</span> <span class='ocrx_word' id='word_1_1033' title='bbox 1567 2160 1653 2190; x_wconf 81' lang='lat' dir='ltr'>locus</span> <span class='ocrx_word' id='word_1_1034' title='bbox 1666 2182 1675 2197; x_wconf 87' lang='lat'>,</span> <span class='ocrx_word' id='word_1_1035' title='bbox 1692 2168 1731 2189; x_wconf 84' lang='lat' dir='ltr'>ex</span> <span class='ocrx_word' id='word_1_1036' title='bbox 1742 2167 1841 2197; x_wconf 88' lang='lat' dir='ltr'>eaque</span> <span class='ocrx_word' id='word_1_1037' title='bbox 1851 2157 1976 2189; x_wconf 78' lang='lat' dir='ltr'>dabitur</span> 
     </span>
     <span class='ocr_line' id='line_1_127' title="bbox 1112 2197 1978 2240; baseline -0.005 -8"><span class='ocrx_word' id='word_1_1038' title='bbox 1112 2200 1286 2232; x_wconf 72' lang='lat' dir='ltr'>condictio,</span> <span class='ocrx_word' id='word_1_1039' title='bbox 1309 2200 1360 2230; x_wconf 89' lang='lat' dir='ltr'>Sic</span> <span class='ocrx_word' id='word_1_1040' title='bbox 1377 2208 1524 2240; x_wconf 89' lang='lat' dir='ltr'>apparet,</span> <span class='ocrx_word' id='word_1_1041' title='bbox 1548 2200 1742 2231; x_wconf 85' lang='lat' dir='ltr'>differentias</span> <span class='ocrx_word' id='word_1_1042' title='bbox 1759 2199 1929 2239; x_wconf 69' lang='lat' dir='ltr'>emptionis</span> <span class='ocrx_word' id='word_1_1043' title='bbox 1946 2197 1978 2229; x_wconf 76' lang='grc' dir='ltr'>ὅτ,</span> 
     </span>
     <span class='ocr_line' id='line_1_128' title="bbox 1112 2240 1979 2282; baseline -0.003 -9"><span class='ocrx_word' id='word_1_1044' title='bbox 1112 2242 1379 2282; x_wconf 84' lang='lat' dir='ltr'>permutationisa</span> <span class='ocrx_word' id='word_1_1045' title='bbox 1391 2240 1483 2272; x_wconf 85' lang='lat' dir='ltr'>Celso</span> <span class='ocrx_word' id='word_1_1046' title='bbox 1499 2249 1559 2272; x_wconf 87' lang='lat' dir='ltr'>tres</span> <span class='ocrx_word' id='word_1_1047' title='bbox 1577 2240 1768 2272; x_wconf 78' lang='lat' dir='ltr'>anferriind.</span> <span class='ocrx_word' id='word_1_1048' title='bbox 1780 2241 1797 2271; x_wconf 85' lang='lat' dir='ltr'>l.</span> <span class='ocrx_word' id='word_1_1049' title='bbox 1810 2240 1862 2271; x_wconf 87' lang='lat' dir='ltr'>ult.</span> <span class='ocrx_word' id='word_1_1050' title='bbox 1880 2240 1979 2279; x_wconf 88' lang='lat' dir='ltr'>prima</span> 
     </span>
     <span class='ocr_line' id='line_1_129' title="bbox 1112 2280 1979 2322; baseline -0.005 -8"><span class='ocrx_word' id='word_1_1051' title='bbox 1112 2283 1174 2314; x_wconf 87' lang='lat' dir='ltr'>est:</span> <span class='ocrx_word' id='word_1_1052' title='bbox 1193 2283 1296 2322; x_wconf 85' lang='lat' dir='ltr'>quod,</span> <span class='ocrx_word' id='word_1_1053' title='bbox 1314 2281 1334 2313; x_wconf 90' lang='grc'>11</span> <span class='ocrx_word' id='word_1_1054' title='bbox 1353 2291 1496 2314; x_wconf 82' lang='lat' dir='ltr'>mortuus</span> <span class='ocrx_word' id='word_1_1055' title='bbox 1513 2282 1556 2313; x_wconf 88' lang='lat' dir='ltr'>est</span> <span class='ocrx_word' id='word_1_1056' title='bbox 1573 2282 1715 2320; x_wconf 87' lang='lat' dir='ltr'>Stichus,</span> <span class='ocrx_word' id='word_1_1057' title='bbox 1740 2289 1906 2321; x_wconf 83' lang='lat' dir='ltr'>antequam</span> <span class='ocrx_word' id='word_1_1058' title='bbox 1923 2280 1979 2311; x_wconf 91' lang='lat' dir='ltr'>mi-</span> 
     </span>
     <span class='ocr_line' id='line_1_130' title="bbox 1111 2321 1978 2364; baseline -0.005 -9"><span class='ocrx_word' id='word_1_1059' title='bbox 1111 2324 1141 2355; x_wconf 86' lang='lat' dir='ltr'>hi</span> <span class='ocrx_word' id='word_1_1060' title='bbox 1161 2325 1249 2355; x_wconf 87' lang='lat' dir='ltr'>datus</span> <span class='ocrx_word' id='word_1_1061' title='bbox 1268 2323 1362 2355; x_wconf 83' lang='lat' dir='ltr'>effet:</span> <span class='ocrx_word' id='word_1_1062' title='bbox 1386 2323 1430 2354; x_wconf 86' lang='lat' dir='ltr'>est</span> <span class='ocrx_word' id='word_1_1063' title='bbox 1457 2324 1532 2354; x_wconf 83' lang='lat' dir='ltr'>milii</span> <span class='ocrx_word' id='word_1_1064' title='bbox 1551 2324 1692 2364; x_wconf 86' lang='lat' dir='ltr'>pecuniae</span> <span class='ocrx_word' id='word_1_1065' title='bbox 1712 2323 1790 2354; x_wconf 85' lang='lat' dir='ltr'>datae</span> <span class='ocrx_word' id='word_1_1066' title='bbox 1807 2321 1978 2361; x_wconf 84' lang='lat' dir='ltr'>repetitio:</span> 
     </span>
     <span class='ocr_line' id='line_1_131' title="bbox 1112 2363 1977 2406; baseline -0.003 -10"><span class='ocrx_word' id='word_1_1067' title='bbox 1112 2365 1182 2406; x_wconf 85' lang='lat' dir='ltr'>quia</span> <span class='ocrx_word' id='word_1_1068' title='bbox 1207 2373 1240 2395; x_wconf 91' lang='lat' dir='ltr'>ut</span> <span class='ocrx_word' id='word_1_1069' title='bbox 1264 2374 1320 2404; x_wconf 92' lang='lat' dir='ltr'>per</span> <span class='ocrx_word' id='word_1_1070' title='bbox 1347 2373 1378 2395; x_wconf 88' lang='lat' dir='ltr'>te</span> <span class='ocrx_word' id='word_1_1071' title='bbox 1400 2374 1463 2395; x_wconf 90' lang='lat' dir='ltr'>non</span> <span class='ocrx_word' id='word_1_1072' title='bbox 1494 2364 1632 2402; x_wconf 90' lang='lat' dir='ltr'>steterit,</span> <span class='ocrx_word' id='word_1_1073' title='bbox 1657 2373 1721 2404; x_wconf 90' lang='lat' dir='ltr'>quo</span> <span class='ocrx_word' id='word_1_1074' title='bbox 1744 2364 1845 2394; x_wconf 86' lang='lat' dir='ltr'>minus</span> <span class='ocrx_word' id='word_1_1075' title='bbox 1870 2363 1977 2400; x_wconf 83' lang='lat' dir='ltr'>dares,</span> 
     </span>
     <span class='ocr_line' id='line_1_132' title="bbox 1113 2401 1978 2446; baseline -0.005 -9"><span class='ocrx_word' id='word_1_1076' title='bbox 1113 2415 1216 2438; x_wconf 88' lang='lat' dir='ltr'>tamen</span> <span class='ocrx_word' id='word_1_1077' title='bbox 1242 2405 1389 2446; x_wconf 85' lang='lat' dir='ltr'>quamdiu</span> <span class='ocrx_word' id='word_1_1078' title='bbox 1408 2415 1472 2437; x_wconf 87' lang='lat' dir='ltr'>non</span> <span class='ocrx_word' id='word_1_1079' title='bbox 1490 2405 1620 2444; x_wconf 81' lang='lat' dir='ltr'>dedisti,¹</span> <span class='ocrx_word' id='word_1_1080' title='bbox 1641 2405 1684 2435; x_wconf 83' lang='grc'>611</span> <span class='ocrx_word' id='word_1_1081' title='bbox 1712 2404 1847 2443; x_wconf 76' lang='lat' dir='ltr'>niihijus</span> <span class='ocrx_word' id='word_1_1082' title='bbox 1876 2401 1978 2442; x_wconf 85' lang='lat' dir='ltr'>poeni-</span> 
     </span>
     <span class='ocr_line' id='line_1_133' title="bbox 1112 2444 1976 2487; baseline -0.006 -8"><span class='ocrx_word' id='word_1_1083' title='bbox 1112 2447 1277 2479; x_wconf 84' lang='lat' dir='ltr'>tentiae:at</span> <span class='ocrx_word' id='word_1_1084' title='bbox 1295 2448 1325 2478; x_wconf 93' lang='lat' dir='ltr'>in</span> <span class='ocrx_word' id='word_1_1085' title='bbox 1341 2448 1505 2487; x_wconf 83' lang='lat' dir='ltr'>emptione</span> <span class='ocrx_word' id='word_1_1086' title='bbox 1523 2446 1552 2477; x_wconf 89' lang='lat'>&amp;</span> <span class='ocrx_word' id='word_1_1087' title='bbox 1569 2446 1754 2476; x_wconf 88' lang='lat' dir='ltr'>venditione</span> <span class='ocrx_word' id='word_1_1088' title='bbox 1773 2445 1833 2475; x_wconf 89' lang='lat' dir='ltr'>tale</span> <span class='ocrx_word' id='word_1_1089' title='bbox 1847 2444 1894 2484; x_wconf 83' lang='lat' dir='ltr'>jus</span> <span class='ocrx_word' id='word_1_1090' title='bbox 1911 2452 1976 2475; x_wconf 88' lang='lat' dir='ltr'>non</span> 
     </span>
     <span class='ocr_line' id='line_1_134' title="bbox 1113 2484 1980 2528; baseline -0.006 -8"><span class='ocrx_word' id='word_1_1091' title='bbox 1113 2489 1175 2527; x_wconf 89' lang='grc'><strong>611,</strong></span> <span class='ocrx_word' id='word_1_1092' title='bbox 1201 2488 1365 2528; x_wconf 85' lang='lat' dir='ltr'>postquam</span> <span class='ocrx_word' id='word_1_1093' title='bbox 1383 2487 1427 2518; x_wconf 86' lang='lat' dir='ltr'>est</span> <span class='ocrx_word' id='word_1_1094' title='bbox 1445 2488 1483 2518; x_wconf 92' lang='lat' dir='ltr'>de</span> <span class='ocrx_word' id='word_1_1095' title='bbox 1501 2497 1534 2518; x_wconf 91' lang='lat' dir='ltr'>re</span> <span class='ocrx_word' id='word_1_1096' title='bbox 1553 2488 1581 2517; x_wconf 69' lang='grc' dir='ltr'>ἃ</span> <span class='ocrx_word' id='word_1_1097' title='bbox 1602 2485 1705 2524; x_wconf 86' lang='lat' dir='ltr'>pretio</span> <span class='ocrx_word' id='word_1_1098' title='bbox 1722 2484 1916 2516; x_wconf 87' lang='lat' dir='ltr'>consenium.</span> <span class='ocrx_word' id='word_1_1099' title='bbox 1935 2485 1980 2515; x_wconf 90' lang='lat' dir='ltr'>al-</span> 
     </span>
     <span class='ocr_line' id='line_1_135' title="bbox 1113 2525 1980 2568; baseline -0.007 -7"><span class='ocrx_word' id='word_1_1100' title='bbox 1113 2539 1179 2561; x_wconf 82' lang='lat' dir='ltr'>tera</span> <span class='ocrx_word' id='word_1_1101' title='bbox 1195 2529 1372 2561; x_wconf 85' lang='lat' dir='ltr'>differentia</span> <span class='ocrx_word' id='word_1_1102' title='bbox 1389 2529 1449 2559; x_wconf 84' lang='lat' dir='ltr'>est:</span> <span class='ocrx_word' id='word_1_1103' title='bbox 1472 2529 1557 2568; x_wconf 89' lang='lat' dir='ltr'>quod</span> <span class='ocrx_word' id='word_1_1104' title='bbox 1569 2550 1577 2565; x_wconf 90' lang='lat'><strong>‚</strong></span> <span class='ocrx_word' id='word_1_1105' title='bbox 1601 2527 1620 2558; x_wconf 88' lang='grc'>11</span> <span class='ocrx_word' id='word_1_1106' title='bbox 1637 2528 1753 2558; x_wconf 87' lang='lat' dir='ltr'>alienus</span> <span class='ocrx_word' id='word_1_1107' title='bbox 1772 2526 1815 2557; x_wconf 85' lang='lat' dir='ltr'>est</span> <span class='ocrx_word' id='word_1_1108' title='bbox 1832 2525 1980 2564; x_wconf 81' lang='lat' dir='ltr'>Stichus,</span> 
     </span>
     <span class='ocr_line' id='line_1_136' title="bbox 1113 2566 1978 2607; baseline -0.006 -5"><span class='ocrx_word' id='word_1_1109' title='bbox 1113 2571 1165 2602; x_wconf 87' lang='lat' dir='ltr'>sed</span> <span class='ocrx_word' id='word_1_1110' title='bbox 1192 2579 1225 2601; x_wconf 91' lang='lat' dir='ltr'>tu</span> <span class='ocrx_word' id='word_1_1111' title='bbox 1243 2580 1313 2601; x_wconf 84' lang='lat' dir='ltr'>eum</span> <span class='ocrx_word' id='word_1_1112' title='bbox 1333 2568 1501 2607; x_wconf 86' lang='lat' dir='ltr'>tradidisti,</span> <span class='ocrx_word' id='word_1_1113' title='bbox 1524 2568 1644 2605; x_wconf 81' lang='lat' dir='ltr'>adhuc,</span> <span class='ocrx_word' id='word_1_1114' title='bbox 1669 2569 1740 2607; x_wconf 87' lang='lat' dir='ltr'>quia</span> <span class='ocrx_word' id='word_1_1115' title='bbox 1764 2577 1827 2598; x_wconf 92' lang='lat' dir='ltr'>non</span> <span class='ocrx_word' id='word_1_1116' title='bbox 1846 2566 1978 2605; x_wconf 88' lang='lat' dir='ltr'>dedisti,</span> 
     </span>
     <span class='ocr_line' id='line_1_137' title="bbox 1113 2609 1978 2648; baseline -0.006 -5"><span class='ocrx_word' id='word_1_1117' title='bbox 1113 2611 1169 2643; x_wconf 83' lang='lat' dir='ltr'>etii</span> <span class='ocrx_word' id='word_1_1118' title='bbox 1188 2611 1355 2646; x_wconf 82' lang='lat' dir='ltr'>tradidisti,</span> <span class='ocrx_word' id='word_1_1119' title='bbox 1373 2619 1477 2641; x_wconf 87' lang='lat' dir='ltr'>tamen</span> <span class='ocrx_word' id='word_1_1120' title='bbox 1495 2619 1535 2640; x_wconf 87' lang='lat' dir='ltr'>ex</span> <span class='ocrx_word' id='word_1_1121' title='bbox 1551 2609 1739 2648; x_wconf 81' lang='lat' dir='ltr'>poenitentia</span> <span class='ocrx_word' id='word_1_1122' title='bbox 1755 2618 1771 2639; x_wconf 89' lang='lat' dir='ltr'>a</span> <span class='ocrx_word' id='word_1_1123' title='bbox 1789 2617 1820 2639; x_wconf 91' lang='lat' dir='ltr'>te</span> <span class='ocrx_word' id='word_1_1124' title='bbox 1837 2616 1978 2648; x_wconf 87' lang='lat' dir='ltr'>repetam</span> 
     </span>
     <span class='ocr_line' id='line_1_138' title="bbox 1114 2649 1977 2693; baseline -0.006 -9"><span class='ocrx_word' id='word_1_1125' title='bbox 1114 2654 1200 2693; x_wconf 86' lang='lat' dir='ltr'>quod</span> <span class='ocrx_word' id='word_1_1126' title='bbox 1225 2653 1282 2683; x_wconf 88' lang='lat' dir='ltr'>tibi</span> <span class='ocrx_word' id='word_1_1127' title='bbox 1305 2652 1377 2682; x_wconf 89' lang='lat' dir='ltr'>ideo</span> <span class='ocrx_word' id='word_1_1128' title='bbox 1401 2651 1474 2682; x_wconf 87' lang='lat' dir='ltr'>dedi</span> <span class='ocrx_word' id='word_1_1129' title='bbox 1492 2673 1501 2688; x_wconf 96' lang='lat'>,</span> <span class='ocrx_word' id='word_1_1130' title='bbox 1540 2659 1573 2681; x_wconf 89' lang='lat' dir='ltr'>ut</span> <span class='ocrx_word' id='word_1_1131' title='bbox 1597 2650 1672 2681; x_wconf 86' lang='lat' dir='ltr'>mihi</span> <span class='ocrx_word' id='word_1_1132' title='bbox 1700 2649 1841 2681; x_wconf 85' lang='lat' dir='ltr'>Stichum</span> <span class='ocrx_word' id='word_1_1133' title='bbox 1873 2651 1977 2680; x_wconf 88' lang='lat' dir='ltr'>dares:</span> 
     </span>
     <span class='ocr_line' id='line_1_139' title="bbox 1114 2691 1979 2734; baseline -0.007 -9"><span class='ocrx_word' id='word_1_1134' title='bbox 1114 2695 1202 2734; x_wconf 90' lang='lat' dir='ltr'>quod</span> <span class='ocrx_word' id='word_1_1135' title='bbox 1220 2694 1295 2724; x_wconf 89' lang='lat' dir='ltr'>item</span> <span class='ocrx_word' id='word_1_1136' title='bbox 1318 2693 1348 2723; x_wconf 90' lang='lat' dir='ltr'>in</span> <span class='ocrx_word' id='word_1_1137' title='bbox 1370 2693 1536 2730; x_wconf 86' lang='lat' dir='ltr'>emptione</span> <span class='ocrx_word' id='word_1_1138' title='bbox 1554 2691 1583 2722; x_wconf 74' lang='grc' dir='ltr'>ἀ</span> <span class='ocrx_word' id='word_1_1139' title='bbox 1603 2691 1788 2722; x_wconf 84' lang='lat' dir='ltr'>venditione</span> <span class='ocrx_word' id='word_1_1140' title='bbox 1806 2691 1897 2722; x_wconf 88' lang='lat' dir='ltr'>aliter</span> <span class='ocrx_word' id='word_1_1141' title='bbox 1920 2691 1979 2721; x_wconf 86' lang='lat' dir='ltr'>ob-</span> 
     </span>
     <span class='ocr_line' id='line_1_140' title="bbox 1112 2730 1979 2772; baseline -0.005 -6"><span class='ocrx_word' id='word_1_1142' title='bbox 1112 2736 1258 2767; x_wconf 89' lang='lat' dir='ltr'>servatur.</span> <span class='ocrx_word' id='word_1_1143' title='bbox 1281 2734 1373 2764; x_wconf 87' lang='lat' dir='ltr'>tertia</span> <span class='ocrx_word' id='word_1_1144' title='bbox 1396 2732 1573 2765; x_wconf 79' lang='lat' dir='ltr'>differentia</span> <span class='ocrx_word' id='word_1_1145' title='bbox 1596 2732 1657 2764; x_wconf 90' lang='lat' dir='ltr'>est:</span> <span class='ocrx_word' id='word_1_1146' title='bbox 1678 2733 1765 2772; x_wconf 89' lang='lat' dir='ltr'>quod</span> <span class='ocrx_word' id='word_1_1147' title='bbox 1793 2731 1814 2763; x_wconf 90' lang='grc'>11</span> <span class='ocrx_word' id='word_1_1148' title='bbox 1837 2740 1907 2763; x_wconf 92' lang='lat' dir='ltr'>tuus</span> <span class='ocrx_word' id='word_1_1149' title='bbox 1933 2730 1979 2763; x_wconf 86' lang='lat' dir='ltr'>est</span> 
     </span>
     <span class='ocr_line' id='line_1_141' title="bbox 1112 2773 1978 2813; baseline -0.006 -6"><span class='ocrx_word' id='word_1_1150' title='bbox 1112 2775 1238 2808; x_wconf 86' lang='lat' dir='ltr'>Stichus</span> <span class='ocrx_word' id='word_1_1151' title='bbox 1256 2775 1284 2806; x_wconf 88' lang='lat'>&amp;</span> <span class='ocrx_word' id='word_1_1152' title='bbox 1302 2784 1359 2813; x_wconf 89' lang='lat' dir='ltr'>pro</span> <span class='ocrx_word' id='word_1_1153' title='bbox 1377 2774 1535 2805; x_wconf 74' lang='lat' dir='ltr'>eviffione</span> <span class='ocrx_word' id='word_1_1154' title='bbox 1551 2775 1615 2813; x_wconf 86' lang='lat' dir='ltr'>ejus</span> <span class='ocrx_word' id='word_1_1155' title='bbox 1631 2775 1818 2813; x_wconf 85' lang='lat' dir='ltr'>promittere</span> <span class='ocrx_word' id='word_1_1156' title='bbox 1835 2782 1899 2804; x_wconf 91' lang='lat' dir='ltr'>non</span> <span class='ocrx_word' id='word_1_1157' title='bbox 1910 2773 1978 2811; x_wconf 89' lang='lat' dir='ltr'>vis,</span> 
     </span>
     <span class='ocr_line' id='line_1_142' title="bbox 1114 2814 1978 2852; baseline -0.006 -3"><span class='ocrx_word' id='word_1_1158' title='bbox 1114 2818 1250 2849; x_wconf 81' lang='lat' dir='ltr'>fimiliter</span> <span class='ocrx_word' id='word_1_1159' title='bbox 1266 2816 1325 2847; x_wconf 91' lang='lat' dir='ltr'>erit</span> <span class='ocrx_word' id='word_1_1160' title='bbox 1342 2815 1417 2847; x_wconf 80' lang='lat' dir='ltr'>milii</span> <span class='ocrx_word' id='word_1_1161' title='bbox 1436 2816 1498 2846; x_wconf 89' lang='lat' dir='ltr'>dati</span> <span class='ocrx_word' id='word_1_1162' title='bbox 1517 2815 1681 2846; x_wconf 69' lang='lat' dir='ltr'>contiiffio</span> <span class='ocrx_word' id='word_1_1163' title='bbox 1704 2824 1745 2846; x_wconf 86' lang='lat' dir='ltr'>ex</span> <span class='ocrx_word' id='word_1_1164' title='bbox 1770 2814 1857 2845; x_wconf 87' lang='lat' dir='ltr'>causa</span> <span class='ocrx_word' id='word_1_1165' title='bbox 1877 2814 1978 2852; x_wconf 91' lang='lat' dir='ltr'>poeni-</span> 
     </span>
     <span class='ocr_line' id='line_1_143' title="bbox 1113 2853 1978 2897; baseline -0.005 -8"><span class='ocrx_word' id='word_1_1166' title='bbox 1113 2858 1237 2890; x_wconf 86' lang='lat' dir='ltr'>tentiae:</span> <span class='ocrx_word' id='word_1_1167' title='bbox 1263 2859 1336 2897; x_wconf 87' lang='lat' dir='ltr'>quia</span> <span class='ocrx_word' id='word_1_1168' title='bbox 1360 2865 1491 2897; x_wconf 88' lang='lat' dir='ltr'>oportet</span> <span class='ocrx_word' id='word_1_1169' title='bbox 1514 2865 1546 2887; x_wconf 92' lang='lat' dir='ltr'>te</span> <span class='ocrx_word' id='word_1_1170' title='bbox 1568 2866 1631 2887; x_wconf 91' lang='lat' dir='ltr'>non</span> <span class='ocrx_word' id='word_1_1171' title='bbox 1659 2864 1780 2887; x_wconf 88' lang='lat' dir='ltr'>tanturn</span> <span class='ocrx_word' id='word_1_1172' title='bbox 1810 2856 1903 2893; x_wconf 87' lang='lat' dir='ltr'>dare,</span> <span class='ocrx_word' id='word_1_1173' title='bbox 1927 2853 1978 2885; x_wconf 87' lang='lat' dir='ltr'>sed</span> 
     </span>
     <span class='ocr_line' id='line_1_144' title="bbox 1112 2895 1980 2939; baseline -0.007 -8"><span class='ocrx_word' id='word_1_1174' title='bbox 1112 2901 1142 2931; x_wconf 77' lang='grc' dir='ltr'>δι</span> <span class='ocrx_word' id='word_1_1175' title='bbox 1160 2908 1274 2931; x_wconf 87' lang='lat' dir='ltr'>cavere</span> <span class='ocrx_word' id='word_1_1176' title='bbox 1292 2908 1350 2939; x_wconf 86' lang='lat' dir='ltr'>pro</span> <span class='ocrx_word' id='word_1_1177' title='bbox 1368 2898 1548 2936; x_wconf 70' lang='lat' dir='ltr'>evictione,</span> <span class='ocrx_word' id='word_1_1178' title='bbox 1571 2897 1687 2938; x_wconf 88' lang='lat' dir='ltr'>pariter</span> <span class='ocrx_word' id='word_1_1179' title='bbox 1704 2905 1737 2928; x_wconf 90' lang='lat' dir='ltr'>ut</span> <span class='ocrx_word' id='word_1_1180' title='bbox 1759 2897 1788 2928; x_wconf 92' lang='lat' dir='ltr'>in</span> <span class='ocrx_word' id='word_1_1181' title='bbox 1815 2895 1980 2933; x_wconf 86' lang='lat' dir='ltr'>emptione</span> 
     </span>
     <span class='ocr_line' id='line_1_145' title="bbox 1113 2935 1979 2979; baseline -0.007 -8"><span class='ocrx_word' id='word_1_1182' title='bbox 1113 2942 1141 2972; x_wconf 87' lang='lat'>&amp;</span> <span class='ocrx_word' id='word_1_1183' title='bbox 1166 2940 1368 2971; x_wconf 89' lang='lat' dir='ltr'>venditione:</span> <span class='ocrx_word' id='word_1_1184' title='bbox 1396 2940 1427 2971; x_wconf 92' lang='lat' dir='ltr'>in</span> <span class='ocrx_word' id='word_1_1185' title='bbox 1451 2949 1511 2978; x_wconf 86' lang='lat' dir='ltr'>qua</span> <span class='ocrx_word' id='word_1_1186' title='bbox 1536 2946 1640 2970; x_wconf 74' lang='lat' dir='ltr'>tamen</span> <span class='ocrx_word' id='word_1_1187' title='bbox 1665 2940 1737 2979; x_wconf 88' lang='lat' dir='ltr'>quia</span> <span class='ocrx_word' id='word_1_1188' title='bbox 1765 2936 1925 2969; x_wconf 72' lang='lat' dir='ltr'>condictio</span> <span class='ocrx_word' id='word_1_1189' title='bbox 1948 2935 1979 2965; x_wconf 75' lang='grc' dir='ltr'>δε</span> 
     </span>
     <span class='ocr_line' id='line_1_146' title="bbox 1112 2975 1979 3021; baseline -0.008 -8"><span class='ocrx_word' id='word_1_1190' title='bbox 1112 2982 1300 3021; x_wconf 86' lang='lat' dir='ltr'>poenitentia</span> <span class='ocrx_word' id='word_1_1191' title='bbox 1318 2980 1430 3018; x_wconf 83' lang='lat' dir='ltr'>cessat,</span> <span class='ocrx_word' id='word_1_1192' title='bbox 1455 2979 1633 3012; x_wconf 89' lang='lat' dir='ltr'>differentia</span> <span class='ocrx_word' id='word_1_1193' title='bbox 1650 2980 1741 3011; x_wconf 89' lang='lat' dir='ltr'>tertia</span> <span class='ocrx_word' id='word_1_1194' title='bbox 1756 2979 1808 3010; x_wconf 87' lang='lat' dir='ltr'>est.</span> <span class='ocrx_word' id='word_1_1195' title='bbox 1837 2975 1979 3016; x_wconf 85' lang='lat' dir='ltr'>Exposui</span> 
     </span>
     <span class='ocr_line' id='line_1_147' title="bbox 1113 3022 1456 3055; baseline -0.009 0"><span class='ocrx_word' id='word_1_1196' title='bbox 1113 3022 1239 3055; x_wconf 91' lang='lat' dir='ltr'>Celsum</span> <span class='ocrx_word' id='word_1_1197' title='bbox 1264 3024 1294 3054; x_wconf 92' lang='lat' dir='ltr'>in</span> <span class='ocrx_word' id='word_1_1198' title='bbox 1312 3024 1339 3053; x_wconf 87' lang='lat' dir='ltr'>d.</span> <span class='ocrx_word' id='word_1_1199' title='bbox 1358 3023 1376 3053; x_wconf 92' lang='lat' dir='ltr'>l.</span> <span class='ocrx_word' id='word_1_1200' title='bbox 1403 3022 1456 3053; x_wconf 86' lang='lat' dir='ltr'>ult.</span> 
     </span>
    </p>

    <p class='ocr_par' dir='ltr' id='par_1_6' title="bbox 1111 3058 1980 3144">
     <span class='ocr_line' id='line_1_148' title="bbox 1153 3058 1978 3103; baseline -0.012 -7"><span class='ocrx_word' id='word_1_1201' title='bbox 1153 3062 1290 3101; x_wconf 73' lang='lat' dir='ltr'>Nescio,</span> <span class='ocrx_word' id='word_1_1202' title='bbox 1314 3073 1352 3094; x_wconf 88' lang='lat' dir='ltr'>an</span> <span class='ocrx_word' id='word_1_1203' title='bbox 1379 3064 1511 3101; x_wconf 85' lang='lat' dir='ltr'>addam,</span> <span class='ocrx_word' id='word_1_1204' title='bbox 1535 3062 1610 3102; x_wconf 90' lang='lat' dir='ltr'>quid</span> <span class='ocrx_word' id='word_1_1205' title='bbox 1637 3068 1725 3102; x_wconf 88' lang='lat' dir='ltr'>petat</span> <span class='ocrx_word' id='word_1_1206' title='bbox 1748 3058 1978 3103; x_wconf 20' lang='lat' dir='ltr'>condictiotohb</span> 
     </span>
     <span class='ocr_line' id='line_1_149' title="bbox 1111 3103 1980 3144; baseline -0.01 -7"><span class='ocrx_word' id='word_1_1207' title='bbox 1111 3105 1232 3137; x_wconf 85' lang='lat' dir='ltr'>causam</span> <span class='ocrx_word' id='word_1_1208' title='bbox 1252 3106 1315 3137; x_wconf 89' lang='lat' dir='ltr'>dati</span> <span class='ocrx_word' id='word_1_1209' title='bbox 1332 3106 1421 3136; x_wconf 90' lang='lat' dir='ltr'>causa</span> <span class='ocrx_word' id='word_1_1210' title='bbox 1438 3114 1503 3135; x_wconf 88' lang='lat' dir='ltr'>non</span> <span class='ocrx_word' id='word_1_1211' title='bbox 1529 3103 1675 3144; x_wconf 86' lang='lat' dir='ltr'>sequuta:</span> <span class='ocrx_word' id='word_1_1212' title='bbox 1695 3110 1766 3132; x_wconf 90' lang='lat' dir='ltr'>cuin</span> <span class='ocrx_word' id='word_1_1213' title='bbox 1784 3109 1823 3130; x_wconf 85' lang='lat' dir='ltr'>ex</span> <span class='ocrx_word' id='word_1_1214' title='bbox 1842 3108 1980 3130; x_wconf 82' lang='lat' dir='ltr'>nominis</span> 
     </span>
    </p>
   </div>
   <div class='ocr_carea' id='block_1_4' title="bbox 1110 3138 1980 3217">
    <p class='ocr_par' dir='ltr' id='par_1_7' title="bbox 1110 3138 1980 3217">
     <span class='ocr_line' id='line_1_150' title="bbox 1110 3138 1980 3212; baseline -0.009 -34"><span class='ocrx_word' id='word_1_1215' title='bbox 1110 3147 1188 3181; x_wconf 86' lang='lat' dir='ltr'>sono</span> <span class='ocrx_word' id='word_1_1216' title='bbox 1212 3146 1427 3188; x_wconf 82' lang='lat' dir='ltr'>intelligatur,</span> <span class='ocrx_word' id='word_1_1217' title='bbox 1448 3145 1511 3177; x_wconf 88' lang='lat' dir='ltr'>hoc</span> <span class='ocrx_word' id='word_1_1218' title='bbox 1532 3153 1643 3186; x_wconf 84' lang='lat' dir='ltr'>agere,</span> <span class='ocrx_word' id='word_1_1219' title='bbox 1669 3149 1703 3174; x_wconf 89' lang='lat' dir='ltr'>ut</span> <span class='ocrx_word' id='word_1_1220' title='bbox 1722 3151 1771 3174; x_wconf 83' lang='lat' dir='ltr'>res</span> <span class='ocrx_word' id='word_1_1221' title='bbox 1791 3141 1834 3173; x_wconf 90' lang='lat' dir='ltr'>ob</span> <span class='ocrx_word' id='word_1_1222' title='bbox 1857 3138 1980 3212; x_wconf 47' lang='lat' dir='ltr'>cusai?</span> 
     </span>
     <span class='ocr_line' id='line_1_151' title="bbox 1966 3201 1977 3217; baseline 0 -1"><span class='ocrx_word' id='word_1_1223' title='bbox 1966 3201 1977 3217; x_wconf 63' lang='grc' dir='ltr'>,ἱ</span> 
     </span>
    </p>
   </div>
   <div class='ocr_carea' id='block_1_5' title="bbox 2018 9 2028 579">
    <p class='ocr_par' dir='ltr' id='par_1_8' title="bbox 2018 9 2028 579">
     <span class='ocr_line' id='line_1_152' title="bbox 2018 9 2028 579; baseline 0 0"><span class='ocrx_word' id='word_1_1224' title='bbox 2018 9 2028 579; x_wconf 95' lang='lat' dir='ltr'> </span> 
     </span>
    </p>
   </div>
  </div>
 </body>
</html>
