2036 3495
145 63 166 90 2
565 46 599 82 G
629 56 649 80 E
683 56 705 81 n
739 56 758 80 A
792 55 816 79 R
847 54 872 78 n
904 53 917 78 1

149 138 262 172 referri
286 143 456 179 nequeant.
486 136 637 166 continet
659 130 756 173 igitur
775 131 893 171 justitia
914 129 1041 161 latiore-

149 180 237 212 sensu
253 182 360 212 omnia
377 177 556 210 officiorum
566 183 701 214 genera:
717 182 753 202 ac
762 170 870 202 nescio
881 193 891 208 ,
907 179 946 201 an
964 170 1034 202 1100·

151 221 241 254 sensu
263 221 304 253 sic
326 220 439 252 scribat
462 215 651 247 Macrobius
670 213 864 253 anOmniurn
886 211 1029 252 Scipionis

152 263 202 294 lib.
228 272 256 294 1.
281 272 305 293 c.
331 265 359 294 8.
384 256 514 299 Juslitiae
533 254 590 296 cst,
603 255 730 293 servare
751 255 929 294 unicuique,
951 254 1044 294 quod.

141 305 236 344 silum.
249 301 298 342 esi.
328 303 360 332 de
377 299 495 342 justicia
516 299 641 328 veniunt
665 296 830 327 innocentia
846 318 856 333 ,
879 294 1027 333 amicitia,

152 345 320 381 concordia,
338 342 453 381 pietas,
472 339 587 380 religio,
603 336 746 379 afffflns,
764 337 942 368 hamanitas.
967 335 1028 367 His

150 385 310 416 virtutibus
324 383 374 412 vir
390 382 477 412 bonus
491 381 618 421 primum
628 379 695 418 sui,
710 384 797 420 atque
812 378 877 409 inde
891 377 1028 417 reipubli-

149 436 187 457 cae
201 425 292 457 reaor
307 422 448 464 efficitur,
466 419 544 463 juste
560 431 594 452 ae
609 422 733 461 provide
743 422 912 461 gubernans
929 421 1028 450 buma—

151 476 209 503 na,
234 466 337 497 divina
351 474 408 496 non
430 466 567 501 deserens.
613 462 777 494 strictiore
795 460 1027 502 significatione

146 507 262 549 justitia
287 506 350 538 sola
373 504 622 546 comprehendit
646 512 777 535 munera
800 503 913 543 quibus
931 501 1025 533 alicui

150 549 312 587 tribuitur,
325 549 413 589 quod
430 547 485 588 ipsi
496 546 600 587 aliqua
614 544 706 577 causa
716 545 862 586 debetur.
885 543 928 575 fic
945 553 1024 574 vero

148 590 340 622 dividiturin
350 589 581 621 distributivam
594 588 623 619 δε
634 586 910 619 commutativam.
927 585 1026 616 altera

148 632 265 664 dicitur
282 630 451 663 consistere
475 630 506 662 in
525 629 749 661 distributione
765 627 919 665 honoris,
943 636 1022 667 prae-

96 675 99 678 '
147 674 225 713 mii,
242 681 296 704 aut
305 674 535 714 cujuscumque
545 672 590 703 rei
600 671 688 711 cujus
699 669 870 710 participes
886 667 946 700 fint
957 678 1024 700 om·

145 725 203 748 nes
226 715 366 755 ejusdem
391 714 528 746 civitatis
556 713 653 744 cives.
677 713 775 744 altera
792 711 910 743 (1101101
926 719 1025 741 occu-

146 757 215 797 pari
232 757 435 788 correctione
451 764 564 787 eorum
584 764 652 795 quae
674 755 704 785 in
722 754 816 784 rebus
832 751 1024 784 contrahen-

146 800 194 831 dis
210 801 420 839 contingunt3
448 796 508 830 live
532 796 666 836 sponte,
689 795 771 827 utin
787 793 1025 833 contractibus3

147 840 212 873 five
230 840 460 878 involuntarie,
484 846 521 870 ut
538 841 569 869 in
589 837 721 869 (10116113.
740 837 808 867 haec
832 836 948 867 dicitur
964 835 1025 867 ser-

146 892 221 914 vare
241 881 489 923 proportionem
505 879 758 911 arithmeticam:
782 878 835 909 illa
853 877 1024 918 geometri-

145 933 226 956 cam.
251 923 295 955 est
312 930 438 961 autem,
455 930 492 953 ut
505 921 570 953 hoc
585 922 716 960 addam,
733 919 933 952 arithmetica
950 928 1024 958 pro·

170 967 274 1005 onio,
297 965 351 996 ubi
378 963 501 996 numeri
523 973 541 995 a
563 962 594 995 se
616 962 745 1004 paribus
768 961 883 993 distant
899 960 1023 1001 spatiis,

171 1018 207 1040 ac
222 1008 347 1039 forma:
364 1006 449 1045 duo,
464 1013 622 1047 quatuor,
638 1004 711 1043 sex,
727 1003 814 1035 0610.
837 1011 950 1034 0011113
967 1002 1023 1033 ob·

139 1051 282 1082 servatur
302 1049 334 1080 in
349 1048 558 1089 geometrica.
582 1045 619 1078 fit
634 1046 720 1078 enim
737 1044 876 1077 instituta
894 1053 1022 1085 compa-

140 1092 286 1124 ratione:
309 1089 376 1121 hoc
393 1090 513 1128 modo,
536 1089 615 1121 ficut
637 1087 669 1119 se
687 1087 809 1119 habent
826 1093 962 1124 quatuor
980 1085 1020 1116 ad

139 1135 225 1172 duo,
241 1132 284 1165 fic
301 1134 332 1164 se
350 1131 472 1163 habent
487 1131 543 1162 sex
558 1130 597 1162 ad
615 1130 683 1161 tria.
709 1129 794 1160 unde
810 1127 966 1166 efficitur,
983 1133 1020 1157 ut

142 1177 175 1208 in
189 1174 305 1216 justitia
321 1173 553 1205 commutativa
567 1172 598 1203 in
610 1180 670 1212 qua
686 1170 757 1202 solae
774 1169 954 1211 spectantur
969 1177 1019 1199 res

142 1219 183 1250 de
205 1217 319 1256 quibus
343 1215 466 1256 agitur,
487 1224 553 1246 non
571 1213 684 1245 merita
697 1212 864 1244 hominurn
881 1219 1020 1250 quorum

141 1269 192 1292 res
207 1258 286 1297 fint,
310 1266 423 1289 omnes
440 1256 588 1287 homines
605 1254 665 1286 11111
679 1254 826 1293 aequales.
850 1251 1019 1292 cespitavit

141 1300 216 1337 hic,
240 1299 329 1340 quod
344 1308 428 1339 aegre
446 1298 539 1336 dico,
561 1306 602 1328 ex
620 1296 793 1327 Veteribus
811 1293 1017 1334 Papinianus:

142 1341 313 1382 castigatus
329 1350 369 1371 eo
387 1341 519 1371 nornine
535 1339 574 1369 ab
591 1336 731 1377 Ulpiano
749 1337 769 1368 l.
789 1346 837 1368 20.
854 1335 896 1367 D.
917 1336 950 1366 de
966 1335 1019 1366 mi-

143 1385 271 1417 noribus.
294 1382 458 1414 lubentius
474 1381 569 1412 laudo
579 1379 733 1411 Senecam
744 1402 753 1417 ,
768 1377 810 1410 fic
827 1376 1020 1408 scribentem

143 1426 193 1459 De
208 1423 324 1464 benefic.
346 1424 393 1454 lib.
412 1433 441 1462 4.
459 1432 484 1453 c.
502 1427 551 1456 28.
576 1422 646 1467 Jus
661 1421 728 1461 fori
749 1420 880 1450 omnibus
895 1418 1021 1449 dicitur:

139 1475 212 1510 pace
231 1467 319 1498 etiam
341 1464 485 1496 homicidae
499 1464 672 1502 fruuntur.-
695 1462 746 1499 sua
761 1465 913 1499 repetunt,
936 1460 1023 1490 etiam

143 1510 197 1553 qui
211 1508 306 1540 aliena
319 1510 487 1546 rapuerunt.
498 1503 669 1543 percussores
678 1502 714 1537 ὅ)
724 1503 798 1533 [lomi
807 1502 926 1541 serrum
941 1510 1022 1538 exer-

144 1556 238 1583 centes
261 1557 363 1580 murus
386 1548 421 1576 ab
446 1545 520 1586 hoste
544 1545 692 1584 defendit:
714 1544 809 1584 legum
825 1541 955 1583 prasidio
970 1543 1022 1583 qui

140 1593 302 1635 plurimum
317 1591 349 1620 in
364 1587 429 1620 illas
443 1591 655 1627 peccaverunt,
675 1590 877 1627 proteguntur.
921 1583 973 1616 Sic
990 1584 1022 1616 in

144 1631 376 1665 commutativa
391 1627 516 1669 justitia.
535 1635 567 1660 at
582 1627 614 1659 in
637 1627 854 1666 distributiva,
877 1626 950 1667 quia
964 1625 1022 1656 ho-

142 1675 265 1712 mines,
290 1679 469 1711 eorumque
492 1670 624 1709 merita,
646 1677 887 1709 comparantur:
910 1667 1025 1699 melior

143 1716 190 1749 est
213 1714 360 1747 conditio
385 1713 444 1744 viri
469 1712 605 1750 nobilis,
628 1720 722 1751 quam
741 1709 880 1751 plebeii,
903 1709 981 1741 licet
998 1709 1023 1739 i-

142 1760 218 1791 dem
235 1756 292 1789 fiat
315 1755 355 1786 ab
379 1762 538 1792 utroque:
567 1753 700 1793 pulchra
718 1753 843 1784 ratione
859 1759 955 1791 quarn
969 1750 1022 1782 dat

144 1801 267 1833 Seneca
284 1799 313 1829 d.
338 1796 386 1828 lib.
405 1806 434 1835 4.
458 1795 506 1827 De
521 1794 636 1834 benefic.
654 1804 679 1825 c.
699 1804 750 1835 30.
769 1792 875 1824 verbis
891 1792 1022 1833 sequen·

143 1843 248 1874 tibus:
267 1840 305 1872 In
316 1839 447 1879 petendis
464 1837 617 1868 honoribus
633 1837 770 1876 quosdam
784 1832 957 1875 turpiffimos
972 1843 1021 1864 no-

143 1884 241 1916 bilitas
255 1878 426 1920 industriis,
435 1879 491 1919 secl
505 1878 608 1916 novis,
620 1877 761 1917 praetulit.
786 1886 843 1907 non
852 1875 918 1915 fine
933 1876 1023 1907 ratio·

144 1935 180 1958 ne
188 1926 279 1965 sacra
294 1921 333 1964 esi
362 1930 538 1962 magnarum
563 1921 713 1950 viriatum
737 1919 888 1949 memoria:
912 1917 949 1952 ὅ)
973 1916 1023 1957 ffl'e

144 1968 240 2007 plures
262 1967 346 1997 bonos
354 1963 467 2005 juvat,
487 1960 512 1998 fi
525 1961 628 2003 grazia
645 1962 781 1991 bonorum
795 1969 853 1990 non
875 1969 941 1990 cum
957 1957 1025 1999 ipsis

145 2010 245 2041 cadat.
269 2006 311 2038 Et
322 2004 405 2047 post.
423 2004 490 2035 Hoc
505 2004 635 2034 dehemus
645 2002 806 2032 virtutibus
817 2007 868 2039 ‚ut
882 2010 940 2032 non
951 2006 1024 2041 prce-

138 2055 237 2093 Jentes
246 2049 342 2090 solum
357 2046 442 2085 illas,
457 2045 511 2084 secl
526 2046 613 2076 etiam
628 2043 738 2074 ablatas
756 2052 770 2073 e
785 2041 932 2083 conspeftu
952 2041 1024 2073 cola-

145 2102 222 2126 mus.
244 2089 379 2132 quomodo
395 2088 449 2120 illae
469 2088 500 2118 id
516 2091 654 2127 egerunt,
679 2091 713 2115 ut
727 2094 784 2115 non
801 2084 833 2114 in
850 2093 940 2115 unam
956 2088 1022 2114 aeta-

147 2141 206 2166 tem
218 2130 397 2174 procleffenu
412 2129 466 2170 sed
490 2126 625 2167 beneficia
631 2127 692 2166 sua
710 2126 798 2157 eliani
808 2123 872 2166 posi
889 2125 963 2165 ipsas
980 2133 1024 2155 re-

144 2177 330 2218 linquerent:
354 2172 398 2202 ita
421 2171 458 2205 ὅ)
484 2179 535 2200 nos
557 2178 614 2200 non
637 2177 699 2200 una
723 2173 804 2199 aetaie
816 2167 899 2209 grati
906 2168 1024 2206 sumus.

147 2219 199 2250 hic
209 2223 329 2257 magnos
350 2213 429 2244 viros
450 2212 573 2252 genuit,
596 2211 704 2251 [lignus
719 2207 758 2250 esi
773 2207 934 2249 beneficiis,
956 2217 1028 2249 qua-

147 2252 356 2299 liscumqueeft
367 2277 377 2293 ,
394 2254 496 2295 dignos
511 2253 598 2283 dedit.
615 2252 660 2282 hic
677 2251 798 2293 egregiis
813 2250 969 2290 majoribus
985 2258 1028 2280 or-

147 2309 197 2334 tus
213 2297 270 2341 eft:
291 2296 508 2339 qualiscumque
524 2292 562 2332 eli
572 2317 581 2332 ,
596 2294 657 2332 sub
673 2294 775 2324 umbra
784 2291 906 2332 suorum
926 2291 1026 2323 lateat.

148 2349 184 2375 ut
201 2343 262 2373 loca
274 2338 390 2379 sordida
406 2334 567 2377 repercuffu
573 2335 646 2374 solis
662 2331 868 2374 illustrantur,
891 2333 935 2364 ita
949 2334 1026 2364 iner-

150 2392 192 2417 tes
207 2383 349 2424 majorum
357 2379 482 2420 suorum
497 2378 559 2408 luce
574 2376 778 2417 resplendeant.
803 2375 884 2406 Satis
902 2375 943 2406 de
959 2372 1026 2405 sen-

149 2426 251 2457 tentia
271 2420 468 2458 Aristotelis,
487 2426 611 2450 tantum
622 2418 784 2450 monebo:
800 2416 889 2457 quod
906 2425 943 2448 ea
959 2424 1026 2447 non

148 2468 273 2507 semper
289 2464 419 2497 obtinet
434 2463 466 2492 in
478 2461 548 2501 11110
558 2459 676 2491 nostro.
700 2459 838 2490 Primum
853 2457 923 2498 quis
938 2458 1029 2498 igno-

149 2514 218 2545 rat,
234 2506 378 2547 pupillis,
394 2502 570 2535 minoribus
581 2524 591 2540 ,
607 2501 747 2533 foeminis
758 2523 768 2538 ,
784 2500 958 2537 militibus,
976 2498 1029 2530 sua

150 2549 217 2584 dari
232 2547 399 2589 privilegia
417 2554 486 2586 quae
501 2545 568 2577 aliis
586 2551 742 2584 negantur
758 2542 790 2573 in
806 2541 922 2581 justitia
938 2549 1027 2572 corn-

150 2590 304 2625 mutativa
315 2589 398 2628 Pjam
408 2595 486 2617 vero
497 2584 691 2617 beneficium
702 2581 931 2624 competentia:
941 2581 1028 2622 quod

151 2631 262 2666 'multis
277 2629 485 2666 conceditur,
508 2636 546 2658 an
563 2626 626 2658 alio
651 2626 767 2666 uergit,
783 2634 878 2665 quarn
895 2631 931 2655 ut
947 2624 978 2654 hi
995 2623 1028 2654 in

152 2673 288 2706 solidum
306 2680 369 2701 non
389 2671 576 2706 teneantur,
599 2675 656 2699 011
680 2666 722 2698 fic
744 2665 855 2697 caeteri
882 2665 1027 2706 obligen-

151 2715 227 2749 tur?
251 2720 404 2753 praeterea
419 2712 463 2741 ait
479 2709 610 2747 Labeo,
633 2709 792 2740 actionem
811 2708 851 2739 de
867 2707 946 2738 dolo
962 2715 1028 2738 non

151 2757 216 2791 ess'e
238 2753 372 2786 dandam
387 2751 493 2782 liberis
519 2752 569 2782 vel
585 2752 705 2782 libertis
720 2748 865 2781 adversus
880 2756 1029 2788 parentes

153 2803 372 2842 patronosve‚
387 2801 447 2822 nec
467 2792 577 2824 humili
597 2791 747 2824 adversus
764 2800 838 2822 eum
854 2791 908 2830 qui
928 2790 1028 2830 digni-

155 2849 223 2874 tate
241 2834 390 2869 excellit,
414 2840 507 2872 puta,
525 2834 653 2874 plebejo
669 2832 816 2864 adversus
833 2830 1030 2863 consularem

160 2887 304 2920 receptae
322 2874 537 2920 auctoritatis,
557 2875 612 2918 ‚vel
631 2873 794 2906 luxurioso
810 2881 905 2913 atque
923 2873 1030 2913 prodi-

155 2933 199 2967 go
215 2929 269 2953 aut
282 2919 356 2951 alias
376 2916 432 2946 ν11ι
448 2916 594 2945 adver-lus
611 2916 775 2947 hominem
792 2915 865 2946 vitae
885 2915 1032 2946 emenda-

157 2964 249 2998 tioris
267 2962 287 2992 l.
308 2967 355 2991 11.
370 2957 401 2998 §.
421 2965 447 2987 1.
467 2955 509 2986 D.
535 2957 567 2985 cle
589 2957 648 2987 dolo
671 2958 754 2988 malo.
781 2966 839 2997 age
864 2965 943 2987 vero
967 2964 1032 2996 quo

158 3005 318 3048 pertinet,
342 2999 429 3040 quod
455 2996 642 3042 justinianus
664 2998 683 3028 l.
702 3002 749 3029 26.
769 2998 802 3029 C.
825 2999 859 3028 de
874 2998 970 3035 usuris
986 2998 1033 3037 ju-

155 3050 232 3084 bet,
247 3043 351 3076 usuras
363 3048 426 3081 pro
443 3038 624 3070 diversitate
640 3039 842 3077 personarum
852 3039 925 3070 alias
937 3047 1033 3080 atque

151 3091 233 3123 alias
256 3081 419 3127 praestari?
443 3088 557 3125 praetcr
582 3079 650 3109 haec
675 3079 778 3111 habeo
803 3081 986 3121 exemplum
1001 3081 1032 3112 in

156 3140 227 3171 vquo
241 3126 356 3169 justitia
372 3122 570 3156 distributiva
584 3120 721 3152 custodit
737 3123 982 3160 proportionem
1001 3132 1033 3152 a·

158 3169 396 3207 rithmeticam,
420 3165 451 3197 &
476 3172 518 3196 ex
532 3161 657 3196 diverso
670 3161 786 3201 justitia
804 3165 1035 3196 commutativa

974 40 1242 78 Noun-r
1300 41 1515 79 COMM.

1071 132 1321 172 proportionem
1345 134 1588 173 geometricam.
1612 136 1702 165 extat
1717 133 1748 166 id
1764 134 1796 167 in
1815 135 1835 167 l.
1852 144 1878 168 1.
1898 135 1941 170 D.

1071 165 1111 203 def-
1119 172 1164 204 his
1179 183 1241 214 qua
1256 180 1290 204 ut
1304 175 1452 216 indignis:
1474 173 1506 205 in
1522 182 1584 214 qua
1602 176 1794 214 proponitur
1808 177 1941 210 libertus

1069 214 1178 259 legato
1195 215 1404 247 honoratusa
1427 221 1583 255 patrono,
1606 224 1678 246 eum
1703 216 1741 247 ad
1762 216 1869 251 fiscum
1890 220 1945 250 de-

1071 254 1174 287 tuliffe
1182 264 1344 297 tamquam
1361 257 1479 289 illicitae
1489 257 1602 288 mercis
1612 258 1856 296 negotiatorem.
1878 268 1944 293 tam

1072 299 1150 328 vero
1169 298 1199 329 ei
1215 299 1307 330 datur
1324 299 1488 339 praemium
1510 299 1550 329 de
1569 298 1733 339 republica
1751 300 1796 330 ob
1812 300 1945 332 delatio-

1070 346 1145 370 nem
1161 341 1308 380 patroni,
1325 349 1419 381 quam
1436 340 1536 372 cuivis
1552 339 1620 371 alii:
1635 348 1673 370 ac
1688 340 1765 371 licet
1780 343 1946 380 praemium

1070 381 1234 421 acceperit
1255 391 1273 413 a
1295 382 1484 422 republica,
1509 381 1717 414 nihilominus
1740 382 1905 421 repellitur
1926 393 1944 415 a

1067 420 1193 462 legato,
1207 424 1296 463 quod
1312 424 1341 454 ei
1351 423 1479 464 reliquit
1495 431 1657 464 patronus.
1674 431 1844 463 utrumque
1859 424 1946 456 10610

1068 462 1214 509 adversus
1229 463 1446 497 Aristotelem.
1471 467 1632 497 nonenim
1648 465 1752 497 minus
1767 463 1871 496 fuerat
1888 466 1947 497 rei-

1068 504 1206 551 publica:
1224 506 1329 545 utilis,
1347 507 1436 547 quod
1448 509 1573 547 patroni
1589 507 1775 539 memoriam
1786 505 1856 546 post
1865 516 1946 539 rem-

1068 544 1228 592 publicam
1243 547 1407 584 habuerat.
1425 548 1528 581 rursus
1540 548 1876 588 feceratseindignurn
1892 556 1943 589 pa-

1068 595 1153 618 troni
1179 588 1430 635 bene-volentia3
1460 592 1549 632 quod
1572 590 1677 622 suerat
1694 589 1821 630 patroni
1839 590 1947 629 prodi-

1068 628 1220 675 torretfi
1240 639 1306 675 ejus
1322 631 1534 664 offensionem
1557 632 1741 672 reipublicae
1762 632 1944 671 imputaret.

1068 671 1165 717 quid,
1179 669 1200 701 si
1218 679 1258 701 ne
1275 680 1306 702 111
1322 674 1427 712 poenis
1444 675 1571 714 quidem
1586 672 1819 713 Jurisconsultis
1837 673 1945 713 placet.

1066 711 1281 758 Aristoteles?
1296 714 1406 754 utique
1421 715 1474 746 ille
1483 714 1684 747 ficutdelicta
1694 723 1858 754 comparat
1868 724 1945 745 con—

1068 753 1239 800 tra-{liban
1264 754 1371 794 (quod
1387 756 1481 788 etiam
1498 756 1594 788 nostri
1610 756 1733 788 faciunt
1750 757 1830 796 l.52.
1849 754 1893 787 D.
1909 758 1943 787 de

1066 796 1200 842 η’]αιίἰεἶ
1214 795 1356 837 atatim.)
1371 796 1413 828 fic
1427 797 1458 829 in
1476 799 1619 838 utrisque
1634 798 1741 830 suadet
1758 798 1943 838 proportio-

1066 846 1141 869 nem
1158 836 1402 869 arithmeticam.
1420 846 1452 869 at
1468 840 1565 871 nostri
1583 841 1613 871 in
1630 839 1753 871 (10116113
1770 848 1881 879 poenas
1898 847 1945 869 ta-

1066 887 1144 911 xant
1159 879 1374 919 proportione
1388 880 1585 920 geometrica
1597 880 1811 912 :honestiores
1828 880 1944 920 levius,

1068 921 1199 952 viliores
1221 921 1368 961 gravius,
1391 922 1564 962 punientes
1587 922 1606 953 l.
1629 926 1673 954 16.
1694 922 1714 953 l.
1734 932 1762 962 3.
1782 922 1810 963 ᾗ.
1831 922 1944 962 penult.

1067 962 1110 994 D.
1128 963 1176 993 Aa
1193 961 1246 1010 leg.
1267 962 1353 993 Corn.
1368 964 1402 993 cle
1410 962 1499 1002 sicar.
1516 963 1536 995 l.
1560 972 1587 995 Ι.
1605 961 1648 995 D.
1665 965 1698 995 de
1707 964 1806 1002 surib.
1826 964 1902 995 buln.
1921 964 1943 995 l.

1067 1014 1093 1036 1.
1110 1003 1139 1045 §.
1160 1012 1185 1035 1.
1205 1002 1242 1038 ἃς)
1262 1013 1290 1035 2.
1308 1003 1350 1035 D.
1368 1006 1401 1035 de
1416 1004 1529 1045 effrail.
1549 1014 1652 1046 usque
1665 1006 1747 1037 adeo
1759 1029 1769 1043 ,
1794 1013 1828 1035 01
1844 1004 1946 1036 subin-
1969 1011 1971 1016 ·

1066 1047 1105 1077 110
1124 1045 1238 1077 delicta
1254 1045 1410 1077 aestiment
1428 1056 1468 1078 ex
1487 1047 1622 1087 persona
1637 1047 1704 1087 ejus
1720 1047 1773 1087 qui
1791 1045 1891 1084 fecit,
1915 1047 1946 1077 tit

1065 1087 1131 1128 0103
1151 1086 1318 1128 quipaffus
1337 1086 1382 1119 est
1397 1088 1416 1118 l.
1436 1091 1482 1119 16.
1500 1087 1528 1129 ᾗ.
1547 1098 1576 1129 3.
1596 1087 1637 1120 D.
1655 1088 1882 1128 clepaenis.vice
1898 1096 1945 1118 01-

1064 1129 1124 1161 13111
1142 1129 1229 1160 versa
1242 1128 1305 1167 est,
1325 1129 1378 1160 ubi
1394 1129 1597 1162 honestiores
1614 1130 1760 1170 gravius,
1776 1138 1946 1169 0103111010-

1063 1172 1142 1208 1011,
1167 1170 1367 1211 plectuntur:
1392 1179 1428 1203 ut
1444 1171 1477 1202 in
1491 1171 1659 1212 peculatu:
1684 1180 1725 1202 ex
1749 1179 1814 1211 quo
1838 1178 1945 1202 morte

1062 1213 1192 1253 punitur
1203 1212 1426 1253 Magistratus,
1443 1222 1516 1245 eum
1531 1213 1722 1250 admittens,
1739 1212 1876 1243 durante
1892 1213 1946 1242 ad-

1061 1253 1310 1286 ministratione:
1325 1263 1398 1286 cum
1407 1255 1458 1287 alii
1475 1255 1576 1287 levius
1594 1254 1765 1295 puniantur
1778 1253 1808 1296 §.
1819 1263 1849 1291 9.
1867 1251 1944 1294 Inft.

1061 1296 1093 1326 de
1103 1295 1212 1336 public.
1222 1295 1316 1337 judic.

1103 1337 1214 1368 Altera
1231 1336 1378 1369 Rubricae
1401 1345 1471 1378 pars
1489 1336 1535 1369 est
1551 1335 1604 1368 De
1618 1337 1698 1377 jure.
1725 1336 1813 1375 quod
1831 1336 1945 1368 Paulus

1061 1379 1081 1410 l.
1103 1387 1150 1410 11.
1170 1379 1198 1410 h.
1214 1384 1236 1410 t.
1257 1379 1401 1418 pluribus
1414 1378 1520 1410 modis
1537 1378 1599 1410 dici
1617 1380 1669 1409 ait.
1694 1387 1759 1409 non
1776 1387 1939 1418 exponam

1064 1430 1186 1452 omnes.
1211 1419 1320 1452 saltem
1345 1421 1466 1459 dicam,
1489 1421 1578 1459 quod
1599 1418 1754 1460 Ulpianus
1776 1419 1796 1450 l.
1826 1429 1851 1458 1.
1869 1420 1897 1449 l).
1918 1426 1941 1451 c.

1067 1460 1192 1494 Celsum
1207 1460 1375 1502 sequutus,
1390 1462 1437 1502 jus
1454 1460 1586 1500 definit,
1611 1469 1712 1493 artem
1734 1462 1816 1500 aequi
1836 1461 1864 1492 &
1883 1461 1940 1492 bo·

1065 1504 1115 1535 ni:
1131 1503 1162 1534 id
1181 1502 1245 1541 est,
1260 1511 1361 1535 artem
1379 1512 1449 1544 quae
1464 1502 1501 1534 fit
1516 1503 1599 1543 quali
1611 1504 1769 1543 interpres
1784 1501 1864 1542 legis
1880 1505 1943 1542 pri-

1064 1555 1124 1578 mm
1142 1544 1172 1577 &
1190 1554 1330 1585 inrigare,
1354 1543 1509 1586 profeaae
1525 1554 1542 1576 a
1566 1544 1691 1576 ratione
1714 1543 1868 1582 naturali,
1890 1543 1944 1574 illa

1066 1586 1174 1618 divina
1182 1608 1191 1625 ,
1201 1587 1240 1617 ad
1251 1596 1343 1626 quam
1353 1586 1436 1627 exigi
1447 1586 1599 1626 0111110103
1609 1585 1781 1617 humanum
1792 1591 1945 1623 oportet:

1067 1628 1195 1668 quando
1213 1627 1268 1668 (ut
1285 1627 1399 1659 Paulus
1418 1629 1462 1657 ait
1479 1628 1508 1659 d.
1526 1627 1545 1658 l.
1568 1626 1637 1666 11.)
1653 1625 1776 1666 semper
1793 1625 1839 1657 est
1854 1634 1946 1665 aequa

1068 1670 1099 1701 &
1124 1669 1225 1700 bona:
1249 1669 1392 1709 ideoque
1416 1667 1482 1699 sola
1506 1667 1691 1700 hominibus
1715 1668 1748 1699 in
1764 1667 1853 1699 0111111
1869 1667 1945 1698 vitae

1065 1711 1178 1743 colore
1193 1709 1257 1741 fine
1274 1710 1473 1751 exceptione
1489 1709 1639 1741 salutaris.
1670 1707 1747 1740 Hoc
1761 1708 1810 1748 103
1830 1709 1869 1740 ab
1885 1707 1944 1741 Ul-

1064 1751 1190 1792 pianol.
1205 1760 1249 1784 10.
1268 1751 1296 1793 §.
1307 1753 1362 1783 ult.
1376 1752 1404 1783 h.
1421 1757 1441 1783 t.
1461 1759 1596 1782 vocatur
1612 1750 1879 1791 jurisprudentia3
1894 1750 1948 1781 de-

1064 1793 1237 1833 finiturque
1248 1794 1427 1825 divinarum
1439 1800 1535 1833 atque
1551 1792 1760 1824 humanarum
1774 1800 1880 1824 rerum
1890 1801 1948 1823 no-

1064 1836 1148 1873 titia,
1169 1835 1240 1876 justi
1256 1843 1353 1875 atque
1369 1834 1472 1875 injusti
1488 1834 1630 1866 scientia.
1647 1842 1721 1866 cum
1736 1834 1798 1872 ait,
1816 1833 1878 1865 effe
1889 1842 1947 1865 no-

1066 1878 1168 1909 titiam
1186 1877 1364 1914 divinarum
1382 1885 1479 1916 atque
1494 1875 1704 1908 humanarum
1720 1884 1824 1907 rerum
1843 1885 1853 1914 3
1877 1884 1949 1907 eam

1065 1926 1231 1959 comparat
1247 1917 1470 1959 Philosophiae.
1487 1923 1519 1949 at
1537 1926 1610 1949 cum
1626 1917 1734 1955 addit,
1752 1915 1948 1955 01101οἢ131-

1068 1970 1132 2002 que
1155 1959 1258 2000 injusti
1282 1959 1468 1998 scientiam;
1492 1966 1660 1999 utramque
1685 1958 1859 1998 distinguit.
1886 1967 1947 1989 nec

1067 2002 1238 2043 improbo:
1257 2010 1328 2033 nam
1344 2009 1377 2033 ut
1391 2000 1655 2041 Jurisprudentia,
1671 1998 1713 2031 fic
1722 1998 1947 2038 Philosophia,

1068 2043 1397 2084 occupatur-circares
1412 2051 1524 2074 omnes
1542 2041 1572 2073 &2
1587 2041 1710 2072 divinas
1728 2040 1758 2071 &
1775 2040 1947 2071 humanas:

1068 2085 1133 2117 hoc
1151 2084 1349 2122 discrimine,
1373 2085 1463 2124 quod
1484 2081 1697 2122 Philosophus
1718 2082 1750 2112 in
1767 2081 1815 2112 his
1834 2081 1948 2121 queen-ic

1069 2125 1190 2158 causas:
1214 2124 1481 2165 jurisconsultus,
1505 2123 1581 2164 quid
1595 2122 1711 2163 justum
1730 2130 1784 2154 aut
1799 2122 1948 2163 injustum

1070 2167 1126 2200 fit:
1142 2176 1238 2208 atque
1254 2174 1288 2198 ut
1307 2165 1459 2206 Ulpianus
1476 2166 1505 2196 d.
1519 2165 1571 2196 loc.
1584 2165 1647 2203 ait,
1661 2163 1949 2205 Jurisprudentiam

1071 2208 1134 2240 ess'e
1149 2209 1324 2241 divinarum
1334 2215 1430 2249 atque
1448 2207 1653 2238 humanarum
1670 2215 1775 2237 rerum
1788 2205 1949 2244 notitiam,

1069 2250 1141 2291 justi
1157 2257 1254 2291 atque
1268 2248 1369 2290 injusti
1386 2248 1570 2280 scientiam:
1591 2247 1633 2279 110
1649 2247 1768 2279 Cicero
1785 2247 1833 2279 lib.
1856 2256 1884 2278 2.
1903 2246 1949 2277 De

1074 2290 1188 2333 Officiis
1213 2297 1275 2332 cap.
1291 2301 1319 2322 2.
1339 2290 1509 2331 Sapientia,
1534 2289 1658 2329 inquit,
1682 2286 1740 2329 esi,
1763 2298 1859 2320 rerum
1873 2289 1949 2319 ali-vi-

1069 2343 1177 2365 narum
1202 2338 1287 2374 atque
1311 2332 1526 2366 branzanorum,
1550 2331 1758 2371 causarumque
1782 2330 1885 2370 quibus
1907 2330 1948 2368 hee

1069 2385 1113 2406 res
1129 2376 1334 2412 continemur,
1339 2373 1475 2414 scientia.
1499 2371 1693 2412 Eodemque
1710 2371 1810 2405 modo
1826 2370 1948 2406 Seneca

1071 2415 1165 2457 Epist.
1182 2421 1231 2452 89.
1247 2415 1397 2456 Sapientia
1412 2413 1450 2455 esi
1460 2437 1470 2454 ,
1485 2412 1560 2455 noffe
1573 2415 1680 2445 divina·
1694 2411 1731 2446 62⁹
1747 2412 1893 2451 humana,
1910 2410 1948 2446 &⁹

1069 2467 1166 2489 eorum
1183 2457 1294 2497 causas.
1323 2489 1325 2492 ,
1864 2475 1866 2477 -

1114 2497 1309 2530 Definitioni
1322 2498 1397 2538 juris
1413 2496 1606 2537 subjicienda
1620 2493 1689 2526 sunt
1699 2495 1764 2535 ejus
1774 2499 1946 2535 praecepta.

1071 2539 1226 2581 Ulpianus
1236 2538 1264 2580 §.
1278 2540 1338 2571 1.d.
1356 2539 1375 2570 l.
1392 2548 1438 2571 10.
1458 2539 1554 2610 {furis
1565 2542 1725 2578 praecepta,
1740 2536 1863 2577 inquit,
1879 2535 1947 2568 lunc

1070 2584 1144 2615 haec:
1167 2579 1278 2619 honeste
1301 2582 1418 2612 vivere.
1441 2585 1565 2610 aterum
1582 2588 1639 2609 non
1654 2578 1771 2616 laeclere,
1784 2577 1948 2618 suurncuz'-

1092 2633 1125 2655 ne
1140 2624 1273 2654 tribuere.
1304 2620 1417 2653 Sensus
1433 2620 1565 2661 Ulpiani
1580 2620 1665 2660 fugit
1679 2620 1866 2660 plerosque.
1890 2618 1947 2648 mi.-

1070 2635 1103 2698 gi
1122 2665 1250 2696 videtur
1275 2662 1429 2703 Ulpianus
1449 2662 1530 2703 Juris
1554 2661 1770 2702 appellatione
1785 2659 1945 2700 dengnare

1071 2715 1172 2739 artem
1189 2705 1269 2746 aequi
1287 2714 1323 2735 ac
1340 2704 1435 2736 boni:
1452 2705 1482 2735 ἀ.
1498 2712 1556 2744 per
1572 2710 1735 2744 praecepta
1751 2701 1901 2733 exaudire
1915 2708 1946 2730 e-

1070 2749 1119 2789 jus
1143 2748 1217 2779 artis
1241 2746 1486 2778 exhortationes
1503 2768 1513 2783 ‚
1543 2746 1685 2782 monita,
1706 2739 1946 2786 ⁸suasionesff,·agl

1070 2789 1223 2831 justitiam
1250 2786 1477 2819 universalem:
1501 2786 1819 2826 eaquedistinguere
1841 2783 1946 2826 310113

1073 2831 1190 2872 regulis
1207 2839 1278 2869 quae
1302 2829 1374 2861 alibi
1402 2829 1482 2869 legis
1506 2828 1642 2860 virtutes
1660 2828 1820 2864 dicuntur.
1849 2824 1947 2868 1133111

1073 2873 1149 2904 foro
1166 2872 1285 2903 'nabere
1302 2870 1540 2908 neceffitatem3
1557 2868 1664 2908 eoque
1676 2868 1820 2899 humanae
1838 2863 1949 2908 cond}-

1074 2914 1154 2946 tioni
1173 2913 1340 2954 indulgere
1356 2913 1479 2944 multaa
1496 2910 1639 2952 perfetta
1655 2910 1773 2941 virtute
1791 2909 1821 2939 &
1837 2902 1950 2945 officiis

1074 2956 1186 2987 aliena.
1202 2956 1255 2986 illa
1272 2955 1311 2985 ad
1326 2953 1434 2989 forum
1451 2963 1514 2984 non
1533 2954 1711 2994 pertinere:
1725 2951 1801 2990 ,quin
1813 2947 1874 2980 esse
1893 2953 1948 2989 Vt?-

1076 2996 1229 3035 luntaria3
1253 2998 1342 3027 exire
1368 2996 1406 3027 ad
1428 2995 1579 3026 virtutem
1597 2992 1791 3034 perfect-arn:
1813 2986 1949 3022 laudari,

1075 3039 1097 3071 11
1110 3038 1293 3076 serventur3
1308 3047 1372 3069 non
1388 3037 1513 3077 puniri,
1530 3035 1551 3067 fi
1569 3035 1776 3076 negligantur.
1790 3025 1951 3069 -igiturhu-

1074 3082 1122 3122 1113
1136 3082 1212 3112 artis
1229 3078 1440 3117 effe‚doccre
1455 3087 1521 3109 non
1538 3072 1748 3113 modo,-quid
1761 3072 1792 3102 in
1808 3069 1883 3100 foro
1901 3075 1950 3097 re-

1075 3122 1156 3164 gulis
1173 3122 1318 3162 juris,*id
1341 3119 1405 3157 est,
1422 3119 1568 3159 legibus,
1588 3117 1776 3155 imperetur,
1799 3115 1950 3148 vetetur,

1078 3164 1248 3206 puniatur,
1271 3162 1492 3207 permittatur:
1514 3158 1568 3192 sed
1588 3158 1627 3194 ia.
1642 3155 1759 3208 primis.
1777 3151 1951 3231 Quidssjgss:
