2036 3495
167 108 237 146 334

170 188 269 220 verba
285 185 363 218 sunt.
389 184 508 217 Oleum,
522 181 571 212 ubi
586 180 673 222 nigra
690 180 763 218 erit,
779 178 931 221 stringito.
953 188 1040 220 quma

168 231 271 262 acerba
293 227 351 258 olea
373 225 464 255 oleum
481 222 597 262 facies,
623 227 683 252 tam
707 221 798 251 oleum
821 222 959 260 optimum
972 224 1038 251 erit.

170 271 281 302 domino
295 269 328 297 de
347 271 465 296 matura
479 263 538 294 olea
565 263 655 293 oleum
674 261 744 302 fieri
761 263 885 292 maxime
901 263 1038 301 expediet:

170 310 253 343 Haec
271 308 365 339 Cato,
398 305 512 346 quibus
526 303 671 340 accedit,
696 304 785 343 quod
802 301 956 343 Ulpianus
973 304 1001 334 d.
1018 302 1037 333 l.

170 361 217 391 27.
238 350 264 391 §.
283 358 332 389 25.
350 346 393 378 D.
412 346 462 377 Ad
482 345 569 387 legem
585 344 738 386 Aquiliam
753 344 871 383 refert,
891 353 964 375 eum
985 343 1039 384 qui

169 393 288 423 olivam
316 389 514 420 immaturam
541 385 715 426 decerpsit,
738 385 873 417 domino
890 386 1039 417 damnum

168 432 278 471 inJ'uria
301 431 394 467 dare,
418 429 449 460 ἂ
474 429 544 470 lege
569 427 694 468 Aquilia
721 429 839 459 teneri:
862 435 927 458 non
947 427 979 458 id
996 426 1040 457 di·

171 473 295 510 cturus,
317 470 338 502 fi
352 471 536 507 immatura,
554 470 640 510 quod
658 468 830 508 Javolenus
844 468 888 499 ait
901 469 928 499 d.
947 468 968 498 l.
988 477 1039 506 42.

169 515 241 554 plus
264 512 383 545 reditus
405 511 558 550 liaberet,
582 519 675 550 quam
693 517 830 541 matura:
853 518 925 541 nani
945 509 996 548 qui
1012 518 1041 539 a-

169 556 263 588 lienae
286 554 331 586 rei
356 553 494 593 pretium
510 575 520 590 ‚
544 552 725 583 reditumve
748 558 864 592 auget,
887 551 912 581 is
936 559 1042 590 neque

171 596 308 628 domino
323 595 472 627 damnum
489 594 598 633 injuria
617 594 689 631 dat,
712 601 818 632 neque
833 592 903 632 lege
920 591 1044 631 Aquilia

171 644 312 669 tenetur.
356 636 466 668 Habes
492 634 651 666 tenebras.
683 643 780 674 porro
798 634 901 664 lucem
921 633 1043 671 accipe.

171 679 256 710 hanc
272 678 361 711 dabit
377 676 567 710 maturitatis
589 673 754 712 definitio;
778 677 808 705 in
827 683 887 714 qua
909 674 963 713 (ut
982 673 1044 705 Pli-

171 721 244 752 nius
270 720 341 752 infit
364 720 413 751 lib.
442 726 488 758 15.
513 717 676 749 Naturalis
700 714 821 756 historice
840 725 864 747 c.
881 717 932 756 3.)
955 723 1045 746 error

172 761 340 794 hominum
357 760 471 798 falsus,
490 758 757 796 existimantium,
780 756 971 788 maturitatis
989 756 1047 787 ini·

175 803 373 843 tium,quod
389 801 435 833 est
451 801 519 831 vitii
537 800 731 840 proximum.
755 798 844 840 Quid
859 805 964 829 autem
983 806 1046 828 ma-

175 851 281 876 turum
296 843 334 875 fit
348 867 359 883 ,
383 843 419 874 A.
436 842 563 873 Gellius
580 841 621 872 fic
636 840 774 880 exponit
788 841 836 871 lib.
855 849 887 870 x.
907 837 1048 870 Nostrum

173 886 345 918 Atticarum
369 894 394 915 c.
420 893 473 916 XI.
511 883 548 914 P.
574 882 738 923 Nigidius,
760 882 839 912 homo
866 882 898 911 in
922 881 1049 911 omnium

173 928 314 958 bonarum
338 926 449 958 artium
472 924 632 965 disciplinis
656 924 788 965 egregius
802 945 812 961 ,
836 921 981 960 Mature,
1004 922 1036 952 in

174 970 257 1009 quit,
281 967 337 1009 est,
360 968 437 1008 quod
458 975 493 997 ne
514 975 548 997 ue
571 966 658 996 citius
682 963 741 1005 est,
764 973 854 1005 aeque
864 965 982 1004 seriu53
1001 963 1050 999 sed

174 1010 303 1040 medium
321 1010 458 1050 quiddam
529 1011 716 1047 temperatum
731 1003 776 1044 est.
803 1008 869 1036 bene
885 1013 970 1046 arque
983 1010 1049 1044 pro·

173 1052 238 1092 prie
255 1050 413 1092 Nigidius.
444 1059 513 1081 riam
531 1048 568 1083 &⁹
584 1049 616 1078 in
625 1048 767 1089 frugibus
783 1046 820 1081 ἐξ
838 1048 870 1077 in
881 1046 973 1086 pomis
990 1055 1049 1076 ma-

176 1097 245 1123 tura
268 1093 425 1129 (licuntur,
449 1100 511 1133 quae
532 1098 623 1131 neque
647 1090 738 1120 cruda
760 1087 796 1122 ὅ)
820 1089 943 1119 immitia
950 1087 1047 1126 sunt,

173 1143 264 1174 neque
281 1135 390 1165 caduca
408 1133 444 1167 ἐξ
462 1130 594 1168 decocta,
609 1131 662 1170 sed
678 1136 799 1170 tempore
811 1132 863 1168 luo
883 1135 1001 1159 matura
1019 1138 1047 1159 a·

174 1177 321 1216 ductaque.
346 1175 391 1207 Ita
401 1174 527 1205 Gellius
544 1172 725 1213 distinguit,
743 1171 883 1210 olivam,
901 1171 1049 1208 crudam,

177 1216 361 1248 &nondum
373 1216 532 1248 inchoatae
550 1214 757 1251 maturitatis,
774 1212 813 1243 ab
831 1221 867 1243 ea
882 1213 969 1251 cujus
986 1220 1049 1242 me-

175 1259 228 1289 dia
239 1256 291 1288 seu
309 1267 401 1294 vera,
420 1257 515 1288 etiam
532 1255 571 1286 ab
587 1264 623 1285 ea
639 1254 726 1293 cujus
743 1255 838 1294 plena
855 1252 1048 1290 &decoeta,

173 1299 341 1330 maturitas
365 1297 420 1330 est.
451 1297 510 1328 hos
535 1297 564 1328 ἃ
589 1296 768 1327 Columella
784 1295 815 1326 in
833 1295 918 1326 oliva
935 1293 1049 1334 gradus

173 1339 274 1377 facit,
294 1339 338 1370 De
355 1349 384 1370 re
396 1337 503 1380 rustica
518 1339 567 1371 lib.
588 1346 634 1369 12.
651 1347 675 1368 c.
694 1347 744 1377 50.
769 1336 875 1367 Verba
889 1334 1048 1367 Columel-

175 1381 225 1413 lae.
250 1380 353 1413 Media
368 1379 407 1421 est
423 1381 539 1411 olivitas
550 1379 717 1420 plerumque
733 1378 852 1409 initium
868 1374 970 1413 mensis
988 1375 1048 1406 De-

181 1424 312 1454 cembris.
336 1431 404 1453 nam
414 1421 451 1456 ὅ)
460 1427 527 1452 ante
542 1421 592 1451 hoc
608 1426 717 1459 tempus
730 1419 864 1449 acerbum
879 1417 970 1447 oleum
985 1426 1047 1446 con—

172 1463 296 1504 ficitur,
318 1465 393 1504 quod
418 1469 541 1493 vocatur
562 1458 713 1499 (estivam,
735 1459 772 1493 ὅ)
791 1461 868 1490 circa
884 1458 960 1489 bunc
974 1467 1049 1488 rnen-

168 1505 232 1546 sem
247 1506 342 1535 viride
355 1505 516 1543 premitur,
539 1502 639 1532 deinde
655 1498 751 1541 postea
767 1505 925 1530 maturum.
950 1499 1005 1529 Sed
1020 1508 1050 1529 a·

176 1547 289 1577 cerbum
297 1545 388 1575 oleum
389 1544 492 1584 facere
496 1542 722 1583 patrisfarizilzas
738 1542 899 1572 rationibus
915 1550 972 1571 non
988 1550 1051 1571 con-

177 1587 276 1625 ducit,
299 1586 436 1626 quoniam
452 1586 589 1625 exiguam
600 1582 692 1624 fluit,
708 1581 765 1621 nisi
780 1584 866 1613 bacca
881 1579 1052 1622 tempestati-

179 1629 230 1659 bus
248 1628 280 1657 in
294 1632 401 1658 terram
418 1627 540 1664 decidit,
557 1624 593 1659 ἐξ
609 1624 711 1664 rzeceffi.²
726 1623 764 1663 est
781 1633 842 1655 eam
859 1623 966 1665 legere,
985 1632 1020 1653 ne
1034 1633 1052 1654 a

179 1666 335 1707 domesticis
345 1668 504 1709 pecudibus
514 1691 522 1705 ‚
531 1667 646 1706 ferisve
660 1667 853 1705 confirmatur.
876 1666 982 1696 viridis
996 1674 1048 1695 au-

176 1717 231 1741 tem
249 1716 321 1741 uotae
338 1708 474 1749 conficere
490 1708 537 1740 vel
553 1709 677 1739 maxime
691 1708 824 1747 expedit,
848 1716 913 1737 cum
930 1705 1051 1745 &satis

172 1750 265 1793 fluit,
282 1751 318 1786 ἐξ
331 1753 420 1791 pretio
432 1756 513 1791 paene
529 1749 658 1790 duplicat
675 1749 785 1779 domini·
798 1749 933 1779 reditum.
957 1748 1011 1778 Sed
1023 1746 1052 1785 fi

175 1791 344 1835 vasta-sunt
367 1792 492 1830 oliveta,
516 1790 619 1832 rzecqffe
634 1788 689 1831 esi,
711 1796 745 1821 ut
761 1789 858 1830 aliqua
868 1796 939 1829 pars
955 1798 1052 1819 eorum

174 1840 289 1866 rnatum
300 1833 422 1873 fruftui
439 1836 610 1874 reservetur.
652 1830 729 1863 Hoc
751 1830 941 1862 Columella.
966 1831 1050 1862 idem

176 1877 230 1908 vel
248 1876 347 1908 limile
371 1875 491 1907 Plinius
506 1875 552 1905 lib.
580 1883 625 1914 15.
651 1872 810 1904 Naturalis
827 1870 958 1911 historice.
977 1881 1001 1903 c.
1022 1881 1049 1903 1.

176 1918 285 1949 verbis
302 1917 515 1958 sequentibus.
541 1915 593 1947 Ex
603 1916 700 1946 eadem
714 1914 792 1944 oliva
806 1913 948 1953 differunt
962 1915 1051 1950 succi.

178 1960 315 1991 Primum
338 1960 465 1989 omnium
489 1967 503 1988 e
528 1958 636 1994 cruda,
658 1962 744 1997 atque
760 1959 887 1986 nondum
913 1955 1052 1986 inchoata>

178 2002 369 2032 maturitatis.
401 2000 443 2031 Et
462 1998 543 2040 post.
576 1998 697 2041 Quanto
709 1997 851 2028 maturior
867 1998 970 2034 bacca,
988 2002 1052 2028 tan-

181 2049 208 2073 to
218 2041 493 2083 pinguiorsuccus,
523 2041 674 2081 minusque
694 2045 808 2080 gratus.
837 2039 943 2079 optima
957 2044 1053 2069 azctem

180 2090 250 2114 aetas
267 2085 305 2114 ad
320 2084 526 2124 decerpendum
542 2082 618 2112 inter
633 2081 740 2121 copiam
750 2103 758 2116 ,
769 2080 978 2120 bonitatemque
988 2102 997 2118 ,
1008 2080 1052 2110 in-

181 2126 300 2165 cipiente
318 2125 403 2155 bacca
417 2124 581 2166 nigrescere.
605 2122 694 2153 Idem
712 2120 813 2154 rursus
828 2130 853 2152 ε,
863 2131 892 2162 3.
912 2121 1053 2161 ejusdem

181 2166 265 2198 libri.
309 2165 435 2204 Ferunt,
461 2165 564 2205 inquit
580 2188 590 2203 ,
607 2162 914 2205 frigoresterilitatem
938 2161 1054 2202 (Dale·

182 2206 348 2246 champius
373 2207 495 2237 mavult
514 2205 717 2245 suavitatem)
737 2204 825 2245 fieri,
841 2202 921 2242 ficut
946 2204 1055 2243 copiam

181 2248 362 2281 maturitate.
396 2246 447 2278 Ex
464 2246 528 2278 hoc
553 2247 643 2277 Plinii
661 2247 690 2277 o&
710 2244 898 2277 Columellae
915 2244 1053 2276 testimo·

179 2289 236 2328 nio
260 2289 378 2329 liquet,
405 2288 494 2329 quod
519 2287 602 2318 oliva
627 2289 810 2324 immatura,
833 2285 854 2318 fi
880 2294 983 2318 tamen
1010 2287 1054 2317 in·

181 2330 309 2362 chorita:
325 2329 513 2361 maturitatis
530 2328 585 2367 fit,
603 2329 673 2368 plus
691 2330 811 2360 reditus
826 2327 942 2364 habet,
960 2336 1055 2368 quarn

181 2382 219 2404 ea
232 2380 306 2412 quae
323 2370 369 2403 est
383 2369 632 2409 consummatae3
655 2370 731 2401 licet
747 2369 801 2401 ista
820 2368 981 2409 copiosior
998 2368 1053 2400 iit:

181 2413 253 2454 plus
271 2413 386 2451 etiam,
410 2421 503 2450 quam
520 2412 636 2450 cruda,
660 2410 715 2442 etsi
733 2411 798 2450 eJus
818 2411 925 2442 oleum
944 2410 1055 2450 sapore

181 2454 220 2487 sit
237 2453 530 2494 praestantiffimum.
567 2452 667 2494 Igitur
683 2452 703 2483 si
720 2453 848 2492 quidem
867 2451 1056 2483 fructuarius

182 2495 266 2526 hanc
282 2503 336 2526 aut
351 2495 437 2526 illam
452 2494 814 2535 decerpit,arbitratus,
825 2493 863 2525 ad
873 2493 959 2525 usum
971 2492 1057 2524 suum

182 2536 365 2577 pertinere,
381 2536 453 2576 quia
470 2535 593 2568 domini
610 2535 779 2566 voluntate
792 2543 888 2575 atque
904 2534 1057 2574 exemplo

183 2578 347 2617 decerpit:
370 2578 498 2609 videtur
514 2586 583 2608 eam
601 2576 680 2608 boni
699 2576 756 2607 viri
774 2577 925 2607 arbitratu
946 2576 1056 2607 decer-

183 2627 270 2659 pere.
290 2618 377 2658 quod
391 2618 412 2649 fi
429 2619 511 2650 hanc
526 2627 579 2650 aut
596 2618 680 2651 illam
696 2618 848 2657 decerpat
864 2618 941 2649 alius
957 2617 1057 2649 dorni-

182 2659 217 2691 ni
235 2659 402 2690 voluntate
419 2659 448 2690 &
463 2660 532 2698 Jure
547 2659 736 2691 destitutus:
753 2668 771 2689 e
788 2657 912 2690 diverso
930 2658 1057 2698 placet,

183 2709 258 2733 eum
273 2700 407 2731 domino
423 2701 572 2732 damnum
591 2701 700 2741 injuria
718 2701 812 2739 dare,
829 2700 859 2732 dc
875 2700 997 2731 idcirco
1016 2700 1058 2731 le·

185 2752 226 2783 ge
251 2741 376 2781 Aquilia
404 2742 514 2772 teneri.
547 2745 633 2781 quod
649 2741 669 2773 fi
689 2751 840 2773 maturam
858 2741 1003 2782 colligit,
1027 2741 1058 2772 id

184 2783 249 2820 est,
273 2781 505 2827 nigrescentem
524 2782 554 2814 ἃ
574 2783 734 2814 inchoatae
753 2791 806 2814 aut
825 2784 919 2814 etiam
935 2782 1058 2814 absolu-

183 2831 224 2856 tae
244 2823 453 2859 maturitatis;
476 2824 536 2862 jam
555 2833 661 2864 neque
680 2825 807 2855 videtur
824 2825 958 2855 domino
973 2824 1059 2855 dam·

184 2875 262 2898 num
281 2864 391 2905 injuria
408 2865 500 2900 dare,
518 2863 548 2895 δε
565 2863 633 2896 fere
649 2864 803 2906 impensas
821 2874 896 2905 quas
913 2865 943 2896 in
960 2865 1059 2896 colle-

186 2908 329 2940 ctionem
352 2904 452 2943 fecit,
476 2904 504 2935 ei
524 2905 642 2936 donare
662 2907 681 2938 l.
700 2917 747 2947 27.
768 2907 797 2948 ἓ.
819 2917 868 2948 25.
887 2906 929 2938 D.
957 2906 1007 2938 Aa
1023 2906 1060 2937 le·

182 2958 248 2991 gem
264 2946 426 2989 Aquiliam.
449 2943 612 2992 Haecutam
629 2948 730 2979 varic:
747 2948 820 2988 quia
836 2957 902 2979 non
915 2948 1014 2979 debet
1030 2956 1060 2979 a·

183 2992 246 3023 lius
263 2989 397 3020 domino
420 2986 642 3028 praescribere,
666 2988 742 3028 quid
758 2998 799 3020 ex
817 2998 852 3021 re
868 2989 919 3021 sua
935 2988 990 3020 fibi
1001 2988 1060 3020 uti-

183 3032 246 3064 ]ius
261 3030 408 3070 aptiusve
423 3027 590 3060 existimet.
611 3028 682 3059 atin
699 3029 831 3068 persona
845 3031 986 3070 domini,
1001 3030 1059 3061 suo

185 3072 364 3103 commodo
376 3069 530 3103 studentis
546 3068 610 3101 fine
627 3069 755 3100 alterius
770 3071 887 3103 damno
898 3095 908 3111 ,
922 3081 998 3103 vere
1014 3072 1059 3103 di·

187 3121 298 3152 cetur,
310 3122 384 3145 eum
401 3111 461 3144 suae
477 3111 542 3149 rei,
559 3111 653 3141 etiam
672 3111 701 3141 in
719 3110 902 3150 abutendo,
917 3112 979 3144 effe
990 3121 1057 3145 mo-

188 3155 387 3186 deratorem:
405 3153 519 3185 &ideo
535 3152 630 3183 etiam
641 3151 692 3183 illa
708 3160 778 3191 quae
791 3153 892 3183 minus
909 3154 986 3184 lucri
1005 3154 1058 3185 ha-

185 3195 285 3237 bent,
307 3195 337 3228 ei
361 3195 448 3229 utilia
471 3194 627 3235 intelligi,
643 3191 668 3226 fi
687 3193 817 3226 delicias
836 3192 864 3226 dt
880 3193 1058 3234 jucundita-

766 91 1072 127 thrinns
1122 89 1349 125 Noonr

1083 186 1149 211 tem
1165 177 1339 250 lpraestent,
1362 179 1393 211 δε
1410 179 1475 219 eJus
1493 178 1629 220 negotio
1645 179 1783 220 cedant,
1803 184 1947 223 quamvis

1081 229 1146 251 non
1188 229 1263 251 ono,

1122 261 1281 293 Caeterum
1294 269 1327 292 ut
1343 260 1516 294 fruetuario
1530 269 1697 303 competat
1709 263 1759 304 Jus
1775 265 1951 305 percipien-

1081 302 1113 334 di
1139 312 1268 334 omnem
1291 302 1383 334 fundi
1407 304 1595 336 utilitatem:
1617 304 1686 335 vult
1708 312 1814 336 tamen
1841 304 1951 347 Ulpia-

1083 353 1159 382 nus,
1177 346 1205 375 d.
1222 344 1241 375 l.
1258 353 1287 381 9.
1307 344 1349 375 D.
1366 345 1400 375 de
1415 344 1592 385 usufrueiu,
1610 345 1643 376 id
1658 352 1725 378 tum
1743 345 1827 384 effe3
1843 346 1863 378 fi
1880 350 1951 380 earn

1082 385 1237 425 percipiat
1254 386 1330 416 boni
1349 386 1406 417 viri
1419 386 1579 417 arbitratu.
1603 396 1674 418 nam
1685 410 1695 426 ,
1712 394 1748 418 ut
1764 387 1854 428 supra
1868 388 1953 428 dixi,

1084 434 1216 466 oportet
1232 435 1305 458 eum
1321 436 1387 458 non
1403 426 1465 459 frui
1492 434 1633 466 tantum,
1656 427 1710 460 sed
1734 430 1781 460 uti
1803 437 1951 469 quoque:

1084 468 1115 498 id
1133 467 1196 506 est,
1212 468 1255 498 ita
1271 477 1311 498 ne
1328 468 1485 500 abutatur.
1514 468 1732 501 Indubitatum
1747 469 1829 502 hoc:
1853 469 1874 502 si
1889 470 1956 502 fru-

1086 508 1221 554 ctuarius
1238 508 1371 540 fundum
1388 510 1551 543 abutendo
1566 510 1664 542 faciat
1682 512 1895 544 deteriorem:
1918 519 1955 544 ut

1085 550 1105 581 11
1122 550 1250 580 arbores
1267 549 1434 590 frugiferas
1449 551 1628 591 exscindat,
1640 560 1694 584 aut
1709 552 1815 584 villam
1832 553 1957 593 diruat,

1087 599 1141 621 aut
1159 591 1330 631 quidquam
1348 591 1444 623 faciat
1463 594 1493 624 in
1511 594 1908 667 perniciemcfroprietatis
1933 594 1967 633 1„

1717 658 1727 674 9

1090 631 1182 677 135·
1201 641 1230 668 4.
1249 630 1290 662 D.
1307 633 1340 678 de
1356 634 1524 673 usufructu.
1552 635 1615 667 Sed
1632 636 1683 676 qui
1749 635 1770 667 fi
1788 634 1956 667 meliorem

1086 674 1185 704 iaciat
1202 672 1218 704 ἱ)
1245 682 1306 712 Jam
1332 682 1362 704 in
1386 675 1579 707 antecess'um
1597 676 1742 714 ostendi,
1765 676 1828 708 hoc
1845 676 1959 708 frustra

1090 714 1213 760 qulaeri:
1236 713 1478 760 abusunsemper
1504 717 1697 750 deteriorem
1721 717 1862 749 faciente
1887 726 1962 758 pro-

1089 762 1257 797 prietatem
1269 778 1279 793 ,
1302 763 1398 788 etiam
1416 766 1490 789 cum
1510 758 1636 790 videtur
1658 759 1766 791 facere
1781 759 1963 791 meliorem.

1091 797 1177 842 adeo·
1197 805 1317 842 iterum*
1332 796 1400 836 est,
1425 807 1462 829 ea
1486 799 1643 831 vocabula
1664 809 1730 831 non
1754 809 1884 839 natura,
1907 799 1962 832 sed

1091 839 1214 869 domini
1238 837 1341 869 studio
1364 846 1461 880 atque
1483 839 1599 872 affeetu
1617 840 1774 881 distingui.
1804 841 1962 881 respicis?

1091 880 1135 911 nil
1161 880 1278 910 certius
1304 879 1355 910 vel
1372 880 1403 911 in
1420 879 1510 911 fundi
1529 880 1701 913 usufructu.
1729 881 1801 921 fac,
1827 883 1961 915 divitem

1092 921 1122 952 &
1140 919 1338 960 splendidum
1354 921 1520 954 dominum
1539 931 1605 954 non
1629 922 1803 963 frugalitati
1826 921 1961 963 servire,

1091 962 1143 993 sed
1162 962 1339 1001 voluptati:
1363 963 1407 994 ita
1422 963 1484 994 effe
1501 963 1570 1003 cui,
1587 971 1622 995 ut
1639 963 1791 996 Manilius
1807 964 1852 995 ait
1866 964 1913 996 lib.
1928 974 1959 1004 4.

1090 1000 1281 1044 Astronomic.
1299 1005 1372 1039 vers:
1396 1013 1444 1035 11.

1129 1062 1182 1067 —-
1197 1062 1315 1126 ——s—
1338 1045 1489 1077 Summum
1505 1046 1603 1087 census
1613 1048 1741 1089 pretium
1757 1044 1796 1088 ‘³st
1812 1046 1959 1089 effundere

1209 1095 1259 1117 cen
1275 1096 1334 1118 um.

1093 1126 1215 1173 Nonne
1236 1128 1280 1159 illi
1297 1127 1439 1161 sordidus
1464 1129 1628 1162 videbitur
1644 1129 1851 1163 fructuarius:
1873 1130 1966 1163 fundi

1092 1171 1262 1200 utilitatem
1283 1170 1321 1200 ad
1339 1169 1421 1202 suam
1447 1169 1667 1211 severitatem,
1689 1181 1754 1203 non
1779 1173 1818 1203 ad
1843 1173 1966 1204 domini

1092 1209 1362 1250 magnificentiam
1389 1212 1521 1253 exigens
1538 1212 1555 1244 ἱ)
1585 1212 1637 1244 fac
1652 1236 1663 1251 ,
1693 1213 1880 1254 diligentem
1903 1213 1967 1245 effe

1091 1251 1362 1292 patremfamilias.
1393 1253 1535 1294 placebit
1553 1254 1582 1284 ei
1609 1255 1673 1285 hoc
1700 1254 1849 1286 Varronis
1871 1255 1918 1285 lib.
1937 1263 1965 1287 1.

1091 1292 1139 1324 De
1162 1302 1192 1323 re
1215 1291 1324 1333 rustica
1340 1303 1365 1325 c.
1381 1305 1412 1334 5.
1434 1294 1466 1325 A
1487 1294 1578 1326 ricoloe
1591 1296 1629 1326 ad
1644 1296 1718 1327 duas
1733 1301 1823 1326 metas
1840 1296 1964 1337 dirigere

1092 1335 1210 1373 debent,
1233 1336 1271 1365 acl
1286 1336 1448 1366 utilitatem
1459 1304 1495 1370 g*
1511 1337 1697 1377 voluptatem.
1731 1336 1845 1368 utilitas
1861 1338 1966 1378 qaaerie

1086 1374 1242 1415 fruftum,
1264 1376 1398 1417 voluptas
1421 1377 1639 1409 aestuationem.
1667 1380 1776 1418 priores
1789 1385 1888 1419 partes
1902 1379 1967 1420 ogit

1093 1417 1168 1457 quod
1188 1416 1259 1447 aule
1276 1415 1314 1457 esi
1331 1440 1342 1456 ,
1363 1427 1451 1459 quam
1467 1420 1542 1459 quod
1557 1419 1687 1451 delectat.
1730 1419 1844 1452 Rursus
1860 1419 1968 1460 finge,

1094 1466 1267 1497 pauperem
1288 1466 1341 1488 aut
1365 1459 1529 1490 modicum
1553 1461 1718 1492 dominum
1740 1469 1805 1491 non
1824 1460 1967 1492 sufficere

1095 1498 1260 1544 impensis,
1278 1508 1354 1539 quas
1374 1499 1551 1531 desiderent
1568 1510 1666 1542 opera
1682 1502 1822 1542 alioquin
1839 1503 1966 1534 idonea.

1094 1539 1152 1571 fiet
1166 1549 1195 1570 ei
1212 1541 1353 1571 deterior
1369 1540 1505 1580 fundus,
1518 1541 1576 1573 'etsi
1594 1543 1720 1581 potenti
1738 1543 1851 1574 melior
1865 1542 1912 1574 fit.
1937 1551 1967 1574 a·

1095 1583 1177 1617 de0‚
1201 1589 1235 1612 ut
1250 1581 1431 1614 Columella
1446 1582 1566 1622 refert,
1591 1583 1639 1615 De
1657 1593 1688 1614 re
1703 1581 1810 1625 rustica
1825 1584 1874 1616 lib.
1894 1593 1920 1616 1.
1939 1594 1966 1616 c.

1098 1632 1123 1654 1.
1155 1621 1218 1665 Qui
1237 1620 1371 1668 studium
1393 1625 1594 1666 agricolationi
1614 1625 1747 1664 dederit,
1770 1625 1967 1667 antiquiffima

1092 1666 1164 1702 sciat
1177 1667 1233 1695 baec
1245 1666 1303 1702 szi
1318 1666 1487 1697 advocanda
1498 1689 1507 1704 ,
1519 1669 1704 1706 prudentiam
1719 1668 1761 1697 rei
1769 1690 1778 1705 ,
1794 1667 1967 1705 facultatem

1093 1707 1291 1745 impendendi,
1313 1706 1493 1738 voluntatem
1509 1709 1624 1748 agendi.
1656 1716 1723 1740 nam
1740 1709 1765 1738 is
1779 1710 1889 1739 demum
1905 1708 1968 1739 cul-

1093 1746 1227 1788 tiffimum
1240 1757 1290 1778 rus
1307 1749 1417 1779 babebit
1428 1771 1438 1787 ,
1455 1755 1489 1778 ut
1505 1751 1549 1779 ait
1567 1748 1751 1788 Tremellius,
1774 1751 1825 1790 qui
1841 1749 1879 1784 65⁹
1895 1749 1964 1780 cole-

1093 1790 1226 1829 resciet,
1251 1788 1287 1823 ὃ)
1300 1791 1422 1830 poterit,
1446 1789 1483 1824 δέ)
1501 1789 1586 1821 volet.
1609 1800 1698 1833 neque
1715 1791 1790 1821 enim
1801 1792 1890 1830 scire,
1914 1796 1969 1822 aua

1094 1830 1182 1870 velle,
1194 1831 1329 1871 cuiquam
1336 1832 1412 1870 satis
1423 1832 1514 1869 fuerit
1521 1830 1586 1869 fine
1590 1833 1755 1873 sumptibus
1769 1841 1839 1872 quos
1846 1833 1969 1873 exigunt

1095 1878 1198 1911 opera3
1222 1881 1272 1902 uec
1288 1872 1388 1911 rursus
1403 1873 1538 1911 faciendi
1554 1880 1607 1904 aut
1629 1875 1810 1914 impendendi
1832 1874 1968 1905 voluntas

1092 1914 1236 1954 profuerit
1246 1912 1309 1949 fiae
1324 1919 1395 1944 arte.
1440 1914 1503 1946 Sed
1527 1914 1581 1946 etli
1599 1914 1753 1955 impensas
1773 1914 1867 1947 facile
1885 1914 1970 1946 susti·

1096 1964 1170 1987 neat
1186 1956 1349 1988 dominus:
1373 1955 1425 1986 ubi
1452 1963 1557 1986 tamen
1573 1965 1699 1996 magnas
1717 1956 1824 1987 facere
1839 1965 1910 1987 eum
1935 1965 1970 1986 0-

1096 1996 1256 2037 portebit3
1277 1996 1434 2028 veriffime
1452 1996 1599 2027 observat
1616 1997 1733 2029 Plinius
1744 2020 1753 2034 ‚
1769 1997 1817 2028 lib.
1832 2001 1879 2031 18·
1890 1997 1967 2029 Nat.

1096 2037 1160 2077 bill.
1177 2048 1201 2068 c.
1216 2048 1245 2077 5.
1262 2037 1344 2078 Agro
1355 2061 1364 2075 ‚
1380 2043 1412 2068 ut
1429 2038 1554 2076 bomini,
1577 2039 1712 2079 quamvis
1728 2037 1900 2080 quaestuolus
1908 2037 1970 2076 fit,

1090 2079 1119 2117 fi
1137 2087 1233 2110 tamen
1251 2078 1287 2112 ὅ)
1302 2081 1508 2119 sumptuosus,
1530 2088 1588 2110 non
1612 2079 1735 2110 multum
1753 2079 1893 2120 supereffe.
1937 2078 1971 2110 ln

1096 2120 1239 2152 laudibus
1251 2119 1332 2151 villae
1348 2120 1441 2152 Plinii
1458 2119 1595 2159 Junioris
1612 2120 1658 2153 lib.
1675 2131 1704 2152 2.
1720 2118 1813 2161 Epist.
1837 2129 1882 2160 17.
1902 2119 1970 2151 Vil-

1096 2162 1125 2193 la
1140 2160 1236 2199 ufibus
1250 2168 1363 2202 capax,
1379 2170 1436 2192 nou
1452 2161 1614 2200 sumptuosa
1630 2161 1729 2193 tutela.
1762 2162 1807 2193 lta
1823 2161 1887 2193 five
1905 2170 1972 2193 me-

1098 2203 1178 2242 lior,
1194 2202 1256 2234 five
1272 2203 1414 2234 deterior
1430 2202 1485 2234 fiat
1502 2202 1638 2243 fundus3
1654 2212 1757 2244 prope
1772 2202 1837 2241 est,
1854 2209 1889 2234 ut
1905 2202 1969 2234 fru-

1098 2244 1217 2276 &uario
1236 2253 1300 2275 non
1319 2243 1449 2282 abusus,
1473 2242 1526 2276 sed
1550 2244 1640 2284 usus,
1663 2243 1829 2275 concessus
1845 2243 1907 2275 esse
1925 2244 1969 2275 vi-

1097 2288 1227 2323 deatur3
1243 2284 1343 2325 fitque
1358 2285 1386 2316 ei
1402 2285 1633 2325 jus,excolere
1648 2286 1736 2325 quod
1749 2285 1968 2322 invenit,dum

1097 2328 1163 2367 ejus
1178 2327 1364 2368 qualitatem
1378 2336 1442 2357 non
1453 2327 1610 2358 immutet.
1635 2326 1828 2368 Exemplum
1845 2327 1968 2368 elegans

1098 2368 1181 2410 apud
1198 2366 1373 2409 Ulpianum
1389 2368 1420 2398 in
1437 2367 1456 2399 l.
1472 2377 1517 2408 13.
1531 2367 1599 2410 §.lp
1611 2367 1652 2399 D.
1670 2370 1703 2399 de
1718 2367 1884 2408 usufructu.
1902 2377 1969 2399 vei·-

1099 2411 1139 2442 ba
1156 2410 1231 2450 ejus.
1272 2408 1337 2447 Etfi
1345 2410 1425 2448 forte
1443 2409 1665 2449 voluptatefuit
1678 2411 1838 2449 proedium,
1860 2410 1969 2440 virida-

1100 2453 1146 2483 ria
1170 2451 1217 2482 vel
1237 2449 1407 2492 gestationes
1432 2452 1478 2481 vel
1499 2451 1739 2482 deambulationes
1762 2452 1907 2482 arboribus
1923 2451 1967 2489 inf

1093 2492 1258 2534 frustuofis
1280 2500 1381 2533 opacas
1397 2497 1484 2532 atque
1500 2501 1625 2523 amoenas
1648 2493 1770 2531 habens,
1793 2502 1850 2523 non
1864 2492 1968 2523 debebit

1101 2535 1241 2576 dejicere,
1264 2540 1297 2564 ut
1313 2534 1396 2574 forte
1418 2533 1512 2564 hortos
1536 2534 1659 2564 olitarios
1674 2534 1774 2574 faciat
1791 2558 1800 2572 ,
1823 2533 1869 2565 vel
1893 2532 1968 2564 aliud

1122 2577 1171 2607 uid
1187 2576 1261 2616 quod
1280 2577 1317 2606 ad
1335 2576 1460 2606 reditum
1474 2574 1592 2615 spetiei.
1639 2574 1825 2607 Haloander
1850 2584 1907 2614 pro
1923 2583 1970 2604 vo·

1112 2623 1210 2657 aptate
1228 2617 1295 2656 fuit
1313 2617 1455 2657 praedium
1472 2639 1481 2654 ,
1514 2617 1681 2656 quomodo
1709 2615 1881 2655 Florentiae
1907 2615 1971 2646 edit

1099 2658 1303 2696 Taurellius,
1326 2658 1425 2698 legit,
1446 2656 1646 2693 voluptarium
1663 2658 1731 2697 fuit
1743 2659 1894 2699 pradium.
1923 2666 1970 2687 re·

1101 2699 1198 2731 fiius:
1224 2708 1295 2730 nam
1311 2698 1396 2739 apud
1413 2697 1593 2730 Sallustium
1607 2708 1737 2739 quoque
1754 2722 1763 2737 ‚
1794 2698 1869 2730 Bello
1893 2698 1968 2730 Cati.

1101 2742 1205 2772 linario
1229 2750 1252 2770 c.
1271 2749 1322 2771 x1.
1347 2741 1505 2778 reperias,
1527 2740 1587 2771 loca
1603 2741 1915 2781 arnoena.voluptar·ia,·
1938 2739 1968 2771 &

1103 2783 1186 2822 apud
1201 2780 1353 2821 justinum
1364 2781 1412 2812 lib.
1427 2790 1478 2822 31.
1498 2782 1529 2813 in
1541 2781 1622 2820 fine,
1646 2780 1824 2822 Poffeffiones
1838 2782 1969 2820 volupta-

1101 2825 1173 2855 rias.
1204 2823 1316 2854 Malim
1333 2830 1437 2854 tamen
1448 2845 1458 2861 ,
1480 2823 1633 2862 voluptare
1641 2823 1711 2862 fuit
1722 2824 1878 2862 praedium:
1892 2828 1925 2852 ut
1940 2822 1973 2852 in

1102 2864 1201 2896 Notis
1225 2864 1449 2904 marginalibus
1465 2865 1641 2903 conjiciunt
1660 2864 1824 2896 Ruffardus
1840 2863 1870 2894 ὅ(
1888 2861 1969 2893 Cha-

1102 2906 1288 2940 roudass&
1306 2915 1346 2936 ex
1364 2905 1412 2936 his
1437 2904 1497 2945 (lic
1515 2906 1615 2946 puto)
1634 2905 1766 2937 exhibet
1786 2903 1826 2936 V.
1849 2902 1905 2934 CL.
1921 2902 1971 2940 Ju-

1102 2947 1165 2980 stus
1184 2945 1304 2987 Lipsius
1315 2970 1324 2984 ,
1341 2946 1460 2977 Centur.
1476 2957 1505 2987 3.
1523 2946 1648 2984 Miscell.
1663 2944 1822 2988 Epist-XI,
1839 2952 1903 2974 non
1918 2943 1970 2975 ad-

1103 2990 1174 3020 dito
1185 2995 1290 3019 tamen
1308 2988 1373 3027 eJ'us
1389 2987 1549 3028 scripturae
1567 2986 1776 3020 firmamento.
1793 2984 1868 3016 mihi
1887 2993 1966 3015 vero

1101 3030 1269 3071 probabile
1293 3029 1356 3068 est,
1380 3029 1517 3061 Veteres
1542 3038 1633 3069 aeque
1648 3029 1792 3068 voluptare
1808 3023 1915 3056 dixiffe
1929 3035 1967 3056 ac

1100 3072 1314 3111 voluptarium:
1330 3071 1497 3110 quomodo
1510 3071 1653 3110 peculiare
1667 3069 1698 3100 in
1716 3068 1735 3098 l.
1750 3076 1774 3099 ι.
1790 3065 1859 3112 §.¹25
1876 3064 1917 3097 I).
1936 3068 1969 3099 de

1100 3114 1255 3144 tributaria
1270 3111 1486 3150 abliorie‚l.28.
1505 3112 1532 3153 ς.
1548 3121 1572 3143 1.
1591 3110 1632 3142 D.
1651 3110 1683 3140 cie
1686 3109 1873 3149 pigneratum
1882 3107 1969 3138 aaro-

1101 3164 1155 3193 ne,
1171 3154 1401 3195 &peculiarium
1419 3153 1449 3184 in
1460 3153 1477 3183 l.
1492 3164 1521 3192 4.
1533 3152 1561 3193 §.
1572 3161 1601 3191 5.
1611 3150 1653 3182 D.
1670 3151 1703 3180 de
1712 3147 1821 3194 pecu-lio
1832 3171 1841 3186 ,
1858 3147 1878 3179 l.
1889 3159 1916 3186 4.
1935 3148 1964 3190 §.

1102 3196 1218 3232 ult-„D-
1236 3196 1270 3227 de
1284 3195 1343 3229 doli
1360 3193 1429 3232 mali
1443 3195 1618 3234 exceptione,
1642 3191 1672 3223 &
1687 3189 1745 3222 alia
1761 3198 1826 3228 ejus
1843 3198 1967 3230 generis

1913 3239 1968 3262 eos
