2108 3479
567 79 731 118 VITA
782 73 829 114 V.
880 77 916 111 C.
970 71 1266 109 GERARDI
1317 71 1569 108 NOOD'I'.

199 175 309 202 ferum
327 171 397 198 erat
413 161 448 196 in
465 161 589 196 Ducatu
605 154 749 200 Clivienfi
762 180 772 195 ‚
800 151 836 186 ἃ.
850 151 945 196 cujus
961 148 1029 194 ipse
1045 160 1119 193 pars
1131 156 1221 189 erat,
1249 157 1369 181 munus
1391 145 1614 182 Antecessoris
1641 143 1814 181 Ordinarii
1838 144 1871 180 in
1898 146 1972 182 ’.Γοα-

199 210 371 257 toburgenfi
388 207 570 244 Academia
584 196 716 239 Nostro
735 199 866 236 obtulit.
920 197 1089 246 Quamvis
1104 206 1215 230 tamen
1231 194 1298 229 hoc
1313 204 1466 240 tempore
1484 193 1705 240 Neomagenfis
1728 204 1796 229 non
1811 193 1885 236 diu,
1912 205 1976 240 pu-

202 273 238 296 to
284 259 403 294 statuta
421 257 608 295 videretur,
635 250 750 285 maluit
767 247 913 292 Noodtius
927 256 1003 280 eam
1022 256 1090 279 non
1105 243 1272 286 deserere,
1297 242 1334 278 δε
1349 243 1474 290 gratias
1495 243 1659 278 maximas
1687 242 1776 278 Viro
1799 242 1975 278 Excellen-

201 288 322 344 tiflimo
339 305 424 351 egit,
452 315 513 350 pro
528 300 697 336 benevolo
715 297 786 342 ejus
809 294 1017 339 aliorumque
1036 292 1071 327 in
1087 292 1119 327 se
1136 290 1283 326 adfefi'tu.

250 356 352 389 Anno
367 351 532 397 sequenti,
560 345 734 382 millesimo
753 341 994 378 sexcentesimo
1013 338 1255 386 septuagesimo
1273 338 1420 381 ostavo,
1449 349 1554 386 quum
1570 339 1617 374 V.
1636 338 1682 373 Cl.
1708 339 1821 374 Petrus
1843 339 1879 374 de
1903 338 1978 373 Gre-

204 416 240 439 ve
257 403 326 438 fato
342 400 475 436 sunaus
489 397 585 437 esset,
613 392 741 429 Noster
759 390 925 425 Oratione
948 389 1082 424 funebri
1113 387 1280 434 Collegae,
1313 387 1350 423 δι
1376 388 1457 422 olim
1482 387 1794 432 Praeceptori'suo,
1821 397 1978 433 parenta-

203 454 270 487 vit:
298 460 398 495 quam
416 446 591 482 solenniter
609 442 724 477 habuit
737 449 851 474 coram
871 436 1070 484 Magistratu
1092 437 1253 478 Urbano,
1280 435 1317 471 δι
1334 447 1458 482 magna
1475 436 1615 470 aliorum
1639 436 1842 470 Auditorum
1867 436 1978 481 cujus-

204 501 256 534 vis
273 496 395 532 ordinis
420 501 555 529 corona.
606 491 682 525 Hos
708 489 793 523 inter
818 496 889 521 erat
917 486 951 520 in
975 485 1091 531 primis
1120 484 1184 519 Vir
1207 484 1506 520 Excellentiffimus
1528 484 1637 519 VAN
1665 483 1978 528 BEVERNING,

202 548 315 593 primo
329 547 404 580 loco
419 543 562 588 Legatus
578 538 716 574 nomine
736 534 1028 571 Illustriffimorurn
1044 545 1085 568 ac
1103 533 1364 578 Praepotentium
1386 533 1538 568 Foederati
1553 533 1654 579 Belgii
1675 532 1853 567 Ordinum.
1897 532 1979 568 Nee

201 596 229 630 is
245 595 331 630 solus
348 591 411 626 fuit
427 603 445 626 e
461 588 610 635 Legatis,
639 586 778 631 aliisque
802 584 842 618 ad
864 583 1048 617 Conveniam
1070 580 1310 627 Neomagenfhm
1330 579 1602 624 confluentibus,
1636 582 1670 616 in
1696 581 1790 627 cujus
1821 581 1978 617 notitiam

205 653 285 678 tunc
303 640 464 685 temporis
480 635 608 672 Noster
626 635 775 675 veniret,
803 631 840 666 &
861 642 939 665 cum
959 630 1148 665 eruditione
1164 657 1173 672 ,
1202 640 1273 664 turn
1292 630 1361 664 aliis
1387 629 1512 676 ingenii
1534 628 1571 664 ἃ
1597 629 1700 665 animi
1723 631 1875 673 dotibus,
1900 640 1981 676 pro-

202 692 277 737 pius
296 689 360 724 sese
383 685 658 721 commendares*
673 682 719 717 At
735 681 788 726 qui
815 681 1015 725 Beverningio
1033 680 1105 724 plus
1131 678 1263 713 faveret
1282 678 1331 719 ei,
1359 678 1395 714 ἃ
1411 678 1467 725 qui
1481 679 1599 713 melius
1615 678 1656 713 de
1672 690 1715 712 eo
1733 678 1880 724 judicare
1900 690 1979 724 pos-

201 740 272 780 set,
300 736 406 772 nullus
423 744 503 770 erat.
555 732 696 778 Legerat
714 729 768 764 ille
786 728 964 764 Probabilia
986 728 1099 772 Juris,
1129 726 1227 763 &ita
1249 727 1467 772 probaverat,
1495 735 1533 760 ut
1563 727 1662 762 valde
1684 736 1846 771 cuperet,
1874 727 1980 762 Libro

201 788 315 823 Primo
332 784 425 820 edito
442 783 524 818 alios
541 780 617 816 addi
634 778 788 813 comites.
840 777 919 812 Nec
948 775 1055 821 passus
1074 775 1143 818 est,
1167 775 1330 821 judicium
1357 774 1448 810 suum
1478 773 1515 810 ἃ
1531 774 1728 810 desiderium
1752 776 1792 810 ab
1825 775 1979 810 Amstore

201 834 370 883 ignorari:
396 832 502 867 immo
520 827 645 863 blandis
664 826 775 863 verbis
792 835 869 861 eum
886 825 1041 872 rogavit,
1068 834 1103 859 ut
1122 823 1202 859 novi
1222 823 1342 870 aliquid
1359 823 1392 859 in
1415 824 1481 859 hoc
1501 834 1627 870 genere
1646 823 1832 858 moliretur.
1885 823 1980 859 Faci-

201 886 233 920 le
250 882 392 918 ostendit
406 877 552 918 Noster,
580 876 612 911 se
636 887 704 911 non
729 876 931 920 imparatum
955 873 1179 918 deprehendi:
1210 883 1274 907 nec
1291 883 1369 907 eurn
1394 871 1478 915 esse,
1513 872 1568 918 qui
1593 871 1762 907 sustineret
1785 871 1981 907 au&oritati

200 932 238 967 δι
256 928 395 966 suasioni
415 927 491 963 Viri
510 935 608 961 tantae
627 923 798 971 dignitatis
816 934 882 957 non
907 934 1033 967 parere.
1085 922 1179 957 Hinc
1205 921 1273 955 nati
1301 919 1374 955 sunt
1391 921 1543 956 Secundus
1566 918 1604 955 ἃ
1625 920 1745 955 [tertius
1765 921 1982 955 probabilium

200 981 313 1021 Libri,
336 979 424 1013 intra
440 985 567 1022 paucos
581 973 670 1015 dies,
700 982 735 1007 ut
749 972 818 1017 ipsa
835 970 993 1005 Auetoris
1014 969 1172 1005 Praefatio
1186 969 1353 1004 indicabat
1368 995 1378 1011 ‚
1405 969 1440 1004 in
1462 968 1601 1003 modum
1614 968 1693 1015 justi
1709 969 1894 1004 voluminis
1921 980 1981 1003 ex—

200 1027 395 1063 crescentes.
449 1025 577 1058 Lucem
595 1022 630 1056 hi
651 1021 807 1056 viderunt
830 1020 931 1054 Anno
958 1018 1133 1054 millesimo
1156 1016 1397 1054 sexcentesimo
1430 1016 1675 1064 septuagesimo
1696 1028 1809 1061 nono,
1835 1017 1985 1064 Lugduni

197 1077 299 1113 etiam
313 1099 324 1117 ‚
351 1073 388 1109 ὅ(
409 1072 496 1117 apud
516 1071 674 1106 eumdem
695 1067 910 1115 Biblopolam
928 1068 1060 1103 Felicem
1082 1067 1200 1113 Lopez.

247 1125 339 1159 Dum
357 1123 402 1157 ita
425 1120 491 1156 Vir
507 1119 652 1155 eximius
678 1118 800 1153 eodem
829 1117 932 1163 pede,
962 1128 1029 1163 quo
1051 1125 1213 1163 ceperat,
1234 1124 1411 1164 pergeret,
1452 1113 1587 1149 uberior
1617 1112 1694 1148 data
1717 1113 1766 1148 est
1789 1113 1821 1148 ei
1844 1113 1985 1149 materia

200 1170 365 1220 prodendi
379 1169 553 1217 egregium
569 1167 671 1203 animi
693 1166 780 1202 haud
798 1165 944 1211 vulgaris
961 1164 1129 1200 adfectum
1141 1192 1150 1208 ‚
1177 1164 1218 1199 de
1236 1176 1302 1210 quo
1320 1164 1413 1200 silere
1429 1162 1513 1198 mihi
1529 1162 1664 1207 quidem
1683 1161 1776 1197 nefas
1793 1160 1883 1197 effer.
1911 1162 1984 1197 Ta-

201 1223 268 1258 lem
287 1219 445 1255 nimirum
464 1217 495 1253 se
513 1216 687 1263 praebebat
703 1215 1004 1261 Jurisconsultum‚
1031 1213 1086 1258 qui
1103 1224 1172 1248 non
1193 1213 1299 1258 abripi
1316 1222 1465 1248 mentem
1484 1209 1593 1258 paffus
1616 1209 1695 1246 effer
1719 1210 1823 1245 nimia
1838 1211 1892 1246 illa
1912 1210 1986 1245 An-

201 1268 364 1315 tiquitatis
381 1265 623 1308 admiratione,
648 1275 750 1310 quam
769 1262 885 1308 opinio
902 1262 1114 1309 praejudicata
1133 1271 1260 1297 temere
1280 1261 1364 1307 parit
1382 1272 1390 1296 :
1418 1271 1482 1295 nec
1498 1259 1608 1294 minus
1633 1258 1693 1294 fibi
1712 1258 1851 1294 cavisset
1874 1259 1915 1295 ab
1943 1269 1986 1295 ea

198 1320 361 1364 φιλοιντιάις
378 1314 601 1361 deceptione,
628 1323 692 1359 qua
707 1311 748 1347 fit
767 1322 800 1347 ut
818 1311 907 1346 suam
928 1312 1066 1357 quisque
1083 1320 1188 1345 artem
1208 1310 1295 1344 ultra
1314 1310 1454 1344 modum
1474 1307 1614 1343 aestimet
1632 1318 1673 1343 ac
1696 1308 1847 1343 extollat.
1899 1307 1986 1343 Non

204 1367 378 1402 dubitabat
396 1364 451 1398 ille
467 1361 670 1410 adgnoscere
688 1361 776 1395 bona
795 1358 862 1394 fide
874 1387 884 1401 ‚
914 1358 936 1393 s1
956 1369 1040 1405 quos
1057 1358 1208 1394 defectus
1226 1368 1281 1394 aut
1298 1358 1384 1394 vitia
1399 1357 1612 1398 observaret,
1640 1366 1712 1391 turn
1737 1356 1770 1391 in
1789 1356 1913 1391 veteris
1930 1356 1987 1402 Ju-

203 1417 249 1451 ris
274 1411 481 1449 Colleftione
507 1423 525 1446 a
553 1410 738 1445 Triboniano
757 1407 794 1443 ἃ
818 1407 913 1442 sociis
937 1408 1158 1449 concinnata,
1187 1417 1260 1442 tum
1296 1407 1329 1442 in
1356 1406 1434 1453 ipsis
1459 1404 1706 1451 Jurisconsultis
1728 1404 1985 1447 vetustioribus,

205 1474 351 1511 quorum
364 1458 562 1507 fragmentis
580 1458 697 1493 melior
715 1457 751 1492 &
771 1456 920 1491 maxima
940 1467 1015 1501 pars
1034 1455 1120 1491 illius
1139 1455 1298 1501 Corporis
1322 1454 1463 1490 constat.
1502 1453 1608 1489 Viros
1628 1464 1769 1500 magnos
1787 1480 1796 1497 ,
1824 1462 1988 1499 quantum

204 1512 382 1556 quisquam
402 1510 482 1543 alius
495 1535 504 1550 ‚
530 1518 593 1553 pro
610 1505 732 1541 merito
757 1504 942 1540 aestimabat
957 1504 993 1540 ἃ
1009 1504 1178 1540 laudabat:
1207 1503 1260 1539 sed
1280 1514 1348 1539 non
1365 1514 1408 1539 eo
1427 1513 1549 1548 usque,
1576 1511 1611 1537 ut
1631 1502 1772 1537 totidem
1789 1500 1879 1548 quasi
1898 1502 1990 1536 Deos

204 1560 264 1596 fibi
280 1559 442 1604 fingeret,
469 1555 624 1602 religioso
644 1553 791 1601 quodam
812 1552 902 1588 cultu
919 1579 929 1595 ,
956 1563 991 1588 ut
1018 1553 1129 1588 multis
1149 1551 1222 1588 fere
1239 1552 1393 1596 videtur,
1419 1551 1642 1586 venerandos.
1693 1549 1915 1597 Aequissirnus
1939 1550 1989 1584 ita

201 1619 314 1645 rarum
331 1606 368 1642 ἃ
389 1603 606 1651 personarum
629 1601 809 1637 aestimator
823 1612 866 1636 eo
884 1601 991 1647 magis
1010 1601 1100 1636 visus
1121 1601 1180 1644 est,
1217 1612 1283 1648 quo
1301 1602 1395 1646 plura
1417 1600 1539 1635 exinde
1557 1598 1671 1635 edidit.

256 1655 317 1690 EX
337 1664 456 1690 eorum
473 1662 638 1694 numero,
667 1661 809 1696 quorum
835 1650 989 1684 notitiam
1014 1649 1051 1685 ἃ
1074 1649 1347 1685 benevolentiam
1378 1647 1458 1695 ipfi,
1489 1658 1524 1683 ut
1555 1648 1718 1689 diximus,
1746 1647 1992 1684 conciliaverat

205 1702 443 1751 opportunitas
465 1702 634 1736 Conventus
651 1697 889 1745 Neomagensis,
918 1696 981 1733 fuit
999 1709 1133 1745 quoque
1150 1698 1216 1733 Vir
1232 1696 1534 1733 Excellentiffimus
1557 1696 1860 1732 WILHELMUS
1880 1696 1993 1732 VAN

205 1751 400 1792 HAREN,
428 1749 526 1785 tertio
544 1750 620 1784 loco
645 1748 792 1794 Legatus
811 1758 889 1781 cum
917 1746 1016 1791 plena
1035 1746 1221 1793 potestate,
1250 1746 1389 1782 nomine
1415 1744 1707 1781 Illustriffimorum
1732 1756 1772 1780 ac
1797 1746 1993 1792 Praepoten-

205 1802 291 1836 tium
319 1800 422 1844 Belgiz·
447 1798 596 1837 Foederati
622 1796 802 1830 Ordinum.
856 1795 971 1843 Quum
999 1795 1101 1829 Anno
1125 1793 1302 1830 millesimo
1329 1793 1571 1830 sexcentefirno
1594 1793 1839 1840 septuagesimo
1876 1805 1991 1837 nono,

206 1849 256 1885 V.
281 1848 329 1883 Cl.
357 1845 565 1882 ULRlCUS
594 1843 820 1877 HUBERUS
846 1852 995 1876 vacuum
1016 1842 1195 1888 reliquisset
1222 1842 1335 1876 locum
1364 1842 1397 1876 in
1420 1842 1590 1876 Academia
1611 1842 1852 1883 Franvkemna,
1879 1842 1920 1877 ad
1945 1841 1995 1878 di-

207 1898 374 1946 gnitatem
399 1891 612 1928 Senatoriam
638 1889 672 1924 in
697 1888 797 1923 Curia
816 1887 924 1933 Fristae
941 1897 1132 1933 promotus:
1160 1888 1226 1923 Vir
1243 1887 1395 1930 111ustris,
1429 1899 1529 1934 quern
1554 1889 1620 1935 jam
1648 1889 1739 1933 dixi,
1765 1889 1925 1925 mandato
1950 1892 1992 1926 ab

210 1945 356 1982 Ordibus
385 1939 573 1977 Provinciae
592 1938 656 1973 suae
673 1947 836 1982 acceptO,
864 1937 904 1971 ad
928 1935 1095 1971 Nostrum
1114 1935 1241 1971 litteras
1262 1935 1371 1970 amice
1396 1936 1504 1978 dedit,
1533 1937 1646 1972 mense
1669 1938 1811 1979 Martio,
1838 1939 1993 1984 explora-

210 2005 322 2036 turus,
350 2001 461 2026 utrum
479 2000 522 2024 eo
538 1987 653 2022 animo
667 1985 771 2028 effer,
797 1996 832 2020 ut
864 1985 927 2020 tale
957 1995 1097 2027 munus,
1124 1982 1148 2018 si
1173 1983 1367 2027 offerretur,
1401 1984 1586 2030 susciperet.
1640 1985 1833 2020 Academiae
1867 1985 1993 2022 scilicet

210 2044 298 2083 suae,
325 2036 542 2075 Anteceffore
563 2036 644 2070 tanti
672 2034 843 2073 nominis,
871 2034 984 2080 quanti
1015 2042 1088 2068 erat
1119 2032 1280 2074 Huberus,
1305 2033 1463 2074 abeunte,
1491 2042 1558 2068 non
1586 2033 1703 2068 melius
1728 2034 1872 2079 prospici
1899 2034 1994 2081 poffe

211 2090 464 2129 existimabant,
491 2095 590 2132 quem
611 2083 634 2118 si
651 2083 681 2119 ei
698 2081 872 2118 Successor
898 2082 1033 2117 daretur
1058 2081 1220 2117 Noodtius.
1269 2080 1452 2116 Voluntati
1477 2093 1595 2116 eorum
1620 2092 1776 2127 paratum
1799 2083 1830 2117 se
1847 2082 1911 2119 effe
1932 2085 1993 2119 ob-

212 2139 318 2186 sequi,
346 2137 413 2172 sine
436 2135 537 2170 dubio
553 2132 724 2179 respondit
741 2130 887 2166 Noster:
916 2143 967 2165 res
993 2130 1063 2175 ipsa
1093 2130 1206 2165 saltem
1230 2128 1396 2173 ostendit,
1426 2129 1580 2165 voluiffe.
1630 2130 1773 2165 Duobus
1800 2122 1993 2178 enim'post

211 2186 401 2227 mensibus,
429 2182 591 2230 vigesima
615 2181 723 2226 prima
737 2179 791 2214 die
809 2180 914 2224 Mnji,
942 2180 1077 2214 decreto
1095 2178 1230 2224 publico
1255 2188 1400 2213 vocatus
1425 2178 1495 2220 est,
1524 2178 1693 2226 stipendio
1720 2178 1877 2225 promisso
1903 2180 1993 2217 haud

213 2233 474 2272 contemnendo.
525 2231 605 2265 Nec
620 2240 730 2265 tamen
750 2228 860 2263 statim
875 2229 1030 2274 Neomago
1047 2225 1203 2262 disceffit:
1230 2226 1319 2262 forte
1335 2227 1425 2273 quod
1450 2228 1611 2273 proxime
1630 2227 1788 2263 instarent
1813 2229 1918 2264 Feriae
1945 2231 1992 2265 A-

212 2284 394 2320 cademicae
411 2280 552 2322 aestivae,
581 2289 662 2324 quas
677 2277 809 2312 initium
832 2276 915 2311 novi
941 2276 1032 2311 Anni
1054 2275 1254 2311 Academici
1271 2275 1409 2321 excipit.
1460 2276 1558 2311 Circa
1584 2277 1735 2311 medium
1762 2277 1901 2313 demum
1936 2280 1992 2314 Se-

209 2334 376 2381 ptembrem
397 2327 567 2376 profe&us
589 2326 636 2361 est
660 2325 939 2373 Amsteloclamnm,
968 2324 1054 2360 unde
1069 2335 1158 2359 nave
1182 2323 1379 2367 conscensa,
1409 2324 1573 2371 vigesima
1589 2326 1698 2370 prima
1721 2325 1774 2361 die
1799 2327 1872 2373 ejus
1896 2338 1991 2363 rnen.

213 2382 272 2423 sis,
300 2392 359 2426 per
380 2378 487 2413 smum
507 2377 642 2417 Oceani,
669 2375 725 2421 qui
742 2375 846 2420 vulgo
863 2374 984 2408 dicitur
1003 2374 1145 2419 Zuyder-
1159 2372 1240 2416 Zee,
1267 2373 1461 2419 Harlingam
1477 2372 1641 2419 Frisiorum
1659 2373 1711 2409 die
1730 2374 1899 2421 sequenti,
1926 2378 1991 2411 cir·

214 2442 256 2466 ca
274 2429 390 2464 horam
407 2427 574 2461 decimam
602 2424 816 2465 matutinam,
845 2421 992 2468 adpulit,
1026 2422 1213 2469 eademque
1241 2421 1295 2456 die
1319 2421 1522 2457 Franekeram
1554 2421 1647 2458 laetus
1671 2424 1836 2469 pervenit.
1888 2424 1994 2460 Sexta

214 2478 293 2514 dein
326 2476 466 2511 Obtohris
488 2474 542 2509 die
570 2472 695 2507 solenni
718 2483 812 2506 more
834 2471 1051 2517 inauguratus
1067 2469 1116 2505 est
1134 2497 1144 2514 ,
1172 2469 1209 2506 ὅ(
1232 2481 1310 2504 cum
1341 2482 1384 2505 eo
1414 2469 1510 2505 fimul
1538 2470 1585 2506 V.
1616 2471 1663 2505 Cl.
1692 2471 1994 2507 ABRAHAMUS

215 2523 496 2563 GULICHIUS,
529 2520 752 2567 Philosophiae
781 2518 946 2554 Professor
974 2519 1115 2554 futurus.
1175 2518 1357 2563 Splendida
1385 2516 1449 2553 fuit
1479 2519 1655 2554 solennitas
1687 2530 1810 2564 praeter
1849 2520 1991 2557 solitum.

215 2575 343 2620 Neque
359 2572 450 2607 enirn
479 2570 536 2606 soli
556 2568 733 2603 adfuerunt
757 2566 958 2613 Ampliflimi
981 2566 1176 2603 Academiae
1199 2567 1396 2609 Curatores,
1431 2578 1509 2601 curn
1536 2568 1659 2602 Senatu
1687 2568 1912 2604 Academico:
1941 2570 1995 2605 sed

217 2635 293 2659 earn
311 2632 444 2668 quoque
462 2618 634 2663 praesentia
654 2617 708 2652 sua
734 2616 978 2651 condecoravit
999 2615 1225 2651 Sereniffimus
1253 2616 1435 2660 Princeps,
1463 2616 1708 2651 HENRICUS
1734 2616 1994 2653 CASlMIRUS

215 2667 510 2708 NASSOVIUS,
546 2665 648 2710 Frifiae
677 2664 893 2700 Gubernator
918 2664 1175 2708 Hereditarius‚
1202 2664 1358 2710 idemque
1385 2664 1528 2700 Curator
1554 2664 1591 2700 δι
1621 2664 1751 2700 Βεᾶὶοι·
1782 2666 1994 2702 Honorarius

215 2718 420 2757 Academiae.
474 2715 645 2750 Orationis
659 2741 668 2756 ,
695 2724 771 2758 quae
795 2725 856 2760 pro
871 2725 965 2748 more
981 2713 1134 2749 habenda
1151 2723 1240 2756 erat,
1269 2723 1505 2760 argumentum
1525 2713 1640 2749 nostro
1656 2712 1718 2748 fuit
1734 2715 1783 2749 De
1806 2715 1898 2749 Civili
1911 2716 1995 2751 Pru-

215 2769 326 2806 dentia.
380 2766 416 2801 In
433 2777 473 2800 ea
493 2764 676 2798 luculenter
699 2761 734 2797 ἃ
756 2772 873 2796 ornare
899 2761 1042 2798 ostendit
1067 2762 1247 2798 utilitatem
1280 2773 1320 2797 ac
1350 2761 1578 2798 neceffitatem
1605 2762 1897 2808 Jurisprudentiae,
1926 2776 1997 2800 non

218 2818 308 2853 intra
326 2815 416 2860 Juris
435 2813 569 2848 Romani
587 2811 763 2856 pomoeria
779 2809 981 2854 coarfi'tatae,
1007 2810 1060 2845 sed
1085 2822 1150 2857 qua
1174 2810 1324 2846 latiffime
1346 2820 1458 2857 patet,
1486 2809 1524 2846 ἃ
1549 2811 1615 2857 Jus
1643 2822 1775 2857 quoque
1799 2813 1931 2848 Natum:
1958 2825 1995 2849 ac

220 2867 384 2905 Gerulum,
412 2872 584 2907 tamquam
610 2858 712 2903 ipsius
740 2859 827 2904 Juris
852 2858 969 2893 Civilis
991 2857 1125 2894 fontem
1146 2886 1157 2901 ‚
1190 2858 1460 2904 comprehendit.
1518 2859 1620 2894 Unde
1645 2859 1682 2895 ἃ
1707 2860 1836 2895 abunde
1870 2862 1994 2908 patuit,

216 2925 285 2949 non
300 2923 379 2947 eum
399 2910 518 2946 Studio
535 2909 767 2943 Romanarum
787 2908 920 2953 Legum
932 2935 941 2949 ‚
966 2917 1023 2942 aut
1040 2907 1199 2950 aliarum,
1228 2908 1327 2942 unice
1341 2907 1372 2942 se
1389 2906 1549 2944 addixiffe
1568 2907 1606 2943 δε
1619 2908 1840 2954 mancipaffe,
1870 2920 1905 2945 ut
1921 2910 1995 2956 plu=⁴

220 2961 296 2997 rimi
320 2961 440 2995 solent:
469 2956 559 3005 quasi
580 2955 738 3002 sapientia
762 2956 872 2990 omnis
897 2955 1044 2990 humana
1067 2956 1154 2991 intra
1176 2956 1248 2991 illas
1278 2955 1529 2997 contineretur;
1562 2957 1669 2991 immo
1697 2956 1785 3004 quasi
1804 2968 1910 2993 totum
1934 2958 1996 3004 Jus

225 3008 346 3053 regulis
365 3006 532 3042 constaret
550 3016 592 3041 ex
629 3004 765 3039 arbitrio
788 3003 965 3038 hominum
989 3004 1125 3048 pontis,
1151 3003 1189 3040 ἃ
1215 3005 1257 3040 ad
1281 3004 1484 3040 uberrimam
1514 3004 1628 3040 litibus
1659 3006 1996 3052 cavillationibusque

225 3056 400 3091 materiam
419 3056 561 3090 dandam
587 3062 822 3098 comparatum
845 3051 935 3087 effet.
988 3053 1107 3098 Longe
1129 3051 1251 3088 rectius
1276 3053 1425 3088 calculos
1448 3051 1576 3088 Noster
1601 3052 1743 3096 inierat,
1771 3053 1826 3098 qui
1845 3064 1997 3090 mentem

222 3103 466 3147 Philosophicis
486 3101 785 3138 Studiisimbutarn
802 3100 842 3135 ad
860 3100 1134 3146 Jurisprudentiae
1149 3102 1253 3136 Sacra
1271 3101 1312 3136 ab
1338 3100 1434 3136 initio
1455 3100 1629 3146 adplicuit.
1681 3103 1802 3136 Praeter
1822 3102 1996 3150 Institutio-

223 3163 275 3188 nes
294 3150 593 3198 JUSTINIANI,
619 3148 864 3194 &Pandeaas‚
889 3148 965 3193 ille,
1000 3149 1034 3186 in
1055 3149 1248 3187 Academiis
1273 3149 1394 3195 variis,
1426 3150 1480 3188 ubi
1498 3150 1633 3198 publice
1656 3148 1791 3194 docuit,
1817 3150 1998 3199 Discipulis

1936 3199 1999 3240 suis
