2036 3495
331 114 391 150 AD
418 114 507 150 Liss.
536 112 615 148 XXI
649 111 746 147 ΤΠ.
782 109 824 148 ΙΙ.
851 111 901 148 De
916 113 1134 157 evictionibus,
1162 110 1201 153 δέ)
1220 113 1535 163 diiplaestipulatione.

35 208 132 239 entia.
156 204 335 248 Quaeritur,
359 212 417 243 pro
438 211 496 243 qua
525 209 613 241 parte
639 200 764 236 nudor,
789 201 819 232 id
836 199 901 240 est,

35 250 206 284 venditor,
229 245 365 286 emptori
390 245 429 275 de
453 242 609 274 eviCtione
629 251 667 285 ex
686 242 780 281 dupla
797 249 901 273 tenea-

37 290 114 322 tur?
144 287 330 327 Papinianus
351 285 535 321 arbitratus,
558 282 763 328 quaestionem
783 284 899 328 pende-

36 340 72 362 re
93 341 108 361 a
133 327 363 369 superioribus,
391 325 498 357 suadet
523 324 732 368 considerari,
753 325 830 370 quid
851 323 898 355 liis

37 371 232 410 consequens
257 367 304 400 fit.
327 367 478 399 Dicamus
505 367 616 405 igitur,
641 367 897 410 ducentajugera

36 422 108 453 quae
124 412 238 443 flumen
255 408 397 446 abstulit,
415 416 478 439 non
497 413 674 444 computari
694 406 723 436 in
742 406 896 437 aestiiiiati·

32 461 95 486 one
118 452 237 493 duplae:
259 450 331 490 quia
351 451 382 480 in
406 447 614 488 superioribus
638 447 800 486 apparuit,
829 455 897 492 non

34 495 97 528 esse
114 493 215 526 evista
230 492 310 523 vitio
324 487 514 523 venditoris,
541 486 592 518 sed
608 487 670 519 esse
688 488 758 532 casu
775 486 878 519 amissa
894 496 900 517 :

34 537 175 576 ideoque
197 542 260 565 non
283 529 477 568 venditoris,
508 528 558 559 sed
585 537 756 567 emptoris,
779 530 897 560 damno

35 577 176 609 cedere:
207 572 330 612 quando
353 571 490 611 emptori
515 579 550 600 ea
584 569 706 600 habere·
728 569 815 601 licuit
840 578 898 610 per

34 619 252 652 venditorem
276 622 329 654 per
345 611 461 644 flumen
481 620 544 642 non
564 610 658 642 licuit
677 610 828 642 Similiter
844 620 900 651 pu-

33 669 136 692 temus
147 681 155 693 ,
166 657 300 687 ducenta
314 655 422 694 jugera
434 677 443 692 ‚
465 662 534 692 quae
548 652 664 683 flumen
680 651 783 683 fundo
801 661 858 691 per
867 661 899 682 a-

33 702 105 733 liam
116 705 235 739 partem
247 695 378 727 restituit
389 703 471 733 ,non
487 694 595 725 venire
613 693 642 725 in
660 692 900 725 aestimationem

33 744 143 774 evittae
156 738 250 779 partis
266 738 401 778 quintae:
417 735 582 767 manifesto
604 744 643 765 ex
669 734 900 775 superioribus,

34 784 235 814 venditorem
268 778 406 818 emptori
436 785 498 808 non
532 773 705 807 vendidisse
740 775 902 807 alluvione

34 821 204 861 adquisita,
220 819 290 859 post
307 818 541 849 venditionem:
556 826 592 848 ac
604 816 734 857 proinde
752 825 812 848 nec
829 825 901 856 pro·

33 863 144 898 inisiil'e
156 871 211 901 ,ea
227 861 344 892 habere
360 860 465 891 licere.
491 857 577 903 Quid
597 857 748 889 tandem?
773 866 835 888 non
854 856 901 901 est

35 905 235 944 consequens
257 900 489 942 superioribus;
512 907 545 930 ut
561 899 685 937 auctor,
707 898 773 945 five
787 897 897 929 vendi-

36 957 107 985 tor,
137 942 303 976 evictionis
322 942 449 973 nomine
471 940 585 972 debeat
609 941 743 971 ducenta
764 947 871 981 jugera
886 962 897 978 ,

36 996 158 1030 partem
175 984 314 1025 quintam
331 983 416 1015 mille
430 983 655 1026 iugerum,aut
672 989 793 1021 partem
810 990 899 1026 quar-

36 1039 102 1062 tani
119 1028 373 1067 octingentorum
388 1023 629 1055 constituentia:
646 1021 697 1053 sed
717 1029 750 1053 ut
768 1022 899 1062 perinde

39 1077 203 1106 teneatur,
226 1075 262 1098 ac
278 1065 299 1098 fi
314 1067 354 1097 de
376 1064 565 1105 octingentis
589 1063 648 1096 illis
666 1073 704 1094 ex
723 1064 809 1095 mille
829 1063 898 1094 resi-

39 1113 109 1144 duis
125 1111 187 1141 sola
204 1107 305 1139 evista
321 1106 448 1138 fuiss‘ent
460 1113 588 1137 centum
598 1104 756 1145 sexaginta
770 1105 897 1150 jugera,

41 1160 164 1195 partem
184 1150 324 1190 quintum
349 1146 605 1188 octingentorum
630 1145 810 1192 efficientia.
834 1146 898 1176 Ali-

41 1203 136 1234 quem
156 1193 280 1230 turbet,
304 1189 390 1230 quod
416 1196 528 1229 praeter
550 1188 618 1219 haec
634 1185 779 1219 universo
795 1186 896 1218 fundo

38 1233 235 1266 decess'erunt
267 1231 467 1271 quadraginta
487 1230 605 1269 jugera.
636 1224 777 1261 Frustra:
815 1227 899 1259 Nam

37 1277 96 1319 (sic
115 1273 253 1306 causatur
271 1270 482 1312 Papinianus)
498 1270 608 1312 reliqua
627 1270 898 1316 quadragintaque

40 1319 172 1353 universo
181 1314 279 1354 fundo
304 1311 493 1352 decefferunt,
508 1318 564 1352 pro
586 1318 652 1342 raca
664 1320 744 1342 nove
772 1320 898 1352 regzoms

42 1358 93 1398 effe
107 1356 238 1396 intelligi.
263 1354 337 1385 Hoc
355 1362 432 1384 vero
450 1350 616 1391 significat,
634 1351 837 1397 quadraginta
851 1361 897 1383 re-

38 1400 141 1436 liqua,
166 1405 235 1437 quae
260 1394 361 1426 addita
383 1393 540 1434 jugeribus
564 1400 693 1424 centum
719 1391 895 1434 sexaginta,

38 1439 180 1471 efficiunt
196 1436 315 1477 reliqua
332 1436 370 1466 de
389 1433 498 1466 eviCtis
521 1434 666 1466 ducentis
683 1434 839 1475 iugeribus
858 1443 895 1465 u-

35 1479 146 1513 niversi
165 1476 250 1509 fundi
267 1476 351 1509 mille
365 1476 507 1517 jugerum
520 1498 529 1514 ,
545 1476 683 1516 reputari
701 1483 833 1515 prorata
847 1485 896 1507 re-

34 1523 138 1564 gionis
153 1527 246 1550 novae
256 1541 265 1556 ,
277 1518 433 1549 alluvione
447 1515 546 1547 fundo
561 1516 705 1556 adjectae:
717 1516 747 1547 δι
761 1517 799 1548 ad
810 1516 896 1548 evic-

38 1573 77 1593 tae
97 1560 191 1600 partis
217 1559 453 1590 aestimationem
476 1557 596 1588 idcirco
618 1566 680 1588 iion
697 1558 895 1597 pertinentis.

40 1602 187 1641 Sequitur
201 1600 228 1641 §.
245 1609 273 1640 3.
294 1600 321 1630 d.
339 1599 358 1629 l.
368 1602 416 1636 64.
433 1599 520 1638 cuius
536 1597 633 1629 verba
649 1597 734 1630 sunt:
757 1598 895 1630 Caeterum

39 1654 105 1675 cum
117 1650 170 1684 pro
188 1641 275 1681 azvz'so
284 1648 356 1682 pars
379 1640 476 1680 aliqua
485 1639 578 1678 fundi
600 1639 764 1678 evincitur,
787 1639 896 1679 tametsi

40 1691 132 1716 certus
147 1691 282 1714 numerus
293 1681 428 1723 jugerum
443 1681 568 1711 traditus
576 1679 635 1718 fit,
659 1685 754 1711 tamen
774 1690 832 1712 non
841 1690 895 1722 pro

39 1727 137 1762 modo,
150 1724 197 1762 sed
204 1732 257 1765 pro
275 1724 398 1753 bonitate
407 1722 527 1763 regionis
532 1719 802 1762 praestaturevifflo.
817 1722 896 1767 Sen-

38 1767 88 1798 sus
105 1766 189 1797 ultro
205 1765 322 1803 clai-et,
339 1764 366 1794 <St
384 1763 535 1794 convenit
549 1763 581 1794 in
597 1761 787 1796 antecess‘um
807 1763 895 1796 distis

38 1817 80 1840 ex
96 1808 116 1838 l„
136 1815 161 1837 1.
179 1805 215 1841 ἐξ
231 1806 250 1836 l.
265 1815 314 1846 53.
336 1803 373 1837 D.
391 1805 460 1849 hat.

77 1848 160 1891 Quae
192 1848 338 1888 proxime
368 1846 451 1884 dixi,
481 1842 628 1878 obtinent
659 1846 690 1879 in
713 1845 839 1880 afflone
855 1856 897 1879 ex

39 1890 134 1931 dupla
152 1889 191 1920 de
208 1897 269 1929 qua
286 1887 348 1918 sola
364 1886 498 1927 disputat
514 1886 699 1928 Papinianus
714 1889 745 1921 in
763 1890 790 1920 d.
807 1889 826 1920 l.
844 1892 896 1928 64.

36 1931 76 1963 ad
92 1931 249 1962 actionem
267 1938 308 1960 ex
325 1935 434 1968 empto
450 1937 514 1960 non
531 1927 724 1970 pertingunt.
754 1928 799 1961 est
814 1931 899 1963 enim

38 1973 147 2013 (quod
163 1972 274 2002 iterum
291 1970 427 2010 moneo)
442 1969 637 2002 differentia:
660 1970 747 2010 quod
761 1970 843 2003 aetio
859 1980 899 2003 ex

37 2013 133 2054 dupla
149 2011 193 2043 est
209 2011 302 2043 stricti
319 2011 405 2051 juris.
429 2019 582 2051 praeterea
599 2020 695 2056 unum
712 2011 842 2052 quaerit,
859 2021 897 2045 an

37 2054 70 2086 in
88 2053 319 2094 stipulationem
337 2054 459 2083 venerit
482 2051 598 2084 fundus
613 2053 749 2085 eviCtus:
772 2062 835 2085 non
856 2063 897 2085 ae-

37 2104 100 2136 que
116 2105 152 2126 an
171 2102 223 2125 aut
240 2102 392 2134 quatenus
410 2093 527 2124 interfit
543 2092 752 2133 stipulatoris,
764 2093 898 2127 fundum

35 2136 153 2168 habere
169 2142 313 2176 tempore
337 2135 512 2165 evitiionis.
535 2134 635 2166 Aliter
657 2135 701 2166 est
726 2135 755 2166 in
773 2136 898 2168 actione

37 2188 78 2210 ex
105 2186 232 2217 empto:
257 2185 327 2215 quae
353 2175 397 2207 cst
420 2176 512 2206 bonae
534 2174 626 2214 fidei3
650 2176 680 2207 &
702 2177 898 2217 persequitur

37 2218 124 2259 quod
149 2217 301 2257 emptoris
325 2216 452 2248 interest
470 2216 601 2248 fundum
619 2217 736 2250 habere
752 2225 896 2258 tempore

34 2259 209 2291 evictionis,
232 2256 361 2289 interest
387 2265 493 2289 autem
518 2257 602 2297 ejus,
634 2259 662 2289 ei
695 2259 830 2299 praestari
856 2269 896 2291 ex

31 2310 126 2341 aequo
142 2301 171 2331 ἃ
183 2301 271 2331 bono
281 2299 368 2339 quod
379 2298 421 2330 illi
432 2307 562 2339 propter
578 2299 770 2331 evictionem
788 2300 893 2339 abest,

31 2343 162 2383 quodve
192 2341 305 2372 lucrari
329 2340 496 2380 potuisset,
519 2339 572 2371 nili
596 2339 717 2372 evictus
733 2340 819 2372 effer.
841 2340 894 2373 Sic

29 2382 200 2421 convenit,
224 2381 325 2413 fundo
344 2382 529 2420 meliorato,
553 2381 620 2422 plus
636 2381 788 2422 praestari:
805 2382 893 2414 dete-

31 2424 168 2462 riorare,
191 2423 304 2454 minus.
327 2423 411 2454 clare
427 2422 541 2454 Paulus
559 2423 578 2453 l.
597 2431 645 2462 70.
662 2422 709 2453 D.
726 2423 754 2454 h.
775 2428 796 2455 ε.
815 2422 852 2457 [⁴2⁹
868 2422 889 2455 l.

32 2473 84 2504 45.
102 2466 146 2496 D.
161 2466 193 2495 cle
209 2464 264 2495 ιιέῑ.
279 2470 362 2506 enipi.
379 2472 416 2494 ac
425 2463 562 2502 Julianus
572 2463 591 2494 l.
603 2468 637 2501 ¹8.
647 2462 688 2495 D.
704 2464 732 2495 h.
749 2469 770 2495 t.
789 2464 890 2497 idem-

33 2513 96 2544 que
122 2505 153 2536 in
177 2505 300 2537 actione
327 2504 513 2545 praescriptis
541 2504 646 2536 verbis
662 2504 851 2545 Papinianus
868 2506 889 2538 l.

32 2549 82 2576 66.
96 2545 126 2586 §.
142 2546 194 2577 ult.
205 2547 250 2576 D.
264 2547 293 2577 d.
311 2552 330 2576 r.
353 2547 398 2577 Ab
407 2545 522 2577 eodem
533 2546 624 2577 fonte
635 2545 769 2577 indicavi
781 2546 889 2586 supra,

31 2585 190 2618 astionem
210 2595 250 2617 ex
269 2587 362 2626 dupla
385 2597 449 2618 non
477 2587 644 2625 obtinere,
668 2586 723 2619 nifi
741 2597 775 2619 re
792 2587 823 2619 in
839 2596 891 2620 to-

32 2636 121 2664 turn,
145 2634 196 2657 aut
214 2636 253 2657 ex
269 2635 372 2667 parte,
396 2628 528 2659 evictal.
553 2637 578 2659 1.
597 2627 634 2663 {9⁹
650 2629 668 2659 l.
684 2638 736 2670 53.
764 2627 807 2659 D.
822 2630 851 2660 d.
867 2634 888 2661 t.

30 2668 189 2699 adtionem
204 2676 280 2698 vero
301 2678 339 2699 ex
363 2677 473 2709 empto
499 2669 562 2701 dari
587 2670 681 2701 etiam
703 2668 888 2702 acceffionis

29 2710 161 2740 nomine
183 2709 202 2739 l.
223 2717 268 2739 ιι.
293 2708 322 2749 §.
341 2718 386 2749 17.
410 2711 455 2741 D.
476 2712 508 2741 de
522 2710 578 2742 αὲῗ.
595 2717 677 2749 empr.
694 2711 713 2741 l.
732 2715 778 2753 1¹6.
799 2709 840 2743 D.
857 2713 886 2744 h.

30 2756 52 2780 t.
70 2749 240 2781 Videamus
258 2749 297 2779 de
313 2749 501 2789 sumptibus,
515 2750 537 2783 fi
549 2751 601 2792 qui
619 2750 761 2784 sintfaEti
779 2752 810 2784 in
824 2762 888 2784 me.

29 2791 204 2822 liorandam
221 2798 287 2821 rem
310 2790 452 2822 evitizam.
476 2792 506 2823 &
553 2792 656 2825 uidem
677 2792 707 2824 in
729 2793 889 2826 actionem

30 2842 73 2863 ex
96 2833 192 2872 dupla
214 2831 273 2862 hos
299 2840 363 2862 non
380 2833 506 2871 venire,
549 2834 748 2874 uperioribus
775 2834 888 2866 conse-

30 2882 130 2913 quens
155 2871 210 2904 est.
235 2871 285 2903 sed
309 2873 349 2903 de
370 2872 493 2905 actione
516 2883 556 2906 ex
580 2883 691 2917 empto
710 2875 782 2915 quid
805 2875 889 2907 dice·

27 2914 122 2946 iiius?
146 2922 244 2954 puto,
269 2922 329 2944 nec
346 2913 374 2943 in
392 2922 460 2945 eam
477 2917 604 2955 venire,
629 2927 663 2949 re
686 2917 726 2948 ab
742 2925 890 2956 emptore

26 2954 175 2996 posseffa,
198 2964 270 2985 curn
295 2955 461 2985 evincitur.
483 2965 552 2988 nam
582 2965 647 2989 turn
672 2960 778 2997 potuit
801 2968 856 2989 eos
873 2968 889 2989 a

1750 122 1818 161 369

945 202 1079 233 evictam
1100 202 1279 243 possederit.
1297 203 1405 248 Quid,
1421 205 1440 236 si
1463 204 1526 245 ipse
1543 213 1613 237 earn
1631 213 1648 236 a
1665 203 1819 246 possesson

946 252 978 272 re
998 243 1229 277 vindicaverit?
1243 246 1307 286 jam
1325 247 1395 285 quia
1411 256 1471 277 non
1483 244 1527 277 cst
1539 247 1712 278 retentioni
1725 247 1814 277 iocus

944 292 1001 323 pei·
1020 285 1248 325 exceptionem
1276 286 1337 317 doli
1361 287 1451 320 mali:
1482 286 1558 320 nihil
1580 287 1684 328 potest
1699 288 1742 319 illi
1761 288 1819 318 im-

942 326 1061 364 putarix
1085 335 1144 357 nec
1161 326 1220 356 erit
1237 326 1372 359 alienum
1388 337 1404 357 a
1429 328 1510 359 bona
1534 327 1615 368 fide,
1632 336 1816 369 emptorem

942 366 1081 403 sumptus
1099 375 1116 396 a
1141 365 1305 398 venditore
1331 377 1441 407 petere
1469 368 1594 402 afflone
1617 379 1658 402 ex
1686 376 1817 411 empto,

941 406 1023 446 quasi
1040 406 1194 439 facientes
1212 416 1333 448 partem
1351 408 1416 447 ejus
1434 411 1520 450 quod
1536 410 1684 443 interest:
1707 411 1818 442 austo-

941 456 973 491 [ε
997 447 1093 479 Paulo
1118 448 1137 478 l.
1165 457 1215 488 45.
1241 448 1270 489 ἓ.
1299 457 1325 480 1.
1344 449 1389 479 l).
1405 449 1438 479 de
1455 449 1511 481 au.
1530 458 1615 494 empc.
1639 451 1818 493 licebitque

940 489 1111 520 iecundum
1129 489 1215 520 hunc
1231 489 1376 530 accipere
1394 489 1592 531 Rescriptum
1606 493 1626 525 l.
1644 503 1674 531 9.
1693 493 1726 525 C.
1746 493 1775 524 h.
1792 497 1820 524 ε.

982 529 1142 570 Exposui,
1165 531 1294 570 quando
1309 530 1393 563 actio
1410 540 1451 562 ex
1473 530 1588 573 dupla,
1611 543 1665 566 aut
1687 542 1728 566 ex
1746 543 1817 572 em-

942 576 1196 611 pto,competat
1213 570 1376 603 evictionis
1401 572 1550 606 nomine:
1574 575 1669 607 etiam
1686 576 1816 614 quando

942 611 1049 642 cesset.
1075 620 1197 644 tantum
1223 613 1422 652 addendum,
1445 615 1534 653 quod
1558 613 1628 647 fere
1649 613 1767 648 oblitus
1785 626 1818 648 e-

944 661 1028 691 ram,
1044 653 1202 685 astionem
1219 663 1260 685 ex
1278 663 1388 695 empto
1405 655 1554 695 denegari
1574 655 1602 687 ei
1619 658 1747 697 quirem
1762 656 1816 688 ali-

942 703 1033 726 enam
1047 694 1145 726 sciens
1156 694 1281 734 emerit3
1291 695 1423 735 perinde
1434 696 1517 737 quasi
1527 706 1595 728 eam
1606 698 1705 737 qualis
1715 696 1817 737 qualis

942 734 1123 774 fit,emerit
1141 735 1195 767 suo
1213 737 1545 777 periculo;utique,fi
1564 738 1758 779 nihiipactus
1774 739 1814 770 fit

944 776 976 807 in
994 777 1063 809 casu
1081 776 1267 808 evictionis:
1289 778 1431 818 alioquin
1454 779 1599 819 pactum,
1623 780 1718 812 bonae
1736 779 1815 811 fidei

943 817 1117 849 contradui
1135 817 1166 849 in
1184 817 1362 850 continenti
1388 819 1542 859 adiectum
1559 820 1587 859 ei
1604 821 1719 859 iness'e,
1742 819 1813 852 satis

943 864 1055 890 notum
1074 858 1129 890 est.
1154 867 1258 898 pone:
1281 860 1371 900 (quae
1381 859 1425 891 est
1436 860 1557 901 species
1574 861 1593 893 l.
1605 871 1653 902 27.
1666 862 1699 893 C.
1716 861 1744 894 h.
1762 863 1815 901 t.)

943 899 1072 939 quidam
1095 899 1296 932 Athenocles
1325 899 1426 932 sciens
1451 904 1651 942 comparavit
1675 903 1815 936 fundum

942 940 1079 972 alienum
1096 941 1147 972 vel
1164 941 1349 1014 obligatum.
1374 942 1400 973 is
1427 939 1546 975 fundus
1563 942 1666 976 soluto
1683 943 1813 986 pret10‚

942 980 987 1013 est
1003 981 1143 1021 eviftus;
1166 991 1203 1014 an
1254 982 1421 1017 thenocles
1437 983 1542 1024 potest
1559 988 1708 1027 repetere
1723 985 1814 1026 quod

943 1022 1051 1062 dedit,
1084 1022 1249 1063 pretium?
1279 1025 1367 1065 ajunt
1388 1020 1621 1066 imperatores,
1651 1027 1671 1058 si
1701 1026 1814 1067 padus

940 1064 986 1095 sit.
997 1063 1137 1105 alioquin
1154 1064 1216 1096 hoc
1227 1064 1314 1105 posci
1322 1073 1434 1097 contra
1441 1066 1516 1106 juris
1525 1069 1693 1099 rationem.
1709 1068 1786 1109 quid
1797 1090 1811 1106 ,

939 1105 960 1136 fi
971 1105 1117 1146 ignorans
1128 1104 1263 1138 alienum
1273 1105 1410 1139 fundum
1420 1107 1643 1148 comparavit?
1651 1109 1713 1150 jam
1721 1109 1813 1150 aiunt

940 1146 1174 1187 Imperatores:
1198 1146 1367 1180 Desiderio
1384 1155 1441 1180 tuo
1453 1148 1528 1190 juris
1544 1148 1650 1182 forma
1666 1149 1813 1192 negantis

940 1187 1004 1219 hoc
1019 1187 1108 1220 reddi
1124 1185 1310 1230 refragatur.
1334 1188 1495 1222 Sensusffi
1512 1191 1659 1231 ignorans
1677 1200 1810 1235 compa-

940 1228 1021 1261 ravit
1045 1227 1198 1262 alienum:
1223 1231 1383 1270 repetenti
1405 1230 1438 1262 id
1460 1234 1547 1271 quod
1568 1232 1675 1271 dedit,
1697 1231 1808 1274 negari

937 1271 985 1310 jus
1000 1280 1066 1303 non
1088 1270 1175 1303 finit:
1197 1280 1270 1303 cum
1286 1271 1457 1312 praesertim
1479 1273 1587 1312 (quod
1609 1274 1710 1305 addo:
1735 1275 1809 1311 quia

940 1312 1041 1351 priora
1051 1314 1173 1344 tantum
1189 1312 1258 1344 sunt
1268 1311 1430 1354 Rescripta
1445 1312 1484 1344 ad
1499 1313 1704 1354 quaestionem
1716 1314 1809 1346 libel-

939 1354 971 1385 lo
994 1353 1275 1396 comprehensam)
1298 1364 1339 1387 ex
1363 1363 1400 1386 ea
1423 1353 1519 1387 etiam
1536 1364 1630 1397 agere
1652 1355 1746 1396 poffit
1771 1356 1810 1388 ad

939 1395 970 1427 id
988 1397 1076 1435 quod
1094 1394 1235 1428 interest.

979 1435 1143 1477 Superiori
1169 1436 1332 1477 quaestioni
1356 1438 1460 1470 vicina
1483 1438 1529 1470 est
1557 1438 1711 1478 sequens,
1734 1438 1813 1479 quid

937 1478 1013 1518 juris
1037 1478 1091 1516 sit,
1134 1477 1305 1510 venditore
1334 1479 1446 1519 pasto,
1477 1480 1659 1512 neevitizio
1686 1479 1815 1520 praeste-

940 1527 1001 1550 tur.
1025 1515 1103 1551 Eam
1129 1518 1337 1557 quaestionem
1362 1519 1474 1551 traCkat
1497 1519 1651 1560 Ulpianus
1675 1520 1695 1551 l.
1716 1530 1763 1552 11.
1780 1521 1811 1562 §.

937 1560 991 1591 ult.
1009 1559 1051 1592 D.
1068 1561 1101 1591 de
1114 1559 1170 1592 αὲἶ.
1187 1566 1269 1601 empt.
1294 1561 1345 1592 sed
1366 1560 1437 1601 quia
1460 1561 1644 1599 obscurius,
1666 1570 1733 1593 non
1757 1562 1816 1594 de-

937 1601 1063 1641 negabo
1086 1601 1115 1633 ei
1139 1602 1399 1642 explicationem.
1430 1602 1576 1644 Quaerit,
1600 1602 1677 1642 quid
1694 1603 1813 1634 debeat

938 1642 1103 1684 praestare,
1126 1644 1179 1683 qui
1196 1643 1340 1675 vendidit
1354 1643 1472 1675 habere
1487 1643 1599 1676 licere:
1623 1643 1655 1675 id
1672 1643 1737 1684 est,
1753 1645 1811 1684 qui

938 1683 1082 1716 vendidit
1099 1683 1154 1715 sub
1170 1683 1374 1724 stipulatione
1392 1684 1510 1716 habere
1520 1685 1627 1716 licere.
1643 1684 1743 1724 &ait,
1765 1685 1813 1718 in-

939 1724 1185 1763 teresse,utrum
1196 1725 1405 1767 polliceatur,
1421 1731 1478 1766 per
1495 1725 1526 1757 se
1543 1726 1774 1770 venientesque
1791 1736 1812 1758 a

938 1765 970 1797 se
991 1766 1138 1806 personas
1148 1775 1213 1799 non
1223 1765 1291 1799 fieri
1302 1790 1313 1807 ‚
1325 1776 1394 1809 quor
1408 1766 1510 1799 minus
1521 1767 1639 1799 habere
1647 1766 1742 1798 liceat
1752 1790 1761 1805 ‚
1771 1774 1815 1801 an

938 1817 1019 1839 vero
1035 1816 1092 1849 per
1107 1816 1231 1840 omnes.
1254 1818 1296 1840 ne
1313 1808 1646 1850 expe&es,explicari
1662 1807 1816 1853 distineti-

939 1849 1009 1881 onis
1032 1856 1153 1889 partem
1170 1849 1380 1891 posteriorem
1402 1859 1472 1891 quae
1489 1849 1553 1889 est,
1576 1849 1694 1881 habere
1711 1849 1813 1882 licere

940 1898 999 1963 ger
1012 1899 1131 1923 omnes.
1156 1899 1226 1922 earn
1252 1885 1408 1932 Ulpianus
1432 1900 1498 1924 non
1513 1891 1651 1935 attingit.
1667 1900 1729 1923 nec
1744 1891 1812 1932 ipse

965 1930 994 1962 ic
1010 1933 1184 1973 attingam3
1209 1931 1280 1973 quia
1301 1932 1364 1973 jain
1387 1932 1520 1974 exposui
1545 1933 1577 1964 in
1605 1931 1812 1966 antecessum.

941 1973 1029 2013 quod
1045 1983 1122 2005 vero
1140 1972 1255 2005 attinet
1270 1975 1309 2006 ad
1325 1973 1483 2015 priorem,
1499 1982 1560 2015 qua
1569 1973 1722 2006 venditor
1737 1982 1813 2014 pro-

941 2013 1040 2054 rnifit,
1062 2014 1120 2055 per
1141 2015 1170 2046 se
1192 2023 1256 2047 non
1280 2014 1368 2048 fieri:
1389 2017 1415 2048 is
1440 2015 1566 2048 videtur
1581 2014 1724 2056 Ulpiano
1741 2014 1811 2060 qui-

941 2055 1014 2087 dem
1039 2054 1228 2096 promisisse,
1250 2065 1292 2088 ne
1313 2057 1378 2097 ipse
1401 2056 1545 2089 evincat:
1567 2064 1600 2089 at
1613 2066 1678 2089 non
1696 2065 1810 2098 aeque,

941 2106 981 2128 ne
997 2096 1074 2128 alius
1101 2097 1237 2129 evincat.
1261 2098 1420 2139 proinde,
1443 2098 1564 2139 inquit,
1588 2097 1610 2129 fi
1628 2098 1733 2141 ‘evi6ta
1754 2107 1808 2130 res

941 2137 1017 2176 erit3
1041 2137 1072 2169 id
1095 2137 1161 2177 est,
1184 2134 1205 2170 li
1229 2147 1286 2178 per
1315 2140 1409 2172 alium
1427 2140 1487 2171 erit
1510 2139 1630 2178 evicta3
1654 2138 1807 2172 venditor

939 2188 980 2209 eo
998 2179 1129 2210 nomine
1147 2189 1188 2211 ex
1211 2179 1358 2221 stipulatu
1374 2190 1439 2213 non
1462 2179 1642 2217 tenebitur,
1665 2179 1808 2221 interpo-

939 2218 993 2250 fita
1008 2219 1227 2261 stipulatione:
1250 2231 1355 2263 neque
1369 2232 1409 2254 ex
1427 2229 1538 2262 empto
1560 2221 1600 2252 ad
1615 2220 1646 2253 id
1663 2221 1746 2261 quod
1760 2221 1808 2254 in-

936 2261 1048 2299 terest,
1072 2261 1091 2293 fi
1123 2261 1281 2300 stipulatio
1298 2264 1381 2295 nulla
1404 2262 1589 2295 intervenit.
1618 2259 1671 2294 De
1721 2263 1806 2294 retio

935 2301 1124 2342 ambigitur,
1154 2302 1175 2335 fi
1197 2302 1284 2335 forte
1309 2303 1444 2336 solutum
1464 2303 1509 2335 fit.
1529 2302 1572 2334 ait
1595 2305 1674 2336 vero
1731 2303 1805 2345 lpia-

935 2342 1157 2382 nusJulianum
1174 2342 1340 2384 sequutus,
1352 2344 1470 2376 etiamsi
1489 2351 1598 2384 aperte
1613 2346 1807 2386 pronunciet

935 2383 1104 2423 venditor,
1129 2385 1190 2416 sive
1211 2385 1241 2416 in
1258 2386 1445 2417 venditione
1460 2385 1561 2424 dicat,
1584 2395 1640 2426 per
1656 2385 1685 2418 se
1710 2386 1802 2419 here-

932 2425 1071 2466 demque
1099 2424 1185 2457 suum
1207 2435 1271 2458 non
1295 2425 1381 2466 fieri,
1413 2436 1478 2468 quo
1503 2425 1605 2458 minus
1625 2427 1743 2460 habere
1767 2428 1806 2460 li-

933 2474 1022 2504 ceat,
1053 2466 1138 2506 poffe
1162 2466 1313 2506 defendi,
1336 2477 1408 2500 eurn
1438 2477 1478 2499 cx
1505 2476 1616 2509 empto
1640 2478 1702 2501 non
1732 2469 1804 2510 qui-

932 2503 1005 2538 dem
1027 2507 1058 2539 in
1085 2508 1166 2547 hoc,
1211 2509 1295 2549 quod
1319 2509 1471 2551 emptoris
1503 2509 1649 2549 interest,
1681 2511 1799 2543 teneri:

933 2557 1044 2580 verum
1069 2555 1174 2581 tamen
1197 2557 1232 2580 ut
1253 2551 1390 2590 pretium
1414 2550 1444 2582 ei
1467 2551 1595 2591 reddat,
1628 2552 1740 2584 teneri.
1776 2551 1803 2583 i-

933 2586 1071 2630 demque
1094 2589 1156 2621 effe
1173 2613 1183 2629 ,
1212 2590 1234 2622 fi
1258 2591 1289 2622 in
1317 2590 1503 2623 venditione
1523 2599 1631 2634 aperte
1654 2602 1802 2635 compre-

932 2630 1105 2669 hendatur,
1132 2632 1163 2663 id
1181 2631 1245 2671 est,
1275 2631 1296 2665 fi
1317 2632 1347 2664 in
1371 2633 1558 2666 venditione
1584 2633 1725 2676 expresse
1748 2641 1801 2674 pa-

931 2671 1016 2704 Clum
1030 2681 1227 2705 conventum
1240 2674 1272 2705 lit
1284 2697 1293 2713 ,
1311 2673 1387 2706 nihil
1403 2674 1568 2707 eviffionis
1584 2675 1713 2707 nomine
1723 2683 1800 2714 prae-

930 2712 1043 2745 statum
1066 2713 1118 2746 iri:
1141 2724 1211 2747 nain
1228 2722 1295 2747 turn
1311 2716 1415 2748 adhuc
1431 2716 1539 2748 deberi
1562 2717 1713 2758 pretium:
1737 2714 1800 2745 uti-

931 2753 1071 2793 litatem,
1100 2756 1132 2787 id
1155 2755 1217 2794 est,
1244 2757 1275 2788 id
1302 2757 1388 2798 quod
1410 2757 1554 2797 interest,
1579 2765 1644 2788 non
1669 2754 1797 2786 deberi:

931 2794 991 2836 ipsa
1008 2794 1155 2836 aequitate
1172 2799 1378 2830 conventioni
1400 2806 1462 2830 tarn
1479 2797 1597 2840 inJ'ustae
1620 2794 1798 2840 resistente:

930 2838 1028 2875 idque
1042 2838 1157 2879 opinor
1175 2838 1438 2880 fignificari3cum
1454 2841 1514 2878 ait,
1526 2840 1616 2869 bonae
1627 2835 1699 2867 fidei
1717 2845 1799 2868 con-

932 2878 1064 2910 tracium
1074 2888 1138 2910 non
1149 2883 1212 2921 pati
1227 2880 1308 2912 hanc
1324 2881 1570 2924 conventionem
1580 2888 1595 2923 :v
1610 2884 1646 2908 ut
1669 2884 1796 2923 emptor

932 2928 999 2950 rem
1022 2921 1202 2960 amitteret,
1235 2922 1265 2954 ἀ
1296 2923 1446 2954 venditor
1470 2927 1605 2961 pretium
1628 2925 1795 2950 retineret.

933 2960 1054 3000 Aliquis
1070 2961 1173 3002 dicat,
1197 2962 1299 3004 (banc
1320 2964 1532 3004 objectionem
1555 2958 1619 3000 ipse
1642 2957 1697 2989 fibi
1713 2958 1797 2991 fecit

23 2996 156 3028 domino
174 3005 239 3027 rem
254 2995 335 3028 suam
362 2995 530 3028 evincente
553 3007 701 3038 repetere
714 3009 770 3039 per
788 3009 884 3031 exce·
925 3000 1078 3041 Julianus,
1095 3003 1132 3034 ’δι
1151 3013 1190 3035 ex
1203 3013 1243 3036 eo
1258 3003 1438 3046 Ulpianus)
1461 3000 1513 3031 tali
1529 2999 1749 3031 conventione
1765 3009 1797 3032 a·

24 3039 167 3079 ptionem
191 3038 255 3069 doli
279 3037 370 3075 mali,
395 3037 540 3069 detractis
566 3038 718 3072 frustibus
733 3050 750 3071 a
767 3041 796 3071 se
813 3050 884 3081 per-
925 3043 976 3083 gi:
1001 3051 1035 3075 ut
1051 3045 1199 3076 venditor
1217 3055 1364 3077 nummos
1385 3041 1686 3082 accipiat‚qUssss¹V58
1703 3050 1795 3074 mefx

25 3079 126 3118 ceptis
144 3079 164 3110 l.
188 3083 235 3109 16.
256 3078 288 3109 C.
306 3079 332 3108 h.
349 3084 369 3108 ι.
388 3079 475 3118 quod
493 3079 509 3109 fi
529 3081 619 3120 culpa
638 3079 688 3111 sua
707 3082 884 3122 neglexerit
926 3086 963 3114 ad
976 3093 1151 3126 emptorem
1162 3096 1226 3118 non
1244 3081 1796 3128 pertineat:velutfit,cumja61:un“i'

23 3120 270 3159 exceptionem,
294 3127 348 3150 aut
366 3118 467 3157 Judex
483 3121 546 3159 ejus
571 3131 631 3152 non
649 3121 795 3153 habuerit
812 3123 884 3154 rati-
927 3127 1001 3156 retis
1031 3135 1047 3157 a
1071 3127 1222 3168 piscatore
1248 3128 1399 3161 emimus,
1427 3129 1481 3154 aut
1502 3122 1680 3163 indaginem
1696 3124 1796 3165 plagis

18 3171 130 3192 onem:
146 3170 259 3193 neutro
279 3161 348 3192 casu
359 3160 630 3202 liabetregressum
643 3163 876 3195 adversusven-
920 3167 1021 3207 politis
1051 3177 1067 3198 a
1092 3176 1264 3202 venatore,
1292 3166 1344 3196 vel
1367 3163 1552 3206 pantheram
1584 3164 1624 3194 ab
1649 3173 1794 3205 aucupe:

16 3204 161 3236 dito-em:
178 3211 211 3234 ut
236 3202 325 3244 supra
357 3201 485 3235 dictum.
525 3202 592 3244 Sic,
618 3203 636 3238 ii
658 3213 784 3246 emptor
808 3214 874 3242 rem
919 3217 989 3242 iiam
1022 3209 1077 3242 etii
1117 3205 1194 3240 nii'iil
1233 3208 1357 3248 capitur
1373 3229 1383 3245 ‚
1423 3204 1629 3239 nihilominus
1670 3209 1796 3247 emptor

54 3243 131 3274 Ibin.
151 3242 195 3275 Il.

1082 3249 1162 3282 Ami
1725 3255 1797 3287 pre-
