2036 3495
147 126 221 163 490

149 201 402 248 Byiikershoek:
424 197 609 232 recordatus
631 192 823 235 praesertim,
848 191 879 223 se
895 190 958 234 esse
974 191 1026 223 ali-

152 248 280 289 quoties
296 240 492 278 confess'um,
509 245 584 270 ante
599 235 793 275 Traianum,
810 232 1025 280 Hadrianum,

152 291 184 322 ἃ
203 288 399 319 Antoninum
424 281 533 318 Pium,
556 278 699 309 nondum
723 275 919 316 prohibitam
935 272 1027 319 fuisse

150 329 309 363 infantum
328 321 579 364 expositionem,
604 318 746 350 nondum
760 316 866 362 ablato
885 322 965 356 patri
978 315 1025 355 ju-

151 381 187 404 re
203 370 321 401 liberos
338 364 483 396 necandi.
518 361 569 392 De
584 358 705 390 Tacito
717 382 726 398 ‚
750 367 823 398 quia
839 358 958 403 distairi
976 365 1028 402 an·

151 419 206 450 te,
230 408 306 441 nihil
324 413 447 445 repeto.
491 402 572 435 lllud
590 410 655 433 non
671 398 788 445 silebo:
812 398 901 440 quod
916 397 1029 444 diffiei-

151 454 211 484 lius
228 450 322 487 sinat,
339 446 470 479 similem
486 444 541 476 sub
557 442 648 474 Divis
664 440 843 478 Fratribus,
866 440 935 471 fieri
951 447 1029 470 con-

145 492 300 535 jectumm
316 490 356 521 de
369 487 520 529 sequente
533 484 656 525 Apuieji
673 483 750 514 loco
768 491 808 513 ex
823 482 872 512 lib.
891 490 940 527 ,¹0·
959 479 1026 527 Me-

151 532 290 574 tamorpb.
320 530 409 563 Pater
415 536 532 570 peregre
543 525 740 567 proficiscens,
756 523 909 554 mandavit
923 530 1026 568 uxori,

150 576 240 608 enatri
256 573 380 615 ejusdem
392 572 533 614 juvenis,
549 568 622 609 quod
637 568 711 597 enim
726 565 840 609 [arcina
854 568 1029 610 praegnatio-

150 617 198 649 nis
213 620 360 647 oneratam
377 623 438 645 eam
453 609 648 651 relinquebat,
662 613 697 638 ut
709 605 735 644 fi
746 608 836 644 sexus
842 606 985 645 sequioris
1001 613 1028 634 e-

151 657 265 699 didiffet
272 657 394 695 faetum.
409 655 541 695 protinus
556 650 631 692 quod
645 649 752 679 editum
767 646 830 687 effet
840 669 849 685 ‚
867 651 1026 692 necaretur.

149 699 238 732 Mihi
261 707 340 729 vero
368 696 445 728 nihil
471 691 684 735 proponitur,
707 698 764 720 cur
779 687 915 733 Apuleio
931 685 1027 718 alium

148 740 324 773 adscribam
344 736 480 774 sensum,
498 742 591 775 quam
608 731 740 777 Plauto,
755 728 933 767 Terentio,
952 727 1028 758 Sue-

147 783 260 815 tonio:
285 781 396 813 eadem
420 776 557 818 Apulejo
582 772 738 814 loquendi
761 771 884 817 forma,
908 770 1027 815 eodem

146 831 317 866 parentum
339 820 469 852 arbitrio
485 818 529 849 ob
544 815 652 848 sexum
669 814 802 859 tollendi
820 819 873 842 aut
891 811 1027 856 necandi

147 864 278 898 infantis
290 887 299 903 ,
317 872 378 894 nec
396 859 576 901 prohibita,
595 855 749 897 quidquid
766 855 850 901 dicat
866 851 1027 884 Dominus

148 906 221 941 Van
240 902 475 947 Bynkershoek
490 925 500 940 ‚
523 900 580 932 illo
603 905 752 937 tempore
773 904 839 942 ejus
866 902 947 925 nece
973 900 1029 924 aut

147 947 362 990 expositione.
400 943 453 976 Ne
472 939 717 984 praetermittam
734 938 863 978 quidem
881 942 1028 981 notatum

149 990 216 1022 hoc
234 999 251 1020 a
262 988 395 1020 Donato
412 985 465 1027 qui
482 982 591 1016 floruit
607 980 747 1012 maxime
763 977 816 1009 sub
827 976 1028 1009 Constantini

119 1050 128 1055 1
148 1031 223 1064 filiis
259 1031 296 1062 ad
313 1030 340 1060 d.
351 1027 500 1059 Terentii
518 1026 644 1057 locum:
661 1020 786 1052 Paritur
802 1028 877 1049 enim
893 1024 1028 1049 autmas-

150 1054 452 1112 culus’autfoemina:
475 1065 591 1107 &solet
602 1060 711 1105 justior
727 1060 778 1101 effe
789 1063 876 1107 eausa
893 1059 1028 1098 tollendi,

140 1113 171 1154 fi
186 1123 293 1145 marem
309 1122 383 1144 uxor
397 1108 513 1152 peperit.
536 1107 583 1143 s'ed
607 1104 692 1136 nimii
707 1111 812 1148 artioris
827 1099 884 1141 eft,
905 1110 963 1147 non
978 1110 1027 1147 gx.

142 1155 276 1198 perstare,
293 1154 364 1196 quid
381 1152 474 1186 tollas.
500 1149 646 1184 Addam,
664 1145 753 1184 quod
770 1152 800 1174 in
819 1151 905 1189 mare
918 1141 1030 1188 Juslior

147 1196 212 1230 visa
227 1195 290 1228 fuit
306 1194 441 1226 tollendi
458 1190 588 1224 infantis
605 1186 714 1224 causa,
731 1193 823 1225 quam
840 1193 871 1215 in
887 1182 1028 1216 femina:

129 1244 132 1246 ’
147 1239 205 1271 etfi
231 1236 371 1277 alioquin
395 1243 487 1275 aeque
503 1231 599 1271 impia
616 1227 693 1274 esset
710 1235 764 1258 aut
780 1226 891 1270 caedes.
905 1232 959 1256 aut
976 1234 1029 1270 ert·

146 1279 277 1322 positio.
317 1277 370 1309 sed
405 1276 470 1307 hoc
504 1272 693 1310 intelligitur
716 1274 959 1307 comparatione
988 1266 1031 1296 le-

150 1320 281 1363 quentis
306 1328 348 1351 ex
371 1315 495 1349 Ovidio
521 1314 587 1346 loci
611 1311 660 1343 lib.
683 1318 732 1341 lx.
748 1308 946 1348 Metamorph.
960 1307 1029 1346 fab.

146 1372 198 1398 10.
215 1371 290 1394 vers.
306 1363 377 1394 668.
861 1389 867 1395 ῃ

194 1403 341 1438 Proxima
358 1397 498 1437 Gnosiaco
514 1404 584 1428 nam
598 1392 743 1435 quondam
760 1387 885 1437 Plneftza
902 1397 989 1430 regno

193 1444 359 1487 Progenuit
377 1441 482 1478 tellus,
505 1440 602 1478 ignoto
621 1435 734 1465 nomine
753 1431 901 1477 Ligdum,

191 1479 330 1527 Ingenua
347 1484 379 1513 de
394 1481 474 1522 pleae
488 1481 599 1520 virum.
623 1484 676 1505 nec
690 1474 789 1512 census
808 1481 840 1502 m
855 1471 903 1502 ulo

191 1526 356 1559 Nobilitate
363 1523 424 1563 sua
439 1521 552 1562 major.-
564 1517 618 1557 sed
634 1517 699 1546 vita
717 1513 849 1561 fidesque

193 1567 350 1606 Inculpata
361 1564 439 1604 fuit.
461 1560 593 1603 gravidae
608 1558 658 1604 qui
673 1564 804 1598 conjugis
823 1561 908 1585 aures

191 1607 320 1642 Vocibus
336 1606 382 1637 his
399 1604 509 1640 movit3
533 1610 598 1632 cum
608 1608 675 1644 Jam-
685 1603 772 1638 prtpe
786 1600 893 1636 partus
908 1591 1032 1634 acleffet:

225 1659 267 1681 uae
277 1656 418 1685 voveam,
433 1642 587 1683 duosam.-
601 1641 718 1670 minimo
736 1642 769 1668 ut
784 1636 904 1667 relevere
918 1635 1031 1672 labore3

229 1698 295 1733 tque
310 1697 416 1720 marem
428 1687 541 1728 parias.
564 1679 701 1719 onerofior
717 1679 810 1725 altera
817 1678 883 1718 sors
898 1674 956 1717 est:

190 1734 235 1767 Et
250 1732 328 1764 vires
335 1730 466 1771 fortuna
484 1729 582 1767 negat.
606 1723 682 1763 quod
698 1722 844 1752 abormnor
854 1742 865 1759 ,
887 1727 952 1760 ergo

193 1775 289 1808 Edita
303 1773 380 1810 forte
395 1775 443 1802 tuo
453 1768 551 1807 fuerit
561 1763 590 1803 fi
600 1765 717 1805 semina
729 1767 840 1808 partu3

194 1817 211 1858 (
221 1815 351 1857 Jnvitus
368 1811 493 1843 mando:
509 1808 622 1852 pietas,
646 1803 775 1851 ignosce)
796 1806 932 1833 necetur.-

150 1858 250 1893 Dicta
266 1857 306 1888 de
325 1852 512 1886 Gentilibus
531 1846 767 1892 Scriptoribus‚
783 1854 862 1890 age,
878 1849 1033 1889 ’aptemus

151 1901 251 1933 etiam
276 1894 478 1930 Christianis:
501 1899 574 1924 nam
594 1897 656 1920 nec
674 1887 724 1924 hi,
749 1895 823 1917 cum
841 1886 900 1917 illis
918 1892 1034 1925 expro-

153 1943 248 1974 brant
265 1939 424 1971 infantum
441 1931 677 1975 expositionem
692 1936 892 1974 necemque,
908 1935 949 1971 eo
967 1925 1035 1972 fue·

152 1993 189 2016 re
204 1983 327 2014 animo:
345 1987 379 2010 ut
394 1976 555 2009 referrent
572 1971 691 2016 flagitia
704 1968 794 2000 faecis
806 1968 938 2008 Populi,
953 1974 1035 1998 veti-

155 2032 189 2056 ta
206 2024 235 2055 ἃ
252 2022 354 2064 puniri
372 2019 480 2051 solita:
507 2015 558 2047 sed
574 2012 769 2056 disciplinam
786 2009 895 2047 sectae,
916 2016 1034 2039 utram-

154 2074 219 2106 que
234 2063 381 2095 omnibus
396 2061 527 2099 impune
544 2055 773 2096 permittentis.
792 2051 885 2082 Solus
902 2049 966 2080 hoc
982 2058 1035 2080 ne-

156 2114 211 2149 gat
227 2104 386 2137 Dominus
402 2101 473 2133 Van
492 2094 745 2140 Bynkershoek:
764 2100 918 2134 praeterea
936 2099 1033 2136 nenio

155 2157 256 2186 unus,
280 2155 320 2177 ne
338 2143 422 2184 apud
445 2141 581 2173 Veteres
604 2137 747 2178 quidem.
779 2137 845 2166 imo
860 2131 1034 2177 Tertullia-

154 2199 216 2222 nus
232 2189 294 2226 ait,
310 2195 376 2218 non
396 2185 496 2215 modo
514 2177 742 2224 plerosquede
759 2175 904 2222 populo,
921 2172 973 2205 sed
990 2182 1035 2213 ip-

155 2231 207 2263 sos
232 2229 327 2261 etiam
350 2224 587 2267 provinciarum
612 2219 760 2252 Praesides
777 2241 787 2256 ‚
818 2217 936 2262 liberos
964 2213 1036 2262 suos

156 2273 288 2312 impune
305 2271 333 2301 ἃ
353 2276 468 2300 necare
493 2266 522 2295 ὅζ
543 2270 717 2302 exponere.
751 2259 884 2300 probaVi
903 2255 1035 2303 id-Julzo

157 2313 253 2347 Paulo
269 2322 294 2343 c.
312 2319 359 2342 ιι.
377 2318 418 2340 ex
437 2307 503 2346 eius
524 2303 705 2345 Apologetico
721 2310 745 2331 c.
765 2310 813 2332 tx.
837 2298 910 2331 Nec
924 2297 1037 2330 trustra

158 2364 244 2388 nunc
269 2352 405 2387 addam,
430 2347 492 2380 effe
516 2344 703 2380 verisimile,
727 2350 886 2373 certantes
902 2341 941 2372 de
959 2348 1036 2386 prae.-

158 2396 270 2429 stantia
280 2393 367 2425 seciae
381 2388 578 2423 Christianos
589 2384 805 2424 Gentilesque
815 2407 825 2422 ,
842 2392 907 2414 non
920 2383 1038 2413 voluis-

160 2437 214 2474 se,
239 2436 267 2467 se
291 2435 429 2466 invicem
454 2429 583 2472 aggredi
607 2428 801 2467 argumentis
824 2425 864 2470 ab
881 2424 992 2456 indole
1009 2422 1039 2468 ὃς

161 2478 252 2511 factis
268 2476 482 2513 singulorum,
496 2473 527 2503 ot
546 2468 761 2502 viliffimorum
778 2467 965 2504 honiinum3
986 2464 1038 2495 ubi

161 2509 512 2557 virtutileapientiae,
536 2512 565 2543 ὃς
584 2511 745 2551 religionis
764 2508 870 2540 honor
884 2508 1039 2545 vertitur,

162 2570 181 2592 a
197 2567 306 2591 neutra
325 2566 412 2597 parte
428 2558 534 2588 locum
551 2552 792 2585 invenientium.
1018 2589 1023 2594 Π

205 2599 283 2633 Non
301 2600 433 2630 meliore
446 2606 500 2628 aut
517 2594 606 2627 causa
625 2602 677 2624 aut
693 2592 762 2624 fato
780 2589 967 2622 circumfert
983 2588 1042 2620 Vir

163 2641 380 2681 Ampliffimus
404 2650 428 2670 c.
454 2648 484 2670 x.
503 2638 557 2678 sui
580 2635 740 2676 Opusculi,
764 2637 929 2674 negotium
945 2630 1040 2677 fuisse

165 2682 367 2717 Christianis.
380 2679 548 2716 Gentiles,
565 2687 645 2718 quos
659 2676 818 2707 habebant
834 2673 1040 2711 adversarios,

165 2735 241 2758 cum
260 2725 304 2755 eis
321 2720 476 2753 infantum
494 2719 729 2760 expositionem
746 2727 783 2747 ac
800 2725 913 2748 necem
930 2714 1041 2755 objici-

166 2775 226 2800 unt
238 2789 248 2804 ‚
270 2762 486 2806 petulantibus
511 2761 665 2792 conviciis
683 2768 753 2799 quae
772 2759 811 2789 de
828 2756 966 2798 plaustro
983 2765 1040 2786 vo-

167 2816 239 2847 cat,
262 2807 328 2838 odii
345 2805 458 2845 plenos
476 2802 592 2833 facere.
627 2800 709 2832 Nam
727 2808 840 2831 contra
856 2797 1041 2835 intellecto,

166 2849 258 2892 quod
274 2848 319 2879 eis
335 2844 547 2885 exprobrant,
558 2842 619 2873 effe
635 2845 664 2874 in
682 2850 795 2881 aperto
807 2866 816 2879 ‚
834 2851 869 2872 an
888 2850 947 2881 pro
964 2848 1041 2870 coti-

166 2893 257 2924 vicio
281 2896 335 2920 aut
353 2884 523 2918 maledicto
547 2893 711 2921 reputetur
735 2883 822 2923 quod
840 2883 885 2913 est
903 2879 1042 2912 verum?

167 2931 297 2967 accedit
320 2928 407 2968 quod
429 2925 611 2957 convicium
631 2926 726 2955 videri
747 2925 857 2965 nequit
873 2924 991 2954 dictum
1008 2921 1041 2968 si-

168 2986 212 3009 ne
230 2970 369 3005 convicii
386 2977 439 2999 aut
454 2966 574 3007 injuriae
591 2965 767 3004 proposito.
800 2968 831 2998 id
848 2976 885 2996 an
903 2965 965 2996 fuit
983 2964 1043 2994 illis

170 3018 227 3059 qui
246 3011 427 3046 adversariis
442 3009 502 3039 suis
519 3016 581 3037 non
601 3007 702 3043 ultro,
718 3016 777 3037 nec
794 3007 927 3047 sponte,
943 3007 1043 3044 impu-

172 3065 281 3091 tarunt
304 3053 502 3093 impietatem
530 3046 738 3087 expositionis
769 3050 920 3088 necisque
943 3046 1046 3078 infan-

173 3108 241 3131 tum
259 3098 276 3129 ἱ)
307 3095 327 3126 fi
353 3103 419 3125 rein
443 3092 526 3123 recta
552 3097 699 3130 putemus
724 3088 791 3118 via:
816 3099 878 3119 non
907 3089 1047 3119 habuere

172 3139 340 3172 consilium
373 3134 547 3166 inferendae
564 3155 573 3168 ‚
608 3129 663 3160 sed
694 3128 886 3168 repellendae
912 3131 1049 3169 injuriae:

174 3185 251 3222 quin
270 3187 342 3211 ante
366 3177 404 3207 ab
428 3177 473 3207 eis
498 3172 625 3205 lacessiti
643 3169 877 3209 insiinulatique‘
892 3169 1049 3201 infantici-

173 3224 220 3258 dii
234 3222 265 3256 ἃ.
283 3221 357 3254 inde
373 3216 517 3253 convivii
532 3212 641 3251 incesti
648 3235 660 3253 ,
676 3211 762 3245 suam
777 3212 942 3253 purgaturi
957 3211 1048 3244 inuo-

749 104 1059 140 GERARnt
1116 97 1353 137 NoonT

1068 189 1225 229 centiam,
1247 188 1372 222 neceffe
1387 187 1528 220 habuere
1552 187 1708 229 allegare,
1730 188 1815 223 haud
1841 192 1943 224 credi·

1069 238 1157 262 turos
1175 232 1214 263 de
1233 231 1415 263 Christianis
1433 229 1584 264 Gentiles
1603 229 1722 269 scelus,
1739 237 1831 272 turpe
1844 242 1943 273 atque

1068 280 1180 304 atrox:
1202 272 1258 304 nisi
1273 272 1330 312 ipsi
1352 272 1497 304 facerent
1513 270 1697 310 consimile,
1721 271 1751 303 &
1766 272 1821 303 suo
1836 283 1943 305 exem-

1068 313 1125 353 plo
1151 313 1308 346 discerent
1324 336 1334 353 ‚
1358 314 1398 345 ab
1421 313 1488 344 aliis
1512 313 1636 344 admitti
1662 311 1759 353 poss'e.
1789 322 1943 354 praeterea

1071 353 1134 386 effe
1149 355 1276 394 iniquos
1293 356 1346 395 qui
1361 356 1393 386 in
1412 355 1480 385 aliis
1497 353 1735 393 reprehendant
1757 364 1793 386 ac
1810 356 1943 396 puniant

1070 404 1130 435 pro
1145 396 1278 427 crimine
1295 397 1383 437 quod
1404 397 1435 427 in
1453 394 1536 436 ipsos
1550 396 1751 435 reciprocata
1764 396 1946 429 viciffitudi-

1070 445 1111 467 ne
1127 437 1220 477 poffit
1235 438 1425 477 retorqueri.
1448 436 1511 468 Sed
1527 436 1677 477 profecto
1695 438 1782 469 licita
1799 438 1830 469 ἀ
1848 437 1949 470 hone-

1070 476 1115 508 sta
1156 479 1218 509 rius
1233 478 1309 510 laesis
1324 479 1412 510 omni
1427 478 1496 518 jure
1510 478 1609 509 fuerit
1623 478 1787 512 defensio:
1804 488 1866 511 nec
1881 489 1946 512 ma-

1070 519 1101 550 le
1116 518 1123 525 '
1151 520 1291 551 erentius
1307 519 1446 552 Eunuch.
1464 520 1579 560 Prolog.
1598 521 1671 560 vers
1691 524 1721 552 6.

1110 559 1288 601 Responsum
1297 574 1309 599 ,·
1329 570 1387 592 non
1404 560 1514 592 dietum
1529 561 1599 602 effe,
1622 563 1692 603 quia
1709 560 1777 600 laefit
1791 563 1884 603 prior.

1071 599 1152 633 illuc
1176 608 1282 632 autem
1306 602 1400 633 unice
1423 602 1603 634 collineaffe
1625 603 1840 642 Christianos,
1864 612 1945 643 quo-

1071 644 1171 674 modo
1189 651 1255 674 non
1272 643 1495 675 animadvertit
1513 644 1673 677 Dominus
1695 645 1764 678 Van
1787 645 1948 686 Bynkers·

1071 683 1178 729 hoek3
1200 682 1223 715 fi
1245 691 1369 715 attente
1391 685 1469 725 legit
1493 685 1522 717 &
1549 687 1743 718 examinavit
1764 686 1947 728 Scriptores

1070 726 1175 765 ipsos,
1200 724 1265 756 hoc
1289 725 1390 765 palam
1415 727 1635 760 declarantes?
1661 728 1749 769 quod
1767 727 1788 759 fi
1806 738 1859 759 auc
1877 737 1947 768 per-

1070 766 1232 812 functorie
1248 766 1324 807 legit
1339 767 1482 808 integros
1494 790 1503 806 ,
1525 777 1579 800 aut
1596 769 1704 802 saltem
1722 777 1892 810 excerptos
1907 769 1947 800 ab

1071 808 1140 839 aliis
1156 806 1386 840 consideravit:
1404 808 1559 847 (alterum
1574 820 1624 841 res
1640 811 1762 852 arguit)
1780 812 1948 851 quomodo

1071 859 1138 880 noti
1155 848 1301 888 erubuit,
1315 849 1402 880 viros
1416 849 1522 881 bonos
1535 850 1565 881 <St
1580 852 1687 893 passim
1703 853 1847 884 laudatos
1863 853 1951 883 darn-

1073 900 1148 922 nare
1172 891 1335 922 indecorae
1362 890 1577 931 improbitatis
1599 902 1678 934 quos
1696 895 1761 932 ejus
1779 895 1862 926 nulla
1879 894 1949 925 ido-

1072 941 1133 963 nea
1149 932 1338 972 cognitione
1354 941 1426 963 reos
1444 932 1683 973 deprehendit?
1699 934 1867 977 Quidquid
1884 934 1949 966 est:

1071 973 1150 1005 mihi
1171 972 1307 1018 sufficit,
1329 974 1360 1004 id
1379 975 1467 1014 quod
1488 983 1569 1015 ago,
1593 985 1634 1008 ex
1657 975 1778 1016 Justino
1794 977 1950 1017 Matyre,

1071 1013 1276 1046 Tertulliano
1287 1037 1297 1053 ,
1321 1014 1351 1047 dt
1367 1013 1533 1046 Lactantio
1544 1039 1553 1054 ‚
1571 1016 1623 1048 hic
1641 1018 1734 1056 paulo
1750 1026 1824 1049 ante
1836 1041 1845 1056 ‚
1861 1018 1898 1052 {5⁹
1916 1020 1950 1048 in

1070 1055 1157 1097 Julio
1176 1056 1269 1088 Paulo
1288 1066 1312 1087 c.
1333 1065 1380 1087 11.
1396 1056 1439 1088 sic
1455 1057 1698 1098 demonstraffe3
1722 1066 1755 1089 ut
1770 1068 1787 1089 a
1804 1059 1953 1099 suspicio-

1071 1107 1112 1129 ne
1128 1097 1295 1129 caluinniae
1312 1098 1519 1138 conviciique
1538 1100 1625 1131 omni
1643 1102 1767 1131 ratione
1785 1099 1951 1131 absolvan-

1072 1148 1135 1171 tur.
1178 1138 1230 1170 De
1246 1139 1396 1170 Minucio
1420 1138 1526 1172 Felice
1543 1150 1580 1173 an
1599 1141 1682 1173 aliud
1700 1139 1863 1180 suspicer?
1885 1140 1952 1172 sua-

1072 1181 1127 1213 'det
1144 1179 1307 1212 Dominus
1326 1180 1395 1212 Van
1412 1180 1650 1222 Bynkershoek
1664 1184 1692 1214 d.
1710 1191 1775 1213 ax,
1796 1182 1903 1222 Opusc.
1915 1188 1951 1223 p.

1073 1232 1144 1263 225.
1167 1222 1222 1267 sed
1239 1231 1303 1253 non
1320 1222 1485 1262 persuadet
1502 1224 1597 1262 mihi,
1621 1233 1682 1255 nec
1697 1222 1902 1264 persuadebit
1919 1233 1952 1254 a-

1073 1264 1141 1302 liis,
1164 1271 1292 1303 integro
1314 1264 1422 1294 animo
1447 1265 1666 1304 reputantibus
1690 1266 1755 1304 ejus
1774 1265 1890 1304 verba,
1915 1272 1952 1296 uc

1074 1313 1185 1336 extant
1205 1304 1329 1336 Octavio
1346 1314 1370 1335 c.
1389 1314 1439 1345 30.
1460 1304 1529 1337 sunt
1549 1314 1655 1338 autem
1673 1308 1754 1338 talia.
1786 1307 1874 1338 Illum
1885 1307 1951 1347 jam

1073 1346 1161 1377 velim
1178 1347 1331 1376 convenire
1346 1349 1396 1387 qui
1406 1347 1522 1378 initiari
1535 1357 1586 1378 nos
1602 1349 1672 1378 dicit
1682 1354 1734 1378 aut
1751 1349 1839 1378 credit
1857 1349 1889 1378 cle
1899 1357 1951 1378 cce-

1074 1388 1110 1418 de
1133 1387 1259 1427 infantis
1285 1386 1321 1422 &⁹
1336 1389 1496 1428 sanguine.
1540 1388 1634 1420 Putas
1644 1388 1815 1430 poffefieri,
1840 1394 1951 1420 uttam

1073 1427 1155 1460 molle
1172 1451 1182 1467 ‚
1206 1434 1266 1459 tam
1277 1428 1440 1468 parvulum
1456 1436 1557 1470 corpus
1566 1431 1639 1469 fata
1655 1431 1811 1461 vulnerum
1828 1429 1952 1470 capiat?

1074 1475 1109 1500 ut
1126 1471 1279 1510 quisquam
1296 1469 1380 1500 illum
1401 1471 1501 1501 rudem
1510 1472 1686 1512 sanguinem
1707 1472 1813 1502 novelli
1830 1471 1866 1505 δ’
1883 1473 1952 1502 vix-

1074 1512 1145 1541 dum
1161 1511 1284 1541 hominis
1309 1512 1417 1549 credat,
1432 1513 1569 1550 fundat,
1591 1511 1773 1543 exhauriat?
1797 1511 1857 1543 Vos
1875 1513 1953 1543 enim

1073 1553 1156 1582 video
1171 1558 1334 1592 procreatos
1347 1551 1426 1591 filios
1441 1562 1520 1583 nunc
1528 1553 1605 1592 feris
1625 1552 1660 1588 ὅ)
1678 1554 1781 1584 avibus
1795 1559 1952 1592 exponere,

1075 1602 1155 1624 nunc
1171 1591 1402 1634 adstrangulatos
1412 1594 1509 1632 misero
1525 1598 1625 1625 mortis
1635 1603 1737 1636 genere
1752 1594 1862 1625 elidere.
1878 1593 1955 1634 sunt

1074 1644 1137 1675 quae
1154 1635 1185 1665 in
1203 1633 1269 1675 ipfis
1291 1635 1465 1675 visceribus,
1488 1637 1722 1667 medicaminibus
1736 1637 1842 1676 epotis,
1865 1636 1956 1676 origi-

1075 1685 1140 1707 nem
1152 1676 1259 1715 futuri
1280 1674 1402 1707 hominis
1427 1677 1625 1718 extinguant,
1648 1676 1685 1712 δέ’
1694 1678 1887 1718 parricidium
1898 1677 1954 1714 fa-

1075 1718 1175 1756 ciant,
1199 1722 1355 1758 antequam
1366 1719 1497 1758 pariant.
1528 1717 1572 1749 Et
1589 1719 1646 1750 hac
1663 1720 1763 1759 utique
1778 1719 1811 1749 de
1825 1717 1957 1750 Deorum

1073 1756 1236 1800 vestrorum
1253 1758 1407 1800 distiplina
1425 1759 1608 1798 descendunt.
1655 1759 1738 1792 Nam
1754 1759 1817 1794 &a
1836 1758 1955 1791 Rursus

1075 1810 1100 1832 c.
1121 1810 1171 1842 31.
1198 1800 1241 1831 Et
1251 1801 1284 1831 de
1294 1799 1396 1841 incesto
1411 1802 1544 1832 convivio
1551 1801 1688 1842 fabulam
1695 1802 1836 1843 grandem
1851 1801 1957 1832 adver-

1067 1842 1138 1883 sum
1152 1851 1203 1873 nos
1220 1841 1391 1873 Daemonam
1406 1843 1490 1874 coi'tio
1506 1845 1627 1874 mentita
1643 1840 1682 1884 ‘³st
1692 1866 1702 1882 ‚
1718 1848 1750 1874 ut
1763 1843 1887 1884 gloriam
1898 1849 1956 1883 pu-

1077 1884 1183 1916 dicitiae
1199 1883 1335 1923 defhrmis
1349 1883 1479 1921 infamiae
1493 1883 1638 1923 aversione
1655 1884 1832 1922 macularet,
1850 1889 1883 1915 ut
1900 1893 1955 1915 an-

1077 1933 1104 1956 te
1129 1925 1308 1966 exploratam
1329 1926 1482 1957 veritatem
1506 1927 1631 1957 homines
1647 1936 1665 1956 a
1682 1928 1761 1957 nobis
1784 1932 1891 1956 terrore
1907 1926 1955 1955 in-

1072 1967 1175 2009 fanda.
1191 1967 1333 2007 opinionis
1348 1972 1499 1998 averteret.
1525 1968 1574 1998 Sic
1588 1969 1621 1998 de
1636 1965 1686 2006 isto
1697 1966 1733 2001 δέ)
1744 1973 1812 1997 tuus
1827 1965 1931 1996 Fronto
1942 1988 1955 2004 ,

1076 2018 1135 2040 non
1160 2014 1192 2039 ut
1216 2007 1375 2048 affirmator
1397 2005 1587 2048 testimonium
1607 2009 1703 2047 fecit,
1727 2008 1773 2043 sed
1791 2007 1955 2038 convicium

1076 2055 1110 2081 ut
1125 2055 1221 2080 orator
1235 2048 1359 2089 asperfit.
1404 2049 1477 2080 Hcec
1491 2051 1567 2080 enim
1579 2050 1675 2088 potius
1691 2050 1724 2079 de
1739 2046 1841 2088 vestris
1854 2048 1951 2088 genti-

1076 2092 1129 2122 bus
1146 2095 1218 2121 nata
1231 2092 1311 2124 sunt.
1336 2091 1390 2131 jus
1405 2089 1443 2129 est
1463 2092 1540 2131 apud
1559 2090 1665 2126 Persas
1680 2090 1790 2128 misceri
1807 2099 1873 2120 cum
1890 2099 1953 2120 ma·

1077 2133 1182 2163 tribus.
1219 2130 1370 2172 AEgyptiis
1388 2132 1423 2166 ὅ)
1440 2132 1566 2162 Athenis
1581 2141 1646 2162 cum
1657 2131 1805 2170 sororibus
1822 2131 1953 2169 legitima

1077 2174 1271 2204 matrimonia.
1297 2172 1444 2204 Memorz‘ae
1461 2172 1496 2207 ὃ)
1509 2174 1652 2212 tragoedi'ae
1662 2171 1763 2212 veftrae
1772 2172 1957 2213 incestisglo-

1078 2216 1214 2252 riantur,
1239 2224 1311 2256 quas
1333 2224 1384 2245 vos
1408 2214 1526 2245 libenter
1545 2214 1580 2248 δέ’
1598 2214 1692 2255 legitis
1713 2213 1750 2247 ὅ)
1766 2214 1894 2244 auditis:
1910 2212 1956 2250 fic

1079 2256 1115 2291 ὃ)
1134 2256 1211 2287 Deos
1226 2256 1317 2286 colitis
1332 2254 1468 2297 incestos,
1490 2265 1556 2287 cum
1571 2262 1681 2293 matre,
1699 2264 1765 2285 cum
1780 2253 1867 2294 filia,
1890 2263 1957 2285 cum

1069 2300 1169 2339 sorore
1192 2296 1368 2338 conjzmttos.
1413 2296 1521 2328 Merito
1544 2298 1638 2338 igitur
1654 2294 1792 2336 incestum
1806 2303 1893 2336 penei·
1906 2305 1958 2326 vos

1076 2340 1147 2380 sape
1161 2340 1400 2379 deprehenditur,
1416 2340 1520 2379 semper
1533 2339 1707 2369 admittitur.
1731 2338 1818 2367 etiam
1834 2337 1960 2373 nescien-

1081 2390 1121 2412 tes
1137 2382 1230 2419 miseri
1243 2378 1359 2420 potestis
1373 2382 1404 2411 in
1420 2381 1522 2411 illicita
1536 2387 1679 2421 proruere.
1718 2378 1801 2409 Dum
1818 2378 1959 2409 lf'enerem

1079 2423 1236 2465 promiscue
1256 2423 1414 2463 spargitis,
1437 2423 1505 2452 dum
1521 2419 1623 2462 paffim
1638 2421 1735 2451 liberos
1752 2420 1863 2457 seritis,
1889 2420 1959 2450 dum

1082 2466 1167 2495 etiam
1193 2464 1269 2494 domi
1292 2470 1376 2494 natos
1397 2463 1495 2494 alience
1519 2463 1713 2503 misericordiae
1723 2461 1895 2501 frequenter
1908 2470 1957 2492 ex-

1076 2506 1207 2547 ponitis,
1229 2504 1332 2544 net-effe
1355 2502 1393 2578 e?
1417 2507 1447 2536 in
1463 2502 1568 2544 vestros
1589 2512 1752 2540 recurrere,
1775 2503 1806 2532 in
1817 2500 1895 2541 filios
1912 2502 1960 2532 in-

1082 2555 1189 2579 errare.
1227 2546 1274 2577 Sic
1291 2547 1366 2587 inceJ
1381 2547 1390 2576 i
1406 2546 1537 2584 fabulam
1556 2544 1689 2582 melitis,
1711 2546 1796 2574 etiam
1812 2553 1878 2574 cum
1893 2552 1961 2574 con-

1075 2589 1234 2629 scientiam
1246 2597 1303 2618 non
1319 2588 1435 2618 habetis.
1460 2588 1502 2618 At
1518 2596 1569 2617 uos
1579 2587 1718 2626 pudorem
1729 2595 1787 2615 non
1795 2585 1895 2625 socie,
1904 2585 1959 2624 serl

1083 2637 1175 2662 mente
1188 2628 1378 2670 prceflanius:
1401 2629 1490 2660 unius
1512 2628 1690 2659 matrimonii
1703 2627 1819 2658 vinculo
1841 2626 1960 2656 libenter

1083 2672 1261 2703 inhaeremus.
1308 2669 1423 2702 Utrum
1441 2669 1577 2701 Minucii
1596 2669 1697 2699 sermo
1715 2667 1837 2708 spectet
1850 2668 1888 2697 ad
1906 2667 1960 2698 fla-

1084 2713 1161 2754 gitia
1178 2711 1292 2743 infimae
1317 2711 1426 2750 fecis,
1453 2712 1574 2752 legibus
1598 2709 1760 2750 prohibita
1779 2709 1809 2740 ὅ(
1827 2709 1960 2747 punita;

1085 2757 1116 2786 ἃ
1131 2754 1207 2785 velit
1225 2754 1381 2794 ejusmodi
1396 2752 1560 2784 fraudibus
1577 2761 1613 2782 ac
1629 2750 1784 2781 conviciis
1795 2748 1962 2780 adversari-

1085 2805 1122 2827 os
1137 2794 1207 2827 suos
1223 2794 1331 2826 facere
1348 2793 1495 2826 odiosos:
1512 2803 1550 2825 an
1571 2793 1716 2824 intendat
1733 2793 1772 2823 ad
1788 2791 1962 2830 disciplinae

1085 2837 1226 2869 Gentilis
1244 2846 1260 2867 a
1280 2835 1309 2867 se
1326 2836 1427 2866 oculis
1458 2835 1530 2866 visae
1549 2833 1847 2874 reprehensionem:
1871 2831 1960 2863 simul

1084 2878 1121 2911 fit
1146 2887 1204 2919 pro
1228 2878 1346 2909 tuenda
1370 2877 1458 2908 secrae
1477 2877 1661 2908 Christianae
1683 2876 1839 2915 puritate,
1863 2873 1962 2904 infan-

1087 2920 1187 2952 ticidii
1213 2920 1242 2950 ἂ
1260 2919 1402 2950 convivii
1420 2917 1528 2949 incesti
1549 2916 1671 2948 Gentili
1698 2925 1787 2948 more
1810 2912 1961 2958 accusatae

1087 2973 1104 2993 a
1129 2962 1262 2993 Caecilio
1279 2959 1385 2992 Natali
1409 2961 1509 2990 ibidem
1528 2970 1550 2989 c.
1570 2969 1608 2996 9,
1633 2959 1698 2998 ejus
1717 2958 1779 2988 litis
1798 2964 1858 3000 ego
1872 2954 1959 3000 JUffl?

1087 3013 1158 3034 cem
1176 3002 1246 3034 fero
1267 3003 1431 3042 quemvis3
1456 3011 1516 3032 nec
1538 3002 1622 3031 addo
1650 3000 1758 3041 plura:
1782 3004 1853 3036 quia
1868 2995 1964 3035 piuri-

1088 3045 1147 3077 bus
1165 3055 1213 3076 res
1233 3054 1297 3075 non
1314 3044 1443 3083 indiget.
1649 3066 1651 3068 ,
1837 3077 1842 3081 ¹

1134 3085 1309 3117 Molestum
1323 3094 1425 3116 tamen
1440 3083 1483 3114 est
1497 3082 1691 3122 Ainpliffimo
1702 3080 1842 3110 Senatori
1855 3100 1863 3113 ‚
1873 3076 1965 3117 (per-

1090 3138 1133 3170 go
1144 3130 1229 3159 enim
1248 3129 1287 3158 ad
1304 3127 1438 3166 reliquas
1457 3126 1519 3165 ujus
1536 3121 1752 3163 objectiones)
1770 3127 1833 3148 non
1849 3119 1964 3164 allega-

1091 3171 1116 3202 ri
1134 3179 1151 3200 a
1166 3179 1216 3200 me
1232 3169 1368 3207 aliquem
1388 3164 1644 3204 jurisconsultum
1660 3160 1809 3191 Veterem
1827 3168 1877 3196 qm
1898 3160 1964 3190 lici-

1093 3220 1158 3245 tam
1180 3210 1236 3244 suo
1251 3219 1321 3244 aevo
1339 3207 1498 3242 infantum
1516 3202 1748 3246 expositionem
1767 3199 1859 3233 fuisse
1877 3201 1967 3274 diffi-
