2036 3495
167 90 239 126 304

169 168 266 207 dicit,
288 167 319 199 in
344 164 461 206 judicio
487 161 582 193 honre
604 159 679 192 fidei
703 165 768 191 non
796 158 998 198 simpliciter,
1022 155 1044 189 si

165 217 279 251 paret,
304 206 537 240 condemnare3
560 203 615 238 (ut
639 203 669 232 in
694 200 820 240 judiciis
845 199 939 230 stricti
967 198 1044 238 Juris

167 249 256 286 fieri,
273 248 363 288 supra
381 245 466 284 dixi)
489 244 542 275 sed
556 243 685 282 jubeat,
704 250 795 278 eum,
809 239 830 271 fi
849 247 1044 281 paret‚con·-

169 292 320 323 demirare
338 296 378 318 ex
395 286 458 316 fide
469 285 571 315 bona:
592 290 742 323 apparet,
761 291 869 319 reum,
890 279 944 312 etsi
958 280 1044 311 aeto-

167 333 194 363 ri
213 330 294 370 apud
312 328 487 360 Pizaetorem
504 326 536 356 in
555 326 623 364 jure
639 334 704 355 non
724 324 882 363 objecerit
895 322 960 353 doli
981 331 1043 353 ma-

167 372 189 405 li
209 369 460 408 exceptionem,
485 375 591 407 neque
608 365 786 401 curaverit,
805 373 873 395 eam
893 373 909 395 a
927 363 1044 394 Praeto-

166 422 200 444 re
230 410 380 442 formula:
405 408 515 440 inseri:
540 416 644 438 tamen
668 406 783 437 actoris
799 405 909 436 dolum
926 404 1043 436 malum

165 451 413 492 apudVJudicem
438 449 509 489 post
536 449 624 480 litem
641 446 851 478 contestatam
876 446 1042 486 injudicio

164 493 223 525 suo
240 493 353 523 ordine
370 492 505 532 allegare
517 490 546 521 ἂ
557 489 694 529 probare
710 487 814 528 poffe:
832 488 873 518 ita
889 495 923 517 ut
938 486 1042 526 Judex

165 544 236 566 eam
259 532 478 565 defensionem
504 532 534 563 in
557 531 625 570 jure
649 530 779 568 quidem
797 527 937 560 omissam
958 529 1041 568 apud

166 576 364 613 Praetorem‚
381 573 433 605 sed
450 574 481 605 in
496 572 616 614 judicio
633 572 799 612 allegatam
812 569 1043 611 probatamque

166 617 357 655 admittere,
381 616 411 646 Gt
427 624 515 646 reum
535 623 575 645 ex
594 611 658 644 fide
672 613 774 649 bona,
796 619 957 651 tamquam
975 610 1043 647 ipso

164 659 234 699 jure
249 665 314 690 non
334 657 530 698 obligatum,
553 653 664 685 officio
685 653 740 684 suo
757 652 922 684 absolvere
939 651 1042 691 possit.

167 699 204 732 [d
229 699 398 739 indigitant
424 696 582 735 Veteres3
605 704 677 726 cum
694 695 800 735 ajunt,
831 693 1042 733 exceptiones

166 741 265 772 bonae
281 739 356 772 fidei
371 738 494 779 judiciis
513 736 609 768 inell'e
632 737 650 768 l.
672 746 701 776 53.
735 735 773 767 D.
798 736 830 766 de
857 735 1044 773 rescindenda

167 784 341 813 venditione.
361 782 380 811 l.
401 789 448 811 21.
473 779 516 810 D.
541 778 640 809 Soluto
657 777 849 809 matrimonio.
872 777 969 814 item,
987 776 1043 806 bo-

166 833 216 855 nae
236 823 473 862 fideijudicium
496 821 527 851 in
545 819 575 851 se
600 820 768 851 continere
795 817 861 849 doli
888 818 959 848 mali
989 827 1043 848 ex-

167 865 353 905 ceptionem
381 863 400 894 l.
425 867 474 901 84.
500 861 530 903 §.
554 872 583 902 5.
607 860 649 893 D.
675 862 708 892 de
723 861 825 900 legatis
836 859 892 890 «lib.
916 868 941 890 1.
969 858 1043 889 Hoc

167 915 209 937 eo
232 906 339 937 verius
364 903 499 935 censeo:
523 904 595 943 quia
622 902 727 933 babeo
753 901 896 932 auctores
915 899 1044 931 Paulum

166 947 198 979 &
215 946 413 983 Scaevolam‚
432 944 569 976 Veteres
587 953 624 974 ea
641 942 792 984 loquendi
813 941 918 973 foi-ma
929 941 1043 982 signifi-

166 997 260 1027 care,
284 987 374 1028 quod
392 987 421 1018 in
441 986 535 1018 striffi
555 985 632 1025 juris
653 984 777 1024 judiciis
802 983 969 1014 obtinetur
991 983 1045 1014 im-

167 1037 292 1070 petrata
318 1039 335 1060 a
357 1028 502 1061 Praetore
528 1027 597 1058 doli
617 1026 830 1066 exceptione,
855 1025 886 1056 in
903 1025 996 1055 bonae
1013 1022 1045 1054 fi-

169 1072 222 1107 dei
244 1070 389 1111 judiciis,
413 1069 470 1101 etfi
493 1068 571 1100 nihil
598 1068 795 1108 excipiatur,
818 1065 889 1096 satis
904 1074 961 1106 per
977 1065 1044 1096 offi-

168 1113 255 1144 cium
273 1111 394 1150 judicis
411 1110 542 1142 consuli.
573 1108 615 1141 fic
632 1118 716 1140 cmm
735 1106 891 1140 definiunt
909 1109 938 1138 in
956 1107 975 1138 l.
992 1111 1043 1147 38.

167 1152 234 1188 &t
250 1153 305 1185 uit.
325 1152 367 1184 D.
392 1154 425 1183 de
439 1153 574 1192 petitione
590 1150 775 1182 hereditatis:
799 1149 828 1180 ἃ
845 1148 947 1186 τεξὶες
972 1157 1044 1189 quia

169 1196 259 1235 quod
276 1193 344 1235 ipso
360 1194 429 1234 jure
446 1192 501 1232 fit,
525 1193 600 1224 licet
618 1201 633 1222 a
650 1190 860 1232 litigatoribus
877 1190 1044 1221 omittatur

166 1237 252 1275 apud
276 1236 452 1267 Praetorem
469 1257 478 1271 ,
505 1241 609 1265 tamen
633 1232 654 1264 si
676 1236 706 1264 in
726 1232 848 1273 judicio
871 1231 1044 1272 allegetur,

167 1276 273 1309 adhuc
297 1276 416 1316 Judicis
440 1275 549 1307 officio
573 1273 709 1314 suppleri
727 1296 736 1311 ,
758 1274 807 1313 jus
828 1273 858 1304 &
880 1271 949 1304 usus
967 1273 1044 1312 pati-

167 1327 228 1350 tur.
275 1316 338 1349 Sed
358 1318 569 1357 exceptiones
587 1325 658 1354 qua:
675 1313 779 1346 insunt
796 1314 890 1345 bonae
910 1312 984 1345 fidei
997 1313 1043 1352 ju-

168 1360 278 1397 diciis,
304 1359 334 1390 ὅ(
349 1360 491 1390 actiones
510 1357 576 1396 ipso
591 1357 660 1398 jure
678 1356 809 1393 tollere,
830 1355 859 1385 ἀ
878 1363 1043 1393 exceptio-

166 1401 260 1432 nibus
278 1400 422 1440 opponi,
443 1399 585 1440 pluribus
607 1398 759 1428 Veterum
777 1394 965 1426 testimoniis
984 1404 1043 1425 tra·

167 1442 234 1474 didi
251 1442 300 1472 lib.
321 1451 345 1472 1.
374 1441 422 1472 De
432 1439 635 1482 jurisdieti'one
659 1438 825 1477 &imperio
841 1446 864 1467 c.
887 1445 933 1477 13.
958 1442 1044 1467 nunc

167 1490 341 1519 contentus
366 1490 443 1519 ero,
467 1489 563 1512 unum
589 1478 724 1510 attulisse
750 1487 790 1509 ex
808 1477 931 1516 juliano
948 1477 965 1507 l.
988 1482 1038 1511 28.

167 1523 212 1555 D.
235 1524 268 1554 cle
282 1521 443 1554 actionibus
458 1522 545 1562 empti
562 1519 597 1554 ἐξ
612 1520 743 1551 venditi:
766 1528 855 1559 cujus
881 1520 949 1550 haec
973 1517 1043 1550 sunt

165 1565 275 1596 verba.

205 1606 324 1638 Praectta
347 1606 420 1636 mihi
444 1601 618 1645 verididisli;
643 1602 680 1638 &³
702 1603 851 1640 convenit,
879 1608 913 1634 ut
929 1601 1044 1643 aliquid

237 1647 390 1688 facerem:
413 1648 487 1688 quod
504 1644 534 1684 fi
552 1655 609 1677 non
618 1644 765 1685 fecissem,
786 1652 903 1685 poenam
915 1641 1040 1684 promisi.

245 1687 420 1729 Respondit,
442 1688 596 1726 venditor,
619 1693 777 1727 antequam
798 1692 913 1726 poenam
936 1695 973 1717 ex
987 1683 1042 1726 sti-

242 1731 354 1772 pulatu
376 1734 474 1771 petat,
497 1738 534 1760 ex
549 1729 667 1760 vendito
683 1736 765 1769 agere
778 1725 886 1767 potest.-
902 1724 931 1764 fi
947 1728 1039 1768 corile-

242 1778 330 1804 cutus
347 1771 464 1812 fuerit,
488 1776 632 1813 quantum
650 1776 739 1810 poenae
756 1769 870 1799 nomine
876 1766 1040 1809 stipulatus

244 1812 310 1854 effct
326 1835 336 1851 ,
360 1818 493 1854 agentem
515 1822 552 1843 ex
569 1809 718 1853 stipulatu
743 1810 801 1841 doli
823 1810 894 1840 mali
914 1811 1040 1850 exceptio

237 1855 431 1896 submovebit.
462 1851 491 1892 fi
516 1862 554 1884 ex
568 1851 715 1893 stipulatu
734 1859 851 1892 poenam
874 1851 1041 1890 consecutus

238 1896 360 1936 fueris,
383 1895 441 1937 ipso
458 1895 529 1937 jure
554 1903 591 1925 ex
614 1894 729 1925 vendito
747 1901 830 1934 agere
844 1902 902 1924 nort
911 1893 1041 1934 poteris:

244 1936 301 1976 nifi
317 1939 348 1968 in
365 1938 414 1976 id,
437 1938 511 1978 quod
524 1936 618 1974 pluris
634 1935 697 1977 ejus
713 1933 883 1974 interfuerit
894 1958 903 1973 ‚
920 1935 951 1965 id
960 1932 1041 1974 fieri.

165 1979 295 2020 Species
313 1979 382 2010 haec
398 1978 453 2010 est.
496 1976 605 2009 Titius
625 1986 698 2008 cum
714 1975 907 2015 Sempronio
925 1976 1042 2007 vende-

165 2029 216 2053 ret
230 2020 367 2061 praedia,
384 2020 493 2060 pactus
512 2018 576 2057 est,
596 2018 625 2049 ὅ(
643 2017 771 2058 quidem
788 2017 821 2048 in
838 2017 1038 2055 continenti3

170 2060 232 2103 (fic
248 2063 335 2093 enim
350 2062 476 2102 accipio
492 2060 568 2092 illud
579 2083 588 2098 ‚
603 2059 804 2098 &convenm
815 2065 849 2089 ut
863 2058 981 2099 aliquid
998 2057 1042 2089 fa-

164 2111 254 2135 ceret
270 2103 489 2143 Sempronius.
523 2102 612 2142 quod
629 2101 650 2133 fi
669 2110 735 2132 non
751 2099 875 2131 faceret
892 2099 1041 2139 Sempro-

164 2145 253 2183 nius,
276 2144 383 2176 Titius
399 2153 526 2185 poenam
543 2143 607 2175 dari
625 2141 789 2183 stipulatus
805 2140 860 2172 est.
892 2141 1041 2181 Sempro·

165 2186 236 2218 nius
252 2194 315 2216 non
332 2184 411 2217 fecit
429 2185 518 2225 quod
534 2183 687 2225 promisit.
713 2181 950 2224 potestTitius,
967 2191 1039 2222 pro-

164 2232 202 2259 ut
218 2226 370 2267 elegerit,
395 2227 439 2257 uti
456 2226 581 2258 afflone
604 2235 644 2256 ex
661 2224 810 2265 stipulatu
828 2224 868 2255 ad
890 2232 1037 2264 poenam,

165 2268 219 2300 vel
234 2267 361 2299 afflone
380 2277 420 2298 ex
443 2267 578 2298 vendito
600 2267 639 2298 ad
665 2267 696 2297 id
721 2266 808 2306 quod
824 2266 889 2306 ejus
907 2266 1038 2297 interest

163 2309 234 2342 fieri
252 2309 340 2349 quod
354 2309 527 2340 convenitz
549 2308 647 2339 altera
668 2316 801 2349 propter
817 2305 1037 2347 interpositam

163 2350 422 2391 stipulationem:
446 2350 545 2381 altera
569 2348 614 2380 ob
638 2348 784 2389 pactum,
810 2348 839 2379 in
857 2348 1039 2380 continenti

164 2392 319 2433 adjectum
338 2391 516 2424 contractui
535 2391 630 2421 bonae
646 2388 741 2421 fidei:
766 2391 853 2429 quod
879 2390 907 2420 ei
923 2389 1039 2428 inesse,

163 2441 261 2474 atque
272 2434 337 2473 ejus
352 2434 511 2465 actionem
527 2431 668 2463 formare
685 2431 874 2472 intelligitur
888 2431 906 2462 l.
922 2441 951 2471 7.-
967 2431 995 2473 §.
1007 2441 1038 2471 5.

169 2474 213 2505 J).
233 2476 265 2505 de
275 2474 382 2515 patris.
414 2474 508 2513 Hoc,
525 2473 675 2514 quamdiu
694 2473 772 2505 nihil
789 2471 979 2505 consecutus
995 2472 1041 2504 est

164 2514 286 2547 Titius.
309 2516 371 2547 Sed
390 2524 495 2555 pone:
513 2516 538 2546 is
551 2524 612 2547 una
628 2516 737 2555 exegit
754 2514 879 2546 afflone
896 2515 984 2555 quod
1003 2522 1039 2545 ea

164 2557 361 2588 debebatur:
384 2566 460 2588 mox
477 2557 540 2598 agit
557 2558 664 2588 altera.
689 2566 727 2587 an
747 2555 852 2596 potest
867 2555 984 2597 agere?
1006 2556 1037 2587 in

162 2598 284 2630 summa
300 2605 393 2637 negat
405 2597 567 2638 Ulpianus.
591 2598 619 2628 ἃ
632 2597 732 2629 recte:
750 2598 823 2637 quia
841 2606 905 2629 non
921 2596 965 2628 est
985 2606 1040 2627 ve-

163 2639 310 2677 risimile,
335 2639 466 2670 voluiss'e
490 2639 737 2677 contrahentes,
761 2638 907 2677 Titium,
932 2646 967 2669 ut
990 2637 1037 2669 bis

163 2681 250 2712 idem
268 2680 449 2717 acciperet,
474 2689 607 2720 utraque
625 2680 667 2710 uti
686 2680 822 2712 actione.
865 2687 978 2711 contra
994 2681 1038 2710 vi-

165 2723 281 2753 dentur
298 2720 363 2751 hoc
381 2720 530 2759 voluisse,
550 2730 582 2752 ut
599 2722 808 2761 Sempronius
828 2726 933 2760 poenae'
949 2728 1036 2752 metu

165 2763 274 2796 saltem
298 2769 468 2802 cogeretur
492 2761 598 2793 facere
620 2763 707 2803 quod
732 2762 886 2804 promisit.
917 2763 969 2795 fac
992 2771 1036 2793 ta-

904 2854 1117 2890 CAPUT

780 71 1088 106 Genannr
1138 59 1369 103 Noon‘r

1087 165 1180 196 men,
1200 156 1324 189 Titium
1344 162 1478 197 utraque
1495 155 1638 197 experiri·
1652 147 1799 192 afflone:
1819 154 1959 202 quoliiss'n
2014 163 2016 171 '

1088 200 1130 229 do
1148 197 1177 229 se
1202 199 1356 230 defendet
1380 197 1615 238 Sempronius?
1640 197 1719 230 Haec
1742 201 1803 240 jam
1822 204 1955 243 quaestjd

1089 239 1182 280 huJus
1199 241 1281 272 loci:
1307 245 1404 280 atque
1429 249 1465 270 ea
1485 240 1606 278 pendet
1623 241 1661 270 ab
1678 240 1732 278 usu
1748 240 1823 274 Fori
1839 243 1954 276 Roman
1997 264 1998 285 i

1087 283 1130 311 ni.
1146 282 1176 313 in
1189 290 1253 321 quo
1273 280 1391 319 refert,
1413 289 1480 312 utra
1498 288 1606 321 agatur
1619 281 1756 313 afflone.
1781 292 1851 315 nam
1869 284 1955 317 si'I'i'-
1997 286 1999 310 'i

1088 323 1171 362 tius,
1194 323 1362 363 postquam
1389 331 1517 362 poenam
1536 321 1726 354 consecutus
1742 322 1788 355 est
1804 333 1843 355 ex
1862 319 1955 366 stipuss

1084 362 1170 401 latu,
1194 365 1310 395 deinde
1326 372 1397 405 agat
1413 374 1452 395 cx
1471 364 1604 394 vendito
1623 365 1661 395 ad
1680 365 1711 401 id
1727 367 1815 405 quod
1832 366 1957 407 ejus¹in⁴

1088 403 1220 444 terfuit‚
1246 403 1313 436 fieri
1336 406 1422 445 quod
1448 404 1631 446 promissum
1649 405 1711 438 est:
1735 406 1779 437 ait
1796 406 1957 448 Julianus-5

1086 454 1159 491 eum
1178 445 1245 485 ipso
1265 447 1333 486 Jure
1355 455 1394 477 ex
1419 447 1553 478 vendito
1579 455 1672 487 agere
1689 456 1754 479 non
1773 448 1879 487 posse:
1902 449 1958 483 nili

1085 495 1114 516 in
1133 487 1164 532 id
1181 489 1268 532 quod
1289 488 1384 528 pluris
1398 486 1680 528 ejusinterfuerit,
1706 489 1738 520 id
1755 487 1832 521 fieri.
1866 490 1958 523 causa
2002 483 2003 520 i

1079 527 1194 567 juliam
1210 528 1273 560 est:
1299 529 1386 568 quod
1400 529 1508 570 agenti
1526 538 1567 560 ex
1582 529 1737 569 vendito,
1756 538 1834 562 'cum
1850 540 1891 563 ex
1905 531 1958 564 sti*-

1088 569 1196 614 pulatu
1213 579 1317 609 poenae
1336 571 1466 602 nomine
1486 571 1644 611 accepit,'
1657 573 1767 611 quanti
1781 572 1847 612 ejus
1863 577 1959 605 inter)
2004 581 2005 585 ¹

1085 609 1147 655 fuit
1163 609 1231 656 fieri
1249 612 1334 650 quod
1353 611 1537 656 promissum
1554 612 1617 643 est:
1638 612 1722 644 bona
1738 612 1818 645 fides
1835 614 1958 647 refistiti
2005 646 2006 649 ,

1087 659 1150 691 agit
1180 660 1264 682 enim
1287 652 1364 689 dolo
1385 650 1502 691 Ἰι’ῑηικν,
1527 654 1574 685 bis
1597 652 1828 695 idem'petens.
1858 649 1959 697 porro
2005 661 2007 676 l

1087 693 1181 723 bonae
1208 692 1282 724 fidei
1303 693 1442 739 judicio,
1467 695 1558 734 quale
1575 694 1619 726 est
1635 702 1675 726 ex
1702 697 1855 735 vendito,
1879 696 1960 729 inest
2007 719 2008 725 η

1089 735 1243 774 exceptio
1266 735 1435 777 dolioniali.
1463 744 1527 766 non
1545 736 1639 776 igitur
1655 734 1789 769 dubium
1802 738 1866 778 est,
1882 736 1958 780 q'uin
2007 734 2008 738 ’
2026 755 2029 766 v

1087 773 1216 822 Titius,
1238 783 1371 822 accepta
1393 784 1489 814 poena
1513 771 1641 807 afflone·
1652 783 1701 808 ex*
1712 778 1860 818 stipulatu
1883 782 1959 820 quae

1087 815 1242 848 eil-stricti
1259 824 1357 857 juris,
1376 817 1396 849 fl
1415 819 1521 849 denuo
1538 826 1608 857 agat
1623 817 1749 850 afflone
1766 828 1806 850 ex
1825 822 1960 853 vendito

1088 867 1158 898 qnae
1175 858 1219 889 est
1236 858 1422 890 bonae=iidei
1435 882 1444 897 ‚
1460 859 1578 897 Judicis
1596 858 1706 890 officio
1724 859 1788 891 fine*
1805 860 1957 896 Braetoris
2010 859 2012 902 ἶ
2028 843 2031 856 ¹

1089 908 1184 939 opera
1195 899 1264 945 ‘ipsa
1279 899 1359 939 Juris
1371 900 1481 932 Civilis
1491 899 1680 931 auctoritate
1695 897 1875 941 repellatur.
1899 903 1961 943 sic,

1087 940 1109 972 fi
1133 939 1241 972 Titius
1266 949 1336 982 agat
1356 950 1399 972 ex
1415 942 1569 979 vendit03
1591 950 1755 974 cumante
1770 943 1961 983 egit=ex³sti÷
2012 944 2013 956 ¹

1088 982 1208 1023 pulatu.
1232 981 1283 1014 sed
1300 983 1375 1023 quid
1387 1005 1396 1021 ,
1417 982 1439 1014 fi
1456 991 1496 1013 ex
1514 981 1664 1055 stipulatu
1679 991 1768 1024 agat,
1793 984 1963 1025 postquam

1089 1032 1129 1055 ex
1153 1024 1288 1055 vendito
1307 1023 1498 1055 consecutus
1522 1024 1552 1054 ct
1592 1031 1744 1064 quantum
1769 1025 1832 1056 fuit
1855 1030 1961 1066 poena!

1088 1066 1219 1096 nomine
1237 1064 1426 1106 stipulatus?
1444 1074 1508 1097 non
1524 1065 1636 1097 eadem
1653 1064 1698 1097 est
1712 1066 1824 1105 Juliani
1841 1066 1963 1101 sentena

1089 1107 1142 1138 tia.
1167 1114 1280 1138 contra
1295 1108 1355 1145 ait,
1371 1116 1444 1139 eum
1461 1106 1524 1147 jam
1544 1115 1608 1137 non
1626 1106 1692 1147 ipso
1707 1109 1794 1148 jure,
1817 1115 1852 1140 ut
1866 1104 1961 1148 ante}r

1088 1147 1140 1179 sed
1157 1148 1221 1179 doli
1239 1149 1311 1180 mali
1327 1149 1539 1189 exceptione,
1552 1146 1743 1180 submoveri.
1768 1158 1828 1190 qua
1844 1151 1966 1183 causa?
2017 1181 2018 1184 ,

1088 1198 1152 1221 non
1178 1190 1256 1228 alia,
1280 1198 1373 1230 quam
1400 1190 1488 1231 quod
1511 1189 1627 1221 actioni
1652 1189 1746 1221 stristi
1761 1191 1835 1230 juris
1852 1192 1882 1223 in
1901 1192 1962 1224 hac
2017 1187 2018 1205 ³

1088 1229 1194 1271 specie
1224 1240 1288 1262 non
1305 1230 1385 1262 inest
1401 1231 1554 1270 exceptio
1572 1231 1637 1261 doli
1655 1232 1746 1270 mali,
1770 1232 1848 1264 ficut
1867 1234 1897 1264 in
1916 1233 1963 1265 su-

1089 1273 1215 1311 periore
1230 1271 1456 1304 ineratastioni
1474 1272 1568 1303 bonae
1580 1270 1664 1303 fidei.
1690 1281 1753 1304 nec
1769 1273 1864 1313 igitur
1875 1283 1962 1306 nunc

1088 1313 1194 1354 potest
1210 1312 1418 1353 Sempronius
1430 1312 1540 1344 officio
1557 1313 1676 1353 Judicis
1693 1314 1761 1354 ipso
1772 1314 1838 1355 jure
1856 1315 1960 1348 absol-

1089 1354 1138 1392 vi;
1164 1353 1216 1385 sed
1232 1363 1298 1397 >per
1324 1355 1571 1395 exceptionem:
1594 1354 1625 1385 id
1642 1355 1704 1393 est,
1729 1356 1857 1388 demum
1880 1356 1961 1389 Prae=

1088 1395 1167 1426 toris
1185 1394 1289 1432 fatto,
1317 1396 1513 1437 exceptione
1529 1396 1559 1426 in
1574 1395 1642 1435 jure
1658 1397 1803 1436 opposita
1828 1406 1902 1429 ante
1924 1399 1961 1429 li-

1088 1443 1153 1467 tem
1171 1435 1379 1468 contestatam
1392 1460 1402 1475 ,
1427 1436 1456 1467 &
1472 1446 1489 1467 a
1507 1436 1647 1467 Praetore
1664 1436 1812 1468 formulae
1835 1438 1970 1473 insci-tar·
1988 1446 1993 1448 '

1088 1477 1188 1520 Quod
1212 1476 1233 1508 fi
1255 1476 1320 1516 est,
1348 1477 1598 1509 demonstratum
1625 1477 1669 1508 est
1694 1479 1782 1518 quod
1805 1489 1960 1517 erat-pro·

1087 1519 1224 1550 bandum
1246 1541 1255 1557 ,
1288 1519 1466 1559 quemlibet
1489 1519 1598 1550 dolum
1622 1520 1738 1551 malum
1765 1520 1859 1551 bonae
1884 1521 1964 1554 fider

1087 1559 1286 1591 contrastum
1306 1569 1347 1591 ex
1362 1570 1427 1600 quo
1446 1561 1638 1592 convenitur
1653 1561 1678 1592 is
1695 1562 1749 1599 qui
1765 1562 1967 1595 circumscri--
1992 1580 2005 1598 ς,
2024 1557 2025 1561 ’

1087 1611 1160 1643 ptus
1181 1601 1244 1640 est,-
1266 1602 1335 1642 ipso
1350 1602 1420 1642 jure
1437 1601 1636 1633 subvertere:
1663 1602 1734 1643 quia
1750 1603 1892 1643 constat,-
1917 1613 1961 1637 ex

1087 1651 1293 1683 quocumque
1309 1644 1387 1674 dolo
1410 1644 1495 1675 malo
1512 1642 1575 1674 fine
1595 1641 1775 1675 discrimine
1799 1644 1880 1676 nasci
1905 1654 1961 1676 ex·

1087 1685 1291 1724 ceptionem:
1310 1693 1444 1726 eamque
1462 1683 1559 1716 inesse
1577 1684 1670 1715 bonae
1680 1683 1754 1716 fidei
1767 1685 1907 1724 judici03
1923 1686 1957 1719 δε

1083 1725 1282 1758 contratrum
1313 1726 1381 1767 ipso
1410 1727 1479 1767 jure
1501 1724 1660 1758 infirmare
1686 1725 1796 1758 officio
1819 1727 1958 1768 Judi‘ci33

1083 1777 1144 1800 nec
1165 1766 1314 1799 Praetoris
1331 1776 1430 1808 opera
1444 1768 1598 1809 indigere.
1774 1799 1776 1801 .
1964 1777 1967 1779 ’

1123 1808 1166 1840 Et
1189 1816 1295 1840 tamen
1319 1808 1428 1851 (quod
1450 1818 1530 1841 unus
1551 1817 1648 1850 atque
1671 1810 1799 1851 eg'regie
1823 1810 1966 1844 animatis>

1083 1850 1181 1882 vertit
1196 1849 1359 1890 ,Ulpianus
1385 1850 1405 1882 l.
1430 1860 1476 1892 13.
1500 1850 1528 1893 §.
1554 1861 1603 1891 27.
1628 1850 1665 1886 65⁹
1682 1857 1731 1886 28.
1756 1852 1798 1883 D.
1821 1854 1855 1884 de
1870 1852 1958 1884 aeroa-

1084 1894 1170 1923 nibus
1183 1893 1271 1932 empti
1280 1891 1458 1933 {fitemini}
1475 1891 1495 1924 si
1507 1894 1577 1933 quis
1588 1893 1776 1925 colludente
1791 1903 1865 1926 meo
1881 1900 1957 1936 pro*

1085 1941 1254 1972 curatore,
1277 1934 1316 1964 ab
1343 1943 1383 1965 eo
1406 1934 1546 1973 emerit,
1570 1935 1730 1975 competit
1756 1936 1784 1966 ei
1809 1935 1959 1968 adversus

1086 1984 1138 2007 me
1154 1984 1195 2007 ex
1215 1981 1327 2016 empto
1337 1975 1420 2006 actio
1437 1976 1531 2007 utilis.
1552 1974 1614 2015 (fic
1630 1976 1747 2016 opinor
1765 1986 1805 2008 ex
1821 1978 1850 2007 d.
1866 1977 1886 2008 l.
1908 1987 1958 2018 13·

1085 2016 1116 2058 §.
1137 2016 1208 2056 25.)
1223 2016 1264 2048 ad
1282 2016 1384 2056 quid?
1407 2025 1471 2048 non
1489 2023 1524 2047 ut
1544 2016 1763 2048 venditionem
1782 2017 1957 2050 traditione

1086 2057 1321 2095 consummem,
1345 2058 1375 2088 &
1393 2057 1433 2089 de
1448 2057 1612 2089 eviCtione
1630 2066 1779 2092 caveam:
1804 2059 1955 2099 minime3

1085 2108 1151 2130 non
1169 2099 1252 2130 enim
1272 2099 1356 2130 valet
1373 2098 1424 2129 illa
1447 2100 1591 2137 emptio,
1616 2099 1646 2131 &
1665 2100 1734 2130 talis
1752 2100 1882 2132 demum
1898 2101 1957 2131 ob-

1085 2141 1168 2172 tinet
1191 2141 1290 2179 empti
1314 2139 1470 2179 formula,
1492 2140 1514 2172 fi
1530 2140 1633 2171 valeat
1651 2141 1773 2181 emptio
1789 2141 1809 2172 l.
1838 2151 1886 2174 11.
1905 2148 1954 2182 pr.

1083 2182 1112 2224 §.
1140 2190 1165 2213 1.
1189 2180 1225 2215 δ’
1243 2191 1271 2213 2.
1297 2180 1339 2212 D.
1362 2182 1421 2213 eod.
1446 2183 1493 2213 tit.
1516 2181 1591 2221 quid
1613 2191 1691 2222 ergo
1708 2180 1778 2214 est?
1802 2182 1974 2218 hactenus.

1082 2223 1208 2256 dabitur
1229 2223 1256 2253 ei
1279 2222 1423 2254 adversus
1445 2231 1497 2254 me
1521 2222 1624 2260 attio,
1648 2230 1682 2254 ut
1705 2229 1760 2254 aut
1784 2222 1864 2255 stem
1889 2233 1956 2256 em·

1081 2265 1203 2306 ptioni,
1228 2271 1281 2294 aut
1298 2263 1337 2295 ab
1361 2273 1399 2295 ea
1415 2265 1560 2295 recedam
1578 2274 1585 2294 :
1608 2264 1640 2295 id
1665 2263 1710 2295 est
1726 2278 1736 2303 ,-
1767 2272 1801 2295 ut
1819 2274 1880 2306 ego
1899 2264 1957 2301 oui

1084 2308 1148 2338 non
1174 2314 1287 2337 teneor
1310 2305 1383 2344 Jure
1406 2305 1524 2343 Civili,
1547 2304 1627 2336 stare
1648 2306 1804 2346 emptioni
1822 2315 1881 2347 qua
1897 2306 1953 2339 fini

1082 2347 1171 2380 laesus
1187 2347 1264 2378 dolo
1281 2347 1386 2384 malo,
1412 2346 1545 2388 eligam:
1569 2354 1674 2378 utrum
1699 2347 1805 2379 malim
1830 2356 1955 2379 contra·

1084 2390 1146 2421 ctui
1172 2388 1269 2426 stare3
1291 2397 1329 2419 an
1357 2389 1397 2419 ab
1420 2397 1461 2419 eo
1487 2389 1639 2420 recedere
1662 2387 1730 2427 ipso
1743 2389 1819 2428 jure.
1865 2388 1955 2421 Idem

1084 2431 1146 2463 effe
1161 2430 1224 2468 ait,
1243 2429 1264 2461 fi
1282 2430 1351 2470 quis
1366 2429 1523 2461 minorem
1542 2429 1631 2461 annis
1649 2431 1789 2469 quinque
1810 2430 1841 2462 δε
1856 2431 1954 2472 vigin-

1083 2474 1105 2504 ti
1123 2472 1383 2504 circumvenerit.
1421 2470 1528 2502 Verba
1548 2469 1694 2510 Ulpiani,
1718 2474 1789 2511 quia
1802 2472 1956 2503 notabilia

1082 2514 1171 2552 sunt,
1188 2513 1318 2553 apposui
1337 2522 1378 2544 ex
1393 2513 1421 2543 d.
1438 2512 1464 2554 §.
1489 2522 1538 2553 27.
1556 2511 1593 2546 δέ)
1610 2516 1658 2545 28.
1683 2521 1720 2543 ea
1738 2512 1834 2544 verba
1850 2512 1930 2544 sunt.

1122 2555 1155 2586 Si
1169 2556 1234 2596 quis
1249 2554 1404 2585 colludente
1416 2559 1600 2593 procuratore
1613 2563 1672 2583 meo
1688 2555 1724 2584 ab
1737 2563 1766 2584 eo
1782 2555 1897 2592 emerit,
1911 2563 1951 2585 an

1155 2594 1241 2637 poffit
1254 2604 1337 2636 agere
1352 2604 1388 2626 ex
1400 2594 1517 2635 empto?
1540 2594 1581 2625 Et
1597 2600 1667 2634 puto
1676 2594 1830 2632 hactenus,
1848 2600 1882 2626 ut
1897 2601 1953 2626 aut

1154 2635 1252 2678 stetur
1269 2637 1420 2677 emptioni,
1444 2642 1497 2667 aut
1510 2637 1690 2674 discedatur:
1715 2636 1770 2667 Sed
1790 2636 1825 2670 δ’
1834 2635 1863 2674 si
1885 2637 1948 2678 quis

1163 2680 1298 2709 minorem
1318 2678 1431 2717 viginti
1450 2679 1577 2718 quinque
1601 2678 1688 2707 annis
1713 2680 1952 2716 circumvenerit,

1161 2719 1202 2754 ἐξ
1222 2719 1287 2749 huic
1302 2718 1440 2750 hactenus
1463 2720 1566 2749 damus
1581 2718 1719 2750 actionem
1735 2728 1771 2751 ex
1787 2726 1893 2760 empco,
1915 2724 1949 2750 ut

1162 2762 1289 2793 diximus
1304 2763 1335 2792 in
1342 2761 1491 2801 superiore
1504 2763 1582 2801 casu.

1173 2852 1242 2888 IX.

163 2946 238 2995 Qua
254 2942 368 2990 forma
394 2941 454 2989 ipso
477 2944 550 2990 jure
575 2943 744 2988 castigetur
769 2945 851 2979 doliis
877 2945 978 2980 malus
1003 2944 1171 2989 injudicio
1196 2943 1278 2978 honae
1297 2942 1395 2988 fidei3
1422 2953 1491 2977 cum
1517 2942 1654 2989 deceptus
1676 2943 1755 2977 ultro
1782 2940 1848 2975 vult
1871 2950 1944 2984 age-s

236 3005 269 3029 re
295 2992 439 3039 adversus
473 2991 684 3037 deceptorem?
709 2992 842 3036 expofita
877 2995 1013 3038 quaedam
1041 2994 1187 3029 Veterum
1215 2990 1511 3038 Jurisconsultorum
1537 2992 1601 3028 loca
1627 2992 1742 3034 aliter,
1769 2990 1805 3023 ac
1817 2985 1948 3033 faciunt

234 3043 377 3077 haetenus
403 3054 423 3076 a
450 3041 546 3087 Juris
571 3040 795 3086 Interpretibus
811 3041 910 3086 fama
935 3043 1055 3079 celebri.

238 3148 292 3169 uae
311 3138 471 3178 superiore
487 3137 592 3178 capite
609 3136 676 3168 dixi
696 3161 706 3175 ‚
732 3135 840 3168 locum
858 3135 977 3168 babent
996 3148 1037 3170 ex

162 3137 242 3231 Q
264 3188 356 3221 parre
369 3180 434 3221 ejus
446 3181 500 3221 qui
516 3181 671 3220 deceptus
686 3178 764 3211 dolo
780 3177 885 3218 malo,
909 3178 1037 3213 actione

1081 3137 1176 3170 bonae
1193 3136 1266 3169 fidei
1285 3137 1489 3169 convenitur.
1520 3136 1582 3168 Sed
1602 3135 1692 3174 quid,
1713 3131 1735 3164 fi
1751 3132 1775 3164 is
1792 3132 1876 3165 ultro
1892 3142 1946 3164 ve-

1082 3179 1119 3212 lit
1134 3188 1227 3222 agere
1244 3179 1392 3213 adversus
1415 3176 1651 3219 deceptorem?
1672 3175 1825 3209 convenit
1853 3175 1948 3247 ¹1³2}ssae

1910 3224 1947 3253 ,1,
