2052 3487
207 118 283 157 ³34⁵

205 200 275 232 loni
293 195 421 241 prodest
442 197 461 229 l.
480 204 508 228 2.
537 190 637 225 D.›Sz'
658 191 821 234 quadrupes
842 192 1007 232 pauperiem
1017 191 1067 231 fe·

206 242 271 284 czffe
285 243 407 272 dicatur.
433 247 503 269 nam
528 235 650 266 Graecis
675 234 783 273 placet
805 231 920 270 Bafilz'c.
951 232 998 264 lib.
1014 237 1067 265 σο.

206 288 254 316 m,
272 291 301 324 3,
325 289 396 323 pag,
415 289 462 319 75.
488 277 524 311 ὅ)
547 279 596 316 76.
621 275 770 305 damnum
795 273 834 304 ab
863 273 994 305 homine
1017 275 1067 305 da-

206 333 274 358 tum
329 324 402 353 ideo
426 315 711 350 commodatarium
735 322 789 346 aut
816 314 974 347 fullonem
1002 324 1067 346 non

206 348 313 405 sequi’3
337 361 408 402 quia
432 359 515 390 nulla
534 357 661 399 poffunt
678 356 841 397 diligentia
867 365 1001 394 cavere,
1027 366 1067 388 ne

206 407 261 439 sibi
280 415 295 436 a
319 412 383 443 quo
407 402 468 432 alio
495 400 547 440 qui
573 398 692 429 viribus
718 405 771 429 aut
795 398 926 436 ingenio
953 398 997 429 eis
1014 405 1068 438 par

205 455 259 479 aut
276 445 417 484 superior
433 441 486 479 fit,
498 442 647 472 damnum
664 439 774 478 injuria
793 438 963 470 inferatur:
981 439 1068 478 quod

206 489 236 519 ὅ(
254 486 402 517 traditum
426 482 446 513 l.
468 491 511 518 ¹9·
533 481 571 512 D.
595 481 772 511 commodati
786 480 833 510 vel
850 486 958 510 contra.
984 480 1065 519 l.41.

205 529 249 561 D.
274 526 377 559 Locati
391 523 532 555 conducti.
557 530 589 554 at
607 521 627 553 fi
644 530 660 552 a
676 521 883 561 quadrupede
906 521 1013 553 datum
1032 520 1068 552 sit

207 572 376 605 damnum3
400 566 523 606 placet,
548 564 696 595 damnum
718 564 756 593 ad
784 571 840 593 eos
865 563 1027 602 pertinere
1045 562 1068 593 i-

208 612 296 648 deo,
327 607 400 648 quia
428 606 510 637 hanc
535 605 696 646 abigendo
722 604 892 644 impetrare
923 602 1067 649 possunt,

207 663 248 685 ne
270 661 307 683 ea
329 658 395 681 rem
413 648 549 680 locatam
573 655 625 677 aut
643 646 880 676 commodatam
899 643 998 675 faciat
1016 644 1069 676 de·

208 694 380 729 tei-iorem,
405 690 527 721 idcirco
551 687 682 719 rationis
697 685 780 725 ess‘e3
812 694 847 717 ut
867 685 927 716 hac
949 686 981 717 in
1004 686 1069 725 spe-

207 736 258 766 cie
276 734 321 765 eis
337 730 483 763 adversus
502 729 666 761 dominum
687 727 828 759 animalis
845 727 968 758 noxalis
987 727 1071 758 aetio

207 774 473 808 accommodetur
490 794 499 810 ,
532 779 605 801 cum
630 767 685 810 ipfi
702 769 938 800 commodatori
956 769 1071 813 autio-

208 817 311 849 catori
331 817 370 847 de
394 812 536 845 custodia
553 817 740 848 teneantut;
763 810 813 841 illa
832 818 937 841 autem
956 810 987 841 in
1005 810 1071 851 ipe-

210 860 261 891 cie
285 858 330 888 eis
349 865 412 887 non
438 854 530 885 detur
554 862 594 884 ex
617 852 687 893 lege
713 852 837 892 Aquilia
856 850 958 883 aetio:
983 855 1070 892 quip=

207 910 248 942 pe
273 907 346 930 cum
369 895 424 937 ipsi
441 894 591 926 haetenus
614 893 853 925 commodatori
879 899 931 923 aut
949 893 1071 924 locato-

208 943 235 974 ri
254 941 294 972 de
318 937 461 970 custodia
486 945 552 968 non
571 943 740 968 teneantur
757 956 766 973 ‚
797 933 849 966 sed
872 943 922 965 res
940 935 1073 967 domino

232 989 328 1014 ereat.

208 993 229 1024 p
250 1021 425 1065 Quaefitum
451 1018 527 1050 inde
555 1017 639 1059 apud
666 1015 796 1048 Paulum
818 1016 838 1049 l.
856 1026 905 1057 30.
927 1016 956 1057 §.
978 1025 1003 1048 1.
1030 1015 1072 1062 D.

209 1066 260 1098 Ad
276 1065 363 1105 legem
382 1061 533 1103 Aquiliam
551 1083 561 1098 ,
592 1059 612 1090 si
633 1057 739 1089 servus
768 1058 893 1098 pignori
918 1060 1007 1089 datus
1029 1067 1075 1089 in-

207 1108 285 1148 juria
304 1104 426 1136 occisus
450 1100 506 1140 fit,
529 1108 635 1132 utrum
659 1099 816 1138 debitori,
839 1108 877 1130 an
903 1099 1074 1138 creditori,

211 1150 377 1188 competat
409 1144 486 1185 legis
513 1141 646 1182 Aquiliae
673 1140 755 1172 actio
772 1141 789 1173 ἱ)
821 1140 953 1181 quaestio
978 1142 1009 1171 in
1033 1150 1074 1172 eo

211 1189 348 1220 vertitur
365 1210 374 1226 ,
405 1184 493 1226 quod
518 1183 647 1215 debitor
664 1182 812 1214 dominus
831 1182 874 1213 est
891 1205 902 1220 ‚
932 1182 1074 1213 creditor

212 1240 277 1263 non
296 1228 351 1261 est.
397 1227 458 1259 Sed
474 1225 570 1266 quid,
594 1223 615 1256 fi
637 1223 757 1255 intersit
779 1224 968 1261 creditoris,
992 1222 1074 1254 hanc

213 1272 374 1303 actionem
396 1268 424 1300 ei
450 1268 525 1299 ideo
547 1265 612 1298 dari
629 1288 639 1304 ,
666 1266 754 1306 quod
775 1266 903 1297 debitor
916 1264 1074 1295 solvendo

213 1323 278 1345 non
299 1312 364 1350 est,
387 1310 431 1341 ob
451 1308 608 1348 hujusque
623 1307 764 1347 inopiam
784 1307 812 1337 ei
831 1305 928 1338 inanis
945 1304 990 1337 est
1006 1315 1074 1346 per-

211 1354 327 1386 sonalis
349 1352 432 1383 aftio
452 1373 462 1390 ,
492 1350 523 1380 id
546 1348 610 1386 est,
634 1348 778 1379 debitum
802 1349 907 1388 perit:
936 1354 971 1378 ut
993 1347 1078 1378 bene

213 1395 372 1427 Martialis
399 1393 626 1433 iuterpretatur
648 1389 668 1422 l.
690 1399 718 1422 2.
743 1388 846 1433 Epigr.
865 1398 896 1433 3.
921 1388 969 1421 his
988 1387 1078 1421 ver-fi·

212 1437 283 1469 bus.

806 99 1122 140 Genium*
1159 99 1389 139 Noonr

1128 191 1131 196 '
1151 189 1237 222 Sexte
1255 191 1330 224 nihil
1343 193 1440 228 (leben
1462 191 1505 224 nil
1520 191 1618 232 debes,
1643 191 1748 233 Sexte,
1763 193 1913 235 fatemur:

1171 231 1264 263 Debet
1278 235 1372 272 enim,
1389 233 1418 272 fi
1434 235 1499 275 quis
1512 235 1635 273 solvere,
1660 234 1764 274 Sexte,
1783 237 1879 277 potest.

1111 272 1200 315 Quid
1218 296 1228 312 ,
1256 273 1278 305 fi
1301 275 1423 307 idcirco
1451 276 1619 308 creditoris
1644 276 1765 308 intersit
1783 301 1793 317 ‚
1825 279 1913 318 quod
1937 280 1975 311 ii-

1110 323 1176 345 tem
1202 322 1348 356 tempore
1365 316 1483 356 amisit,
1508 325 1583 358 puta
1599 341 1609 356 ‚
1633 318 1811 358 actionem,
1836 319 1976 352 redhibi⁴

1111 357 1245 395 toi-iam,
1268 359 1377 396 quanti
1402 358 1551 397 minoris,
1575 359 1627 390 vel
1647 360 1779 391 similem
1802 369 1873 401 quae
1896 369 1976 392 tem-

1109 406 1190 437 pore
1210 396 1319 430 finitur
1334 399 1351 430 ,9
1380 398 1506 430 constat
1528 403 1630 438 enim,
1660 401 1827 440 principali
1844 402 1973 434 actione

1110 447 1167 479 per
1183 438 1453 480 praescriptionem
1475 440 1617 479 sublata,
1643 442 1849 475 nihilominus
1872 443 1977 484 hypo·

1111 479 1283 511 thecariam
1301 481 1460 513 astionem
1480 481 1652 522 superesse,
1684 484 1817 514 durante
1842 484 1978 516 naturali

1110 520 1309 562 obligatione
1331 523 1350 552 l.
1374 532 1421 563 27.
1448 522 1490 554 D.
1514 525 1547 554 tle
1562 526 1732 565 pignoribus
1747 524 1784 559 ὃ*
1801 526 1975 566 hypothecis.

1110 562 1128 593 l.
1140 573 1191 602 59=
1216 562 1258 594 D.
1278 563 1327 594 Ad
1345 564 1630 605 Senatusconsztltum
1650 565 1868 597 Trebellianum.
1895 566 1978 598 Haec'

1110 603 1246 644 quaestio
1277 606 1305 635 cl.
1329 604 1357 646 §.
1381 615 1405 636 1.
1427 606 1445 636 l.
1464 612 1515 646 30.
1548 608 1579 638 in
1611 616 1671 647 qua
1703 606 1876 648 respondet
1900 608 1978 640 Pau-

1111 645 1179 683 lus,
1203 645 1338 677 dandam
1364 646 1490 687 utrique
1516 647 1577 679 effe
1602 648 1778 680 actionem:
1811 649 1842 680 id
1859 649 1922 688 est,
1948 649 1980 681 ὅτι

1114 686 1289 724 creditori,
1313 687 1341 717 ἃ
1360 687 1516 719 debitori:
1540 690 1690 721 creditori
1714 690 1843 730 quidem
1864 691 1979 723 utilem

1113 727 1205 768 (quae
1229 727 1258 758 δι
1282 728 1366 768 quast
1393 729 1519 769 Aquilia
1548 731 1726 771 appellatur
1750 733 1778 762 d.
1801 732 1820 762 l.
1838 731 1907 772 27.)
1931 741 1981 763 us·

1114 777 1177 808 que
1201 770 1240 801 ad
1261 769 1390 801 modum
1423 770 1548 810 debiti,
1580 778 1677 812 atque
1702 779 1738 802 ut
1763 781 1831 804 eam
1863 773 1980 804 debito

1115 810 1254 851 imputet
1270 833 1280 849 ,
1311 811 1342 842 id
1361 810 1406 842 est
1424 835 1433 848 ‚
1465 819 1498 842 ut
1516 835 1526 851 ,
1559 812 1579 844 fi
1600 814 1744 844 debitum
1763 813 1979 854 consequutus

1116 850 1172 889 fit,
1196 852 1376 883 debitorem
1393 852 1525 884 liberet:
1556 854 1693 885 debitori
1724 864 1803 886 vero
1828 855 1982 887 directam

1115 892 1145 923 in
1164 893 1228 923 hoc
1246 894 1332 932 quod
1349 893 1492 925 debitum
1510 896 1649 926 excedit.
1684 895 1746 927 Sed
1762 897 1850 934 quod
1868 896 1909 927 de
1925 897 1982 928 de-

1115 933 1221 964 bitore
1243 933 1349 964 scribit
1375 934 1504 973 Paulus,
1529 937 1717 968 veriffimum
1741 936 1805 976 est,
1830 946 1902 969 cum
1928 938 1984 969 de-

1116 975 1204 1006 bitor
1227 975 1376 1007 dominus
1402 976 1455 1007 iit:
1489 977 1540 1008 sed
1563 978 1593 1009 in
1618 979 1779 1009 creditore
1797 980 1848 1019 qui
1868 988 1985 1020 proce-

1118 1017 1164 1047 dit
1182 1016 1199 1047 ?
1229 1017 1366 1048 maxime
1387 1026 1459 1048 cum
1485 1018 1510 1048 is
1531 1027 1597 1049 non
1623 1018 1661 1050 fit
1686 1019 1858 1059 dominus3
1892 1020 1919 1051 δι
1947 1021 1984 1052 in

1118 1058 1375 1089 commodatario
1399 1067 1512 1089 contra
1537 1058 1718 1099 responsum
1743 1060 1801 1099 fit,
1831 1071 1871 1093 eo
1893 1061 1983 1101 quod

1118 1099 1266 1130 dominus
1285 1108 1349 1130 non
1371 1099 1426 1131 est.
1466 1100 1530 1131 Sed
1554 1098 1673 1140 refert,
1702 1102 1793 1142 quod
1817 1102 1985 1139 creditor3

1118 1140 1173 1171 etii
1196 1140 1344 1172 dominus
1366 1149 1432 1171 non
1458 1139 1511 1179 fit,
1543 1147 1648 1173 tamen
1674 1142 1702 1173 ἃ
1723 1142 1771 1181 J'us
1790 1143 1820 1173 in
1837 1153 1872 1175 re
1893 1143 1912 1173 l.
1934 1152 1984 1179 19.

1118 1180 1160 1213 D.
1184 1182 1217 1212 de
1233 1182 1336 1212 damno
1351 1182 1476 1220 infecto,
1505 1183 1524 1213 l.
1548 1192 1597 1224 30.
1624 1183 1663 1214 D.
1687 1184 1720 1213 de
1738 1184 1888 1215 noxalibus
1909 1184 1985 1215 asti-

1116 1224 1217 1253 onibus
1231 1246 1240 1260 ‚
1267 1223 1296 1254 ἀ
1321 1223 1351 1254 in
1375 1232 1441 1254 rem
1459 1222 1617 1255 actionem
1642 1224 1739 1255 habet
1759 1224 1789 1266 ὃ.
1808 1235 1835 1265 7.
1862 1223 1933 1266 Inst.
1948 1227 1986 1256 de

1117 1263 1294 1296 enitionibus.-
1316 1264 1586 1296 commodatarius
1612 1275 1690 1297 vero
1709 1275 1813 1306 neque
1831 1267 1986 1298 dominus

1118 1304 1182 1343 est,
1206 1313 1310 1345 neque
1333 1305 1382 1344 jus
1409 1308 1440 1336 in
1466 1315 1525 1345 re,
1548 1315 1654 1346 neque
1681 1307 1710 1337 in
1735 1316 1801 1338 rem
1821 1307 1987 1340 aaronem

1120 1346 1237 1385 habet,
1255 1346 1389 1387 proinde
1400 1355 1464 1377 non
1482 1347 1610 1378 interest
1628 1349 1893 1387 commodatarii3
1910 1358 1985 1381 cum

1120 1396 1169 1419 res
1185 1397 1249 1419 non
1269 1388 1317 1425 ei,
1334 1387 1385 1418 sed
1400 1387 1534 1419 domino
1551 1397 1680 1429 pereat:
1704 1390 1871 1422 creditoris
1888 1391 1985 1421 inter-

1121 1428 1186 1473 est,
1208 1429 1375 1464 cum&illi
1392 1438 1504 1474 pereat
1524 1439 1596 1471 res,
1619 1438 1824 1464 non-tantum
1839 1431 1987 1464 domino.

913 1550 1123 1589 CAPUT
1173 1549 1280 1590 XII.

427 1656 478 1698 De
501 1658 701 1709 ‘estimatione
727 1656 813 1704 occist
837 1659 970 1694 hominis
994 1667 1049 1696 aut
1069 1651 1192 1706 pceudis
1216 1671 1255 1695 ex
1275 1661 1376 1707 primo
1401 1661 1497 1707 capite
1523 1659 1599 1707 Iegis
1625 1656 1769 1706 Aquilia.

264 1764 390 1808 uperest
410 1787 419 1802 ‚
451 1772 486 1795 ut
511 1764 550 1795 de
576 1762 665 1794 exitu
684 1762 817 1793 actionis
846 1763 925 1804 legis
945 1764 1077 1805 Aquiiiae

210 1768 257 1841 S
286 1807 498 1847 disputemus:
521 1806 546 1835 is
563 1812 668 1835 exitus
692 1803 755 1842 est,
780 1811 815 1834 ut
838 1813 891 1844 qui
914 1804 1077 1838 hominem

213 1857 267 1881 aut
282 1850 440 1890 pecudem
458 1846 567 1886 injuria
585 1844 727 1882 occidit,
750 1844 884 1876 domino
903 1847 981 1877 tanti
1000 1857 1077 1878 con-

214 1892 402 1926 demnetur,
426 1887 534 1924 quanti
559 1887 589 1917 in
616 1895 656 1917 eo
672 1893 757 1917 anno
782 1886 909 1926 plurimi
932 1885 1005 1919 fuit.
1032 1888 1078 1920 id-

215 1941 278 1972 que
300 1930 498 1971 consequens
517 1927 562 1960 est
577 1927 654 1968 legis
677 1925 840 1966 clausulae,
865 1927 981 1972 Quanti
1003 1930 1032 1960 id
1047 1931 1080 1960 in

217 1984 246 2004 eo
269 1983 344 2004 anno
362 1971 481 2013 plurimi
495 1971 579 2009 fuit,
605 1974 719 1999 tantum
735 1978 771 1999 aes
786 1970 855 1999 dare
875 1971 986 2001 domino
1002 1971 1079 2001 dam-

215 2024 270 2046 nas
284 2012 355 2055 esto:
379 2022 439 2052 qua
461 2010 594 2042 clausula
612 2009 777 2042 aestimatio
799 2010 903 2042 damni
920 2011 982 2042 dati
999 2011 1079 2042 indi-

215 2056 345 2097 gitetur.
371 2063 407 2085 ea
430 2053 564 2084 clausula
586 2052 657 2083 anni
675 2051 845 2090 meminit,
876 2052 905 2083 ὅ(
931 2052 1016 2083 hunc
1034 2062 1081 2083 re-

217 2095 352 2129 trorsum
378 2102 568 2135 computat,
607 2101 648 2124 ex
679 2102 745 2132 quo
771 2093 841 2132 quis
869 2092 992 2124 occisus
1016 2093 1080 2132 est,

216 2138 361 2179 repetitis
388 2136 540 2168 trecentis
566 2135 707 2175 quinque
732 2134 762 2165 ὃ(
786 2133 946 2175 sexaginta
968 2135 1080 2166 diebus

217 2180 237 2211 l.
255 2189 305 2219 51.
331 2178 360 2220 §.
380 2188 408 2209 2.
434 2176 473 2208 D.
499 2177 549 2207 Ad
576 2177 664 2217 legem
691 2175 867 2216 Aquiliam:
898 2185 967 2217 quae
992 2184 1080 2207 certa

217 2220 421 2261 computatio
455 2217 525 2255 est,
560 2216 581 2248 fi
612 2217 664 2257 qui
697 2215 866 2248 mortifere
897 2217 1081 2250 vulneratus

216 2262 302 2300 fuit,
327 2260 428 2292 statim
446 2266 591 2291 mortuus
614 2256 669 2288 est.
694 2256 746 2288 sed
763 2257 839 2298 quid
858 2281 867 2296 ,
897 2258 917 2290 fi
938 2266 1081 2291 mortuus

217 2303 254 2335 sit
279 2301 348 2342 post
376 2302 505 2342 longum
530 2298 764 2330 intervallum?
796 2309 860 2330 non
888 2306 1082 2340 aeque‘certa

218 2344 422 2384 computatio
441 2342 584 2373 videtur:
607 2339 759 2379 liquidem
776 2339 885 2372 Celsus
905 2349 1020 2373 annum
1036 2342 1082 2373 in-

218 2387 259 2417 de
285 2384 488 2421 numeravit,
519 2392 558 2414 ex
583 2391 648 2422 quo
667 2380 767 2412 homo
787 2391 931 2413 mortuus
949 2392 959 2421 3
991 2382 1082 2422 julia·

219 2436 297 2464 nuS,
321 2435 360 2457 ex
377 2435 442 2464 quo
466 2424 648 2456 vulneratus
664 2422 718 2454 est.
742 2431 963 2464 argumentum
990 2423 1083 2456 Celso

220 2468 283 2499 fuit
301 2491 310 2506 ,
344 2468 431 2507 quod
456 2473 656 2497 momentum
673 2465 768 2496 caedis
785 2466 963 2505 mortisque
987 2473 1040 2496 aut
1059 2466 1082 2497 i-

221 2511 296 2540 dem
313 2508 402 2539 venit
417 2531 427 2546 ,
458 2515 511 2538 aut
535 2516 600 2538 non
624 2505 798 2546 separatum
819 2506 970 2539 habetur:
993 2506 1085 2546 Julia-

221 2559 267 2582 no
284 2572 294 2587 ,
317 2550 405 2588 quod
429 2549 580 2580 occidere
605 2547 637 2579 in
667 2547 726 2578 hac
751 2548 820 2588 lege
840 2557 905 2579 non
927 2548 971 2579 ita
994 2557 1085 2579 acce-

249 2599 314 2622 tum
334 2590 400 2628 est,
422 2589 505 2630 quasi
529 2599 585 2621 eos
604 2588 837 2629 complectatur
857 2596 981 2621 tantum
998 2613 1007 2627 ,
1032 2588 1085 2629 qui

222 2601 388 2664 {ominem
411 2631 454 2661 ita
476 2631 643 2662 vulnerant
661 2651 671 2668 ,
704 2638 738 2661 ut
764 2630 788 2660 is
807 2629 907 2662 statim
926 2629 1086 2670 exspiret3

222 2673 277 2706 sed
304 2673 363 2703 hos
389 2680 544 2712 quoque,
576 2680 712 2711 quorum
738 2680 778 2702 ex
804 2671 935 2702 vulnere
962 2679 1086 2703 certum

224 2715 270 2747 est
291 2713 456 2745 hominem
479 2713 543 2743 vita
561 2712 756 2743 excess'urum
775 2712 853 2743 ess‘c:
876 2713 957 2744 adeo
975 2713 1086 2744 vulne-

224 2764 310 2789 ratus
335 2754 434 2786 homo
460 2754 503 2785 illi
521 2753 582 2793 jam
610 2760 677 2784 tum
702 2752 824 2784 occisus
846 2754 989 2792 videtur,
1013 2763 1086 2786 cum

223 2798 408 2828 vulneratus
434 2794 478 2826 est
497 2817 506 2833 ,
539 2794 591 2825 sed
617 2794 721 2825 caedes
742 2803 783 2825 eo
805 2804 935 2826 mortuo
960 2797 1089 2827 demum

226 2836 403 2880 apparuiffe
434 2835 631 2876 intelligitur.
681 2835 756 2867 Hoc
780 2835 893 2876 Juliani
927 2845 1091 2877 argumen-

228 2889 318 2916 tum3
349 2878 398 2917 ἂ,
429 2877 450 2909 fi
473 2875 613 2917 Ulpiano
636 2874 714 2907 fides
732 2900 742 2915 ,
773 2876 825 2908 usu
843 2879 981 2910 obtinuit
1000 2878 1020 2910 l.
1038 2887 1088 2910 21.

223 2930 271 2964 pr.
296 2919 332 2955 ὅ)
354 2919 384 2962 §.
406 2928 432 2951 1.
456 2918 500 2950 D.
524 2918 573 2949 Ad
590 2918 676 2959 legem
693 2918 852 2959 Aquiliam.

270 2963 368 3003 Igitur
391 2960 499 3001 quanti
523 2958 623 2990 homo
654 2957 716 2989 fuit
740 2968 780 2989 eo
805 2961 835 2990 in
859 2969 942 2990 anno
959 2982 970 2999 ,
1009 2959 1089 2991 tanti

230 3003 395 3036 homicida
411 3001 652 3033 condemnatur.
676 2999 773 3039 idque
789 3001 978 3039 expeditum
997 3000 1042 3032 est
1058 3001 1090 3032 in

231 3055 273 3076 eo
297 3044 350 3084 qui
374 3052 457 3074 anno
473 3042 571 3082 major
590 3040 766 3072 occiditur:
789 3051 898 3072 verum
915 3042 944 3072 in
968 3041 1090 3073 infante

233 3085 453 3117 difficultatem
472 3083 586 3124 recipit
601 3105 610 3121 ‚
634 3081 654 3113 fi
679 3081 773 3121 periit
795 3082 875 3112 intra
893 3091 1007 3113 annum
1027 3092 1092 3122 quo

234 3135 325 3157 natus
350 3125 420 3157 est:
449 3125 520 3164 quia
546 3125 589 3156 illi
621 3132 686 3154 non
717 3123 872 3154 convenit
905 3122 1093 3163 aestimatio,

235 3167 345 3205 quanti
360 3168 384 3198 is
401 3168 430 3197 in
450 3175 490 3196 eo
506 3175 589 3197 anno
603 3164 728 3205 plurimi
746 3163 852 3195 fuerit.
876 3163 938 3194 Sed
956 3164 1093 3203 placuit,

234 3208 339 3249 legem
361 3207 520 3248 Aquiliam
534 3210 567 3240 in
582 3205 724 3246 infante,
747 3206 801 3247 qui
819 3214 902 3237 anno
920 3206 1023 3238 minor
1044 3214 1096 3237 oc-

1121 1765 1256 1803 ciditur,
1279 1773 1342 1796 non
1367 1764 1500 1805 intelligi
1516 1764 1579 1802 ita,
1604 1771 1638 1794 ut
1657 1763 1722 1802 ejus
1744 1761 1838 1807 verba
1857 1759 1987 1801 sonarit.

1121 1806 1254 1843 sedita,
1276 1813 1311 1836 ut
1329 1814 1417 1837 mens
1438 1808 1466 1836 <St
1494 1805 1648 1836 sententia
1666 1805 1731 1844 ejus
1751 1811 1888 1843 patitur:
1914 1804 1943 1835 ὅ(
1966 1804 1991 1835 i-

1122 1847 1185 1878 deo
1203 1848 1335 1887 perinde
1353 1847 1476 1886 accipi,
1495 1845 1579 1887 quali
1599 1847 1697 1883 velit,
1722 1844 1875 1877 infantem
1892 1852 1963 1876 eum
1975 1866 1990 1884 ‚

1122 1887 1230 1927 quanti
1249 1886 1309 1918 hac
1325 1889 1397 1919 anni
1418 1895 1506 1928 parte
1521 1911 1530 1925 ,
1553 1894 1615 1928 qua
1638 1887 1736 1924 vixit,
1760 1885 1886 1926 plurimi
1906 1884 1991 1924 fuit,

1122 1929 1232 2000 saltlem
1259 1931 1338 1961 tanti
1359 1928 1502 1962 aestimari
1519 1929 1538 1961 l.
1549 1938 1599 1970 23.
1619 1928 1647 1970 §.
1661 1938 1689 1969 7.
1709 1927 1750 1959 D.
1770 1927 1819 1959 Aa
1838 1927 1925 1969 legem
1944 1926 1992 1960 A·

1141 1979 1172 2001 m
1186 1979 1255 2001 tam.

1121 1980 1139 2012 q
1162 2011 1215 2042 Ait
1233 2011 1287 2043 lex
1302 2033 1312 2049 ,
1345 2009 1482 2042 Plurimi.
1526 2010 1602 2043 Hoc
1626 2010 1729 2042 verbo
1755 2010 1807 2042 illa
1832 2007 1992 2055 sententia

1121 2052 1329 2092 exprimitur:
1351 2060 1404 2091 ut,
1437 2051 1459 2083 fi
1476 2052 1546 2091 quis
1566 2052 1731 2083 hominem
1755 2059 1844 2082 tuum
1861 2050 1993 2082 occide-

1121 2093 1161 2124 rit
1178 2113 1188 2131 ,
1220 2094 1273 2134 qui
1296 2093 1393 2124 hodie
1416 2093 1547 2124 claudus
1575 2100 1628 2124 aut
1655 2102 1783 2124 mancus
1809 2099 1862 2123 aut
1884 2091 1991 2123 luscus

1122 2134 1182 2165 erit
1195 2155 1203 2170 ,
1227 2134 1279 2174 qui
1302 2135 1332 2164 in
1351 2143 1392 2165 eo
1408 2143 1492 2165 auno
1514 2135 1639 2175 integer
1659 2141 1712 2165 aut
1731 2132 1885 2174 pretiosus
1902 2130 1992 2171 fuit,

1122 2184 1187 2207 non
1206 2175 1284 2206 tanti
1303 2177 1589 2215 teneatur,quauti
1608 2175 1705 2206 hodie
1726 2174 1803 2212 erit,
1820 2172 1872 2205 sed
1892 2182 1994 2213 quan-

1124 2218 1147 2247 ti
1173 2217 1204 2247 in
1231 2226 1271 2247 eo
1296 2225 1380 2247 anno
1404 2216 1527 2255 plurimi
1556 2215 1654 2247 fuerit
1700 2225 1753 2253 .9.
1781 2214 1855 2255 Inst.
1881 2215 1914 2245 de
1930 2214 1992 2254 lege

1124 2257 1257 2299 Aquilia.
1304 2256 1496 2297 Exemplum
1515 2258 1546 2289 in
1566 2257 1646 2299 l.23.
1692 2249 1800 2298 .3.⁴D.
1824 2256 1875 2287 Ad
1900 2255 1992 2301 legem

1124 2298 1295 2340 Aquiliam:
1306 2302 1497 2339 proponitur
1513 2298 1556 2330 ibi
1572 2300 1719 2339 praecii‘us
1737 2297 1880 2339 pretioso
1889 2298 1993 2337 pieto-

1126 2341 1151 2372 ri
1168 2340 1295 2381 pollex:
1318 2339 1401 2371 idem
1426 2340 1527 2379 pictor
1552 2341 1667 2372 deinde
1692 2337 1817 2370 occisus
1835 2339 1916 2370 intra
1937 2346 1992 2369 an·

1126 2391 1200 2413 num
1217 2404 1226 2420 ,
1251 2390 1315 2422 quo
1333 2381 1479 2421 praecisus
1498 2384 1526 2412 ei
1548 2380 1593 2412 est
1608 2382 1735 2422 pollex:
1760 2381 1789 2412 ἃ
1808 2380 1848 2411 de
1862 2379 1933 2420 lege
1950 2379 1993 2409 A.

1126 2423 1222 2463 quilia
1240 2422 1398 2462 quaeritur.
1425 2423 1468 2453 ait
1484 2421 1656 2462 Ulpianus,
1682 2421 1761 2463 Pvffe
1780 2420 1875 2463 [eum]
1892 2421 1989 2461 Aqui-

1126 2464 1167 2495 lia
1192 2473 1274 2506 agere
1292 2474 1301 2495 .·
1327 2465 1474 2505 pretioque
1496 2473 1525 2494 eo
1544 2462 1741 2504 aestimandum
1758 2485 1767 2499 .
1798 2463 1904 2504 quanti
1920 2461 1991 2501 fuis

1123 2506 1227 2547 prius,
1248 2514 1336 2546 quam
1351 2512 1440 2535 artem
1463 2514 1526 2536 cum
1548 2505 1648 2545 pollzce
1664 2503 1802 2545 amififfet.
1851 2503 1896 2534 lta
1915 2501 1994 2533 Flo-

1128 2555 1237 2578 rentiae
1261 2547 1398 2586 legitur:
1426 2545 1478 2578 sed
1505 2546 1611 2586 placet
1628 2545 1791 2587 ingeniosa
1816 2544 1846 2576 dt
1863 2544 1991 2589 elegans

1128 2587 1311 2627 conjectura
1325 2587 1438 2627 jacobi
1456 2587 1574 2626 Cujacii
1594 2608 1604 2625 ,
1636 2588 1694 2618 viri
1714 2586 1823 2618 summi
1842 2585 1872 2616 ἂ
1891 2584 1993 2616 erudi-

1129 2628 1249 2661 tiffimi:
1278 2630 1331 2667 qui
1350 2637 1408 2668 pro
1423 2651 1433 2666 ‚
1461 2627 1533 2668 poffe
1551 2637 1615 2658 eum
1631 2627 1752 2670 Aquilia
1771 2635 1872 2668 agere,
1905 2624 1994 2656 resti-

1129 2672 1209 2709 tuit,
1227 2669 1302 2711 poffe
1320 2679 1398 2700 erum
1415 2669 1541 2711 Aquilia
1562 2677 1664 2709 agere.-
1696 2667 1866 2710 praefatus,
1891 2665 1993 2712 Vete-

1129 2721 1178 2744 res
1195 2721 1275 2742 erum
1292 2711 1321 2742 ὅ(
1344 2711 1443 2742 herum
1468 2719 1526 2751 pro
1550 2710 1683 2741 domino
1701 2708 1881 2750 promiscue
1896 2708 1994 2754 dms:

1130 2752 1180 2792 se;
1203 2760 1290 2791 tum,
1312 2761 1399 2790 eum,
1429 2751 1460 2782 id
1481 2750 1525 2783 est
1542 2775 1552 2789 ,
1583 2751 1706 2783 servum
1725 2751 1880 2790 pictorem
1899 2772 1909 2788 ‚
1940 2757 1994 2780 cut

1132 2794 1162 2826 ὅ(
1178 2795 1288 2835 pollex
1315 2791 1461 2834 praecisus
1479 2815 1489 2831 ,
1519 2793 1549 2824 ἀ
1567 2793 1632 2823 vita
1653 2793 1801 2833 adempta
1825 2790 1892 2828 est,
1920 2790 1995 2836 lege
2020 2788 2039 2808 s

1132 2836 1258 2876 Aquilia
1282 2834 1369 2875 posse
1392 2844 1485 2875 agere
1500 2858 1511 2874 ,
1541 2833 1698 2867 dicturum
1723 2835 1884 2866 neminem
1899 2854 1910 2871 ,
1940 2840 2000 2863 cui.

1132 2876 1240 2909 sanum
1257 2875 1391 2916 sinciput
1406 2875 1459 2909 est.
1950 2915 1957 2920 ῃ

1171 2917 1253 2950 illud
1279 2916 1416 2957 superest
1432 2940 1442 2956 ,
1473 2924 1507 2948 ut
1534 2916 1695 2949 videamus
1711 2938 1721 2954 ,
1759 2924 1831 2947 cum
1855 2915 1906 2946 lex
1930 2921 1994 2953 ait,

1133 2958 1376 3004 Quanstfnerzt,
1400 2965 1504 2990 utrum
1530 2967 1647 2998 corpus
1664 2957 1764 2990 solum
1783 2956 1994 3001 aestimemus,

1134 3001 1243 3042 quanti
1260 2999 1357 3031 fuerit
1373 3022 1383 3038 ,
1414 3009 1485 3031 cum
1503 3002 1707 3031 occideretur
1722 3021 1731 3036 ,
1760 3007 1798 3029 an
1823 3005 1929 3034 quanti
1947 3006 1995 3027 in-

1135 3041 1283 3073 terfuerit
1298 3041 1422 3078 nostra,
1443 3051 1507 3073 non
1526 3041 1588 3073 effe
1606 3039 1755 3072 occisum.
1797 3037 1917 3069 Movet
1935 3038 1993 3069 du·

1135 3084 1241 3122 hlutri,
1266 3083 1352 3123 quod
1371 3082 1440 3113 haec
1459 3083 1555 3114 verba
1573 3106 1583 3121 ,
1614 3081 1731 3129 Quanti
1747 3088 1796 3125 'res
1818 3076 1875 3118 est,
1897 3078 1918 3110 fi
1936 3088 1993 3109 eo-

1135 3134 1203 3156 rum
1225 3124 1402 3165 proprietas
1420 3125 1585 3165 quaeritur,
1609 3132 1674 3154 non
1692 3121 1776 3166 adid
1795 3121 1997 3165 quod-inter-

1135 3166 1182 3197 est
1201 3165 1381 3197 referuntur
1398 3187 1408 3202 ‚
1438 3164 1489 3196 sed
1506 3166 1545 3197 ad
1563 3173 1669 3195 veram
1685 3170 1728 3193 rei
1753 3161 1994 3192 aestimationem

1137 3207 1157 3240 l.
1180 3216 1247 3248 179.
1278 3206 1315 3243 ἐξ
1337 3207 1357 3239 l.
1377 3215 1443 3248 1953.
1469 3205 1511 3238 D.
1538 3207 1573 3237 de
1598 3205 1750 3236 verborum
1765 3200 1992 3273 fignificatione.

1931 3266 1936 3273 .
1958 3251 1993 3272 u-
