2036 3495
159 111 207 145 60

164 198 234 230 beri.
257 197 392 230 Isidorus
408 194 456 226 lib.
477 197 523 228 13.
542 201 565 223 c.
582 202 630 232 47.
671 190 888 232 Thymelicos
905 189 1046 230 explicat

167 239 303 271 musicos
327 237 479 268 scaenicos
506 234 560 273 qui
586 233 712 273 organis
737 231 849 263 &liris
869 231 897 262 &
916 230 1046 262 citharis

165 279 404 321 praecinebant3
429 276 458 306 ὅ(
483 274 585 305 dic‘tos
611 274 704 311 inde,
727 273 816 313 quod
839 272 916 303 olim
934 272 965 304 in
986 271 1046 303 Or-

166 322 289 352 chelii-a
305 319 440 354 stantes,
465 315 636 347 cantabant
654 313 747 355 super
763 314 940 354 pulpitum,
958 314 1048 352 quod

167 363 268 400 θυμὲλν,
295 359 482 390 vocabatur.
508 357 681 389 cantabant
705 363 812 387 autem
830 356 939 387 laudes
957 354 1046 387 Deo-

167 412 256 440 rum,
273 404 303 431 in
319 409 455 440 quorum
466 399 627 430 honorem
643 397 824 429 edebantur
834 397 907 429 ludi.
932 397 1048 435 Porro,

168 453 251 484 quos
269 441 440 483 Exysticos
459 449 556 472 vocat
572 439 758 471 Florentina
774 439 871 470 leetio
889 439 973 479 apud
992 437 1047 469 Ul·

166 486 318 526 pianum,
342 483 375 514 hi
400 484 433 514 in
459 483 526 514 aliis
543 481 631 514 libris
654 482 803 513 dicuntur
820 479 957 522 Xystici.
980 479 1050 510 sunt

167 534 277 558 autem
295 526 446 564 athletae3
471 524 545 556 disti
563 533 580 555 a
597 522 704 565 Xysto
716 545 725 561 ,
749 523 782 553 id
799 522 863 560 est,
887 531 904 552 a
922 522 1052 562 porticu

166 568 271 609 ampla
284 567 472 605 latitudine,
490 566 521 597 in
541 575 602 606 qua
621 565 723 596 solent
740 573 798 604 pei·
814 563 957 604 hyberna
975 571 1052 593 tem·

164 618 246 650 pora
264 608 356 640 tectis
375 608 479 640 stadiis
506 607 671 645 exerceri3
696 613 732 637 ut
752 604 919 636 Vitruvius
942 604 1052 635 auctor

167 650 215 682 est
228 651 276 682 lib.
294 661 325 691 5.
346 650 393 681 De
407 648 554 681 arcoireer.
570 658 593 679 c.
611 657 663 680 xi.
682 648 868 688 Agitatores
886 646 955 678 sunt
970 646 1051 677 auri-

165 703 234 735 gae,
258 693 289 724 in
314 693 395 724 ludis
423 690 625 723 Circensibus
649 688 711 720 sese
732 696 925 720 exercentes
950 687 1051 719 curuli

166 734 355 766 certamine.
393 733 464 766 Hos
482 739 589 763 tamen
606 730 795 762 inhonestos
814 738 911 760 vocat
927 729 947 760 l.
966 739 995 767 4.
1016 728 1051 759 C.

167 775 366 816 despefi‘acnl.
383 775 430 806 lib.
445 784 497 806 xi.
515 774 560 804 tir.
574 782 624 812 40.
644 772 800 812 Etprope
810 770 960 802 assentior
977 769 1053 802 Eru-

167 818 319 850 ditisfimo
338 816 437 855 Viro,
457 816 580 856 Jacobo
599 814 749 854 Cujacio,
766 813 844 844 Com.
863 814 901 844 aci
916 822 982 844 eum
998 812 1051 843 loc.

167 859 357 892 existimanti
369 882 378 897 ,
395 859 449 889 vix
469 857 530 889 ess‘e
543 880 552 895 ,
569 864 604 888 ut
620 855 714 896 poffit
729 864 766 886 ea
784 855 836 887 lex
852 863 924 886 cum
945 852 1053 894 Ulpia-

166 911 212 933 no
235 900 411 932 conciliari.
453 899 678 940 Superioribus
704 895 862 936 Ulpianus
885 896 974 927 addit
995 904 1052 927 eos

168 942 346 983 quiaquam
365 942 456 982 equis
477 940 633 982 spargunt.
650 938 745 970 Putat
755 945 862 969 autem
878 936 1051 969 Rriffonius

165 985 214 1016 lib.
237 994 262 1016 1.
289 982 388 1015 Selebi.
406 983 498 1024 antiq.
517 993 538 1013 c.
560 991 617 1021 10,
644 980 797 1022 designari
821 988 878 1011 eos
902 979 955 1017 qui
982 977 1051 1010 Cir-

166 1025 310 1057 censibus
321 1023 540 1056 deservientes
550 1047 560 1063 ,
576 1032 679 1064 equos
691 1021 782 1053 cursu
800 1020 1031 1052 incalescentes
1041 1042 1052 1058 ,

166 1066 408 1108 perfundebant
423 1065 537 1107 frigida
554 1074 635 1105 aqua
652 1073 714 1104 qua
728 1061 902 1094 refocillati
919 1062 1052 1107 alacrius

167 1108 292 1140 cursum
311 1115 508 1149 repeterent.
540 1106 613 1138 Nec
623 1106 682 1137 alia
698 1104 742 1136 est
759 1103 918 1136 Desiderii
933 1102 1050 1133 Erasmi

165 1150 323 1182 sententia
349 1151 449 1191 Adag.
474 1148 548 1180 Chil-
574 1148 613 1179 ad
642 1147 738 1184 illud,
764 1145 922 1187 Frigidam
939 1153 1053 1185 aquam

165 1191 369 1231 suffundere,
383 1199 453 1233 pag.
473 1195 541 1231 843.
558 1189 612 1221 etsi
631 1190 656 1220 is
677 1188 771 1219 etiam
787 1187 869 1218 hanc
885 1185 990 1217 adfert
1008 1195 1052 1217 ra-

168 1236 310 1273 tionem3
334 1243 375 1265 ne
393 1241 489 1271 rotae,
507 1232 602 1262 nimia
619 1230 793 1272 agitatione
814 1227 1052 1266 fervescentes,

166 1275 326 1308 flammam
346 1275 568 1314 conciperent.
585 1271 781 1303 Est&tertia
798 1269 983 1309 conjectura
1002 1268 1052 1299 Al-

165 1317 241 1348 ciati
258 1317 307 1348 lib.
317 1321 346 1347 6.
360 1316 552 1358 Parerg.c.3.
565 1313 687 1345 solitam
707 1310 798 1343 fuisse
817 1310 918 1356 spargi
935 1319 1052 1350 aquam

165 1367 293 1391 crurum
303 1358 534 1389 abluendorum
546 1355 645 1387 causa.
662 1354 722 1385 Sed
736 1354 804 1384 haec
816 1361 924 1383 omnia
939 1352 1048 1392 (quod

167 1401 305 1432 dixerim
324 1409 403 1441 pace
420 1406 582 1430 tantorum
602 1396 763 1434 virorum)
781 1394 857 1426 mihi
878 1392 1049 1433 subfrigida

166 1443 329 1473 videntur.
374 1441 480 1481 Magis
505 1439 629 1470 accedo
653 1437 805 1476 Philippo
835 1435 984 1466 Rubenio
1011 1433 1049 1466 V.

168 1483 230 1516 CL.
248 1484 295 1514 lib.
308 1493 336 1514 2.
357 1482 438 1513 Elea
467 1491 491 1512 c.
506 1484 552 1514 18.
570 1478 785 1516 existimanti,
799 1486 864 1508 non
883 1475 945 1507 csse
963 1475 1053 1516 quod

164 1524 325 1565 Ulpianus
341 1524 441 1561 dicit,
465 1520 690 1561 accipiendum
708 1520 747 1550 de
764 1519 884 1560 vulgari
902 1518 1006 1558 aliqua
1023 1525 1051 1547 a·

165 1575 237 1607 qum
254 1564 471 1606 adspersione:
488 1562 541 1594 sed
558 1563 598 1593 de
614 1561 747 1592 solemni
759 1563 894 1600 quadam
906 1583 916 1598 ,
933 1560 962 1590 ἂ
979 1567 1052 1590 cum

164 1607 324 1649 religione
342 1605 529 1645 coniunCta,
545 1612 634 1644 aquae
653 1601 864 1643 adspersione.
890 1601 962 1632 sane
978 1609 1052 1631 cum

166 1647 335 1681 Circenses
360 1647 460 1679 essent
488 1646 551 1678 ludi
574 1644 651 1676 sacri
677 1644 707 1675 in
728 1643 887 1675 honorem
905 1641 1053 1673 Deorum

162 1692 262 1724 dicati
274 1700 284 1729 ;
296 1690 393 1722 moris
409 1687 522 1725 fuisse,
533 1694 569 1718 ut
580 1688 654 1726 equi
666 1685 818 1717 certaturi
829 1709 837 1722 ,
848 1686 935 1725 prius
947 1683 1052 1715 lustra-

164 1740 301 1771 rentur,
318 1732 348 1762 ἃ
364 1739 446 1770 aqua
463 1740 481 1761 e
500 1736 591 1760 certo
609 1728 685 1759 loco
702 1727 803 1768 petita
822 1726 1051 1767 spargerentur.

162 1774 364 1813 adducitque
380 1781 440 1814 pro
456 1771 487 1802 se
498 1769 663 1802 Rubenius
680 1769 800 1809 duplex
817 1768 1053 1799 testimonium:

162 1825 265 1849 :unum
283 1825 324 1847 ex
339 1814 385 1845 lib.
407 1823 433 1845 ι.
449 1810 593 1848 Charifii:
616 1811 751 1842 alterum
768 1819 808 1841 ex
827 1808 1053 1850 Hieronymo,

161 1857 246 1892 Vita
271 1855 448 1888 Hilarionis.
473 1852 641 1886 Postremo
659 1852 782 1892 excipit
798 1851 830 1882 in
849 1851 876 1882 d.
896 1852 915 1882 l.
933 1861 960 1890 4.
979 1849 1008 1891 §.
1029 1859 1053 1881 1.

161 1899 326 1941 Ulpianus
349 1895 565 1938 Defignatores.
609 1893 653 1926 Hi
669 1892 762 1925 fuere
780 1893 888 1924 arbitri
905 1891 1053 1924 certami—

165 1951 257 1975 num.
281 1939 434 1972 Donatus
446 1938 484 1969 ad
500 1936 695 1968 Terentium
712 1934 837 1975 Adelph.
860 1944 884 1966 ι.
902 1944 930 1966 2.
950 1943 977 1974 7.
997 1933 1055 1965 De·

162 1982 344 2026 signatores,
361 1982 482 2022 inquit,
499 1978 569 2010 dieii
580 1979 631 2019 qui
648 1977 725 2008 ludis
727 1977 904 2017 funebribus
908 1979 1038 2017 praesunt
1048 1985 1057 2004 .·

170 2026 253 2057 credo
269 2026 301 2056 ob
316 2033 378 2054 eam
393 2022 528 2060 cansam,
546 2021 622 2061 quod
636 2017 702 2060 ipsis
718 2018 796 2050 ludis
806 2018 899 2049 multa
911 2018 991 2057 fiant
1009 2027 1056 2047 πο·

170 2077 213 2098 va
231 2066 268 2101 ὅ)
280 2064 459 2107 Ῐρεὲἶηηιίας
470 2062 559 2101 finzul
574 2062 662 2092 eriam
677 2062 766 2091 turba
779 2062 949 2091 retineatur.
973 2058 1056 2089 Ter-

169 2109 325 2140 tullianus
353 2106 400 2137 De
426 2103 594 2146 spestaculis
629 2113 652 2134 c.
682 2112 727 2134 10.
747 2109 778 2142 p.
794 2111 828 2133 21
835 2112 862 2141 5.
888 2102 1060 2141 Apparacur

167 2151 261 2182 etiam
286 2158 323 2180 ex
346 2157 379 2178 ea
391 2152 475 2188 parte
498 2146 642 2186 consortes
666 2154 729 2185 qnae
754 2141 1059 2183 ari-scenamspestat:

172 2201 244 2224 nam
261 2200 280 2222 a
305 2189 418 2230 templis
434 2187 471 2223 ὅ)
486 2188 545 2218 aris
556 2211 564 2223 ‚
589 2186 625 2221 ὅ)
643 2186 694 2216 illa
712 2186 743 2215 in
754 2184 899 2224 felicitate
917 2185 1009 2214 thuris
1023 2182 1060 2216 ὅθ

163 2233 330 2275 sanguinis
345 2231 422 2261 incer
438 2230 523 2260 tibias
537 2228 572 2262 δ’
591 2229 674 2258 tubas
691 2228 769 2257 itur.
796 2227 908 2257 duobus
922 2227 1059 2266 inquina-

172 2274 286 2317 ziffimis
301 2273 418 2305 arbitris
423 2272 569 2312 funerum
587 2268 624 2304 &²
631 2274 807 2308 sacrorum,
829 2265 1008 2309 defignatore
1023 2264 1060 2300 ὅ)

194 2327 230 2349 ri
265 2325 315 2347 zce.

172 2327 191 2350 a
211 2318 350 2390 zIgleinde
366 2356 409 2386 ait
425 2354 568 2392 Praetor,
588 2351 719 2384 infamia
735 2351 860 2388 notari,
879 2349 945 2394 Qui
960 2350 1059 2381 lenoci-

175 2401 261 2432 nium
270 2399 389 2440 fecerit.
420 2395 578 2436 Ulpianus
596 2395 616 2427 l.
634 2405 660 2432 a.
677 2393 707 2435 §.
726 2402 753 2424 2.
773 2392 814 2423 D.
834 2393 861 2423 b.
882 2400 903 2422 ι.
924 2391 1062 2423 Lenoci-

174 2443 281 2480 nium,
298 2440 421 2480 inquit,
438 2437 519 2468 facit
537 2437 588 2477 qui
609 2435 755 2467 habuerit
772 2433 958 2474 quaestuaria
977 2442 1060 2465 man-

176 2484 279 2523 cipia:
303 2483 335 2513 id
359 2479 422 2518 est,
446 2487 481 2511 ut
498 2479 584 2509 idem
601 2477 673 2508 alibi
691 2477 792 2515 dicit,
817 2474 968 2516 quaestum
994 2484 1063 2506 cor-

176 2533 260 2564 pore
277 2522 437 2554 facientia.
462 2521 538 2552 inde
561 2520 640 2550 lenae
659 2527 730 2559 quae
746 2517 894 2549 mulieres
912 2516 1063 2557 quaestua-

176 2562 239 2598 rias
257 2563 451 2604 prostituunt
472 2563 492 2593 l.
509 2571 558 2603 43.
577 2561 605 2603 §.
627 2565 656 2592 6.
675 2559 711 2594 ὅ)
729 2568 758 2599 7.
779 2558 822 2590 D.
849 2560 882 2589 cie
900 2560 962 2590 ritu
978 2564 1062 2597 nupt.

177 2606 279 2640 Addit
297 2604 452 2645 Ulpianus
470 2605 497 2635 d.
515 2604 534 2634 l.
552 2613 581 2641 4.
603 2602 630 2644 §.
650 2612 678 2634 2.
701 2601 740 2632 D.
758 2601 784 2631 h.
801 2606 823 2631 t.
849 2599 915 2642 Qui
934 2600 965 2631 in
984 2600 1061 2632 libe-

179 2649 223 2681 ris
247 2647 333 2678 hunc
356 2645 508 2686 quaestum
531 2643 649 2683 faciat,
674 2643 705 2674 in
733 2642 847 2674 eadem
866 2640 957 2673 causa
982 2641 1062 2673 effe:

177 2698 241 2723 nec
268 2686 409 2726 referre,
432 2694 539 2718 utrum
565 2684 783 2726 principaliter
805 2683 869 2714 hoc
893 2684 1062 2724 negotium

178 2737 272 2774 gerat
288 2728 454 2768 lupanario
471 2728 634 2767 instituto,
659 2736 697 2758 an
718 2726 848 2758 alterius
867 2725 1062 2765 negotiatio-

179 2774 231 2806 nis
246 2769 442 2803 accessione:
465 2776 499 2800 ut
517 2776 614 2809 puta,
638 2777 742 2809 caupo
759 2767 840 2806 fuit,
863 2768 915 2798 vel
932 2766 1063 2797 stabula-

178 2816 265 2853 rius,
282 2813 311 2843 δι
329 2810 487 2849 mancipia
504 2811 575 2841 talia
593 2810 702 2842 habuit
719 2808 924 2840 ministrantia
937 2831 945 2846 ‚
960 2808 990 2839 ἀ
1007 2817 1062 2839 oc-

180 2856 310 2889 casione
327 2851 489 2884 ministerii
501 2852 653 2890 quaestum
670 2851 843 2882 facientia:
860 2848 924 2881 five
935 2850 1061 2881 balnea-

178 2907 237 2930 tor
253 2895 372 2934 fuerit;
394 2892 483 2924 velut
501 2892 532 2923 in
551 2893 739 2931 quibusdam
762 2891 940 2932 provinciis
959 2891 1013 2931 fit,
1031 2892 1061 2922 in

178 2940 318 2972 balineis
341 2936 381 2967 ad
402 2932 611 2965 custodienda
626 2934 814 2965 vestimenta
832 2933 993 2965 conduCta
1011 2933 1063 2964 ha-

180 2982 264 3014 bent
280 2976 438 3017 mancipia
455 2975 519 3006 hoc
537 2983 636 3015 genus
651 2975 853 3006 observantia
871 2975 903 3006 in
920 2974 1060 3006 officina.

179 3024 268 3055 adeo
284 3028 393 3052 autem
409 3017 474 3049 hoc
492 3016 597 3056 placet
615 3014 753 3054 Ulpiano
776 3018 804 3047 ci.
825 3016 853 3057 §.
869 3026 897 3048 2.
926 3024 962 3047 ut
985 3025 1064 3047 mox

209 3089 216 3095 .
239 3073 268 3105 3.
292 3061 436 3102 subjiciat
461 3067 501 3090 ex
519 3057 704 3096 Pomponio
721 3081 730 3095 ‚
754 3059 849 3089 etiam
869 3066 942 3089 eum
959 3059 1013 3098 qui
1031 3059 1064 3089 in

181 3064 339 3138 {rvitute
364 3099 534 3141 peculiaria
559 3098 715 3138 mancipia
739 3098 906 3137 prostituta
932 3100 1063 3140 habuit,

182 3147 288 3180 notari
307 3145 379 3186 post
395 3144 587 3175 libertatem.
612 3140 758 3180 quamvis
775 3139 859 3171 aliud
878 3140 940 3172 ell‘e
960 3140 1064 3173 existi-

182 3187 314 3222 mavitl.
325 3197 375 3227 24.
386 3185 429 3217 D.
440 3185 468 3216 h.
480 3190 501 3216 t.
519 3184 610 3224 (quae
627 3182 679 3213 lex
690 3180 734 3212 est
752 3180 971 3220 coniungenda
989 3192 1064 3214 cum

183 3232 213 3264 d.
227 3231 246 3265 l.
259 3237 287 3271 4.
301 3228 330 3270 §.
340 3237 370 3270 3.
388 3236 462 3262 cum
472 3233 608 3269 utraque
623 3222 711 3259 fitex
725 3221 844 3256 eodem
860 3220 990 3262 Ulpiani
1007 3224 1061 3258 lib.

592 99 1269 139 GERARD1NO0DT
1329 100 1537 135 Coum.

1088 193 1119 221 6.
1157 190 1207 221 Ad
1225 189 1394 231 EditSlum)
1411 189 1432 221 fi
1448 199 1518 229 quae
1535 190 1567 220 iu
1586 187 1738 221 servitute
1756 191 1907 230 quaestum
1919 191 1967 225 fe,

1090 232 1136 261 cit
1159 240 1314 271 corpore:
1340 242 1379 262 eo
1408 232 1495 271 quod
1513 230 1691 271 Imperator
1710 231 1845 265 Severus
1863 235 1971 267 rescri-

1090 271 1166 317 psit,
1181 272 1259 305 Non
1271 273 1395 304 offirll‘e
1414 273 1553 304 mulieris
1570 271 1663 304 famae
1682 273 1748 313 ejus
1766 275 1919 313 quaestum
1939 277 1971 309 in

1091 316 1243 358 servitute
1259 313 1388 346 factum.
1415 314 1444 345 δε
1462 314 1567 346 reste:
1593 323 1683 353 narn,
1700 317 1788 355 quod
1805 316 1972 349 Accurfius
1994 319 1997 322 '

1091 354 1256 394 observat,
1279 358 1382 396 agitur
1397 357 1498 387 altero
1516 356 1549 387 in
1573 356 1649 387 loco
1678 358 1718 387 de
1743 357 1860 388 lenone
1878 359 1973 390 ancil-

1092 396 1152 427 lam
1170 397 1401 436 proilituentc3
1417 398 1520 428 altero
1538 397 1578 428 de
1589 398 1700 429 ancilla
1717 399 1886 429 meretrice
1902 409 1974 440 pro·

1093 436 1211 468 stituta.
1236 439 1304 469 haec
1317 440 1347 470 in
1365 438 1394 470 se
1410 447 1525 480 peccat
1543 446 1665 470 tanturn
1677 463 1686 477 ,
1703 438 1784 479 saepe
1799 440 1920 472 coacta.
1936 442 1972 472 il-

1094 478 1124 525 le
1135 479 1229 510 etiam
1244 480 1274 510 in
1294 480 1376 511 hane
1395 488 1528 519 peccat,
1547 481 1576 511 <St
1595 481 1716 512 volens.
1737 480 1887 522 estigitur
1904 492 1973 522 gra-

1095 529 1164 566 vius
1182 521 1308 552 lenonis
1325 522 1493 561 delictum,
1515 522 1546 553 δι
1562 523 1714 563 majorem
1732 530 1872 554 meretur
1889 523 1976 558 seve-

1094 569 1233 593 ritatem.

1117 602 1299 651 ‘Sequente
1319 602 1419 648 Edisti
1437 605 1571 637 clausula
1591 612 1740 645 notatur,
1767 605 1832 650 Qui
1849 607 1880 637 in
1891 606 1975 648 jndi-

1094 654 1136 675 czo
1155 644 1267 684 publico
1290 648 1459 684 ccuumniae,
1479 649 1768 686 pravaricationisve
1792 648 1878 689 causti
1903 649 1975 689 quid

1088 685 1188 726 feciffe
1199 686 1352 726 judicatus
1366 688 1431 717 erit.
1478 687 1566 731 Quid
1583 689 1618 720 sit
1634 689 1825 721 Calumniari
1841 713 1849 728 ,
1875 690 1977 728 expli-

1094 737 1183 758 catur
1197 728 1216 758 l.
1240 736 1307 768 233.
1327 727 1368 758 D.
1386 730 1418 758 de
1434 731 1510 760 verb.
1524 729 1630 771 fignif.
1650 730 1687 765 ὅ)
1704 731 1721 761 l.
1744 740 1768 762 1.
1791 731 1832 762 D.
1860 732 1909 762 Aci
1925 731 1976 761 Se-

1095 775 1206 800 natusc.
1231 767 1342 809 Turpil.
1391 768 1592 802 Praevai-icari
1617 773 1694 812 quid
1711 772 1766 811 fit,
1791 773 1980 813 intelligitur
2023 768 2027 772 ’

1096 820 1136 842 ex
1153 811 1172 842 l.
1185 820 1211 848 4.
1224 809 1253 855 ᾗ.
1271 821 1298 848 4.
1316 809 1357 841 D.
1370 809 1397 840 b.
1418 817 1439 841 t.
1455 811 1474 841 l.
1493 820 1518 842 1.
1537 812 1580 843 D.
1600 814 1633 844 cie
1643 816 1799 853 praevaric.
1816 816 1834 845 l.
1848 824 1917 845 212.
1936 813 1981 845 D.

1097 854 1130 883 de
1139 851 1327 892 veroszgnif.
1345 850 1489 883 Notatur
1503 861 1609 885 autem
1625 854 1728 886 Edisti
1745 856 1850 887 verbis
1861 857 1981 887 caium-

1097 894 1202 925 niator
1221 893 1250 924 ἃ
1269 894 1518 935 praevaricator3
1540 893 1561 926 fi
1582 895 1740 934 judicatus
1758 905 1838 935 erit,
1863 898 1983 928 calum-

1097 936 1157 967 niae
1174 935 1489 974 praevaricationisve
1500 936 1590 967 causa
1601 938 1676 976 quid
1687 937 1795 969 fecisse
1813 940 1841 970 in
1858 939 1982 979 judicio

1096 976 1240 1018 publico.
1265 975 1307 1007 fic
1325 977 1411 1008 enim
1429 977 1542 1009 sonant
1561 977 1665 1010 Edisti
1689 980 1795 1011 verba.

1138 1017 1290 1058 Sequitur
1315 1018 1346 1049 in
1372 1017 1507 1050 Editio:
1532 1018 1597 1061 Qui
1607 1020 1707 1060 furti,
1730 1023 1762 1052 vi
1782 1023 1917 1052 bonorum
1934 1031 1982 1053 ra-

1090 1066 1227 1102 ptorum,
1251 1059 1453 1101 injuriarum,
1477 1061 1510 1090 cie
1533 1061 1593 1091 aolo
1618 1061 1691 1092 malo
1717 1061 1754 1096 ὅ)
1772 1063 1881 1100 fraude
1898 1086 1907 1102 ,
1930 1065 1981 1100 luo

1096 1104 1210 1133 nomine
1225 1103 1383 1132 (lamminis
1395 1101 1540 1142 pabiasve
1563 1104 1624 1134 erit.
1672 1102 1801 1143 Nempe
1819 1106 1892 1143 quia
1910 1104 1981 1136 haec’

1097 1143 1210 1175 delicta
1228 1151 1402 1183 numquam
1420 1143 1500 1174 fiunt
1519 1143 1582 1175 fine
1601 1144 1678 1176 dolo
1695 1146 1798 1185 malo,
1817 1147 1848 1176 id
1865 1145 1928 1184 est,
1943 1145 1981 1177 fi-

1097 1194 1137 1216 ne
1159 1183 1325 1225 propofito
1343 1185 1484 1216 nocendi
1503 1186 1587 1216 civili
1608 1185 1772 1225 societati,
1799 1196 1892 1227 quam
1911 1197 1980 1220 om-

1096 1227 1188 1258 nibus
1198 1225 1291 1257 bonis
1302 1226 1436 1257 sanCtam
1448 1226 1510 1257 eise
1521 1236 1664 1268 oportet.
1682 1228 1824 1260 Primum
1837 1230 1881 1259 ait
1897 1228 1966 1260 1³1·ae
1980 1245 1983 1251 ·

1097 1275 1170 1306 tor,
1187 1266 1288 1303 Furii}
1315 1267 1345 1298 dt
1365 1267 1561 1308 firnpiiciter.
1587 1269 1682 1309 igitur
1699 1269 1777 1301 furti
1796 1271 1928 1311 accipe,
1944 1270 1980 1302 fi-

1096 1318 1137 1341 ve
1157 1307 1334 1346 manifesti,
1360 1308 1425 1340 five
1442 1318 1504 1340 nec
1519 1310 1677 1342 manifesti
1695 1311 1758 1343 l.6.
1776 1311 1819 1342 D.
1834 1313 1861 1344 b.
1882 1319 1902 1342 t.
1938 1311 1982 1343 Et

1096 1351 1271 1397 commode
1287 1349 1401 1382 Paulus
1413 1350 1458 1381 lib.
1474 1361 1502 1382 2.
1519 1352 1650 1383 Sentem.
1663 1354 1708 1383 ric.
1727 1362 1776 1393 531.
1789 1353 1817 1394 §.
1838 1362 1885 1392 15.
1903 1353 1982 1385 Fur-

1096 1400 1138 1430 ti,
1154 1398 1277 1432 inquit,
1295 1400 1503 1432 quocumque
1518 1402 1637 1434 genere
1655 1397 1889 1425 condemnatus
1901 1418 1910 1433 ,
1933 1394 1982 1426 fa·

1095 1432 1202 1465 mostis
1220 1432 1369 1464 efficitur.
1414 1433 1522 1476 Quid,
1546 1433 1567 1465 si
1585 1435 1723 1474 expilata
1742 1436 1866 1467 dicatur
1888 1436 1980 1467 liere-

1097 1475 1204 1507 ditas?
1219 1484 1285 1505 non
1304 1473 1348 1505 est
1365 1473 1506 1507 furtum:
1523 1475 1544 1507 fi
1560 1476 1599 1507 de
1613 1477 1682 1517 jure
1700 1478 1900 1516 disputamus
1918 1477 1936 1507 l.
1948 1487 1980 1509 2.

1097 1515 1142 1548 D.
1169 1518 1202 1547 de
1220 1517 1338 1547 crimine
1361 1517 1492 1557 expilatae
1508 1518 1600 1548 berea.
1627 1518 1711 1558 quasi
1735 1526 1841 1550 tamen
1856 1518 1982 1551 furtum

1097 1557 1152 1596 fit,
1169 1558 1198 1589 ὅ(
1213 1558 1407 1597 improbius,
1425 1558 1573 1599 expilatae
1589 1559 1775 1590 hereditatis
1792 1560 1933 1597 crimen,
1948 1559 1984 1591 ssa

1097 1600 1277 1631 militudine
1292 1600 1426 1630 rationis
1438 1609 1495 1639 pro
1507 1599 1626 1631 famosa
1644 1600 1780 1631 habetur
1793 1601 1810 1631 i.
1826 1610 1871 1632 12.
1883 1601 1914 1632 C.
1924 1602 1984 1634 b.t.

1097 1641 1180 1674 Illud
1205 1650 1268 1671 non
1294 1639 1340 1671 est
1364 1643 1604 1681 omittendum,
1628 1642 1714 1682 quod
1745 1641 1883 1680 Praetor,
1910 1652 1984 1676 cum

1099 1684 1161 1720 ait,
1188 1682 1293 1719 Pierii„
1317 1684 1415 1723 magis
1438 1683 1587 1724 intelligit
1612 1684 1773 1723 poenalem
1791 1684 1868 1715 furti
1887 1684 1985 1716 afflo-

1097 1734 1193 1762 nem;
1211 1733 1307 1764 quam
1325 1725 1567 1756 condictionem
1588 1725 1757 1757 furtivam:
1783 1726 1878 1758 cessat
1897 1727 1986 1760 enim

1096 1766 1320 1808 ignominiam
1338 1767 1617 1805 condictionibus,
1634 1770 1781 1807 quamvis
1801 1779 1839 1798 ex
1856 1768 1986 1800 famosis

1097 1807 1195 1839 causis
1212 1808 1375 1848 pendeant
1389 1808 1467 1849 l.s36.
1487 1808 1527 1840 D.
1548 1811 1581 1839 de
1596 1809 1703 1851 obligat
1721 1809 1758 1844 {5⁹
1777 1809 1833 1841 ati.
1847 1820 1987 1850 nrmpe,

1099 1851 1171 1890 quia
1189 1850 1236 1882 bis
1253 1859 1317 1881 non
1336 1850 1459 1891 agitur,
1479 1859 1512 1881 ut
1526 1851 1676 1883 delictum
1696 1854 1907 1890 coerceatur3
1933 1851 1986 1883 sed

1101 1900 1136 1923 ut
1154 1901 1203 1922 res
1222 1901 1291 1931 quae
1309 1893 1346 1922 ad
1360 1892 1493 1923 alterum
1513 1893 1655 1931 venerit,
1682 1903 1722 1924 ex
1737 1903 1832 1933 aequo
1849 1894 1879 1925 ἃ
1897 1895 1988 1925 bono

1101 1932 1292 1964 restituatur.
1341 1932 1418 1964 Hoc
1441 1935 1593 1975 exemplo
1612 1944 1672 1965 nec
1695 1935 1861 1967 'condictio
1880 1944 1988 1966 rerum

1102 1982 1280 2006 amotarum
1313 1976 1373 2006 erit
1397 1974 1536 2016 famoia3
1562 1976 1618 2007 etfi
1637 1976 1783 2007 videatur
1802 1986 1843 2007 ex
1858 1976 1878 2006 l.
1903 1987 1931 2008 2.
1952 1976 1988 2007 C.

1102 2026 1199 2048 rernm
1226 2023 1390 2048 amotarum
1400 2028 1410 2046 .·
1433 2025 1467 2048 iit
1486 2018 1625 2048 curatius
1643 2017 1767 2049 ostendi
1784 2017 1870 2058 Julio
1888 2017 1985 2049 Paulo

1103 2069 1128 2090 c.
1146 2069 1173 2098 7.
1193 2059 1266 2096 ubi,
1288 2059 1308 2090 fi
1327 2059 1450 2099 placet,
1476 2060 1559 2090 vide.
1585 2058 1687 2090 Porro
1707 2059 1829 2101 Injuriae
1848 2059 1989 2098 appella-

1104 2101 1194 2131 tione
1206 2101 1327 2131 l’raetor
1346 2101 1576 2132 contumeliam
1593 2100 1748 2139 denotat;
1771 2101 1853 2132 utin
1870 2099 1990 2132 Titulo

1104 2141 1158 2173 De
1169 2142 1305 2182 injuriis:
1322 2151 1386 2172 non
1400 2143 1525 2182 culpam
1536 2165 1545 2180 ,
1559 2150 1591 2172 ut
1602 2142 1631 2173 iii
1643 2140 1732 2183 Lege
1743 2142 1880 2182 Aquilia.
1906 2142 1991 2174 Cum

1104 2193 1183 2214 vero
1204 2184 1268 2222 ait,
1292 2182 1362 2214 Dolz'
1379 2183 1449 2214 mali
1458 2184 1636 2222 fraudisve‚·
1653 2184 1718 2215 duo
1736 2183 1903 2224 conjungit
1920 2192 1991 2214 ver-

1103 2225 1143 2256 ba
1161 2225 1245 2256 idem
1265 2224 1490 2266 significantia:
1515 2225 1683 2265 quomodo
1702 2226 1730 2256 ἂ
1748 2225 1863 2257 Paulus
1879 2225 1898 2255 l.
1916 2235 1943 2266 3.
1960 2224 1991 2266 §.

1103 2277 1132 2308 3.
1151 2265 1191 2297 D.
1222 2267 1378 2306 Prosocio.
1422 2265 1504 2298 Fides
1521 2268 1612 2305 bona,
1635 2267 1740 2307 inquit
1752 2289 1762 2305 ,
1787 2269 1936 2298 contraria
1953 2264 1994 2306 est

1104 2308 1207 2347 fraudi
1224 2307 1260 2343 ὅ)
1277 2309 1349 2340 dolo.
1393 2307 1466 2339 Nec
1490 2309 1581 2340 aliter
1597 2308 1698 2339 utitur
1718 2309 1767 2339 his
1793 2308 1899 2339 verbis
1924 2308 1991 2340 Ve-

1106 2358 1156 2382 tus
1184 2349 1360 2388 Formula,
1386 2348 1592 2389 sequentibus
1617 2348 1850 2390 comprehensa
1875 2349 1991 2390 siglis:

1106 2391 1149 2423 D.
1168 2390 1218 2422 M.
1237 2391 1269 2422 ff.
1289 2391 1327 2422 C.
1352 2401 1422 2432 quoe
1436 2391 1520 2432 Sigla
1538 2392 1681 2423 Valerius
1696 2390 1820 2422 Probus
1836 2390 1912 2422 Not.
1930 2390 1991 2422 Ve-

1105 2440 1158 2465 ter.
1183 2433 1341 2473 exponit,
1363 2433 1435 2464 Doli
1451 2433 1537 2472 mali,
1554 2434 1714 2473 fraudisve
1730 2431 1826 2472 causa.
1865 2430 1991 2471 Utique

1107 2474 1263 2515 Ulpianus
1280 2475 1298 2505 ι.
1317 2485 1346 2512 4.
1360 2474 1388 2515 §.
1407 2474 1460 2505 ult.
1478 2474 1520 2505 D.
1542 2475 1570 2505 h.
1586 2482 1607 2506 t.
1628 2475 1766 2505 recitans
1784 2473 1865 2504 hanc
1883 2472 1992 2505 Eaitii

1106 2524 1249 2558 partem,
1266 2515 1378 2548 omiss‘a
1393 2515 1526 2553 fraude,
1543 2514 1653 2547 saltem
1670 2515 1738 2546 doli
1753 2515 1910 2546 meminit.
1934 2514 1990 2546 sed

1107 2559 1172 2589 hoc
1191 2558 1315 2599 plenius
1333 2557 1465 2597 probavi
1482 2557 1532 2588 lz'b.
1560 2556 1607 2588 De
1623 2555 1727 2597 forma
1745 2557 1916 2587 emendandi
1932 2556 1992 2587 doli

1106 2600 1176 2631 mali
1192 2610 1216 2631 c.
1237 2609 1265 2641 7.
1307 2598 1360 2630 De
1378 2608 1418 2629 eo
1445 2598 1541 2638 quaeri
1560 2598 1678 2637 video;
1703 2607 1741 2630 an
1759 2605 1793 2629 ut
1810 2598 1923 2636 dolus,
1947 2597 1991 2629 fic

1106 2641 1303 2673 stellionatus
1315 2664 1324 2680 ,
1334 2639 1496 2672 infamet?
1511 2647 1624 2671 movet
1640 2639 1861 2671 difficultatem
1873 2663 1882 2678 ,
1900 2638 1992 2679 quod

1106 2683 1305 2715 stellionatus
1323 2682 1454 2722 quidem
1475 2691 1540 2713 nori
1558 2682 1705 2713 meminit
1721 2682 1752 2713 in
1771 2680 1886 2713 Edicto
1904 2681 1989 2712 Prae-

1106 2734 1176 2756 tor:
1202 2724 1253 2756 sed
1270 2723 1397 2755 interim
1422 2723 1511 2764 quod
1533 2724 1563 2754 in
1589 2723 1719 2764 privatis
1738 2723 1862 2759 iudiciis
1881 2722 1926 2754 est
1949 2722 1991 2754 de

1106 2766 1185 2798 dolo
1201 2765 1303 2804 actio,
1320 2764 1385 2795 hoc
1402 2765 1432 2796 in
1444 2764 1631 2796 criminibus
1649 2764 1694 2796 est
1711 2764 1909 2796 stellionatus
1921 2773 1991 2805 per-

1107 2808 1229 2838 secutio
1246 2807 1263 2838 i.
1284 2817 1313 2848 3.
1335 2806 1362 2848 ἓ.
1386 2815 1410 2838 1.
1433 2805 1475 2837 D.
1501 2804 1712 2847 clesteii'ionara
1729 2807 1877 2846 accedit,
1901 2805 1991 2846 quod

1108 2848 1263 2889 Ulpianus
1279 2850 1298 2880 l.
1322 2857 1366 2889 13.
1385 2848 1479 2889 §.ula
1499 2847 1541 2879 D.
1562 2848 1590 2879 h.
1610 2853 1631 2880 t.
1655 2848 1697 2880 fic
1725 2847 1843 2879 scribit.
1876 2847 1991 2878 Crimen

1103 2889 1289 2932 stellionatus
1305 2890 1462 2926 infamiam
1481 2891 1592 2931 irrogat
1607 2891 1762 2929 damnato,
1785 2890 1921 2931 quamvis
1933 2895 1991 2929 pu-

1107 2933 1212 2964 blicum
1229 2941 1286 2963 non
1303 2929 1343 2972 eft
1362 2932 1520 2973 judiciam.
1567 2931 1630 2962 Sed
1657 2931 1678 2962 fi
1693 2940 1745 2962 me
1770 2931 1899 2969 audies,
1923 2936 1988 2960 non

1107 2975 1212 3005 voluit
1230 2974 1260 3005 in
1279 2975 1306 3004 d.
1324 2973 1353 3014 §.
1374 2974 1428 3004 ult.
1449 2974 1469 3004 l.
1490 2983 1536 3014 13.
1561 2971 1735 3012 Ulpianus,
1760 2973 1847 3013 quod
1872 2970 1988 3002 stellio-

1108 3024 1200 3047 natus
1210 3017 1361 3046 damnato
1378 3014 1501 3055 semper
1517 3016 1637 3056 irrogat
1655 3011 1988 3046 infamiam:mim'me.

1107 3059 1175 3090 imo
1193 3058 1223 3089 id
1243 3058 1346 3098 palam
1364 3064 1459 3097 negat
1478 3055 1543 3096 ipse
1559 3056 1578 3087 l.
1602 3066 1629 3088 2.
1652 3055 1692 3086 D.
1716 3052 1924 3094 destellionatu
1939 3050 1989 3084 his

1107 3100 1231 3131 verbis:
1257 3099 1443 3130 Stellz'onatus
1463 3098 1610 3139 judicium
1626 3097 1774 3136 fanuffum
1795 3094 1907 3134 quidem
1930 3101 1989 3123 non

1106 3139 1164 3181 est,
1180 3142 1236 3180 sed
1252 3141 1448 3172 coercitionem
1465 3139 1724 3170 extraordinariam
1739 3136 1830 3166 hahet.
1861 3134 1913 3179 Sic
1935 3132 1991 3166 Ul-

1107 3185 1241 3223 pianus;
1265 3190 1363 3223 atque
1386 3191 1427 3212 eo
1454 3181 1573 3212 vei-ius:
1601 3179 1776 3223 quialpoena
1793 3174 1990 3206 stelllonsstus

1108 3234 1175 3259 non
1196 3224 1242 3259 est
1261 3224 1422 3266 legitima3
1445 3231 1519 3256 cum
1543 3229 1604 3253 nec
1621 3218 1799 3260 legitimum
1815 3217 1944 3289 crimer‘ii
1954 3216 1991 3288 qt
