2036 3495
127 166 200 201 414

131 243 264 276 trastum
281 239 457 274 nominum.
479 243 511 268 at
528 236 614 267 hunc
630 242 761 275 quoque
778 234 851 274 quia
867 232 1000 273 pulchre

131 294 227 325 atque
244 282 367 314 erudite
384 279 541 320 explicuit
558 276 694 316 Jacobus
714 275 886 307 Raevardus
901 275 951 305 lib.
970 284 999 315 3.

132 326 291 358 Variorum
306 332 330 353 c.
353 331 364 353 1
376 344 387 360 ,
410 330 474 352 non
491 317 712 363 agam-actum.

176 365 337 397 Hafitenus
351 361 494 399 ostendi,
519 359 691 399 Ulpianum
706 358 735 388 d.
752 357 772 388 l.
791 367 823 403 5.
845 355 885 388 D.
903 357 1001 402 depa-

131 407 185 438 ffls
207 406 459 438 conventionem
485 401 658 442 legitimam
681 408 719 429 ac
740 398 821 438 Juris
844 397 999 429 Gentium

129 445 301 479 distinxisse
324 455 341 476 a
365 444 470 476 forma
493 450 547 474 aut
569 440 771 481 simplicitate
795 448 888 480 quam
904 439 1001 470 altera

131 486 353 526 habeataJure
369 486 484 523 Civili;
498 485 595 516 altera
610 491 627 513 a
642 481 715 522 Jure
731 479 899 513 Gentium.
923 480 1001 512 Por-

129 540 167 561 ro
185 529 380 561 monendum
397 526 462 563 est,
478 526 499 558 si
516 527 547 556 in
565 523 703 555 formam
719 522 801 562 Juris
820 521 932 554 Civilis
946 522 1002 562 (ut

128 570 183 609 fit,
201 577 355 602 movente
367 567 525 607 utilitate)
539 566 643 604 aliqua
652 565 746 595 cadat
756 563 909 594 mutatio:
924 571 1001 593 con-

129 612 320 643 ventionem
334 612 366 642 in
382 609 511 642 mutatis
521 606 662 639 articulis
676 605 760 636 suam
776 614 896 648 exuere
913 612 1002 635 natu-

128 662 212 691 ram;
229 652 259 685 δι
275 661 348 684 cuin
364 652 456 683 initio
474 649 572 681 fuerit
587 647 668 686 Juris
684 646 815 683 Civilis;
830 645 1001 685 aliquando

128 695 253 734 accipi,
276 692 362 734 quasi
375 691 450 733 jursss
467 690 611 732 gentium
628 686 750 719 existat.
775 687 809 718 ld
825 685 933 717 suadet
951 694 1001 717 ac-

126 736 313 777 ceptilatio:
328 743 421 775 quam
437 733 518 772 juris
536 730 649 763 Civilis
665 728 776 766 suiss'e,
792 729 881 769 supra
898 727 1001 759 osten-

128 777 179 809 di:
203 785 355 808 caeterum
373 775 510 806 formam
528 770 659 804 mutasse
676 770 812 809 alicubi,
828 777 935 801 certus
950 777 1001 800 au-

127 818 197 850 ἃοι·
222 818 267 850 est
289 816 444 857 Ulpianus
462 815 481 846 l.
499 819 527 850 8.
546 813 575 855 ᾗ,
591 823 621 853 4.
644 811 688 844 D.
712 812 745 843 de
768 810 1000 852 acceptilatione.-

127 859 395 900 acceptilatione,
411 856 574 897 inquiens,
591 854 662 886 tolli
678 852 892 894 obligationes
907 851 1003 883 etiain

126 900 322 932 honorarias.
354 908 415 939 qua
438 895 592 929 ratione?
616 896 676 926 ait:
702 894 784 938 Quia
799 894 849 925 boc
859 894 929 933 jure
945 893 1002 923 uti-

127 951 195 973 mur
207 965 216 979 ,
236 947 269 973 nt
277 941 358 983 juris
370 941 503 983 gentium
514 937 555 977 fit
573 936 759 978 acceptilatio.
785 934 821 970 ὅ)
836 936 894 966 ideo
908 940 1001 974 puto,

129 982 166 1018 ὅ)
183 984 282 1015 Graece
294 981 369 1023 poffe
384 986 532 1022 acceptum
541 977 631 1019 fieri,
653 977 800 1009 dummodo
809 974 854 1013 fic
867 974 946 1021 fiat,
969 980 1001 1022 ut

125 1025 246 1056 Latinis
263 1023 448 1063 verbisJolet.
490 1019 622 1058 Sensus,
646 1026 681 1050 ut
703 1017 777 1058 Jure
795 1017 951 1063 Gentium
969 1025 1000 1047 in

125 1066 175 1098 his
201 1064 368 1097 censeatur
390 1061 619 1103 acceptilatio,
639 1059 694 1106 usu
710 1057 873 1091 invaluiffe
888 1065 1001 1105 contra

123 1106 205 1147 Juris
222 1106 332 1139 Civilis
351 1105 568 1137 subtil-itatem.
592 1102 656 1133 huc
676 1111 721 1133 ire
737 1100 854 1138 verba,
875 1099 942 1131 Hoc
952 1108 1000 1140 yu-

120 1158 151 1180 re
166 1149 281 1180 urimur
294 1171 304 1188 ‚
329 1146 480 1179 annotavi
496 1145 545 1176 lib.
570 1153 595 1175 1.
615 1142 810 1175 Probabilium
823 1151 847 1172 c.
866 1150 895 1172 2.
916 1139 952 1175 ὅ)
970 1149 999 1180 3.

120 1190 173 1222 Sic
192 1190 224 1221 in
241 1189 500 1230 acceptilatione.
546 1184 656 1217 Simile
672 1184 704 1215 in
720 1182 924 1223 stipulatione
943 1179 998 1213 Ul-

120 1232 233 1271 pianus
256 1231 276 1262 l.
299 1239 324 1262 i.
344 1230 374 1272 §.
392 1229 448 1261 ult.
467 1227 508 1258 D.
534 1227 568 1258 de
589 1226 741 1257 verborum
768 1223 998 1265 obligationibus.

124 1272 233 1303 Verba
255 1270 397 1312 Ulpiani.
442 1268 555 1301 Eadem
578 1277 618 1299 an
639 1266 698 1298 alia
719 1266 822 1307 lingua
838 1265 998 1305 respondea-

123 1320 192 1352 tur,
214 1312 288 1345 nihil
303 1309 430 1352 interest.
458 1310 580 1351 proinde
589 1307 619 1347 fi
634 1309 698 1349 quis
713 1307 822 1338 Latine
836 1307 998 1346 interroga·

124 1356 220 1393 verit,
243 1353 449 1395 respondeatur
462 1352 487 1382 ez·
502 1351 619 1386 Graece;
643 1349 791 1379 dummodo
810 1352 1000 1388 congruenter

121 1395 346 1437 respondeatur,
367 1394 499 1435 obligatio
520 1388 677 1431 constitura
698 1387 749 1429 eft.
778 1389 852 1419 idem
864 1396 917 1428 per
932 1396 998 1417 con-

123 1438 260 1468 trarium.
285 1436 341 1467 Sed
356 1442 458 1467 utrum
473 1433 523 1464 boc
537 1440 627 1473 usque
643 1431 680 1461 ad
695 1430 831 1462 Graecum
838 1431 999 1469 sermonem

121 1483 237 1510 tantam
257 1477 468 1518 protrahimus:
490 1483 530 1504 an
553 1481 619 1503 vero
636 1470 673 1505 δ’
688 1471 726 1502 aci
742 1471 851 1516 alium,
876 1469 1000 1500 Poenum

114 1520 217 1560 forte,
239 1519 285 1549 vel
301 1516 471 1557 Affgyrium,
490 1513 538 1545 vel
553 1513 639 1554 cujus
654 1513 775 1543 alterius
791 1510 917 1551 lingue,
940 1511 995 1541 du-

121 1560 211 1592 bitari
227 1555 343 1599 potest?
365 1555 408 1587 Et
429 1560 512 1586 extat
519 1554 674 1595 scriptura
692 1552 812 1591 Sabini,
826 1552 880 1591 sed
898 1550 934 1585 δ’
949 1560 999 1582 ve·

120 1610 187 1633 rum
202 1601 334 1640 patitur,
357 1603 391 1629 ut
409 1596 500 1628 omnis
507 1597 602 1668 I<ferino
622 1595 770 1626 contineat
784 1594 938 1624 verborum
953 1593 999 1624 ob·

123 1642 302 1683 ligationem.
341 1638 492 1671 Elbertus
537 1636 672 1669 eoninus
687 1635 736 1667 lib.
754 1644 783 1667 2.
801 1633 957 1666 Emendat.
974 1643 999 1665 c.

121 1693 153 1725 5.
171 1682 269 1724 legit,
290 1680 332 1713 Et
354 1685 435 1711 extat
454 1678 607 1719 scriptura
631 1677 752 1716 Sabini,
775 1674 812 1710 ὅ)
829 1684 932 1707 verum
944 1681 1001 1716 pu·

121 1730 215 1756 tatur.
248 1722 312 1755 fine
336 1720 533 1753 neceffitate.
569 1727 642 1750 nam
665 1727 769 1749 verum
796 1715 934 1758 Ulpiano
955 1715 1001 1748 est

123 1774 269 1806 aequum:
291 1763 372 1796 sicut
399 1763 431 1794 in
458 1762 478 1793 l.
504 1770 534 1798 9.
560 1760 590 1802 §.
609 1764 640 1791 6.
657 1759 701 1791 D.
724 1760 758 1790 de
774 1756 1000 1799 administratio-

123 1817 159 1839 ne
181 1812 314 1839 tutorum
332 1829 342 1844 ‚
372 1804 467 1836 etiam
489 1805 575 1843 apud
599 1800 727 1832 Livium
751 1800 801 1831 lib.
827 1808 877 1840 23.
903 1809 930 1833 c.
951 1807 999 1831 11.

123 1850 156 1880 in
194 1858 226 1880 n.
246 1848 277 1880 ὅ(
293 1847 342 1879 lib.
361 1855 413 1887 42.
427 1855 454 1878 e.
470 1853 520 1886 23.
539 1843 569 1875 &
588 1843 623 1875 in
641 1841 697 1875 illo
715 1840 843 1874 Horatii
859 1840 908 1872 lib.
928 1849 954 1876 1.
972 1849 1000 1872 e-

139 1900 148 1920 2
177 1913 184 1922 .
226 1914 234 1922 -

114 1898 137 1933 p
163 1899 269 1963 Me⁷itri
276 1930 311 1971 se
325 1939 408 1973 quem
430 1938 464 1960 ue
471 1927 527 1969 suo
541 1925 652 1958 modulo
670 1934 706 1956 ac
719 1925 788 1966 pede
802 1933 906 1956 verum
924 1922 974 1966 est.

120 1972 175 2006 Est
190 1973 288 2014 igitur
303 1971 384 2012 Juris
438 1971 560 2002 entium
575 1966 737 2009 stipulatio
757 1966 818 1997 hac
833 1967 864 1998 in
882 1974 984 2008 parte.

166 2014 289 2046 Contra
305 2014 416 2045 evenit
431 2019 582 2053 quoque,
599 2015 636 2040 ut
649 2007 730 2048 Juris
747 2006 905 2039 Gentium
921 2017 998 2039 con-

121 2057 235 2087 ventio
250 2055 443 2096 accipiatur,
462 2050 547 2093 quasi
564 2049 599 2083 fit
616 2049 698 2090 Juris
713 2048 835 2082 Civilis.
851 2048 917 2080 hoc
932 2057 998 2080 uno

122 2096 274 2137 exemplo
299 2092 549 2131 demonstrasse,
571 2097 747 2123 contentus
767 2099 833 2121 ero.
877 2089 1000 2131 Regula

120 2138 202 2179 Juris
221 2137 266 2169 est.
281 2147 322 2168 ex
334 2137 379 2180 Q.
394 2136 495 2168 Mucii
512 2134 597 2166 libro
612 2132 754 2173 singulari
773 2133 850 2171 δρῦν,
868 2131 934 2164 Nec
946 2139 1000 2172 pa-

124 2179 270 2218 ciscendo,
292 2188 344 2209 nec
369 2178 458 2219 legem
481 2176 598 2207 dicendo
614 2197 625 2213 ,
645 2183 697 2205 nec
711 2171 897 2214 stipulando,
920 2174 999 2214 quis-

145 2230 213 2252 uam
235 2219 322 2252 alteri
342 2228 443 2250 cavere
457 2215 547 2259 potest
564 2217 584 2246 l.
608 2225 657 2256 73.
676 2214 705 2256 §.
722 2214 780 2255 fin.
800 2213 843 2245 D.
867 2216 901 2245 de
916 2223 999 2256 regu-

123 2231 160 2294 Z‘s
171 2262 260 2302 juris.
289 2259 391 2300 quue
404 2259 453 2300 jus
471 2261 502 2289 in
519 2257 722 2297 stipulatione
742 2263 877 2287 certum.
902 2255 948 2287 est
965 2265 996 2286 e-

124 2303 189 2336 nim
206 2301 289 2341 Juris
307 2300 420 2334 Civilis
438 2299 609 2340 stipulatio.
633 2297 676 2328 At
691 2297 721 2329 in
738 2297 832 2337 pasto
850 2298 904 2338 qui
921 2306 995 2337 pro-

123 2343 235 2376 cedit?
251 2352 323 2374 nam
341 2341 466 2383 paetum
481 2341 539 2381 juri
551 2339 695 2381 gentium
711 2339 903 2379 imputatur:
922 2338 997 2370 Mo-

125 2385 263 2418 destinus
281 2390 389 2416 autem
407 2383 451 2414 ita
470 2379 583 2413 definit
599 2379 619 2411 1.
637 2390 689 2421 53.
706 2379 748 2411 D.
772 2381 806 2411 de
822 2381 997 2421 adquirendo

124 2436 222 2458 rerum
236 2426 359 2457 dominio
378 2433 448 2465 quae
464 2422 509 2455 est
522 2431 563 2454 ex
580 2422 645 2462 ejus
660 2422 709 2453 lib.
731 2430 780 2461 14.
804 2421 857 2452 Aa
872 2421 913 2466 Q,
924 2421 997 2453 Mu-

124 2469 220 2505 cium,
243 2466 291 2498 Ea
307 2475 370 2508 quae
387 2465 514 2497 civiliter
536 2464 752 2505 adquiruntur,
771 2469 824 2503 per
840 2472 883 2493 eos
901 2463 950 2504 qui
966 2463 999 2494 in

120 2506 259 2550 potestate
273 2506 446 2549 nostrasunt
457 2506 657 2547 adquirimus:
670 2504 763 2536 veluti
769 2502 997 2545 stipulationem.

124 2551 201 2592 quod
221 2550 395 2580 naturaliter
417 2549 605 2589 adquiritur,
623 2545 714 2583 sicuti
731 2543 770 2586 est
784 2544 927 2586 poffeffio,
948 2551 999 2586 per

127 2589 278 2633 quemlibet
294 2590 455 2621 volentibus
470 2589 549 2620 nobis
560 2586 696 2629 poffidere
710 2589 748 2618 ad
769 2589 903 2618 uirimus.
935 2586 998 2619 Sed

124 2632 202 2672 quid
218 2628 291 2662 est?
313 2630 368 2662 etsi
385 2630 512 2669 pastum
530 2630 661 2669 proprie
678 2638 741 2660 con
768 2627 826 2660 stat
842 2629 874 2660 in
890 2627 998 2666 satio,

125 2675 156 2705 δι
171 2672 247 2713 juris
272 2672 416 2712 gentium
438 2671 491 2703 sit:
515 2670 666 2703 hactenus
683 2679 789 2701 tamen
805 2670 879 2710 iuris
895 2669 998 2701 civilis

125 2715 284 2750 habetur,
308 2721 348 2743 ne
364 2721 421 2751 per
438 2721 627 2743 extraneum
643 2712 837 2751 adquiratur.

166 2754 239 2787 Nec
262 2753 341 2784 illud
365 2753 491 2793 quidem
515 2752 614 2784 silebo
631 2776 641 2792 ‚
665 2753 727 2785 esse
750 2753 829 2792 juris
855 2753 999 2794 gentium

125 2795 360 2829 conventiones
387 2802 517 2834 quarum
533 2794 646 2827 civiles
663 2795 810 2827 dicantur
826 2793 999 2836 obligatio-

733 146 1044 181 Genaxni

1095 143 1328 179 Nooui-

1043 241 1117 265 nes:
1141 233 1232 273 quia,
1255 241 1289 264 ut
1303 231 1493 273 justinianus
1508 232 1571 271 ait,
1589 231 1660 264 sunt
1675 238 1766 265 certo
1781 235 1849 275 jure
1866 237 1910 268 ci-

1044 275 1098 305 vili
1115 275 1334 315 coinprobatae
1351 274 1380 315 §.
1401 283 1426 308 1.
1446 272 1518 314 Inst.
1536 276 1569 304 ae
1584 274 1811 314 obligationibus.
1835 279 1913 309 tales

1045 314 1115 347 sunt
1125 324 1194 356 quae
1214 315 1413 347 transeuntin
1426 315 1560 356 speciale
1576 324 1694 347 nornen
1711 316 1913 356 contractus,

1045 365 1081 387 ut
1095 357 1216 396 mutui,
1238 358 1455 396 commodati,
1479 355 1631 396 depositi,
1655 356 1814 397 pignoris,
1835 354 1914 390 it'em

1042 399 1235 438 emptionis,
1250 398 1440 437 locationis,
1464 397 1643 436 societatis,
1665 399 1813 429 mandati.
1844 398 1915 433 sunt

1043 439 1128 470 enim
1144 448 1256 471 omnes
1270 440 1347 478 juris
1362 440 1523 480 gentium:
1540 439 1671 470 nomina
1683 446 1791 471 autem
1807 442 1915 480 prodi-

1044 486 1075 510 ta
1091 479 1160 511 sunt
1175 481 1244 520 iure
1268 481 1354 512 civili
1372 481 1393 512 l.
1410 490 1440 522 3.
1465 480 1502 512 D.
1521 482 1555 511 de
1567 480 1739 521 prescriptis
1753 482 1868 520 verbis,
1890 481 1912 515 l.

1048 530 1073 552 1.
1084 520 1113 562 ᾗ.
1124 530 1152 566 ‚²-
1166 521 1208 552 D.
1222 523 1255 552 de
1269 531 1367 553 rerum
1370 523 1587 562 permutatione.
1613 522 1680 553 imo
1690 544 1701 561 ,
1717 521 1738 553 fi
1751 530 1823 562 quae
1834 531 1912 555 con·

1044 569 1155 593 ventio
1180 571 1245 594 non
1269 564 1398 603 quidem
1423 562 1556 594 transeat
1580 563 1611 594 in
1636 563 1772 604 speciale
1795 569 1921 596 nomen¹

1044 603 1245 642 conti-astus,
1268 604 1321 636 sed
1337 605 1365 635 ei
1383 603 1475 635 subsit
1492 605 1581 635 datio
1598 612 1651 636 aut
1669 603 1915 643 factum‚etiam

1045 654 1081 676 ea
1093 668 1102 683 ,
1126 653 1299 684 utcumque
1321 644 1358 677 sit
1375 645 1452 685 juris
1469 645 1611 687 gentium
1623 669 1632 685 ,
1657 653 1762 677 tamen
1782 646 1855 686 quia
1872 648 1916 678 ci·

1045 686 1139 717 vilem
1156 686 1237 726 parit
1253 686 1501 727 obligationem,
1525 687 1794 727 comprobatione
1811 688 1914 719 civilis

1043 727 1180 759 efficitur
1195 726 1216 758 ζ.
1229 736 1258 767 7.
1276 726 1305 769 §.
1323 737 1352 759 2.
1371 727 1414 759 D.
1431 729 1464 758 de
1474 727 1580 768 pactis.
1596 729 1615 760 l.
1635 738 1664 768 5.
1677 727 1705 770 §.
1726 737 1752 760 1.
1770 728 1789 759 l.
1801 738 1848 769 15.
1867 729 1911 760 D.

1043 770 1076 800 de
1089 768 1262 809 praescriptis
1279 770 1384 801 verbis.
1421 767 1483 801 Sed
1501 778 1607 810 neque
1622 778 1736 810 negem
1747 791 1756 808 ,
1773 769 1852 809 ipsas
1866 770 1914 810 ju-

1044 809 1087 843 r'is
1104 810 1246 854 gentium
1264 810 1519 848 conventiones,
1544 810 1710 851 postquam
1727 810 1913 851 approbatae

1045 850 1114 883 sunt
1133 852 1185 882 usu
1201 853 1276 891 iuris
1300 851 1423 891 civilis,
1447 860 1554 890 eoque
1578 859 1702 882 certum
1721 859 1916 893 acceperunt

1044 902 1182 931 nomen,
1208 893 1248 924 ab
1267 902 1308 924 eo
1324 892 1460 933 aliquam
1476 891 1594 923 habere
1612 891 1761 925 formam.
1790 902 1861 925 nam
1879 903 1916 925 ea

1044 942 1177 975 apparet
1193 935 1220 964 d.
1239 934 1258 964 l.
1280 942 1305 965 1.
1323 933 1352 975 §.
1371 943 1399 965 2.
1421 932 1460 965 D.
1479 934 1513 964 de
1527 943 1623 964 rerum
1635 934 1913 974 periiiutatioue,&

1043 976 1073 1017 §.
1091 984 1140 1015 41.
1165 973 1239 1015 inst.
1261 976 1294 1006 de
1310 985 1407 1006 rerum
1422 973 1571 1013 clivifione.
1599 976 1664 1006 imo
1681 974 1866 1014 Justinianus
1882 976 1912 1018 §.

1043 1016 1098 1049 ult.
1116 1014 1187 1056 [nst.
1204 1018 1238 1047 de
1251 1018 1388 1048 mandato
1405 1024 1500 1047 vocat
1516 1016 1639 1057 negotii
1655 1015 1802 1048 foi-main.
1841 1016 1914 1049 Cel-

1044 1058 1091 1090 sus
1109 1059 1128 1090 l.
1146 1062 1196 1097 48.
1215 1057 1244 1099 §.
1261 1058 1314 1089 ult.
1333 1057 1375 1089 D.
1391 1058 1449 1089 eod.
1467 1058 1513 1089 tit.
1536 1057 1673 1089 mandati
1689 1057 1847 1091 formam:
1863 1058 1918 1091 Pa-

1043 1100 1188 1141 pinianus
1204 1099 1225 1131 i.
1244 1108 1292 1137 24.
1314 1098 1356 1130 D.
1375 1096 1490 1139 depositi
1504 1098 1637 1139 depositi
1651 1106 1792 1131 naturam
1810 1099 1840 1131 ἄ
1858 1109 1917 1131 no·

1042 1150 1096 1173 tos
1114 1141 1288 1173 terminos:
1304 1138 1460 1180 Ulpianus
1474 1140 1494 1171 l.
1513 1149 1542 1180 7.
1562 1140 1590 1182 §.
1609 1149 1653 1180 15.
1669 1139 1711 1172 D.
1728 1141 1761 1172 de
1776 1139 1869 1181 pafiis
1883 1142 1916 1174 in

1042 1181 1189 1222 deposito
1211 1182 1357 1213 nominat
1374 1181 1450 1222 juris
1470 1180 1626 1213 formam:
1650 1180 1767 1213 Paulus.
1782 1182 1801 1214 l.
1818 1186 1867 1213 26.
1885 1182 1915 1225 §.

1041 1232 1071 1256 1.
1083 1223 1125 1255 D.
1143 1221 1276 1264 depofiti‚
1292 1222 1425 1261 depositi
1442 1223 1584 1255 modum.
1602 1224 1689 1262 quod
1707 1221 1728 1254 fi
1745 1222 1808 1255 est:
1825 1233 1915 1263 quaa,

1043 1265 1187 1305 inquies,
1210 1264 1348 1310 superest
1372 1262 1553 1310 differentia
1569 1264 1652 1295 inter
1665 1263 1740 1304 juris
1765 1265 1867 1296 civilis
1886 1266 1917 1297 ὅτ
1940 1269 1944 1275 '

1039 1307 1116 1346 juris
1141 1313 1286 1346 gentium
1309 1313 1564 1343 conventiones,
1586 1314 1636 1336 eas
1659 1304 1830 1344 praesertim
1845 1315 1916 1347 quae

1042 1347 1100 1379 sint
1116 1348 1184 1388 jure
1201 1347 1287 1377 civili
1304 1345 1522 1385 comprobatae
1537 1346 1555 1378 ἱ)
1579 1354 1722 1387 utraeque
1738 1349 1821 1378 enini
1839 1357 1921 1388 prae-·

1042 1396 1091 1420 ter
1107 1386 1292 1419 consensum
1308 1388 1362 1428 qui
1378 1388 1453 1428 juris
1469 1388 1612 1428 gentium
1631 1386 1695 1425 est,
1713 1387 1832 1420 habent
1851 1388 1916 1420 soi·-

1041 1438 1126 1462 mam
1151 1437 1272 1460 certam
1293 1437 1310 1459 a
1330 1429 1400 1468 Jure
1424 1429 1521 1460 civili.
1570 1428 1631 1460 Sed
1656 1437 1722 1460 rem
1749 1428 1916 1470 signemus.

1042 1469 1098 1502 etsi
1118 1470 1196 1511 juris
1220 1471 1364 1510 gentium
1393 1469 1632 1501 conventiones
1659 1468 1717 1501 sint
1734 1469 1803 1509 Jure
1827 1471 1916 1503 civili

1043 1510 1281 1551 comprobatae3
1305 1519 1412 1551 eoque
1436 1511 1562 1550 qualem
1585 1510 1710 1551 qualem
1734 1513 1916 1552 acceperint

1041 1551 1200 1584 formam:
1224 1561 1289 1583 non
1315 1559 1420 1583 tamen
1443 1560 1636 1593 acceperunt
1660 1551 1797 1584 sormam
1814 1553 1916 1585 civili-

1044 1603 1098 1626 um
1115 1594 1388 1631 conventionum;
1406 1593 1436 1624 &
1454 1593 1529 1624 ideo
1545 1603 1609 1624 non
1627 1593 1826 1633 appellantur
1841 1595 1918 1626 civi-

1045 1636 1101 1667 les.
1124 1644 1195 1666 nam
1219 1643 1323 1676 neque
1343 1632 1494 1666 solemnia
1518 1634 1615 1666 verba
1640 1633 1839 1675 desiderant3
1861 1645 1917 1667 ne-

1044 1686 1107 1717 que
1130 1675 1389 1708 contrahentium
1414 1674 1633 1716 praeseiitiam3
1656 1685 1760 1716 neque
1784 1677 1860 1708 item
1881 1685 1917 1709 ut

1043 1718 1126 1750 inter
1149 1717 1237 1749 cives
1261 1716 1424 1749 Romanos
1448 1717 1660 1749 celebrentur.
1691 1718 1779 1758 quod
1796 1719 1826 1750 in
1841 1719 1918 1759 iuris

1042 1759 1145 1791 civilis
1169 1758 1442 1791 conventionibus
1460 1766 1571 1790 contra
1592 1758 1647 1790 est.
1681 1767 1752 1790 nam
1772 1759 1822 1791 hae
1835 1767 1918 1792 iuter

1043 1809 1159 1832 caetera
1173 1808 1297 1832 tanturn
1313 1800 1464 1832 solemnia
1480 1800 1653 1831 admittunt
1669 1800 1782 1839 verba,
1811 1798 1926 1842 neque'

1042 1841 1127 1874 inter
1148 1842 1293 1874 absentes
1312 1864 1323 1881 ,
1346 1850 1453 1882 neque
1476 1841 1560 1873 inter
1580 1843 1768 1883 peregrinos
1790 1850 1917 1874 coutra-

1044 1883 1182 1916 huntur:
1205 1892 1243 1914 ac
1257 1882 1279 1915 si
1297 1883 1374 1924 quid
1401 1892 1443 1914 ex
1459 1882 1513 1914 'his
1538 1883 1705 1914 caeterisve
1722 1883 1761 1914 ad
1779 1882 1918 1916 formam

1041 1924 1198 1966 requisitis
1222 1933 1366 1963 mutent,
1388 1924 1463 1964 Juris
1486 1925 1631 1965 gentium
1653 1921 1755 1963 fiunt·,
1775 1933 1809 1956 ut
1827 1924 1917 1966 supra

1042 1965 1292 2039 deff-eustratum
1311 1965 1367 1998 est.
1396 1965 1537 2007 Exposui
1555 1964 1727 2006 Ulpianum
1742 1966 1761 1996 i.
1776 1976 1806 2006 5.
1823 1965 1865 1999 D.
1881 1967 1917 1997 de

1060 2018 1077 2040 a
1107 2017 1142 2039 is.

1035 2014 1058 2050 p
1084 2048 1173 2092 Quid
1184 2049 1297 2081 Paulus
1308 2049 1369 2080 l.6.
1381 2047 1423 2080 D.
1442 2048 1499 2079 eod.
1517 2046 1592 2078 ut?
1605 2047 1631 2078 is
1647 2047 1819 2089 legitimam
1837 2057 1915 2080 con-

1041 2090 1229 2122 ventionem
1241 2098 1336 2121 vocat
1346 2089 1432 2121 sensu
1447 2090 1543 2130 longe
1558 2088 1630 2119 alio.
1649 2098 1715 2120 non
1732 2090 1815 2121 enim
1832 2089 1915 2121 hanc

1041 2131 1154 2164 definit
1169 2141 1185 2162 a
1202 2131 1306 2163 forma
1319 2132 1397 2170 Juris
1414 2131 1533 2168 civilis,
1550 2139 1610 2161 nec
1626 2131 1724 2171 inagis
1743 2139 1813 2162 eam
1830 2131 1915 2170 sepa-

1041 2181 1090 2206 rat
1106 2182 1121 2204 a
1137 2172 1410 2204 conventionibus
1423 2172 1499 2211 juris
1518 2171 1678 2211 gentium,
1703 2170 1781 2203 ficut
1796 2172 1836 2203 ab
1854 2171 1912 2204 Ul-

1041 2216 1138 2255 piano
1154 2213 1271 2245 factum
1288 2215 1314 2245 d.
1333 2213 1352 2245 l.
1364 2224 1402 2252 53
1420 2213 1470 2244 sed
1486 2222 1502 2243 a
1518 2212 1607 2243 nudis
1623 2212 1915 2253 conventionibus,

1041 2256 1125 2287 nulla
1142 2256 1213 2296 lege
1229 2254 1436 2286 confirmatis.
1467 2254 1549 2285 adeo
1568 2253 1610 2284 nil
1631 2253 1754 2292 obstat,
1779 2263 1843 2294 quo
1859 2255 1915 2287 mi-

1039 2306 1096 2329 nus
1119 2297 1260 2339 legitima
1286 2296 1371 2327 Pauli
1395 2295 1573 2327 conventio
1600 2294 1635 2326 sit
1657 2295 1732 2334 juris
1751 2296 1912 2336 gentium,

1039 2338 1140 2379 qualis
1158 2339 1238 2376 fuit,
1260 2345 1431 2379 antequam
1456 2336 1581 2377 speciali
1607 2336 1676 2377 lege
1693 2337 1911 2376 adjuvaretur:

1039 2380 1140 2411 modo
1157 2389 1220 2411 non
1238 2380 1400 2419 acceperit
1417 2378 1553 2410 formam
1571 2386 1704 2416 novam,
1721 2377 1820 2418 &juri
1835 2389 1911 2420 gen·

1041 2423 1120 2453 tium
1143 2421 1341 2461 incognitam
1361 2432 1369 2453 :
1393 2420 1470 2451 licet
1493 2420 1524 2451 in
1548 2418 1622 2450 foro
1648 2418 1684 2450 sit
1708 2420 1823 2460 adepta
1849 2422 1911 2452 vim

1041 2471 1135 2501 quam
1150 2471 1214 2494 non
1231 2463 1383 2500 liaberet,
1401 2462 1470 2502 lege
1481 2470 1545 2492 non
1556 2460 1787 2492 adminiculata.
1812 2460 1911 2503 Quod

1040 2504 1062 2536 si
1079 2503 1144 2536 est:
1166 2513 1230 2535 non
1250 2513 1266 2534 a
1284 2513 1336 2534 me
1362 2504 1519 2543 iinpetr0;
1544 2511 1584 2533 ne
1601 2501 1685 2542 negli
1711 2503 1804 2533 entiae
1821 2512 1914 2534 accu-

1040 2544 1104 2577 sem
1114 2544 1423 2586 JurisArchiters:
1443 2542 1606 2584 Ulpianeae
1622 2544 1685 2574 divi
1701 2543 1765 2574 ioni
1781 2553 1851 2584 quae
1866 2542 1911 2575 est

1040 2587 1073 2618 in
1088 2587 1116 2618 d.
1133 2586 1153 2618 l.
1171 2597 1210 2625 5,
1234 2585 1445 2626 subiicientcs.
1458 2584 1546 2617 Pauli
1570 2584 1666 2615 verba
1682 2585 1712 2616 in
1730 2586 1757 2616 d.
1773 2584 1792 2616 Ζ.
1809 2588 1848 2623 6,
1871 2585 1910 2617 ad

1041 2636 1137 2669 quam
1150 2637 1213 2659 non
1228 2627 1402 2668 pertinent.
1420 2633 1455 2658 ut
1469 2626 1554 2657 enirn
1570 2625 1653 2664 dixi3
1671 2635 1820 2666 apparet,
1836 2627 1913 2659 Pau·

1040 2669 1108 2702 lum
1133 2669 1290 2710 legitimas
1307 2667 1543 2700 conventiones
1568 2676 1633 2698 non
1651 2676 1819 2708 opponere
1833 2678 1910 2700 con-

1041 2709 1338 2742 ventionibusintra
1347 2709 1663 2749 simplicitatemjuris
1677 2709 1819 2750 gentium
1836 2719 1911 2741 con-

1041 2750 1237 2790 fistentibus,
1260 2751 1348 2792 quod
1375 2750 1544 2791 Ulpianum
1565 2748 1675 2782 feciss'e
1692 2749 1838 2791 ostendi,
1859 2750 1912 2783 sed

1042 2802 1095 2827 eas
1112 2802 1183 2835 quae
1198 2792 1284 2825 nulla
1302 2792 1372 2835 lege
1393 2793 1591 2833 adjuvantur.

870 2893 1083 2928 citrur
1137 2891 1206 2927 IX.

178 2984 394 3022 conventiones
413 2981 510 3027 Juris
523 2982 662 3027 gentium
681 2981 737 3027 ff
755 2983 850 3018 nudas
866 2984 920 3019 vel
934 2994 992 3018 non
1006 2983 1113 3019 nudas.
1141 2983 1197 3016 has
1211 2982 1269 3017 dici
1284 2982 1468 3017 contraeas.
1494 2981 1566 3026 qaid
1577 2979 1773 3016 contrabius?
1795 2990 1862 3013 eum

343 3030 399 3078 effe
413 3031 583 3077 duplicem:
608 3029 703 3063 alium
721 3038 837 3067 certum
851 3045 887 3068 ac
902 3033 1111 3067 nominatum.-
1133 3031 1229 3066 alium
1246 3033 1396 3066 incertum
1415 3028 1457 3069 δέ’
1470 3031 1704 3065 innominatum.

130 3133 178 3204 F
190 3128 302 3170 xpofui
329 3127 486 3169 legitimas
502 3123 628 3172 &Juris
645 3124 787 3171 gentium
809 3128 999 3172 conventio-

173 3188 185 3200 A
204 3180 280 3209 nes,
303 3169 391 3201 simul
409 3164 751 3239 Γερεευὲῗὲῐὲΐέἐᾞιέῐῖι
764 3165 952 3247 7uStprlffagliIl.
964 3179 1002 3242 g?

130 3211 168 3287 Ξ
182 3210 310 3286 &stolii
327 3209 476 3284 {itpaffbsi
492 3249 575 3290 Juris
591 3229 748 3282 Gentium'
766 3229 1002 3282 conventiones

1045 3126 1201 3167 Ulpianus
1216 3126 1348 3159 dividit:
1363 3124 1415 3172 sed
1432 3126 1559 3157 brevius
1576 3125 1605 3156 &
1621 3120 1791 3169 obscurius.
1808 3120 1911 3153 danda

1044 3169 1139 3209 igitur
1159 3178 1279 3215 opera3
1301 3177 1341 3199 ne
1359 3176 1428 3215 quis
1443 3168 1639 3213 hic-quoque
1654 3168 1816 3210 impingat.
1840 3172 1910 3194 ver-

1045 3209 1085 3240 ba
1096 3208 1224 3250 Ulpiani
1237 3210 1314 3252 sunt.
1329 3207 1416 3249 Juris
1429 3214 1560 3249 gentium
1575 3211 1770 3236 conventiones
1784 3204 1911 3243 quiedam

1046 3249 1173 3282 actiones
1186 3252 1328 3291 pariunt,
1343 3250 1473 3290 quiedam
1487 3247 1666 3288 exceptiones.
1681 3243 1710 3286 §.
1730 3252 1754 3276 1.
1773 3244 1911 3314 Quat-pa}

1830 3293 1894 3316 riun
