2036 3495
172 148 217 182 5'2
596 128 1060 167 'GnaARD1'N

137 237 140 240 ’
174 226 230 259 fita
247 225 372 257 actione
389 223 409 254 l.
427 231 477 262 33.
496 219 525 261 §·
544 224 572 254 8.
590 219 622 250 C.
639 221 672 250 de
686 218 819 258 Episcop.
843 215 880 251 ἐξ
899 216 1001 262 Cleric.
1026 217 1056 248 δε

177 268 389 307 Imperatores
416 263 436 293 l.
459 261 512 292 ult.
539 260 571 291 C.
597 261 631 290 de
653 258 814 290 inter-ditiis
841 257 882 289 sic
900 257 1057 289 scribunt:

178 309 211 340 Sa·
226 308 291 348 quis
305 304 449 347 quodlibet
465 300 654 332 irzterdistum
671 298 827 341 efflagitet,
845 300 939 344 ruptis
956 300 1056 330 veteri-

178 351 230 380 bus
253 346 441 386 ambagibus,
457 344 540 379 vinter
562 344 622 382 ipsa
639 343 836 381 cognitionum
856 341 1003 381 auspicia,
1026 351 1056 372 α-

180 389 300 420 &ionem
316 386 490 425 exprimere,
514 394 549 415 cic
557 384 631 424 suas
647 384 831 425 allegationes
841 383 982 423 jubeatur
995 389 1057 422 pro-

173 437 290 471 ponere.
323 426 470 465 Obstat,
493 426 619 466 inquies
638 448 647 463 ,
670 425 689 455 l.
708 434 737 465 3.
760 425 793 454 C.
810 426 842 454 cle
858 425 960 454 annali
977 433 1056 454 exce-

173 471 281 512 ptione.
305 467 427 501 Verum
440 467 611 509 dupliciter
627 465 799 506 respondet
809 464 982 502 Bross'aeus,
1002 465 1057 495 Re-

177 510 249 551 miffi
268 512 306 542 ad
322 520 384 542 eam
404 510 501 551 legem.
526 509 680 549 primum,
698 507 785 547 quod
804 507 930 538 libellus
947 505 1059 537 obscu-

176 562 248 591 rus,
273 553 350 584 licet
375 561 440 583 non
465 551 675 587 admittatur,
699 557 804 580 tamen
828 548 866 579 ad
893 549 1060 579 interi-um-

177 594 315 634 pendam
333 592 606 634 praescriptionem
623 591 717 622 valet.
736 590 852 621 deinde
866 590 953 630 quod
970 589 1059 620 libel-

178 636 226 667 lus
242 636 370 676 ineptus
390 644 454 666 non
473 634 632 674 rejicitur,
649 631 704 663 nifi
722 641 791 672 pars
807 630 937 662 adversa
956 632 995 662 de
1011 631 1057 662 in-

179 678 360 718 eptitudine
378 682 533 717 opponat.

217 718 314 758 ‚lubet
340 719 437 759 igitur
462 716 602 755 Praetor,
626 715 666 746 ab
693 714 802 746 actore
829 714 881 746 edi
898 713 1057 745 actionem

180 769 242 801 qua
259 769 353 802 agere
373 759 473 791 volet.
519 757 581 789 Sed
599 757 676 797 quid
693 755 738 788 est
755 756 863 787 attio?
887 756 930 787 ait
948 754 1057 796 Ulpia-

179 811 238 834 nus
256 802 274 832 Ζ.
298 806 364 841 178.
380 800 409 842 §.
426 811 451 832 2.
472 799 513 831 D.
533 801 565 830 de
581 800 659 829 verb.
670 797 776 839 signif.
800 797 888 837 quod
905 797 971 829 hoc
988 807 1058 828 ver-

179 843 257 875 bum
276 843 305 874 &
323 842 458 881 speciale
475 841 539 881 est,
557 841 585 872 ἃ
602 840 768 881 generale,
787 848 890 879 prore
907 848 989 870 nata.
1015 840 1058 870 ita

179 885 285 916 omnis
311 884 394 915 attio
418 883 551 921 dicitur,
573 881 638 913 sive
664 882 695 913 in
720 881 886 922 personam
903 904 913 920 ,
938 880 1003 912 five
1027 881 1058 911 in

178 935 247 958 rem
264 925 299 957 fit
321 924 447 964 petitio.
479 923 529 955 sed
552 924 741 964 plerumque
758 922 900 954 actiones
916 922 1059 962 persona-

179 968 226 1000 les
238 966 375 999 solemus
392 967 516 997 dicere:
532 965 700 1006 petitionis
718 964 818 995 verbo
834 966 866 995 in
877 973 944 995 rem
963 964 1059 995 attio·

178 1019 236 1041 nes
253 1007 419 1050 significari
444 1008 610 1039 videntur:
633 1005 865 1046 persecutionis
888 1005 990 1037 verbo
1007 1015 1060 1036 ex-

180 1051 403 1082 traordinarias
420 1048 658 1089 persecutiones
670 1055 744 1088 puta
761 1048 941 1085 contineri;
959 1054 992 1077 ut
1005 1055 1062 1087 pu-

181 1099 212 1123 ta
228 1090 566 1129 fideicommissorum,
583 1089 641 1121 &fi
656 1099 725 1130 quae
743 1089 809 1120 aliae
828 1087 896 1119 l'unt
912 1097 983 1128 quae
997 1097 1062 1119 non

180 1133 303 1165 habent
319 1134 395 1173 juris
414 1131 563 1164 ordinarii
583 1132 822 1162 executionem.
868 1129 920 1160 Sic
945 1130 987 1160 ibi
1010 1129 1063 1160 Ul-

181 1176 305 1215 pianus.
328 1173 534 1213 atquaestioni
553 1172 598 1205 est
615 1182 704 1204 mens
721 1173 810 1212 hujus
828 1169 943 1202 Ediffl.
966 1171 1062 1212 igitur

182 1217 207 1248 is
225 1218 254 1248 in
266 1216 285 1248 l.
304 1226 354 1257 37.
371 1215 415 1247 D.
433 1217 465 1246 de
482 1215 598 1257 obligat.
625 1214 661 1248 δ’
676 1213 732 1245 oti.
748 1215 837 1253 (quae
857 1214 895 1243 ad
915 1213 1004 1252 hujus
1022 1211 1063 1243 E-

180 1257 255 1289 difti
278 1257 578 1298 interpretationem
599 1255 739 1296 speum,
763 1263 835 1285 cum
854 1253 891 1285 sit
907 1264 948 1285 ex
964 1254 1014 1285 lib.
1029 1263 1060 1292 4.

182 1299 233 1331 Ad
248 1298 389 1330 Edistum
405 1308 446 1330 ex
463 1307 528 1338 quo
545 1296 591 1329 est
605 1298 625 1328 l.
640 1306 664 1328 1.
681 1297 720 1328 D.
738 1296 766 1327 h.
784 1295 974 1336 molitionis
994 1304 1063 1326 ver-

181 1341 244 1378 bo,
269 1340 390 1379 inquit,
414 1340 518 1371 omnis
538 1339 723 1370 continetur
743 1337 845 1376 actio,
870 1339 900 1368 in
918 1346 1006 1376 rcrn,
1028 1337 1061 1368 in

182 1381 370 1422 personam,
395 1381 531 1420 directa,
554 1381 657 1418 utilis,
673 1379 912 1420 praejudicium,
936 1377 1060 1418 stipula-

181 1424 288 1455 tiones
313 1425 409 1455 etiam
433 1431 503 1463 quae
521 1422 682 1454 Praetoriae
701 1420 785 1459 sunt,
811 1421 883 1460 quia
898 1419 1060 1451 actionum

180 1463 274 1496 instar
291 1465 460 1499 obtinent;
484 1471 518 1494 ut
536 1463 641 1494 damni
662 1461 791 1500 infecti,
815 1462 1014 1501 legatorum,
1031 1461 1062 1492 ὅ(

180 1505 204 1538 fi
222 1515 292 1546 quae
309 1505 424 1536 ssmiles
441 1504 520 1535 sunt.
540 1504 708 1535 interdieta
724 1512 863 1543 quoque.
883 1512 943 1534 nec
959 1503 1062 1534 minus

180 1547 288 1579 niixtte
315 1546 475 1583 actiones,
500 1555 530 1576 in
552 1546 666 1585 quibus
684 1553 820 1582 uterque
839 1544 928 1575 attor
943 1543 1003 1575 est:
1028 1551 1062 1574 ut

181 1596 258 1629 puta
288 1587 397 1618 finium
422 1587 638 1627 regundorum
655 1609 664 1624 ‚
696 1585 824 1616 familiae
851 1584 1060 1623 ei·ciscundae,

180 1629 344 1661 communi
365 1629 554 1660 dividundo
586 1627 788 1659 interdictum
807 1627 861 1657 Uti
879 1627 1060 1666 poffideds,

180 1669 310 1702 Utrubi.
355 1670 500 1701 Actionis
520 1671 618 1709 igitur
637 1670 737 1700 verbo
752 1668 783 1699 in
805 1668 869 1699 hoc
888 1667 1003 1699 Edicto
1021 1677 1062 1698 ex

182 1720 293 1744 mente
312 1711 462 1744 Praetoris
480 1712 568 1742 venit
585 1712 689 1742 omnis
705 1710 804 1740 aetio:
828 1709 892 1749 pari
912 1709 942 1740 in
960 1711 1064 1740 omni-

182 1753 241 1785 bus
262 1753 424 1793 aequitate.
456 1753 504 1783 An
523 1753 552 1783 ἃ
569 1751 749 1792 exceptio?
773 1750 887 1782 Paulus
902 1750 920 1781 l.
939 1755 965 1784 8.
986 1750 1014 1791 ᾗ.
1037 1760 1064 1782 1.

183 1794 229 1827 D.
247 1796 279 1826 cle
295 1796 374 1825 verb.
389 1793 466 1835 fign.
491 1802 560 1833 quae
579 1792 623 1824 cst
643 1802 682 1824 cx
701 1793 754 1824 lib.
773 1802 800 1832 53.
825 1792 874 1823 Ad
894 1791 1041 1822 Edictum
1054 1815 1063 1830 ,

179 1836 322 1876 ideoque
349 1835 439 1875 liujus
465 1836 549 1871 loci,
573 1833 614 1865 fic
643 1835 687 1865 ait
706 1857 716 1871 ,
740 1833 877 1864 Aftionz's
899 1835 982 1863 verbo
1007 1842 1065 1863 non

180 1881 346 1909 concinetur
361 1878 496 1916 exceptio.
535 1876 649 1908 Paulus
671 1875 761 1913 vult,
785 1875 873 1914 quod
895 1874 1014 1905 l'raetor
1033 1874 1064 1905 in

183 1919 248 1950 hoc
276 1917 388 1949 Editio
414 1917 469 1949 sub
493 1917 620 1948 actione
645 1926 709 1948 non
726 1916 954 1955 complectitur
971 1925 1065 1946 exce-

184 1962 343 2002 ptionem.
369 1960 396 1991 ἀ
415 1959 521 1991 recte:
546 1968 617 1990 nam
633 1958 692 1990 alia
709 1958 753 1988 est
770 1957 872 1996 actio,
896 1956 952 1988 alia
972 1966 1066 1988 exce-

181 2003 263 2043 ptio.
291 2001 374 2033 actio
392 1999 438 2032 est
459 2000 619 2038 intentio,
639 1999 691 2030 seu
706 1999 832 2039 petitio.
850 1999 1001 2039 exceptio
1021 1997 1066 2029 est

183 2044 250 2083 ejus
269 2042 409 2075 exclufio
427 2043 447 2073 l.
468 2051 494 2073 2-
514 2041 556 2072 D.
575 2042 609 2072 de
625 2041 784 2081 exception.
816 2041 913 2079 Atqui
931 2040 1065 2071 actionis

181 2085 313 2116 nomine
332 2084 521 2124 plerumque
539 2083 692 2123 exceptio
717 2082 821 2113 venit:
847 2081 876 2113 ot
895 2081 939 2112 est
958 2090 1065 2113 exem-

182 2126 271 2167 plum
289 2126 319 2156 in
338 2127 358 2156 l.
381 2135 403 2163 1,
424 2125 452 2166 §.
467 2136 496 2164 4.
517 2124 557 2155 D.
576 2128 609 2156 cie
623 2124 683 2155 tiolo
700 2123 784 2155 molo.
815 2124 889 2163 quin
911 2121 1066 2161 Ulpianus

183 2168 203 2199 l.
218 2176 242 2199 1.
263 2166 302 2198 D.
321 2168 353 2198 cie
368 2167 523 2207 exception.
539 2167 627 2207 (quae
647 2175 713 2197 non
730 2167 832 2196 minus
853 2163 897 2195 est
914 2165 1003 2205 hujus
1016 2164 1061 2195 lo-

183 2210 232 2247 ci,
258 2217 351 2248 quam
372 2210 400 2239 d.
420 2207 439 2239 l.
458 2218 492 2249 37
505 2231 515 2246 ,
538 2217 634 2248 quum
653 2216 743 2247 aeque
760 2206 795 2238 fit
812 2215 853 2237 ex
870 2206 924 2237 lib.
944 2216 977 2244 4.·
1013 2206 1062 2237 Ad

182 2249 352 2289 Edietum)
375 2250 487 2291 Agere,
512 2250 633 2289 inquit,
648 2250 734 2280 etiam
749 2250 774 2278 is
789 2249 924 2286 videtur,
947 2248 1062 2289 quiex·

183 2293 308 2332 ceptione
323 2292 439 2322 utitur:
453 2301 520 2322 nom
537 2300 602 2321 reus
619 2293 651 2320 in
668 2291 830 2330 exceptione
847 2288 927 2321 αὲἶον
942 2286 991 2330 est.
1016 2288 1063 2320 Sit

182 2337 247 2373 ita,
272 2342 344 2365 cum
369 2334 407 2364 ad
433 2332 576 2372 judicem
602 2333 736 2363 venitur.
762 2339 829 2361 tuni
856 2331 941 2362 enim
966 2330 1064 2361 debet

183 2384 255 2406 reus
279 2374 363 2406 suam
391 2375 527 2415 probare
545 2373 794 2413 exceptionem,
820 2380 853 2402 ut
870 2372 959 2403 atior
974 2371 1062 2403 suam

184 2416 397 2447 intentionem
412 2416 432 2446 l.
453 2425 498 2452 19.
517 2414 559 2446 D.
578 2417 610 2446 cle
625 2415 812 2455 probationib.
837 2414 899 2445 Sed
917 2416 1005 2454 quod
1022 2414 1060 2444 ad

183 2456 249 2488 hoc
277 2457 425 2489 [idiotam
449 2457 582 2489 attinet:
606 2458 636 2487 in
663 2466 704 2487 eo
728 2456 782 2495 (ut
801 2455 915 2486 Paulus
931 2456 976 2486 ait
993 2456 1021 2485 d.
1040 2455 1060 2485 l.

183 2498 252 2539 8.§.
269 2500 314 2538 1.)
330 2499 463 2530 actionis
481 2499 582 2530 verbo
603 2507 667 2529 non
686 2498 872 2529 continetur
891 2496 1057 2536 exceptio.

185 2540 216 2570 &
236 2541 323 2578 quod
340 2541 382 2571 ait
404 2539 557 2580 Ulpianus
582 2540 611 2571 d.
637 2539 655 2570 l.
677 2548 711 2578 1,
735 2539 830 2569 etiam
849 2547 942 2579 agere
960 2539 1060 2569 videri

186 2589 261 2611 eum
281 2583 333 2620 qui
352 2583 548 2622 exceptione
564 2584 684 2619 utitur,
708 2590 773 2611 non
793 2579 893 2610 debet
910 2589 968 2619 pro
986 2577 1062 2610 defi-

184 2622 330 2659 nitione,
346 2623 397 2654 sed
416 2633 474 2661 pro
491 2624 615 2654 tatione
634 2622 823 2659 dubitandi,
840 2622 869 2652 in
888 2620 988 2652 Edicti
1008 2630 1061 2651 ex-

184 2663 359 2704 plicatione
375 2665 489 2704 accipi.
520 2673 592 2695 nam
609 2664 692 2695 aelio
712 2663 841 2704 proprie
860 2662 904 2693 est
920 2663 970 2702 J‘us
992 2671 1062 2702 per—

184 2704 337 2744 sequendi
362 2704 392 2734 in
417 2705 557 2744 judicio,
582 2706 671 2746 quod
694 2704 749 2736 fibi
774 2705 909 2736 debetur
922 2711 969 2744 pr.
989 2701 1062 2744 [nst.

185 2747 219 2777 cie
233 2744 338 2776 astion.
369 2748 520 2785 exceptio
539 2746 583 2778 est
602 2747 668 2787 ejus
685 2746 819 2778 aetionis
835 2744 975 2777 exclusio
991 2746 1020 2776 d.
1039 2745 1060 2775 b.

187 2798 216 2819 2.
238 2786 278 2817 D.
303 2787 335 2817 de
348 2793 455 2822 except.
481 2788 507 2817 ot
526 2797 717 2828 quamquam
734 2787 867 2819 aetionis
884 2787 1062 2826 appellatio

187 2828 357 2868 aliquando
377 2827 553 2866 porrigatur
571 2830 610 2860 ad
636 2830 883 2869 exceptionem:
906 2830 937 2859 id
956 2837 1062 2859 tamen

187 2880 252 2902 non
270 2869 327 2908 fit;
350 2868 405 2900 nili
423 2877 496 2898 cum
515 2870 595 2899 ratio
614 2870 845 2909 interpretandi
866 2869 1022 2909 postulat,
1046 2879 1063 2900 a

188 2911 279 2942 verbi
308 2910 506 2952 proprietate
532 2911 658 2949 recedi,
681 2912 836 2943 evitandae
862 2911 1063 2943 absurditatis

186 2953 296 2995 gratia.
328 2961 398 2992 quae
418 2951 498 2982 ratio
521 2953 552 2981 in
575 2952 738 2990 proposito
755 2953 860 2984 cell'at.
893 2962 965 2984 nam
983 2953 1062 2984 Prae-

189 3004 258 3033 tor,
274 2993 463 3034 cumjubet,
482 2992 640 3024 actionem
654 3003 709 3024 reo
726 2995 775 3025 edi
793 2996 832 3025 ab
853 2995 979 3033 actore,
997 3002 1062 3026 tan-

187 3044 254 3067 tum
270 3036 354 3076 agit:
381 3042 415 3066 ut
439 3034 521 3065 inter
537 3034 697 3074 litigantes
716 3036 876 3074 aeqnalitas
895 3037 1062 3068 conlerve-

188 3086 258 3115 tur,
286 3086 346 3108 nec
369 3086 384 3108 a
412 3083 523 3115 parato
544 3075 653 3105 attare
678 3084 748 3107 reus
766 3078 936 3116 imparatus
954 3079 1061 3118 oppri-

187 3128 302 3151 matur.
327 3118 372 3149 est
391 3118 475 3149 enim
494 3127 525 3148 in
543 3116 655 3147 aCtoris
674 3116 849 3155 potestate,
866 3121 994 3156 qnando
1012 3129 1063 3150 ve-

187 3161 223 3192 lit
238 3160 396 3197 experiri:
420 3168 452 3189 at
469 3168 540 3190 reus
557 3168 597 3189 ex
621 3157 794 3196 improviso
813 3158 1000 3198 plerumque
1017 3164 1062 3191 iii-

189 3202 324 3232 vaditur.
357 3201 492 3241 proinde
517 3200 606 3231 alteri
631 3200 746 3230 merito
763 3199 953 3229 conceditur
974 3200 1064 3240 spati-

188 3253 241 3275 um
258 3242 455 3276 deliberandi
478 3242 519 3274 de
535 3241 679 3275 afflone:
701 3240 793 3274 alteri
816 3240 847 3273 id
870 3241 954 3272 circa
972 3250 1064 3274 exce-

1098 139 1288 164 oonT
1346 130 1552 166 Corin.

1102 218 1247 258 ptionem
1270 229 1334 251 non
1361 221 1462 252 datur.

1146 258 1307 292 Hactenus
1319 263 1359 293 de
1375 262 1508 294 actionis
1528 261 1682 293 editione.
1706 258 1856 301 Sequitur
1872 262 1976 296 editio

1101 300 1398 336 instrumentorum:
1422 313 1516 344 quam
1532 312 1566 334 ut
1583 313 1638 335 reo
1656 301 1754 333 faciat
1768 302 1875 342 ηδιον,
1897 305 1976 344 ejus·

1101 341 1174 373 dem
1185 342 1229 374 est
1243 345 1402 381 aequitatis
1420 354 1488 384 quae
1506 343 1613 376 suadet
1631 344 1791 376 actionem
1807 343 1846 375 ab
1863 354 1904 376 eo
1914 346 1974 378 edi.

1101 392 1173 429 nam
1189 392 1261 416 cum
1279 384 1359 417 fides
1378 386 1510 418 actionis
1528 386 1665 426 pendeat
1682 394 1722 417 ex
1741 384 1975 426 instrumentis,

1101 433 1156 455 Vix
1173 427 1293 464 poterit
1310 436 1380 460 reus
1398 427 1495 466 seire,
1513 426 1601 459 liisce‘
1613 437 1677 459 non
1698 427 1854 467 cognitis,
1871 436 1976 461 utrum

1103 465 1240 511 cedere,
1256 476 1295 499 an
1312 471 1510 501 contendere
1527 470 1652 501 debeat.
1670 468 1777 508 itaque
1794 468 1921 508 nescio,
1936 479 1977 502 an

1100 515 1183 538 ratio
1207 506 1309 548 fugiat
1335 519 1390 542 eos
1410 511 1463 550 qui
1487 511 1679 548 voluerunt,
1703 508 1908 541 instrumenta
1924 512 1977 542 de-

1102 557 1190 579 rnum
1203 551 1255 579 edi
1270 549 1341 589 post
1357 551 1444 583 litem
1460 552 1680 583 contestatam.
1700 551 1768 582 sunt
1784 553 1870 583 enirn
1882 553 1978 584 eden-

1103 589 1142 620 da
1161 598 1336 636 tum‚*cum
1359 591 1440 623 actio
1459 594 1583 632 editur,
1607 594 1639 625 id
1655 592 1720 631 est,
1745 600 1818 624 curn
1835 593 1978 626 astorcm

1103 631 1272 675 oportebit
1289 641 1334 662 eis
1353 634 1418 671 uti,
1443 643 1506 665 non
1525 644 1597 666 cum
1615 642 1759 675 oportet.
1798 634 1861 666 Sed
1881 636 1978 666 verba

1100 671 1205 718 Edic'ti
1224 672 1373 719 videntur
1394 675 1466 706 talia
1487 675 1590 708 fuisse.
1636 676 1763 717 Itemque
1786 673 1979 715 instrumenta

1100 714 1206 755 quibus
1223 715 1255 743 in
1267 715 1380 754 judicio
1397 717 1444 746 uti
1459 726 1523 747 eum
1539 719 1674 758 oportebit
1685 741 1693 755 ,
1717 719 1880 758 adversario
1900 720 1979 749 edere

1101 763 1200 795 cogam
1210 753 1275 792 fine
1293 756 1337 785 elie
1354 754 1390 790 δὲ)
1409 757 1539 793 Consule.
1563 758 1615 790 Sic
1631 758 1746 790 censeo
1764 768 1805 790 ex
1822 760 1840 789 l.
1863 768 1886 790 1.
1902 759 1930 800 ἓ.
1950 769 1979 791 2.

1102 796 1220 843 &seqq
1237 795 1279 826 D.
1294 796 1322 826 h.
1341 802 1364 826 t.
1382 797 1418 832 &⁹
1435 797 1454 829 l.
1469 803 1496 832 8.
1513 798 1553 830 D.
1576 801 1608 831 de
1623 799 1814 842 verli.fignif.
1831 799 1980 832 Tenetur

1101 846 1196 883 igitur
1214 836 1303 868 actor
1319 847 1376 868 reo
1393 848 1459 870 non
1479 840 1581 873 minus
1596 841 1823 880 instrumenta,
1841 851 1934 883 quam
1951 851 1981 873 a·

1103 880 1243 910 ctionem
1254 902 1262 916 ,
1274 879 1381 911 edere.
1397 881 1444 912 An
1456 888 1559 912 tamen
1571 883 1703 915 omnia?
1719 883 1863 915 videtur:
1878 885 1979 915 modo

1102 920 1191 951 attor
1208 920 1357 951 omnibus
1373 920 1409 952 fit
1428 921 1534 954 usurus
1554 926 1638 964 apud
1655 924 1800 963 Judicem
1822 925 1842 956 l.
1864 934 1886 956 1.
1903 924 1930 966 ἓ.
1949 935 1980 966 3.
2014 934 2017 937 ·

1103 961 1146 1008 D.
1162 962 1191 1007 h.
1212 967 1233 992 t.
1258 963 1289 993 in
1307 971 1414 1003 eoque
1431 963 1636 996 instrumenta
1654 964 1883 1006 distinguuntur
1900 976 1916 997 a
1938 977 1983 997 ra-

1104 1003 1266 1035 tionibus:
1291 1012 1387 1044 quas,
1410 1003 1430 1035 fi
1448 1014 1598 1045 petantur
1617 1007 1687 1045 edi,
1710 1008 1865 1038 exhibere
1883 1008 1983 1039 debet

1104 1044 1209 1075 atior:
1227 1043 1289 1075 sive
1305 1044 1413 1076 usurus
1430 1046 1466 1078 ils
1482 1046 1517 1077 lit
1529 1070 1537 1084 ,
1555 1047 1617 1078 sive
1633 1057 1697 1079 non
1715 1047 1769 1086 fit3
1793 1049 1822 1079 ὅ(
1839 1047 1903 1080 slve
1920 1050 1982 1089 pri-

1105 1094 1186 1116 vatae
1204 1084 1284 1124 fint,
1308 1086 1372 1117 five
1390 1086 1454 1118 fisci
1471 1087 1489 1118 l.
1508 1098 1537 1127 5.
1558 1088 1594 1123 δέ’
1611 1092 1639 1119 6.
1657 1089 1689 1120 C.
1707 1090 1735 1121 h.
1754 1098 1775 1120 t.
1821 1090 1937 1128 Plane,
1960 1089 1982 1121 fi

1104 1127 1245 1166 legatum
1264 1135 1408 1167 petatur3
1425 1138 1489 1160 nori
1503 1130 1594 1169 jubet
1606 1131 1729 1162 Praetor
1745 1130 1795 1162 edi
1814 1130 1983 1162 testamen-

1105 1174 1192 1200 tum:
1207 1169 1280 1200 ideo
1298 1169 1448 1209 fortaffe,
1466 1172 1539 1210 quia
1549 1171 1641 1203 heres
1653 1171 1732 1203 solet
1742 1172 1859 1203 habere
1875 1182 1984 1204 exem-

1105 1210 1191 1250 plum
1209 1209 1388 1242 testamenti
1406 1211 1425 1241 l.
1445 1222 1474 1243 ρ.
1494 1213 1535 1243 D.
1553 1214 1580 1244 h.
1599 1219 1622 1244 t.
1655 1212 1764 1244 Debet
1782 1223 1879 1252 porro
1895 1215 1985 1245 attor

1105 1258 1208 1283 totam
1228 1252 1324 1283 edere
1340 1253 1593 1292 stipulationem:
1611 1254 1751 1295 alioquin
1772 1265 1836 1286 non
1856 1256 1984 1287 videtui·

1106 1294 1203 1324 edere
1218 1295 1254 1338 εἰ.ι
1268 1293 1287 1323 l.
1314 1301 1338 1324 1.
1355 1293 1382 1333 ς’.
1399 1303 1428 1331 4.
1449 1293 1492 1325 D.
1511 1296 1538 1326 b.
1557 1301 1579 1327 t.
1610 1296 1705 1337 igitur
1730 1296 1828 1328 debet
1851 1306 1984 1337 quoque

1105 1335 1201 1380 edere
1225 1333 1309 1366 diem
1335 1337 1364 1365 ot
1390 1335 1561 1367 Consulem
1582 1337 1613 1368 in
1640 1347 1736 1377 quem
1761 1346 1922 1378 concepta
1939 1338 1986 1370 cst

1105 1374 1233 1407 solutiO.
1266 1384 1337 1406 nam
1362 1376 1428 1407 dies
1453 1377 1641 1417 solutionis,
1664 1378 1752 1409 sicuti
1777 1378 1912 1416 summa,
1937 1379 1984 1411 est

1105 1425 1175 1462 pars
1192 1417 1403 1457 stipulationis
1421 1419 1451 1449 ci.
1465 1418 1484 1448 l.
1500 1429 1524 1450 1.
1540 1419 1568 1460 §.
1588 1430 1616 1451 2.
1641 1419 1738 1451 Diem
1756 1430 1834 1452 vero
1854 1420 1982 1452 &Con-

1105 1458 1201 1489 luleni
1218 1467 1282 1498 quo
1299 1458 1514 1498 conscriptum
1536 1459 1581 1491 est
1600 1461 1839 1493 instrumentum
1852 1485 1862 1498 ,
1885 1472 1981 1493 exce-

1105 1502 1153 1540 pit
1172 1500 1313 1532 Praetor:
1337 1510 1372 1531 rie
1389 1502 1457 1541 quid
1475 1503 1651 1542 excogitetiir
1669 1512 1705 1533 ex
1722 1505 1767 1533 die
1785 1503 1820 1537 ἐξ
1839 1503 1980 1541 Consule,

1106 1542 1272 1582 &prelato
1289 1544 1332 1572 die
1345 1541 1415 1581 fiac.
1447 1541 1635 1582 Eguinarius
1654 1543 1735 1574 Euro
1755 1545 1848 1583 legit,
1871 1545 1982 1584 prolato

1105 1585 1158 1613 die.
1183 1584 1244 1614 Sed
1263 1582 1431 1613 r‘ioreflriae
1452 1586 1514 1621 eit,
1533 1585 1650 1624 praeluio
1669 1586 1720 1615 die.
1745 1585 1842 1625 idque
1861 1586 1984 1617 mavult

1107 1623 1254 1663 Cujacius
1272 1624 1320 1655 lib.
1339 1634 1367 1664 3.
1388 1626 1508 1664 Observ.
1527 1635 1550 1655 c.
1571 1636 1598 1664 7.
1631 1625 1658 1656 eit
1679 1626 1840 1664 prcelatum
1862 1626 1945 1658 diem
1962 1627 1986 1658 i-

1109 1665 1161 1702 bi,
1186 1673 1218 1696 ut
1243 1665 1272 1695 ὰ
1297 1667 1327 1696 iii
1342 1667 1362 1697 l.
1380 1671 1428 1699 28.
1452 1665 1492 1697 D.
1520 1667 1570 1697 Aa
1585 1667 1638 1708 leg.
1657 1667 1768 1698 Corrzel.
1788 1669 1821 1698 de
1831 1668 1904 1707 fols.
1929 1677 1984 1700 ex-

1109 1708 1207 1747 plicat
1226 1706 1442 1746 anteversum,
1460 1709 1687 1749 anticipatum,
1707 1709 1776 1746 vel,
1800 1718 1834 1739 ut
1854 1710 1882 1740 in
1903 1710 1920 1740 l.
1933 1720 1984 1751 33.

1109 1748 1152 1779 D.
1171 1749 1203 1778 cie
1220 1754 1322 1788 recept.
1340 1748 1376 1782 δ’
1393 1750 1544 1789 quigirl'it.
1571 1749 1615 1780 est
1627 1774 1635 1787 ‚
1659 1750 1791 1782 re'tilum.
1817 1750 1983 1791 Cujacitiin

1108 1788 1227 1820 refutat
1245 1789 1368 1821 Samuel
1389 1790 1509 1821 Peticus
1526 1814 1536 1829 ,
1569 1792 1618 1822 Ad
1638 1791 1690 1833 leg.
1708 1792 1802 1823 Attis.
1822 1792 1868 1822 lib.
1888 1804 1916 1831 4.
1935 1795 1982 1824 iit.

1107 1832 1320 1871 3.p.321.1ed
1339 1832 1413 1872 quid
1433 1833 1531 1868 velit,
1550 1833 1603 1863 vix
1624 1834 1780 1873 intelligo.
1808 1833 1886 1865 Illud
1906 1844 1985 1872 quo·

1108 1882 1170 1912 que
1189 1881 1354 1912 receptum
1373 1872 1454 1911 ess'e,
1479 1873 1682 1905 nictit-limus
1702 1876 1760 1913 ait3
1785 1884 1818 1905 ut
1837 1877 1986 1915 exempla

1109 1912 1410 1953 instrumentorum,
1435 1916 1529 1946 etiam
1551 1915 1615 1946 sine
1640 1915 1869 1957 subscriptione
1887 1918 1987 1948 eden-

1110 1957 1168 1992 tis,
1192 1957 1241 1986 edi
1261 1956 1375 1996 poffint
1391 1957 1411 1987 l.
1435 1965 1480 1986 11.
1502 1956 1535 1987 D
1561 1957 1588 1988 h.
1607 1963 1629 1989 t,
1658 1958 1822 1996 nimirum,
1847 1960 1919 1998 quia
1947 1967 1985 1989 ea

1109 1997 1211 2028 editio
1228 2007 1293 2028 non
1311 1999 1348 2028 ad
1369 1998 1593 2037 probationem
1614 2000 1773 2037 pertinet,
1791 1998 1842 2030 sed
1862 2007 1894 2029 ut
1911 2009 1983 2032 reus

1108 2039 1244 2077 accipiat
1262 2039 1456 2070 deliberandi
1475 2038 1672 2070 facultatem.
1715 2039 1767 2071 Sic
1785 2041 1815 2071 in
1833 2040 1949 2071 actore.

1148 2080 1243 2111 Aliud
1260 2081 1289 2111 in
1302 2090 1375 2111 ·re0.
1393 2089 1465 2111 nam
1483 2080 1534 2111 hic
1553 2090 1617 2111 non
1637 2081 1732 2121 nia-gis
1752 2090 1879 2112 tenetur
1897 2084 1935 2112 nd
1953 2091 1985 2113 e-

1108 2121 1211 2152 denda
1230 2120 1279 2152 sua
1297 2121 1522 2160 instrumenta,
1546 2131 1640 2163 quam
1657 2124 1695 2153 ad
1712 2123 1868 2153 edendam
1888 2132 1985 2154 exce-

1106 2163 1265 2203 ptionem.
1297 2163 1351 2194 nisi
1377 2163 1544 2200 volumus,
1569 2164 1726 2204 originem
1752 2165 1916 2202 petitionis
1944 2173 1986 2196 eit

1106 2206 1206 2235 domo
1226 2205 1291 2243 ejus
1310 2206 1364 2245 qui
1383 2205 1593 2243 convenitur,
1610 2206 1687 2245 peti.
1707 2206 1757 2236 sed
1775 2205 1838 2236 boc
1855 2206 1986 2238 dui-um:

1106 2244 1150 2276 est
1166 2246 1260 2278 etiam
1279 2248 1464 2287 pervulgata
1482 2247 1609 2287 regula,
1633 2247 1740 2278 neore
1758 2256 1822 2278 non
1843 2248 1982 2287 proban·

1107 2295 1158 2325 te,
1182 2297 1289 2324 reum,
1311 2287 1367 2319 etsi
1393 2288 1471 2320 nihil
1494 2289 1559 2326 ipse
1578 2288 1722 2328 praestct,
1748 2289 1896 2320 obtinere
1913 2289 1932 2320 l.
1951 2299 1983 2328 4.

1107 2328 1142 2362 δ”
1161 2329 1179 2360 ἰ.
1195 2329 1248 2360 ult.
1268 2330 1300 2361 C.
1315 2330 1342 2361 o.
1364 2336 1385 2360 t.
1432 2328 1482 2360 Ex
1500 2329 1590 2360 causa
1615 2338 1719 2361 tamen
1740 2331 1830 2362 aliter
1847 2329 1982 2368 servari,

1105 2379 1146 2400 ait
1166 2372 1346 2403 Antoninus
1362 2371 1435 2402 Pius
1453 2371 1471 2401 l.
1492 2380 1516 2402 1.
1538 2371 1569 2402 C.
1586 2372 1611 2403 [1.
1632 2378 1653 2402 t.
1680 2381 1785 2411 pone,
1809 2370 1871 2401 effe
1892 2380 1984 2402 com·

1104 2413 1209 2443 munia
1227 2412 1432 2444 instrumenta
1447 2413 1466 2442 l.
1485 2422 1513 2452 7.
1532 2413 1563 2443 C.
1583 2413 1608 2443 h.
1629 2420 1649 2442 t.
1674 2421 1708 2443 ut
1729 2413 1837 2443 evenit
1853 2412 1871 2443 l.
1887 2422 1916 2451 5.
1936 2411 1980 2444 D.

1102 2453 1205 2486 Eiiiii‘l.
1227 2456 1321 2494 ercisc.
1346 2454 1376 2485 &
1398 2455 1439 2484 ita
1459 2453 1547 2484 forte
1570 2453 1775 2492 accipiendus
1794 2452 1938 2484 Scaevola
1958 2453 1981 2485 l.

1103 2504 1151 2534 95⁴
1165 2495 1193 2536 ἓ.
1210 2496 1264 2527 ult.
1282 2496 1322 2526 D.
1341 2496 1402 2526 Ad.
1420 2495 1475 2536 leg.
1493 2494 1601 2526 Falerii.
1630 2494 1716 2526 Idem
1734 2493 1825 2525 Fisco
1845 2494 1982 2526 habetur

1105 2537 1227 2575 honor,
1245 2546 1308 2568 non
1321 2537 1449 2577 quidem
1468 2536 1497 2566 in
1517 2546 1550 2566 re
1567 2536 1713 2575 capitali,
1731 2535 1824 2566 sedin
1843 2544 1875 2566 re
1896 2545 1985 2567 nurn-

1104 2578 1198 2609 maria
1217 2580 1238 2611 l.
1257 2588 1283 2609 2.
1302 2578 1330 2620 ᾗ.
1349 2588 1378 2609 2.
1396 2577 1437 2609 D.
1453 2577 1564 2618 dejure
1575 2576 1639 2616 fis'c.
1656 2586 1717 2608 nec
1736 2585 1840 2607 tamen
1859 2577 1909 2608 vel
1930 2577 1984 2608 liic

1104 2621 1132 2650 ei
1156 2621 1281 2651 edenda
1310 2619 1518 2650 instrumenta
1543 2619 1622 2655 alia,
1648 2628 1741 2658 quarn
1767 2627 1836 2657 quae
1859 2619 1896 2650 ad
1913 2628 1985 2651 eam

1105 2661 1228 2693 causam
1247 2661 1368 2692 faciant
1385 2660 1402 2691 l.
1422 2670 1448 2700 3.
1467 2658 1510 2690 D.
1530 2660 1556 2691 b.
1577 2667 1598 2691 t.
1617 2662 1705 2700 quod
1723 2659 1741 2691 fi
1761 2669 1798 2690 <a
1815 2669 1877 2691 non
1897 2661 1986 2691 exhi-

1104 2703 1178 2775 peat
1196 2704 1249 2742 ciui
1269 2702 1481 2740 convenitur,
1506 2702 1536 2733 ei
1558 2711 1657 2733 nocet
1674 2712 1704 2733 in
1723 2711 1792 2733 eain
1815 2700 1937 2733 cansam
1956 2701 1985 2732 d.

1116 2770 1122 2776 .
1144 2754 1171 2775 2,
1216 2771 1219 2774 .
1240 2753 1263 2776 1.

1147 2744 1260 2816 Tegna
1289 2785 1442 2824 exceptio
1467 2785 1511 2816 est
1536 2786 1566 2817 in
1592 2785 1785 2826 argentariis.
1809 2785 1849 2816 de
1869 2784 1983 2824 quibus

1106 2827 1227 2858 Praetor
1252 2828 1317 2867 egit
1340 2826 1467 2867 speciali
1493 2826 1621 2858 Edieto.
1667 2826 1741 2866 Ejtis
1765 2828 1866 2867 capita
1893 2825 1982 2856 fuere

1106 2871 1184 2908 tria;
1212 2869 1241 2899 Gt
1261 2869 1354 2909 prinii
1374 2869 1470 2899 verba
1488 2868 1580 2900 fuisse
1598 2869 1750 2907 talia,'ex
1773 2869 1791 2899 l.
1808 2878 1837 2905 4.
1859 2867 1895 2901 ὅ)
1919 2867 1935 2897 ἰ.
1951 2875 1983 2902 9.

1105 2910 1134 2952 §.
1147 2921 1176 2950 3.
1196 2910 1236 2941 D.
1254 2911 1279 2941 b.
1297 2917 1316 2941 t.
1333 2909 1501 2941 verisimile
1513 2909 1567 2941 est.
1589 2910 1777 2949 Argentaria
1790 2918 1888 2946 mensae
1902 2917 1982 2939 exer-

1105 2954 1204 2982 sicores
1215 2953 1341 2982 rationes
1355 2961 1416 2993 quae
1433 2952 1470 2982 ad
1486 2952 1686 2991 sppertinent‚
1703 2953 1782 2981 edere
1799 2952 1912 2986 delient,
1928 2948 1979 2978 od-

1099 2994 1174 3035 jeao
1191 2994 1235 3023 die
1255 2993 1290 3027 δ”
1309 2992 1450 3030 Consule,
1474 2994 1602 3024 omnibus
1619 2994 1670 3033 qui
1686 2993 1716 3022 ici
1729 2986 1978 3033 postulabunmfi

1099 3037 1185 3075 prius
1190 3035 1382 3076 juraverim,
1406 3044 1464 3065 non
1481 3035 1630 3065 calumnia.»
1648 3036 1732 3073 causti
1744 3039 1848 3072 petere.
1873 3029 1980 3059 Ratio-

1107 3086 1179 3108 nem
1206 3077 1296 3116 hujus
1328 3075 1432 3107 Editii
1456 3076 1560 3118 inquit
1586 3074 1740 3113 Ulpianus
1766 3069 1981 3116 effe-aeqoxffi-

1106 3127 1209 3150 marn:
1232 3120 1260 3149 ἃ
1279 3118 1440 3149 causatur:
1467 3117 1555 3157 quod
1572 3116 1760 3157 fingulorum
1779 3119 1915 3142 rationes
1933 3119 1980 3141 ai·-

1105 3160 1237 3200 gentarii
1250 3159 1444 3198 conficiant3
1458 3158 1598 3198 ideoque
1613 3152 1824 3195 aequumfuit.
1842 3160 1876 3198 Q
1890 3152 1980 3196 <wod

1107 3202 1168 3231 inei
1187 3201 1274 3232 causa
1300 3199 1467 3236 confecit,
1489 3203 1594 3230 meum
1611 3196 1850 3235 quodammodo
1869 3196 1982 3224 instru-

1107 3250 1253 3276 mentum
1273 3241 1349 3276 milii
1361 3241 1435 3275 edat
1449 3241 1478 3277 d.
1496 3240 1517 3274 l.
1534 3249 1564 3280 4.
1580 3239 1609 3279 §.
1630 3246 1655 3269 1.
1683 3234 1728 3268 Ut
1745 3244 1850 3268 autem
1867 3235 1982 3305 claripf

1956 3290 1978 3304 1..
