2036 3495
1 0 4 47 l

552 73 638 107 DE

73 172 129 195 eos
147 160 322 204 usurpnss'e,
354 162 385 193 in
403 160 668 204 Parergis-docuit
685 167 737 191 me
755 158 814 207 Vir
834 160 946 212 Erudi-

71 204 200 236 tillimus
212 228 221 242 ‚
236 204 392 236 Barnabas
410 202 626 243 Briffonius-p.
642 205 714 242 676.
731 201 840 249 &seqt
858 206 906 235 bit
923 214 944 235 1-

70 247 156 288 gitur
171 248 254 287 apud
272 244 443 287 Ulpianum
461 245 630 285 voluptate
639 244 813 289 praedium:
830 254 860 276 in
879 254 945 285 quo

70 288 236 326 viridaria,
259 287 470 329 gestationes,
493 286 523 318 &
540 284 835 332 deambulationes,
852 287 944 318 arbo-¹

70 329 155 361 ribus
179 328 378 361 infructuosis
403 335 513 368 opacae
539 335 635 367 atque
653 335 804 358 amoenae:
828 329 859 359 id
879 328 942 368 cst,

70 371 140 403 loca
157 372 188 402 in
206 370 319 412 quibus
343 369 569 411 paterfamilias
587 368 751 415 ambulet,
775 369 827 415 vel
843 369 942 410 geste-

68 420 120 444 tur
146 411 234 451 sella,
259 412 387 450 lectica,
410 412 461 442 vel
486 410 656 448 vehiculo,
682 409 820 457 sanitatis
839 412 889 442 vel
911 421 941 443 a·

67 454 242 486 moenitatis
265 453 372 493 gratia.
404 453 477 484 talia
502 452 587 482 enim
613 452 685 483 loca
700 451 892 499 gestationes
908 453 939 485 &

65 495 341 527 deambulationes
358 493 525 534 appellari,
539 493 600 533 jam
618 501 730 524 notum
747 493 792 538 est
808 494 938 534 diligen-

68 536 108 567 tia
126 536 199 576 justi
220 535 313 576 Liplii
329 537 356 566 d.
368 536 418 566 loc.
437 535 466 566 ἃ.
484 535 644 566 Gnidonis
660 534 831 567 Pancirolli
846 536 895 566 lib.
909 545 936 568 1.

69 576 206 615 Thesaur.
228 587 293 608 var.
308 576 371 608 lect.
389 586 412 608 c.
432 586 482 616 55.
505 575 548 607 Et
565 575 811 622 est¹exempluin
833 577 934 617 hujus·

66 614 152 651 modi
168 618 277 658 praedii
293 618 323 649 in
340 617 414 649 villa
434 618 543 655 Plinii,
561 618 601 649 de
620 626 681 658 qua
697 617 762 658 ipse
779 617 821 650 fic
838 618 885 650 lib.
903 630 933 660 5.

64 657 157 701 Epist.
168 664 198 690 6.
215 658 319 690 Multa
336 661 367 690 in
383 659 437 690 hac
445 659 558 700 (villa)
568 661 708 690 membra.-
724 662 833 691 atrium
847 661 935 692 etiam

62 710 98 732 ex
120 709 193 731 more
219 706 368 739 velerum,
391 707 459 732 ante
478 702 621 741 porticum
637 699 740 741 xystus
758 700 887 740 concisus
903 703 934 732 in

59 742 203 784 plurimas
210 742 338 783 species,
359 740 566 788 dislintlusque
580 744 674 781 buxo,
697 742 830 784 denuffus
849 744 933 782 inde,

791 853 1005 890 CAPUT

699 70 1179 110 USUFRUCTU
1237 77 1390 113 Lial.

1796 89 1868 130 335

982 168 1149 206 pronusque
1168 165 1330 206 pulvinus,
1359 169 1409 199 cuz·
1429 167 1583 211 bestiarum
1604 164 1710 213 effigies
1736 172 1863 204 invicem

986 206 1122 246 adversas
1141 207 1236 238 buxus
1252 208 1404 249 inscrisfil.
1435 212 1592 243 Acanthus
1607 214 1639 244 in
1648 213 1737 254 plano
1753 214 1864 254 mollis,

987 245 1024 281 ἐξ
1036 254 1107 288 pene
1117 249 1239 279 dixerim
1251 249 1388 290 liquidus.
1411 254 1500 284 ambit
1511 254 1590 284 'hunc
1605 255 1759 287 ambulatio
1769 261 1862 295 ,presa

979 286 1023 325 sis
1046 290 1183 331 varieque
1208 290 1293 328 tonsis
1317 293 1461 324 viridibus
1478 295 1605 334 inclusa:
1629 297 1665 327 ab
1681 297 1725 328 his
1737 295 1860 338 gns-’statio

985 330 1016 360 in
1028 331 1141 362 modum
1160 332 1231 362 circi
1246 343 1309 374 quae
1324 335 1434 366 buxum
1448 336 1672 376 multiformem,
1682 338 1858 380 humilesque

985 370 1022 405 ὅ)
1039 378 1164 403 retentas
1175 383 1264 405 manu
1278 375 1449 415 arbusculas
1464 378 1608 409 circumit.
1623 381 1718 411 omnia
1732 381 1860 411 maceria

984 415 1171 444 muniantur.
1196 415 1271 446 hanc
1284 419 1413 457 gradata
1429 420 1525 449 buxus
1541 421 1630 460 operit
1645 421 1682 455 δέ’
1698 421 1855 461 abscondit.

984 452 1092 486 Detur
1113 456 1206 496 igitur
1222 456 1377 497 ejusmodi
1396 459 1571 500 voluptaris
1595 463 1704 501 praedii
1719 462 1857 494 ususfru-

982 494 1061 527 crus.
1085 498 1121 528 aii
1142 500 1262 536 poterit
1278 498 1465 531 fructuarius
1488 502 1541 532 illa
1557 511 1626 541 quae
1647 504 1732 542 dixi,
1756 513 1856 536 atnoe-¹

981 537 1087 568 nitatis
1104 537 1308 571 instrumenta
1324 541 1481 581 dejicere:
1500 550 1534 572 ut
1554 542 1668 575 hortos
1685 543 1782 577 faciat
1797 547 1856 578 oli-

979 579 1101 618 tori0s‚
1119 580 1169 611 vel
1185 581 1268 612 aliud
1283 585 1371 622 quod
1386 583 1424 613 ad
1442 584 1580 615 reditum
1598 584 1742 624 spectet?
1759 593 1856 628 negat

979 618 1147 660 Ulpianus.
1179 623 1265 662 atqui
1291 622 1391 655 faciet
1414 623 1454 656 fic
1478 624 1667 657 fructuarius
1695 628 1856 661 utiliorem

978 662 1183 702 proprietatis
1208 663 1341 695 causam.
1375 663 1424 696 sed
1449 675 1514 698 non
1532 667 1654 700 idcirco
1672 668 1854 702 meliorem:

978 707 1045 734 imo
1062 704 1279 744 deteriorem,
1302 706 1405 738 invito
1423 708 1568 740 domino,

1063 854 1135 889 VI.

62 951 284 988 Frucluarium
301 950 349 987 cui
365 953 505 998 competit
521 949 817 998 usuffrullusfimdi
827 979 835 995 ‚
862 953 910 986 uti
916 950 1015 998 fundi
1021 950 1242 997 servitutibus.
1278 956 1371 989 etiam
1388 959 1523 994 omnibus
1549 961 1614 1007 ejus
1633 962 1791 1008 partibus:
1818 966 1852 997 ut

107 1001 314 1049 crctzfoclinis,
342 1001 565 1046 arenifodinis‚
593 1002 781 1047 lapidicinis,
808 1002 935 1046 aliisque
952 1001 1086 1056 iiietlelis
1104 1013 1124 1035 a
1139 1002 1257 1057 domino
1279 1004 1440 1050 institutis.
1468 1009 1578 1054 quidsi
1599 1010 1660 1057 ipse
1677 1012 1753 1046 vem
1773 1022 1852 1045 ηοω

109 1052 287 1097 instituere:
314 1063 354 1086 aii
369 1051 492 1097 potest?
519 1047 559 1088 &³
573 1050 717 1095 quando?
741 1049 902 1096 acccffioiie
917 1050 1083 1084 allii-Dionis
1109 1061 1216 1096 augeri
1230 1049 1333 1096 filiali
1357 1052 1602 1100 zfiimsmffigmg
1628 1071 1669 1094 an
1693 1057 1735 1099 ὃ)
1752 1058 1852 1107 insula

102 1101 201 1147 juxta
219 1099 358 1146 fundum
375 1107 451 1134 nata
465 1101 496 1135 in
504 1097 667 1146 flumine?
694 1110 752 1134 non
771 1099 877 1133 videri.
932 1125 935 1130 .

97 1203 181 1245 gitur
188 1209 337 1244 apparet,
353 1201 508 1243 quidquid
519 1201 550 1233 in
561 1200 663 1232 fundo
674 1200 827 1247 nascitur,
837 1201 935 1247 ,quide

58 1205 93 1280 I
118 1244 193 1283 quid
212 1244 284 1276 inde
300 1244 423 1285 percipi
440 1242 548 1283 potest
562 1265 572 1280 ,
596 1240 757 1273 fruetuaru
775 1244 844 1273 heri
861 1249 934 1282 per-'

59 1287 231 1324 ceptione;
256 1285 276 1317 fi
293 1286 369 1316 boni
386 1284 445 1315 viri
461 1284 613 1315 arbitratu
628 1291 735 1314 utatur
750 1283 780 1315 ἅ
794 1282 928 1315 fruatur.

56 1327 161 1368 Ipsum
186 1334 291 1358 autem
314 1325 449 1357 fundum
466 1325 568 1364 accipi
593 1331 755 1371 oportet-,⁸
772 1334 838 1357 non
861 1325 929 1373 sitn-

57 1368 202 1409 pliciter‚
225 1367 277 1399 sed
301 1368 400 1407 qualis
417 1366 462 1398 est
478 1376 549 1397 cum
563 1365 683 1406 juribus
701 1375 729 1397 ei
747 1366 928 1413 mhaerenn-

54 1411 115 1442 bus
149 1409 192 1439 ita
205 1418 270 1440 non
287 1409 389 1440 minus
403 1406 509 1449 potest
522 1406 711 1439 fruCtuarius
725 1406 817 1440 fundi
837 1407 928 1440 servr-

55 1447 193 1489 t‘utibUS‚
217 1460 310 1492 quam
336 1449 404 1490 ipso
420 1449 524 1481 fundo
544 1449 589 1480 uti
616 1448 700 1480 frui:
724 1449 799 1488 quia
814 1459 927 1482 verum

55 1492 122 1531 est,
137 1502 188 1523 eas
203 1501 267 1523 non
284 1490 442 1530 hominis,
459 1491 511 1522 sed
529 1490 637 1531 praedii
654 1489 716 1522 effe
732 1492 750 1521 l.
762 1500 812 1537 ao.
829 1491 925 1539 §.qula

56 1536 89 1566 de
98 1534 292 1573 servitutibus¹
302 1534 476 1574 praediorum
492 1530 682 1573 rusticorum:
705 1532 844 1573 denique
858 1542 926 1573 jura

55 1577 246 1616 praediorum
269 1574 338 1606 sunt
359 1574 476 1615 praedia
499 1573 635 1614 qualiter
651 1572 681 1604 se
699 1573 867 1613 habentia,
892 1582 927 1606 ut

54 1617 199 1656 bonitas,
222 1616 404 1654 salubritas,
427 1615 606 1656 amplitudo
622 1615 641 1646 l.
659 1618 708 1648 86.
726 1614 768 1647 D.
784 1617 818 1662 cle
832 1617 927 1647 verba-

54 1667 121 1690 rum
130 1656 363 1700 fignificazione:
388 1658 418 1688 ὅ(
433 1657 557 1696 optime
576 1655 709 1697 sequens
728 1655 824 1698 Lapis
840 1658 927 1699 apud

54 1698 247 1739 Gruterum,
265 1706 336 1742 pag.
357 1707 427 1730 201.
444 1698 579 1738 Iiilcript.
597 1707 628 1738 3.

337 1739 362 1772 P
374 1739 398 1770 E
409 1739 444 1770 R.
477 1738 509 1770 H
522 1740 546 1770 Α
558 1737 587 1769 N
599 1739 636 1770 C.

344 1781 391 1812 IA
403 1780 452 1812 M.
484 1779 508 1811 F
520 1779 549 1811 U
604 1780 632 1811 D

377 1822 414 1853 M
426 1823 452 1853 A
464 1820 488 1850 R
499 1821 527 1853 C
537 1821 559 1852 l.

420 1862 445 1894 L
458 1862 484 1894 E
496 1862 522 1894 R
541 1861 570 1893 O
629 1862 638 1893 l

418 1904 454 1935 R.
481 1905 506 1935 A
518 1903 585 1935 CT
636 1903 666 1935 S.

302 1780 341 1854 0<

314 1847 352 1935 ὶ-Ιᾞ.

585 1821 611 1850 ἢ

644 1778 674 1893 (ΛΓΟ

587 1861 626 1934 (ΞΖ

350 1862 381 1894 H
395 1863 406 1895 1

340 1903 372 1936 T
384 1904 408 1935 E

355 1945 388 1977 D
399 1945 424 1977 E
433 1946 457 1977 B
468 1945 493 1976 E
503 1945 535 1976 T
545 1945 575 1976 U
587 1946 622 1977 R.

45 1987 84 2019 ld
95 1996 194 2027 usque
209 1987 290 2018 adeo
306 1987 475 2028 placet:ut
490 1986 510 2018 fi
527 1987 595 2027 quis
612 1996 676 2018 non
694 1987 841 2027 patiatur,
857 1987 921 2019 fru-

49 2030 199 2061 &uarium
211 2030 255 2060 uti
271 2027 332 2060 frui
349 2029 455 2069 praedii
473 2028 644 2066 servitute3
661 2029 794 2068 perinde
807 2028 922 2075 babea-

47 2077 115 2109 tur,
131 2079 167 2101 ac
183 2070 204 2101 fi
221 2079 286 2101 non
303 2070 458 2110 patiatur,
475 2079 547 2101 eum
569 2069 672 2101 fundo
688 2072 732 2100 uti
751 2069 833 2102 frui:
849 2079 921 2117 quia

45 2121 110 2143 non
129 2112 266 2151 patitur,
282 2121 353 2143 euin
374 2111 476 2142 fundo
493 2120 565 2142 curn
581 2110 639 2142 suis
654 2111 857 2152 qualitatibus
876 2118 920 2143 uti

47 2152 109 2184 frui
128 2154 148 2184 l.
170 2162 195 2184 1.
213 2152 255 2185 D.
283 2153 316 2184 Si
330 2152 515 2193 ususfrullus
527 2158 647 2192 petetur.

90 2193 156 2225 Vix
171 2204 252 2234 opus
267 2195 451 2233 admoneri,
468 2194 558 2225 fundi
575 2193 791 2234 appellatione
808 2203 920 2241 omnes

46 2233 136 2267 fundi
152 2243 257 2276 partes
273 2236 523 2276 comprehendi:
541 2236 670 2276 quando
686 2235 804 2267 fundus
820 2235 919 2268 estin-

48 2283 172 2318 tegrum
187 2277 303 2317 aliquid
320 2277 339 2308 l.
355 2281 405 2309 60.
423 2276 464 2308 D.
481 2278 514 2307 cle
526 2278 677 2308 verborum
685 2276 916 2324 fignzficafione,

46 2318 136 2357 quod
151 2317 210 2349 suis
228 2317 350 2350 constat
365 2318 515 2358 partibus.
538 2318 635 2358 igitur
650 2319 726 2349 dato
743 2318 834 2350 fundi
852 2318 918 2365 usu-

43 2358 166 2398 fructu,
178 2368 242 2390 non
260 2358 526 2390 circumscribitur
541 2359 728 2391 sincrum-ius
745 2361 804 2392 hac
815 2365 868 2401 aut
885 2361 918 2391 il·

45 2401 74 2431 la
99 2407 209 2441 parte:
233 2400 285 2432 sed
312 2401 433 2440 poterit
451 2401 599 2432 omnibus
619 2402 760 2441 partibus
779 2402 823 2433 uti
842 2401 916 2448 frui.

45 2440 90 2472 Ea
106 2442 228 2473 ratione
243 2441 397 2482 Ulpianus
415 2442 434 2473 l.
447 2451 474 2477 9-
486 2441 514 2484 §.
530 2452 555 2473 1.
568 2441 608 2473 D.
628 2444 661 2473 cle
676 2443 833 2482 usufructu
849 2443 918 2489 scri-

46 2482 104 2514 bit.
135 2483 169 2514 Si
181 2483 286 2523 lapides
302 2485 333 2514 in
350 2493 377 2513 eo
386 2484 486 2523 fundo
499 2483 577 2522 fini,
600 2493 696 2529 earum
712 2495 822 2531 quoque
837 2489 917 2525 usus-

38 2523 161 2564 frustras
178 2526 215 2555 acl
237 2534 299 2556 eum
321 2528 453 2565 pertinet.
492 2524 665 2557 Florentiae
687 2531 810 2566 editur,
835 2534 918 2566 apes:

45 2567 213 2604 quomodo
236 2566 266 2597 ὃς
290 2564 418 2605 Graeci,
440 2565 555 2604 Bafilic.
579 2567 626 2598 lib.
652 2571 696 2598 16.
725 2572 770 2599 tit.
798 2577 822 2599 1.
845 2575 916 2609 pag.

46 2610 115 2645 246.
135 2613 200 2637 tom.
216 2617 244 2638 2.
268 2617 329 2638 nec
345 2607 504 2648 improbo.
528 2608 633 2649 paffim
653 2616 757 2640 tamen
773 2608 918 2641 scribitur

47 2646 172 2684 lapides.-
188 2648 217 2678 ἅ
235 2647 298 2688 ipse
315 2648 380 2680 hoc
397 2650 513 2681 malim.
538 2650 650 2681 addam
670 2658 810 2690 tantuin,
829 2651 917 2692 quod

45 2685 202 2727 Ulpianus
218 2695 284 2725 non·
299 2689 360 2728 ait,
378 2689 517 2730 lapides,
533 2692 587 2731 qui
607 2692 637 2723 in
655 2690 759 2723 fundo
777 2691 855 2731 lint,
878 2693 918 2723 ad

46 2728 251 2760 fruetuarium
277 2731 459 2770 pertinere3
481 2732 591 2772 (quod
611 2733 775 2766 Accurfius
793 2734 917 2772 voluit,

46 2771 102 2809 qui
129 2770 158 2800 &
177 2770 391 2810 usumfrutium
415 2781 474 2811 pro
497 2774 642 2804 dominio
660 2775 807 2814 imperite
826 2784 916 2806 acce-

46 2811 120 2851 pit)
145 2809 197 2841 sed
215 2809 367 2851 Ulpianus
386 2813 446 2852 ait,
469 2813 608 2853 lapidum
626 2814 852 2848 usumfructum
865 2839 874 2853 ‚
896 2815 916 2847 fi

45 2852 165 2892 lapides
183 2852 212 2882 in
232 2850 333 2884 fundo
349 2851 408 2884 fint
427 2877 437 2892 ,
468 2855 507 2885 ad
524 2854 731 2888 fructuarium·
744 2859 916 2897 pertinere.

47 2893 162 2924 dubito
179 2900 303 2931 autem,
319 2902 356 2924 an
375 2903 430 2934 per
446 2895 551 2934 lapides
568 2896 725 2938 intelligat
742 2898 914 2938 lapidosam

44 2934 136 2966 fundi
155 2942 274 2973 partem
292 2943 385 2974 quam
402 2935 514 2967 Paulus
529 2936 547 2966 l.
562 2946 608 2976 13.
621 2937 661 2968 D.
678 2940 710 2969 de
723 2941 805 2970 rebus
820 2949 916 2970 eorum

65 2977 95 3006 ui
108 2977 168 3014 jub
190 2975 281 3006 tutela
306 2982 403 3006 vocat
428 2975 562 3008 fundum
582 2979 735 3018 saxosum:
758 2989 793 3012 ut
813 2980 915 3013 sensus

45 2985 172 3058 Ulpiani
188 3016 240 3049 fit:
264 3016 284 3048 fi
302 3017 404 3057 aliqua
425 3016 515 3049 fundi
535 3027 606 3058 pai-s
620 3018 655 3050 fit
673 3019 796 3061 saxosa,
820 3021 915 3054 etiam

47 3058 111 3096 ejus
126 3057 352 3090 usumfructum
362 3059 400 3090 ad
409 3057 611 3091 fructuarium
622 3061 791 3100 pertinere.
808 3062 896 3105 Quid
906 3085 919 3102 ,

46 3097 69 3129 fi
91 3099 268 3139 lapidicinae
291 3099 349 3131 fint
366 3122 376 3136 ,
407 3100 458 3131 vel
486 3100 688 3133 cretifodinae
710 3103 762 3134 vel
785 3105 915 3136 arenae‘?

45 3138 182 3179 (Plinius
197 3141 245 3172 lib.
261 3145 309 3182 36.
326 3141 405 3172 Nat.
420 3139 485 3182 hist.
503 3151 526 3173 c.
545 3152 594 3183 23.
617 3142 696 3175 facit
713 3145 772 3176 tria
789 3144 914 3177 harenae

45 3189 179 3222 genera:
201 3181 348 3220 foffitiam
359 3206 370 3224 ,
393 3182 577 3219 fluviatilem
587 3206 597 3224 2

977 1197 1131 1245 Ulpianus
1149 1199 1176 1241 ἓ,
1200 1209 1228 1233 2.
1244 1203 1272 1233 (ἰ.
1288 1203 1307 1235 l.
1324 1214 1355 1242 9.
1381 1205 1474 1244 Seclfi
1488 1208 1661 1249 lapidicinas
1673 1212 1792 1248 habeat,
1813 1210 1852 1246 δ’

974 1240 1099 1280 lapzdem
1116 1244 1220 1272 callere
1235 1244 1325 1284 velit,
1346 1246 1392 1277 vel
1411 1249 1601 1287 cretifodinas
1616 1253 1737 1289 babeat,
1759 1253 1805 1283 vel
1820 1262 1853 1284 a·

974 1291 1077 1312 renas:
1095 1284 1223 1314 omnihus
1240 1285 1413 1327 hisulicrum
1429 1289 1555 1322 Sabinus
1569 1293 1631 1331 air,
1648 1292 1732 1334 quafi
1747 1294 1854 1325 bonam

968 1323 1225 1363 patremfamilias.
1254 1336 1342 1368 quam
1351 1330 1530 1370 sententiam
1540 1338 1613 1374 puto
1628 1344 1739 1366 veram.
1780 1335 1852 1366 Sic:

972 1363 992 1395 fi
1009 1364 1191 1404 hujusmodi
1208 1366 1348 1409 fodinae,
1371 1372 1423 1404 vel
1440 1373 1637 1414 lapidicinae,
1664 1386 1681 1407 a
1697 1375 1853 1408 testatore

971 1405 1030 1450 sint
1048 1405 1208 1439 institutae.
1232 1409 1284 1442 sed
1299 1409 1405 1452 finge,
1420 1413 1555 1447 inveniri
1573 1416 1644 1458 post
1659 1418 1800 1459 legatum
1816 1427 1852 1449 u·

971 1446 1187 1481 iumfrutrum.
1219 1455 1262 1482 ait
1285 1450 1441 1493 Ulpianus
1460 1457 1489 1487 d.
1508 1457 1528 1488 l.
1545 1466 1574 1492 9.
1593 1458 1621 1499 §.
1637 1468 1667 1499 3.
1700 1459 1756 1491 Sed
1773 1458 1851 1498 &fi

970 1488 1027 1519 hcec
1046 1489 1159 1521 metalla
1172 1489 1235 1531 post
1249 1494 1467 1533 usumfruftum
1482 1498 1608 1538 legatum
1620 1500 1683 1537 sint
1702 1501 1850 1541 inventa,

969 1540 1035 1562 cum
1052 1532 1139 1562 zozias
1154 1534 1220 1574 agri
1233 1534 1418 1576 relinquatur
1427 1539 1624 1579 ususfrustus,
1634 1543 1829 1581 nonpartium
1837 1552 1853 1581 ,·

969 1573 1173 1604 contineantur
1190 1574 1292 1615 legato.
1325 1575 1350 1607 F
1354 1578 1500 1611 lorentiae
1518 1581 1562 1611 est
1612 1581 1668 1613 Sed
1676 1582 1707 1620 fi
1720 1583 1787 1615 haec.
1814 1591 1850 1615 at

968 1613 1074 1653 probo
1096 1615 1254 1655 vulgatam
1273 1617 1443 1651 lectionem
1455 1644 1464 1659 ,
1489 1621 1544 1653 Sed
1562 1621 1638 1660 &fi
1652 1624 1729 1655 baec:
1753 1633 1848 1664 quam

968 1655 1132 1696 pleraeque
1150 1657 1275 1689 servant
1286 1659 1465 1701 editiones,
1483 1664 1510 1694 &
1526 1663 1656 1704 praefert
1669 1664 1849 1699 Ruffardus.

967 1705 1067 1737 porro
1091 1696 1250 1730 Metallum
1274 1703 1423 1741 generale
1444 1705 1635 1737 vocabulum
1653 1706 1718 1745 est,
1747 1707 1850 1748 perti-⁴

967 1747 1046 1769 nens
1071 1739 1109 1770 ad
1132 1741 1239 1771 omnia
1258 1750 1328 1782 quae
1352 1753 1370 1775 e
1390 1751 1481 1777 terrae
1498 1746 1668 1779 visceribus
1692 1753 1847 1781 eruuntur

967 1778 987 1809 l.
1009 1788 1055 1819 13.
1075 1779 1103 1821 §.
1118 1790 1149 1820 5.
1166 1780 1208 1814 D.
1233 1785 1292 1814 eod.
1311 1785 1357 1814 tit.
1385 1784 1422 1819 ὅ)
1437 1786 1457 1817 l.
1477 1797 1505 1826 3.
1521 1788 1541 1829 §
1568 1788 1620 1819 ult.
1645 1788 1689 1820 D.
1714 1791 1748 1821 de
1761 1792 1847 1821 rebus

967 1829 1061 1850 eorum
1077 1823 1196 1862 quisub
1212 1823 1311 1855 tutela.
1358 1824 1404 1857 lta
1422 1826 1522 1860 sensus
1542 1828 1670 1871 Ulpiani
1685 1830 1748 1870 est,
1771 1841 1847 1864 cum

967 1862 1089 1901 leg-‘itus
1106 1862 1151 1894 est
1172 1864 1260 1895 fundi
1280 1864 1493 1908 ususfructus,
1522 1880 1587 1902 non
1607 1872 1740 1913 intelligi
1760 1873 1846 1914 lega-

969 1910 1035 1933 tum
1046 1904 1175 1943 alicujus
1188 1907 1301 1945 partis3
1327 1906 1378 1939 sed
1390 1910 1487 1943 totius
1496 1910 1587 1944 fundi
1600 1913 1842 1946 usumfructum.

966 1943 1055 1983 poss'e
1071 1945 1167 1986 igitur
1184 1945 1391 1981 fructuarium
1407 1950 1509 1984 fundo
1522 1961 1613 1992 toto,
1630 1963 1727 1996 atque
1741 1956 1845 1987 omni-

965 1985 1024 2016 bus
1042 1986 1108 2026 ejus
1125 1988 1266 2026 partibus
1285 1990 1330 2021 uti
1349 1990 1420 2023 frui.
1445 1995 1528 2025 adeo
1544 1994 1565 2026 si
1584 1995 1734 2027 institutae
1748 1998 1809 2038 jam
1826 2006 1844 2028 a

966 2026 1118 2058 testatore
1133 2027 1192 2060 fint
1209 2030 1405 2071 lapidicinae,
1424 2033 1453 2064 δι
1471 2035 1607 2076 lapidem
1623 2039 1748 2069 caedere
1762 2039 1844 2070 velit

963 2066 1173 2108 fructuarius,
1199 2072 1249 2103 vel
1273 2071 1293 2103 fi
1317 2071 1375 2104 {int
1399 2076 1624 2117 cretifodinae,
1648 2079 1699 2111 vel
1715 2089 1841 2120 arena:;

964 2110 1113 2142 omnibus
1129 2111 1176 2142 his
1191 2112 1279 2144 velut
1295 2115 1434 2153 partibus
1450 2117 1572 2150 usurum
1583 2139 1593 2158 ,
1611 2122 1763 2161 exemplo
1781 2122 1842 2153 bo-

964 2151 993 2182 ni
1013 2151 1259 2191 patrisfamilias.
1278 2154 1344 2187 imo
1361 2155 1381 2188 fi
1399 2157 1469 2189 haec
1484 2161 1611 2192 metalla
1623 2162 1751 2195 demum
1769 2163 1843 2204 post

963 2192 1102 2233 legatum
1126 2193 1354 2229 usumfructum
1380 2197 1438 2230 fint
1463 2200 1616 2241 inventa3
1639 2204 1736 2235 etiarn
1756 2203 1840 2244 ipso-

962 2242 1032 2265 rum
1046 2234 1299 2280 uffimfruClum,
1323 2239 1408 2279 quau
1430 2244 1567 2280 partium
1591 2242 1709 2284 fundi,
1733 2245 1841 2287 legato

962 2283 1132 2307 contineri.
1163 2276 1213 2308 Sic
1232 2277 1402 2319 Ulpianus:
1420 2283 1449 2313 <Sc
1467 2283 1564 2316 recte.
1596 2284 1663 2318 Nifi
1680 2288 1750 2326 quis
1771 2296 1838 2318 me-

962 2323 1048 2348 tuat:
1073 2325 1107 2348 ut
1130 2316 1336 2360 sintharius,
1364 2321 1512 2357 institutis
1527 2336 1544 2356 a
1560 2326 1591 2357 se
1614 2327 1769 2366 metallis,
1793 2328 1840 2360 vi·

962 2358 1073 2389 deatur
1087 2360 1208 2399 praedio
1224 2361 1341 2393 rustico
1356 2363 1433 2396 boni
1449 2366 1506 2397 viri
1523 2367 1675 2399 arbitratu
1696 2368 1741 2400 uti
1757 2367 1840 2402 fruiss

962 2408 1034 2431 cum
1053 2409 1090 2431 ea
1105 2401 1144 2432 ad
1159 2400 1249 2434 fundi
1266 2404 1442 2445 culturam,
1466 2416 1598 2448 remque
1615 2408 1761 2442 rusticam
1784 2420 1839 2452 pa-

961 2450 1031 2472 rum
1047 2442 1239 2482 pertineant.
1283 2445 1346 2477 Sed
1364 2456 1429 2478 non
1447 2447 1512 2479 hoc
1529 2450 1706 2489 periculum
1723 2450 1779 2484 est.
1802 2460 1839 2484 ut

961 2484 1046 2514 enim
1061 2484 1100 2514 ad
1110 2486 1330 2524 agriculturam
1345 2489 1475 2528 proprie
1490 2499 1555 2522 non
1572 2490 1714 2532 spectent
1729 2494 1839 2526 metal-

961 2524 1006 2556 la:
1031 2524 1249 2565 patrifamilias
1274 2536 1381 2560 tamen
1408 2531 1496 2562 bono
1523 2532 1553 2563 δε
1581 2533 1743 2575 diligenti,
1768 2534 1837 2567 fiin

961 2575 1026 2605 quo
1043 2575 1120 2607 agro
1137 2567 1253 2600 idonea
1269 2568 1330 2600 esse
1348 2571 1482 2611 poffiut,
1499 2573 1688 2615 negligenda
1704 2585 1768 2608 non
1789 2586 1836 2608 es-

960 2607 1011 2647 se,
1028 2608 1131 2640 Varro
1147 2612 1321 2642 commode
1339 2612 1487 2652 opinatur
1503 2613 1550 2646 lib.
1574 2624 1600 2647 1.
1620 2615 1668 2648 De
1682 2626 1711 2648 re
1727 2616 1835 2657 rustica

961 2659 986 2680 c.
1003 2659 1033 2688 4.
1051 2649 1093 2681 fic
1111 2649 1259 2684 scribens.
1291 2651 1346 2683 Sea
1360 2663 1450 2695 neque
1466 2654 1645 2697 lapidicina,
1669 2668 1761 2700 neque
1774 2670 1835 2691 are-

959 2694 1069 2731 nariae,
1092 2693 1130 2722 ad
1146 2693 1355 2734 agriculturam
1367 2697 1530 2736 pertinent,
1540 2696 1586 2736 fic
1596 2698 1728 2741 figlinoe,
1743 2701 1842 2742 ireque

960 2733 1020 2763 idco
1037 2742 1094 2763 uon
1111 2736 1142 2764 in
1157 2744 1211 2775 quo
1229 2744 1297 2776 agro
1313 2737 1417 2768 icloneae
1427 2737 1532 2778 poffint
1546 2739 1615 2781 effe,
1631 2751 1688 2772 non
1701 2752 1834 2773 exercen-

959 2775 1020 2812 cioe,
1045 2780 1132 2815 atque
1154 2786 1191 2807 ex
1212 2779 1250 2807 eis
1276 2778 1413 2818 capiundi
1425 2779 1557 2818 fruhlus.
1602 2782 1712 2814 Potest
1738 2784 1834 2824 igitur

960 2815 1144 2887 fi-isiketuarius
1161 2818 1212 2850 vel
1231 2826 1338 2851 vetera
1353 2821 1479 2853 metalla
1495 2830 1665 2864 exercere,
1682 2826 1732 2856 vel
1750 2833 1834 2856 nova

959 2865 988 2887 in
1020 2865 1132 2889 unere.

1001 2897 1072 2929 Nec
1090 2906 1194 2932 tamen
1212 2901 1275 2933 hoc
1295 2901 1417 2944 semper
1432 2905 1460 2936 ei
1478 2898 1592 2944 licere,
1616 2907 1780 2937 arbitratus
1799 2915 1833 2937 o-

959 2939 1012 2970 lim
1031 2939 1092 2971 fuit
1104 2940 1258 2981 Ulpianus
1275 2944 1292 2974 l.
1306 2953 1352 2984 13.
1369 2946 1483 2988 §.565⁹
1498 2952 1528 2979 6.
1549 2947 1590 2978 D.
1607 2949 1640 2978 de
1656 2946 1830 2987 zcstcfnitlu:

958 2989 1044 3011 nunc
1068 2983 1130 3014 alio
1153 2982 1283 3017 flectunt
1298 2987 1473 3020 adulterata
1490 2991 1556 3029 ejus
1575 2989 1679 3018 vei-ba.
1710 2987 1832 3028 subjeci

960 3032 996 3053 ea
1016 3031 1076 3062 qua
1093 3025 1229 3058 eduntur
1245 3026 1374 3060 forma:
1397 3038 1569 3061 vocaturus
1586 3029 1623 3060 ad
1649 3030 1833 3071 diligentius

960 3072 1110 3105 examen3
1134 3075 1211 3098 mox
1226 3070 1321 3102 etiam
1339 3073 1573 3102 emendaturus.
1614 3068 1742 3110 Ulpiani
1763 3081 1831 3104 ver-

959 3105 1008 3137 ba.
1048 3106 1118 3138 Inde
1133 3106 1172 3148 est
1189 3109 1337 3151 quoeficum
1349 3135 1357 3150 ,
1381 3123 1421 3143 cm
1437 3112 1608 3152 lapidiciniis
1625 3112 1672 3142 vel
1685 3113 1830 3149 cretifodi-

958 3156 1028 3187 nas,
1055 3149 1101 3179 vel
1126 3152 1325 3191 aremfodinas
1348 3155 1403 3193 ipse
1423 3152 1572 3193 instituere
1590 3151 1700 3193 poffic?
1724 3154 1765 3186 Ec
1780 3165 1831 3197 ego

620 3185 650 3219 ὃς
666 3187 850 3228 marinam.)
872 3189 915 3221 ait
950 3194 1023 3229 puto
1040 3191 1126 3224 etiam
1144 3193 1236 3233 ipsum
1253 3192 1400 3234 instituere
1411 3193 1487 3236 poffi’
1502 3217 1510 3233 ‚
1527 3192 1556 3231 fi
1570 3203 1627 3226 non
1643 3198 1833 3238 agr-[partem

1777 3248 1826 3269 715¹-
