2036 3495
163 80 233 113 206

165 166 199 196 de
214 166 325 197 domino
342 173 406 196 eum
414 161 525 201 sentire
534 171 544 191 :
567 162 597 192 id
620 159 659 200 est
674 161 707 190 cle
723 168 770 197 eo,
796 159 880 199 cujus
896 157 974 188 locus
987 154 1037 197 est.

167 207 221 237 Sic
240 206 409 247 Ulpianus:
427 203 456 234 δι
474 202 575 232 fraudi
592 201 654 232 fuit
671 201 767 232 Petro
782 198 888 230 Fabro
905 199 932 229 ἃ
946 198 1037 237 Jaco-

169 247 214 278 bo
240 245 451 279 Gothofredo
473 243 511 273 ad
535 243 555 273 l.
582 245 647 282 136.
668 241 708 272 D.
726 243 759 271 de
773 250 831 282 reg.
845 242 908 281 jur.
934 238 1036 270 existi-

165 289 343 325 mantibus,
368 286 449 316 hanc
466 282 624 314 astionem
643 281 699 313 soli
719 283 853 313 domino
869 281 954 312 dari:
979 280 1037 311 bo-

165 339 216 360 nae
237 328 310 360 fidei
339 323 499 367 poss'effoii
523 333 587 355 iion
614 324 677 354 dari
698 333 704 354 :
728 322 809 363 quasi
839 322 906 353 Lex
930 322 1037 362 (cujus

164 371 289 401 mentio
305 368 337 399 in
354 370 380 398 ti.
395 367 414 397 l.
436 366 523 406 136.)
539 365 591 396 hic
606 362 642 396 sit
658 365 910 405 impedimento;
926 373 965 394 ne
982 364 1037 393 bo-

164 420 204 441 na
221 408 299 440 fides
318 408 514 439 tantumdem
534 405 702 447 possidenti
722 405 866 444 praestet,
884 412 1038 445 quantum

163 452 289 482 veritas.
313 449 398 480 Mihi
423 449 548 489 placet,
573 448 743 487 Ulpianum
768 448 795 478 d.
813 446 843 488 §.
865 455 890 478 1.
906 446 926 477 1.
942 455 969 476 2.
994 446 1040 477 lo-

163 491 217 531 qui
236 493 277 523 de
302 489 428 522 actione
453 489 570 521 diretta
587 498 627 520 ex
647 488 749 519 Edicti
769 489 889 518 verbis:
913 496 974 518 nec
994 487 1039 517 id-

161 532 249 564 circo
269 532 378 564 utilem
397 531 491 562 bonae
507 529 581 561 fidei
598 529 759 571 poffess'ori
779 538 895 567 negare
907 537 946 559 ex
966 526 1041 559 Edi-

161 574 236 605 diCti
257 573 421 605 sententia.
444 581 481 604 ac
497 572 585 612 juvat
601 581 674 602 me:
697 571 782 611 quod
802 569 956 609 Ulpianus
973 570 991 599 l.
1010 573 1039 603 8.

162 614 300 656 §.4.h.t.
321 615 404 646 hanc
422 613 648 644 accommodat
663 613 756 644 etiam
775 611 965 647 fructuario,
988 609 1039 641 vel

160 657 214 696 qui
234 657 391 695 aliquam,
416 654 446 686 id
466 655 530 693 est,
557 654 648 686 aliam
672 663 766 694 quam
784 652 966 684 sei-vitutem
987 650 1038 681 ha-

159 697 247 729 beat.
281 697 386 729 Verba
405 694 554 736 Ulpiani:
578 695 750 735 Necsolum
765 695 876 726 domino
893 694 950 723 brec
964 691 1037 723 αὲἶίο

161 741 308 780 comperii:
330 749 433 770 verum
457 738 482 768 ei
497 747 607 778 quoque
623 738 674 778 qui
688 737 813 776 ejusdem
832 735 885 766 loci
906 735 989 765 haber
1006 743 1037 764 u·

157 779 380 821 ficinfrufflrm,
403 779 451 810 vel
468 779 594 820 aliquam
607 779 786 815 seminicem.
819 776 861 807 Et
877 775 1037 813 causatur,

159 821 302 867 Qgtiajus
314 822 481 863 probibendi
496 822 582 851 eiiam
598 820 627 851 hi
641 820 753 850 habent.
776 818 827 849 Sic
840 821 879 850 de
896 816 1039 849 fructua-

158 866 207 896 rio
225 865 387 904 Ulpianus.
413 863 441 894 ἃ
460 862 530 902 quia
548 862 588 892 de
607 861 670 892 hoc
691 861 806 892 eodem
826 861 920 899 plane
939 858 1039 889 modo

159 904 279 937 disserit
303 905 448 936 Scaevola
466 904 495 935 in
513 902 532 934 l.
554 903 608 933 uli.
627 903 653 933 b.
671 908 690 932 t.
713 902 787 941 quid
817 903 846 932 ni
864 899 962 931 fimile
980 899 1037 930 ob-

157 944 314 978 servatum
334 954 480 986 putemus
498 945 528 976 in
547 944 640 975 bonae
663 943 737 975 fidei
756 941 942 983 poss'ess'ore:
965 949 1037 972 cum

158 989 189 1021 ὅτ,
205 987 258 1020 ille
277 987 391 1019 habeat
409 988 456 1026 jus
473 987 502 1018 in
523 996 574 1025 re;
599 985 628 1017 &
645 993 778 1026 propter
795 985 858 1015 hoc
884 982 1036 1013 Publicia-

159 1039 233 1062 nam
252 1030 282 1060 in
295 1038 360 1060 rem
377 1028 545 1060 aftionem.
570 1026 632 1058 Sed
651 1028 689 1058 de
707 1025 821 1057 talibus
835 1025 896 1066 jam
920 1023 1037 1055 dictum

155 1071 247 1113 supra
259 1070 313 1102 sub
324 1069 438 1102 Titulo
456 1070 590 1110 Deservo
607 1075 755 1108 corrupto:
771 1067 823 1098 ubi
835 1065 939 1106 quaeso
950 1065 1034 1095 Vide.

199 1113 304 1153 AEque
325 1111 494 1143 obscurum
512 1111 576 1149 est,
594 1110 681 1150 quod
701 1109 729 1140 in
747 1110 774 1139 d.
791 1109 808 1138 l.
826 1118 852 1139 2.
872 1107 901 1149 §.
928 1115 951 1137 1.
968 1106 997 1137 h.
1014 1112 1035 1136 t.

158 1164 259 1196 porro
278 1153 384 1185 scribit
410 1151 584 1193 Ulpianus:
609 1152 660 1182 An
678 1149 714 1185 &P
731 1151 822 1188 socius
840 1155 990 1185 teneatur,
1007 1145 1037 1184 fi

156 1198 306 1237 ignorante
323 1195 398 1235 socio
422 1194 572 1232 intulerit,
598 1192 718 1223 ιναέῖανί
741 1189 855 1232 potest?
878 1187 915 1230 est
940 1195 1035 1219 tamen

157 1239 276 1274 verius,
292 1236 419 1276 familiae
436 1236 624 1274 erciscundae,
649 1234 694 1264 vel
720 1233 862 1264 communi
876 1231 1034 1261 dividundo

158 1279 308 1311 conveniri
333 1288 396 1309 euin
415 1277 499 1318 poſje.
545 1276 579 1308 In
603 1275 651 1307 his
675 1274 781 1305 verbis
809 1272 901 1313 poffic
919 1273 1034 1312 quani,

159 1319 237 1360 quid
247 1319 627 1360 defignetinterrogatio,
645 1317 728 1348 nulla
746 1315 897 1354 sequente
911 1313 1036 1357 respon-

157 1361 275 1394 fione?
302 1362 342 1392 At
369 1369 401 1391 tu
425 1369 520 1399 puta,
545 1359 712 1399 Ulpianum
740 1355 932 1397 fignificare,
957 1354 1035 1384 soci-

157 1412 230 1442 um,
253 1403 274 1434 fi
299 1410 460 1433 mortuum
484 1400 652 1440 ignorante
678 1398 765 1429 socio
783 1399 813 1428 in
830 1404 1035 1428 communem

159 1444 272 1477 locum
289 1443 450 1481 intulerit,
473 1442 598 1473 afflone
616 1442 645 1472 in
663 1439 782 1471 factum
801 1438 913 1470 teneri.
961 1436 1034 1468 For-

159 1485 254 1518 mulae
273 1485 351 1516 tales
365 1483 539 1515 affirmandi
558 1492 616 1523 per
642 1480 944 1520 interrogationem,
969 1487 1034 1509 non

159 1526 314 1567 sequente
332 1524 535 1566 responsione
548 1547 556 1562 ‚
573 1523 687 1555 nostris
704 1521 891 1560 frequentes
902 1519 989 1558 sunt,
1006 1520 1035 1550 &

158 1567 232 1600 alibi
252 1577 302 1598 eas
320 1565 427 1597 notavi
445 1565 624 1604 aliquoties.
646 1564 679 1596 In
698 1561 852 1604 praesente
869 1571 946 1593 vero
964 1560 1036 1591 casu

158 1616 348 1649 competere
362 1607 392 1639 in
411 1606 528 1639 fastum
541 1606 697 1637 aCtionem
709 1627 717 1643 ‚
734 1603 800 1644 ipse
817 1605 856 1634 de
875 1612 940 1642 quo
952 1611 1035 1642 quae·

155 1652 253 1683 rimus
265 1675 272 1688 ,
291 1648 445 1689 Ulpianus
462 1648 572 1680 auftor
583 1647 627 1678 est
643 1647 662 1678 l.
678 1651 708 1678 6.
725 1646 753 1688 §.
771 1649 800 1676 6.
823 1645 864 1675 D.
885 1643 1034 1675 Commzin.

157 1692 248 1724 divid.
282 1692 401 1724 Praeter
429 1690 511 1721 hanc
530 1688 735 1729 quaesti'onem
755 1685 860 1725 potest
877 1686 907 1716 in
924 1687 952 1716 d.
969 1685 987 1715 l.
1005 1694 1034 1716 2.

155 1733 184 1776 §.
212 1742 236 1765 1.
262 1733 357 1764 etiam
378 1731 439 1763 esse
458 1731 609 1767 sequens:
635 1738 739 1760 utrum
754 1729 784 1759 iri
802 1725 967 1767 proposito
988 1725 1033 1757 so-

159 1774 228 1806 cius
245 1782 368 1805 tanturn
393 1774 423 1804 in
450 1771 567 1803 fuctum
586 1770 712 1803 actione
733 1778 897 1807 teneatur,
922 1777 959 1799 an
977 1768 1036 1798 eti-

157 1825 208 1848 am
234 1815 362 1848 familiae
387 1813 597 1852 erciscundae,
623 1820 676 1844 aut
699 1810 862 1842 communi
892 1809 1037 1840 dividun-

156 1857 230 1889 do?
251 1866 302 1889 me
325 1857 453 1897 judice,
477 1855 541 1886 hoc
566 1854 685 1886 mavult
702 1853 872 1892 Ulpianus:
897 1851 1037 1895 ideoque

157 1898 201 1932 fic
220 1908 292 1931 cum
317 1896 463 1936 accipio,
487 1896 571 1937 quasi
589 1897 692 1933 dicat,
718 1894 861 1934 quamvis
891 1891 991 1923 socius
1007 1901 1038 1923 in

157 1939 326 1982 proposito
343 1939 466 1971 actione
486 1939 516 1969 in
536 1936 655 1969 facium
682 1943 846 1973 teneatur;
870 1933 914 1965 est
931 1942 1038 1964 tamen

159 1982 286 2020 verius,
311 1982 404 2013 etiam
424 1980 552 2011 familiae
568 1977 779 2016 erciscundae,
803 1976 853 2007 vel
873 1976 1037 2006 communi

159 2022 336 2055 dividundo
362 2032 434 2054 eum
462 2020 627 2052 conveniri
654 2018 750 2060 poss'e.
793 2017 844 2048 Sic
871 2017 987 2048 sentio:
1007 2016 1036 2047 ἀ

160 2065 273 2096 addam
294 2064 359 2095 exl
389 2074 436 2104 39.
459 2061 499 2094 D.
528 2062 585 2093 Pro
602 2063 678 2100 socio
702 2060 842 2100 liquere,
865 2057 1039 2097 Pomponi·

160 2116 215 2138 um
227 2106 290 2137 hoc
307 2106 442 2146 amplius
459 2104 555 2136 etiam
572 2112 631 2144 pro
650 2101 738 2134 socio
754 2100 912 2132 achonem
928 2100 1039 2131 adver-

158 2147 206 2179 sus
225 2157 297 2179 eum
317 2148 507 2178 concedere.

206 2188 315 2230 Pergit
334 2188 472 2220 Praetor:
496 2187 560 2218 Aut
588 2188 619 2216 in
643 2184 867 2225 &sepulchrum
881 2184 911 2214 in
927 2192 981 2224 quo
990 2182 1042 2224 jzrs

165 2240 223 2262 non
233 2230 342 2270 fuerit.
368 2230 499 2269 Proprie
518 2226 717 2267 sepulchrum
735 2225 850 2257 dicitur
867 2226 896 2256 in
915 2234 979 2265 quo
999 2224 1040 2255 se-

161 2273 286 2312 pultum
305 2271 349 2303 est
365 2272 503 2303 hominis
519 2270 637 2300 mortui
657 2277 789 2308 corpus:
805 2266 972 2298 offuarium
984 2290 993 2303 ,
1010 2275 1040 2296 u-

160 2313 192 2345 bi
220 2314 349 2345 condita
373 2312 441 2344 sunt
467 2309 604 2343 hominis
628 2309 701 2341 ossa.
728 2309 779 2340 sed
797 2309 953 2349 Ulpianus
969 2307 989 2338 l.
1009 2317 1038 2338 2.

162 2354 191 2396 §.
208 2366 236 2396 5.
258 2355 299 2386 D.
318 2356 345 2385 b.
363 2361 392 2386 t.
407 2354 610 2395 sepulchrum
630 2350 747 2391 accipit
766 2350 873 2381 latius:
890 2358 922 2380 ur
942 2349 971 2380 δι
990 2358 1038 2380 os-

161 2397 293 2427 iuni-ium
316 2395 581 2435 comprehendat.
626 2392 706 2424 Illud
733 2392 863 2432 probo:
894 2391 980 2431 quod
1007 2391 1038 2421 in

162 2436 192 2479 §.
209 2441 236 2468 6.
262 2437 461 2477 sepulchrum
486 2435 648 2475 distinguit
663 2443 679 2464 a
699 2441 922 2465 monumento.
964 2431 1038 2463 Hoc

162 2481 193 2508 ά
213 2477 433 2517 Florenrinus,
459 2477 509 2509 sed
528 2477 651 2516 plenius
670 2476 687 2506 l.
707 2485 755 2513 42.
778 2474 817 2505 D.
839 2475 867 2505 h.
886 2480 906 2505 t.
931 2472 1039 2505 Verba

161 2517 354 2552 Florentini:
371 2520 622 2552 Monumentum
638 2516 831 2558 generaliter
850 2525 898 2547 res
915 2514 960 2546 est
975 2524 1039 2546 me-

164 2560 273 2593 moriae
300 2561 386 2591 causa
406 2563 433 2592 in
453 2560 614 2602 posterum
633 2557 775 2598 prodita:
800 2557 829 2588 in
850 2566 909 2596 qua
928 2556 947 2589 fi
966 2564 1037 2586 coi·-

163 2612 222 2643 pus
244 2602 294 2641 (id
313 2602 374 2639 est,
396 2603 554 2643 integrum
575 2600 730 2638 cadaver)
754 2598 805 2629 vel
821 2598 961 2638 reliquiae
985 2597 1037 2637 (id

165 2642 229 2681 est,
244 2641 307 2673 ossa
324 2643 353 2673 δι
370 2644 512 2684 cineres)
528 2642 724 2678 inferantur3
740 2640 796 2671 fiet
817 2639 1037 2678 sepulchrum:

161 2684 186 2718 fi
205 2694 282 2715 vero
302 2684 379 2714 nihil
397 2695 506 2715 eorum
526 2683 697 2720 inferatur,
714 2683 774 2712 erit
791 2688 1038 2712 monumentum

166 2727 329 2759 memoriae
345 2723 432 2755 causa
456 2725 572 2756 facturn
594 2726 680 2764 quod
701 2722 807 2754 Graeci
827 2723 984 2758 κενοτάφιον,
1007 2721 1039 2752 id

167 2768 234 2806 est,
256 2768 348 2798 inane
373 2764 569 2806 sepulchrum
595 2765 766 2806 appellant.
794 2763 827 2794 In
843 2766 870 2794 d.
889 2762 917 2804 §.
935 2774 964 2804 5.
988 2764 1039 2793 ad-

169 2811 215 2841 dit
232 2806 403 2848 Ulpianus,
420 2816 437 2836 a
455 2806 547 2837 Celso
565 2807 604 2838 fic
623 2806 730 2838 scribi:
747 2804 824 2837 Non
845 2813 932 2835 totus
949 2805 1040 2835 locus

168 2853 221 2891 qui
240 2849 406 2891 sepulturae
424 2846 592 2879 destinatus
609 2848 652 2878 est
664 2871 672 2886 ,
696 2848 787 2878 locus
804 2845 966 2886 religiosus
984 2844 1040 2883 fit,

167 2894 220 2925 sed
246 2899 401 2930 quatenus
426 2897 542 2925 corpus
570 2888 732 2919 humatum
750 2888 805 2919 est.
829 2888 917 2927 quod
935 2886 1039 2917 obser-

165 2942 274 2966 vatum
300 2931 362 2963 esse
387 2940 403 2961 a
425 2928 580 2961 Briss'onio
606 2929 651 2959 lib.
674 2939 699 2960 2.
720 2928 808 2960 Selebi}
836 2930 929 2969 antiq.
950 2938 973 2959 c.
995 2936 1039 2966 15.

171 2976 200 3007 ἃ
226 2974 443 3006 Kirchmanno
468 2970 515 3002 lib.
540 2980 568 3010 3.
595 2970 782 3007 Destineri'b.
805 2969 928 3000 Roman.
946 2979 970 3000 c.
989 2978 1041 3000 21.

169 3018 231 3057 jam
249 3014 337 3053 supra
357 3012 475 3045 monui.
507 3010 571 3042 Dat
591 3010 684 3050 igitur
701 3010 821 3042 Praetor
837 3011 994 3041 actionem
1011 3011 1042 3041 in

171 3057 308 3094 factum,
333 3055 465 3086 homine
480 3060 628 3089 mortuo,
651 3058 709 3095 aut¹
728 3052 793 3088 ejus
815 3051 930 3082 offibus
948 3052 1042 3083 illatis

173 3100 204 3129 in
223 3099 349 3129 alterius
365 3097 473 3127 locum
487 3103 615 3135 purum,
631 3099 684 3122 aut
703 3100 731 3120 iri
748 3092 777 3120 id
796 3091 993 3130 sepulchrum
1010 3093 1042 3123 in

170 3148 235 3181 quo
252 3139 298 3178 jus
318 3147 380 3168 riori
400 3136 505 3168 fuerit.
529 3133 624 3175 quid,
646 3132 666 3164 fi
684 3130 766 3162 faeta
783 3131 818 3161 fit
834 3132 933 3163 illatio
954 3134 983 3165 in
1002 3134 1029 3164 al

172 3182 268 3213 terius
295 3187 399 3210 arcam
422 3178 579 3219 lapideam
605 3177 637 3208 in
661 3182 721 3216 qua
739 3180 881 3204 mortuus
900 3181 963 3204 non
983 3175 1041 3206 erit

580 67 1267 110 GERARD11N0012T
1322 67 1535 106 COMM.

1080 155 1257 201 conditus?
1279 158 1408 198 proprie
1430 168 1495 190 non
1519 159 1564 191 est
1581 159 1662 193 fasta
1685 160 1715 192 in
1734 160 1951 204 sepulchrum,

1080 205 1230 242 nequem
1250 198 1356 231 locum
1375 200 1520 245 alterius:
1537 201 1566 233 δε
1583 202 1658 233 ideo
1676 201 1812 234 cessante
1831 204 1952 237 actione

1081 237 1217 284 directa,
1241 240 1343 271 danda
1362 251 1421 272 erit
1438 242 1523 273 utilis
1547 242 1577 273 in
1593 243 1711 276 fastum
1728 243 1831 276 actio:
1849 246 1952 277 aucto-

1081 288 1115 310 re
1133 277 1217 324 Gajo
1233 279 1253 311 1.
1273 291 1299 320 7.
1315 281 1342 323 §.
1366 291 1391 314 1.
1409 283 1437 314 h.
1458 289 1479 314 t.
1513 282 1672 316 Caeterum
1699 294 1767 326 quae
1793 284 1850 317 fint
1873 292 1952 318 arcte

1080 319 1212 365 lapideae
1233 324 1282 353 vel
1301 325 1434 363 amulae,
1451 332 1485 355 ut
1502 329 1704 357 nominantur
1722 326 1741 356 l.
1762 336 1811 367 39.
1832 326 1872 357 D.
1888 328 1914 358 h.
1927 335 1950 361 τ.

1080 361 1132 407 vel
1148 361 1331 408 sarcophagi
1348 374 1412 405 quo
1429 367 1560 397 nominc
1576 367 1776 409 designantur
1793 368 1812 398 l.
1829 378 1878 410 37.
1895 377 1953 401 tra·

1081 402 1180 432 ditum
1203 411 1264 441 Jam
1290 415 1307 435 a
1331 405 1455 444 Jacobo
1481 407 1637 448 Raevardo
1660 410 1707 440 Lib.
1732 419 1760 440 2.
1786 408 1861 441 Var.
1879 419 1905 443 c.
1922 421 1953 451 4.

1082 452 1143 473 nec
1160 453 1220 484 ago
1241 445 1354 478 astum.

1123 483 1224 515 Porro
1242 487 1285 516 ait
1304 486 1442 533 Praetor:
1466 489 1502 520 In
1521 500 1575 531 qno
1585 490 1637 532 jus
1653 500 1709 521 non
1718 491 1827 530 fuerit.
1873 490 1954 524 Haec

1084 525 1181 555 verba
1198 524 1267 556 sunt
1284 527 1499 571 restringenda
1516 533 1554 563 ad
1572 532 1768 572 sepulchrum
1780 555 1789 571 ‚
1806 535 1893 573 quod
1911 531 1956 566 est

1082 566 1312 611 nullium-cum
1333 569 1423 601 locus
1443 580 1537 611 purus
1555 574 1681 605 alterius
1699 572 1760 604 esse
1778 575 1879 615 possit.
1910 572 1958 607 Ut

1082 615 1187 651 autem
1215 608 1352 648 liqueat,
1375 615 1424 642 cui
1449 611 1485 644 fit
1504 615 1553 653 jus
1570 624 1729 646 mortuum
1747 615 1904 647 inferendi
1923 617 1956 649 in

1082 647 1303 698 sepulchruim
1321 659 1377 691 age
1388 674 1403 698 ,ἡ
1413 654 1589 686 dividamus
1606 656 1842 696 sepulchrorum
1860 667 1957 698 gene-

1081 699 1132 735 ra.'
1146 692 1225 736 bunt
1243 699 1349 737 autern
1366 693 1467 734 aliqua
1486 705 1555 735 quae
1567 700 1636 736 quis
1647 696 1702 729 sibi
1715 697 1770 729 soli
1787 697 1883 737 facit,
1903 699 1956 732 vel

1080 731 1134 763 fibi
1154 732 1182 762 ot
1198 740 1343 773 conjugi,
1370 736 1420 765 vel
1442 734 1496 766 fibi
1515 738 1543 767 ὅ(
1561 739 1656 769 certis
1673 738 1823 779 personis.
1849 749 1956 772 exem-

1080 773 1132 813 pla
1156 781 1331 804 occurrunt
1355 775 1460 815 paffim
1485 777 1516 808 iii
1545 776 1807 819 Inscriptionibus
1826 779 1955 812 Veteri·
1992 777 1995 780 ’

1080 815 1149 859 bus.
1196 813 1239 860 ln.
1256 814 1409 863 his'vero·
1420 820 1569 857 expedita
1587 829 1635 850 res
1655 820 1717 859 est,
1742 821 1813 853 solis
1831 821 1892 853 esse
1906 822 1955 862 jus

1081 855 1240 901 inferendi
1267 856 1381 895 quibus
1404 859 1434 890 id
1459 861 1646 892 nominatim
1669 862 1848 902 permiss'um
1872 861 1955 903 fuit;

1081 897 1147 928 aliis
1165 906 1229 928 non
1250 897 1323 929 effe.
1348 899 1493 940 soletque
1520 902 1634 933 talibus
1651 902 1822 943 sepulchris
1836 906 1957 946 apponi

1081 947 1176 979 poena
1196 938 1247 969 vel
1265 939 1362 971 etiarn
1384 943 1569 980 execrati0;
1593 942 1612 974 fi
1638 952 1750 975 contra
1771 944 1889 976 fastum
1907 945 1955 977 fit.
1984 958 1987 959 ⁷

1080 980 1200 1012 Praeter
1218 980 1286 1026 haec
1302 980 1392 1013 fuere
1409 981 1572 1023 sepulchra
1590 985 1789 1024 communia,
1805 987 1955 1027 atqucip·

1082 1020 1110 1051 sa
1135 1030 1199 1067 non
1226 1030 1316 1053 unius
1340 1026 1485 1064 generis:
1509 1034 1562 1056 aut
1590 1028 1675 1057 enim
1700 1035 1788 1058 erant
1806 1028 1953 1068 publica,

1081 1071 1132 1107 alut
1144 1071 1273 1103 privata.
1300 1065 1427 1103 publica
1438 1075 1527 1097 crant
1544 1065 1675 1106 inopum
1695 1067 1848 1099 destinata
1864 1068 1954 1101 fune-

1078 1105 1180 1136 ribus:
1204 1113 1282 1150 quae⁴
1298 1106 1417 1138 culinas
1436 1115 1551 1138 vocata
1569 1108 1675 1147 fuifl'e,
1701 1109 1811 1141 auctor
1830 1109 1874 1141 est
1891 1110 1954 1152 Ag·

1078 1155 1178 1191 genus
1204 1144 1341 1192 Urbicus
1365 1148 1412 1178 lib.
1442 1157 1467 1179 1.
1497 1148 1544 1180 De
1565 1150 1677 1181 limitib.
1703 1157 1882 1193 agror.pag.
1899 1156 1952 1184 60.

1078 1196 1199 1235 priv-ata
1213 1196 1341 1234 attingit
1361 1187 1460 1229 Gajus
1476 1190 1493 1221 l.
1508 1201 1538 1231 5.
1562 1190 1601 1221 D.
1618 1192 1644 1222 h.
1662 1197 1683 1222 t.
1707 1192 1851 1225 dividens
1866 1202 1902 1224 ea
1919 1195 1954 1226 in

1077 1228 1242 1275 familiaria
1259 1230 1287 1260 ἃ
1306 1231 1502 1262 hereditaria.
1537 1231 1736 1264 Hereditaria
1754 1232 1866 1265 definit
1882 1243 1953 1273 quae

1079 1280 1148 1311 quis
1164 1269 1217 1301 fibi
1237 1271 1471 1317 heredibusque
1489 1272 1548 1304 suis
1565 1273 1740 1306 constituit.
1771 1274 1823 1307 Ex
1842 1274 1952 1315 Ulpia-

1077 1321 1121 1343 no
1144 1312 1161 1343 l.
1183 1315 1211 1357 ‚⁶-
1237 1311 1397 1357 subjicitur
1414 1337 1423 1351 ‚
1448 1315 1496 1345 vel
1524 1316 1610 1354 quod
1636 1315 1861 1355 paterfamilias
1880 1317 1953 1357 jure

1078 1353 1274 1399 hereditario
1292 1354 1445 1394 adquisiit.
1492 1354 1543 1387 De
1569 1355 1615 1387 liis
1642 1357 1838 1390 hereditariis
1856 1358 1952 1398 solis,

1078 1403 1152 1439 meo
1165 1396 1306 1434 iudici0,
1329 1396 1359 1426 iri
1376 1398 1404 1427 ci.
1420 1397 1439 1428 l.
1459 1399 1489 1428 6.
1511 1397 1576 1438 egit
1595 1396 1764 1438 Ulpianus:
1781 1399 1885 1441 deque
1900 1399 1951 1433 his

1078 1437 1232 1476 proinde,
1256 1435 1319 1467 five
1338 1446 1354 1467 a
1374 1437 1527 1469 defuncto
1546 1439 1613 1479 ipso
1632 1439 1830 1479 constitutis,
1854 1440 1918 1472 five
1932 1451 1952 1473 a

1078 1476 1303 1518 patrefamilias
1320 1479 1558 1519 adquifitisjure
1575 1480 1782 1520 hereditario,
1794 1481 1954 1522 accipien-

1079 1520 1153 1550 dum
1170 1518 1234 1563 cst,
1262 1519 1413 1565 quod-avit
1430 1521 1599 1560 Ulpianus,
1624 1522 1655 1553 in
1675 1530 1812 1563 utroque
1831 1522 1957 1554 heredi·

1079 1561 1139 1591 bus
1157 1560 1254 1591 licere
1272 1560 1412 1600 sepeliri,
1436 1561 1465 1592 &
1480 1570 1642 1594 mortuum
1658 1563 1793 1594 inferre:
1817 1565 1906 1604 quod
1923 1565 1956 1596 ἃ

1079 1601 1198 1642 placuit
1208 1600 1426 1632 Kirchiiianno
1445 1603 1492 1633 lib.
1504 1613 1531 1643 3.
1543 1602 1722 1641 Defunerib.
1735 1603 1859 1635 Roman.
1870 1615 1894 1636 c.
1906 1614 1952 1649 13.

1079 1642 1133 1674 etfi
1151 1641 1220 1682 post
1247 1641 1427 1674 Accursium
1446 1644 1529 1686 aliud
1553 1645 1650 1676 visum
1667 1646 1810 1676 Antonio
1829 1646 1949 1685 Fabro,

1080 1683 1258 1715 Rationalib.
1283 1683 1428 1716 Heredes
1440 1693 1546 1717 autem
1565 1684 1716 1726 Ulpianus
1727 1687 1842 1727 accipit
1857 1689 1885 1719 d.
1895 1688 1913 1720 l.
1923 1692 1954 1720 6.

1080 1724 1144 1757 five
1170 1735 1209 1756 ex
1237 1724 1428 1757 testamento
1452 1726 1529 1765 sint,
1553 1726 1616 1759 ssve
1643 1729 1682 1759 ab
1706 1728 1865 1760 inteslato.
1894 1739 1957 1761 nec

1081 1774 1190 1813 putat,
1213 1766 1353 1806 referre,
1377 1776 1436 1807 qua
1462 1777 1501 1799 ex
1525 1777 1615 1809 parte
1630 1769 1687 1801 sint
1703 1769 1856 1808 heredes,
1879 1770 1957 1803 licet

1081 1817 1229 1840 minima:
1253 1818 1313 1840 nec
1338 1810 1456 1850 magis,
1480 1817 1584 1842 utrum
1609 1810 1807 1843 consentiant
1823 1811 1892 1851 alii,
1915 1822 1956 1844 au

1081 1859 1156 1881 tion.
1180 1859 1241 1881 nec
1264 1859 1386 1882 tantum
1405 1850 1576 1884 heredibus
1596 1853 1626 1884 id
1641 1853 1688 1892 jus
1707 1852 1878 1893 concedit;
1902 1852 1957 1886 sed

1082 1893 1176 1923 etiam
1195 1893 1319 1923 caeteris
1343 1892 1591 1933 successoribus,
1615 1894 1863 1936 qualescumque
1879 1894 1955 1926 sint:

1081 1932 1152 1971 fac,
1177 1932 1364 1974 possessores
1388 1934 1546 1966 bonorum
1566 1959 1575 1973 ,
1607 1935 1637 1966 &
1665 1935 1777 1967 horum
1804 1937 1956 1975 exemplo

1081 1977 1175 2006 etiam
1197 1975 1312 2015 quibus
1336 1976 1517 2007 libertatum
1542 1976 1827 2009 conservandarum
1849 1976 1952 2017 gratia

1082 2016 1167 2047 bona
1192 2016 1313 2047 addicta
1339 2016 1459 2048 fuerint
1481 2018 1500 2047 l.
1529 2027 1557 2057 4.
1581 2017 1610 2059 §.
1632 2027 1679 2049 21.
1705 2017 1746 2048 D.
1761 2020 1794 2048 de
1806 2017 1950 2056 fideicom.

1082 2058 1173 2089 libert.
1199 2057 1278 2089 illud
1291 2067 1355 2090 non
1374 2059 1508 2097 tacebo,
1525 2060 1611 2099 quod
1630 2059 1754 2090 heredis
1771 2060 1959 2099 appellatio-

1082 2109 1123 2131 ne
1143 2099 1225 2130 solus
1244 2099 1332 2144 venit
1355 2100 1408 2140 qui
1426 2100 1637 2132 hereditatem
1655 2099 1749 2138 adiit;
1777 2110 1841 2132 non
1862 2101 1959 2132 ctiam

1083 2142 1134 2172 cui
1154 2141 1313 2173 hereditas
1332 2142 1370 2172 ab
1388 2151 1428 2172 eo
1453 2151 1491 2172 ex
1510 2141 1754 2173 fideicomniiffo
1773 2141 1817 2173 est
1834 2141 1958 2174 restitu-

1085 2192 1132 2214 ta:
1154 2191 1224 2214 nam
1250 2181 1554 2214 fideicommissarius
1574 2185 1650 2215 licet
1669 2182 1793 2214 heredis
1811 2183 1887 2215 loco
1907 2184 1961 2215 ha-

1084 2225 1218 2269 beatur,
1240 2232 1304 2255 non
1331 2224 1375 2255 cst
1401 2224 1502 2256 heres.
1528 2223 1705 2256 fiduciarius
1732 2233 1842 2256 contra
1859 2248 1868 2263 ,
1900 2225 1957 2258 etsi

1084 2266 1294 2297 hereditatem
1319 2266 1509 2304 restituerit,
1529 2266 1599 2306 jure
1622 2264 1705 2297 civili
1724 2265 1815 2298 heres
1833 2275 1956 2298 manet:

1083 2308 1113 2339 &
1139 2306 1182 2352 ita
1206 2306 1319 2338 Paulus
1336 2307 1355 2338 l.
1374 2317 1413 2346 42
1440 2306 1467 2348 §.
1489 2317 1513 2339 i.
1532 2307 1574 2338 D.
1599 2307 1649 2337 Aa
1666 2308 1816 2338 Senatusc.
1839 2307 1957 2341 Trebell.

1082 2349 1182 2380 Simili
1208 2351 1331 2380 ratione
1349 2349 1392 2379 ait
1420 2348 1573 2389 Ulpianus
1589 2348 1607 2379 l.
1624 2358 1673 2389 33.
1694 2348 1734 2379 D.
1752 2349 1778 2379 h.
1796 2354 1815 2379 t.
1839 2348 1868 2380 Si
1887 2349 1956 2389 quis

1081 2389 1142 2421 fuit
1159 2390 1269 2429 heres,
1289 2391 1406 2426 deinde
1423 2390 1583 2421 hereditas
1603 2390 1704 2421 ablata
1720 2388 1794 2420 ficei
1811 2389 1894 2429 quasi
1911 2389 1957 2421 in-

1082 2432 1200 2472 digno,
1226 2432 1323 2471 magis
1341 2431 1421 2469 esse,
1442 2440 1474 2462 ut
1491 2440 1588 2470 penes
1608 2440 1678 2461 eum
1691 2431 1757 2470 jura
1777 2430 1957 2471 sepulchro-

1082 2483 1150 2504 rum
1170 2481 1364 2504 remaneant.
1388 2473 1516 2504 Summa
1534 2473 1599 2510 est,
1612 2472 1660 2511 jus
1677 2471 1834 2502 inferendi
1853 2474 1882 2503 in
1900 2472 1956 2503 he-

1082 2515 1230 2546 reditaria
1259 2514 1423 2554 sepulchra
1456 2513 1526 2545 solis
1554 2521 1741 2551 competere
1766 2513 1956 2552 heredibus,

1082 2560 1146 2586 non
1168 2555 1263 2586 etiam
1280 2554 1367 2586 aliis:
1385 2563 1593 2596 praeterquam
1612 2553 1728 2585 liberis.
1753 2563 1824 2586 nam
1842 2555 1888 2586 his
1902 2564 1957 2586 cu-

1079 2598 1267 2637 juscumque
1285 2595 1375 2628 sexus
1386 2597 1435 2628 vel
1445 2596 1575 2636 gradus,
1587 2595 1679 2626 etiam
1692 2594 1894 2627 filiisfamilias
1905 2619 1914 2634 ‚
1926 2596 1958 2628 &

1082 2638 1289 2676 emancipatis
1313 2636 1396 2669 idem
1420 2638 1468 2677 jus
1493 2635 1554 2667 esse
1571 2636 1772 2668 concessum:
1797 2637 1860 2668 sive
1875 2639 1957 2669 exti-

1082 2679 1179 2710 terint
1198 2678 1354 2716 heredes,
1378 2677 1441 2709 sive
1459 2677 1522 2708 sese
1540 2677 1723 2709 abstineant.
1747 2677 1957 2710 Exheredatis

1081 2730 1207 2758 autem,
1231 2719 1435 2751 humanitatis
1453 2721 1551 2760 gratia
1568 2718 1710 2759 sepeliri,
1735 2729 1799 2751 non
1816 2721 1910 2751 etiam
1929 2730 1958 2751 a-

1083 2763 1165 2798 lios,
1190 2770 1305 2801 praeter
1331 2760 1412 2791 suam
1443 2761 1681 2800 posteritatem,
1705 2760 1823 2792 inferre
1849 2762 1957 2794 licei-e.

1085 2803 1180 2842 Hoc,
1205 2800 1257 2833 nifi
1283 2801 1415 2833 testator
1430 2801 1607 2840 specialiter
1621 2802 1703 2842 justo
1720 2803 1797 2833 odio
1813 2811 1959 2834 commo-

1086 2854 1154 2883 tus,
1172 2853 1226 2874 eos
1243 2842 1350 2874 inferri
1370 2843 1509 2875 vetuerit
1523 2845 1551 2874 d.
1570 2843 1589 2874 l.
1605 2847 1636 2874 6.
1662 2844 1754 2883 quale
1774 2847 1957 2884 exemplum

1084 2886 1114 2917 in
1134 2885 1321 2916 testamento
1340 2885 1469 2926 Augusti
1485 2885 1584 2915 refert
1601 2884 1771 2916 Suetonius
1786 2886 1816 2916 in
1833 2886 1895 2926 ejus
1911 2887 1957 2916 vi-

1085 2934 1115 2958 ta
1134 2937 1155 2957 c.
1174 2927 1228 2957 ult.
1268 2926 1415 2957 Libertos
1433 2935 1539 2957 autern
1556 2935 1616 2957 nec
1634 2925 1774 2967 sepeliri,
1799 2935 1859 2958 nec
1876 2926 1956 2957 alios

1085 2968 1204 3000 inferre
1222 2966 1329 3007 posse,
1355 2966 1510 3008 Ulpianus
1530 2974 1637 3008 putat,
1655 2967 1708 2998 nifi
1726 2967 1859 2998 heredes
1877 2967 1958 2997 exti-

1085 3010 1184 3049 terint
1211 3017 1347 3048 patrono
1363 3033 1372 3046 ‚
1408 3010 1551 3049 quamvis
1576 3009 1704 3047 quidam
1729 3006 1955 3047 inscripserint,

1087 3059 1330 3083 monumentum
1351 3049 1404 3081 fibi
1431 3049 1616 3089 libertisque
1641 3048 1764 3081 feciffe:
1787 3049 1816 3078 &
1842 3048 1885 3078 ita
1902 3046 1957 3078 Pa-

1085 3091 1245 3134 pinianum
1269 3090 1481 3131 respondiffe,
1507 3091 1633 3131 &saepe
1657 3089 1860 3122 constitutum
1880 3087 1954 3122 esse.

1086 3133 1250 3165 Hactenus
1268 3132 1306 3163 de
1325 3132 1498 3172 sepulchris
1514 3131 1708 3164 hereditariis
1725 3131 1765 3161 de
1776 3129 1890 3170 quibus
1907 3128 1955 3160 so-

1086 3175 1124 3207 lis
1142 3175 1171 3207 in
1189 3175 1217 3207 d.
1236 3174 1254 3206 l.
1271 3177 1301 3206 6.
1328 3172 1392 3215 egit
1410 3171 1576 3213 Ulpianus.
1862 3209 1894 3244 N

1898 3219 1960 3243 unc
