2036 3495
158 126 228 171 308
583 115 616 151 G
651 123 671 148 ιι
704 125 728 150 n
760 123 782 149 A
816 123 838 148 rt
872 123 896 148 n
928 121 943 149 1

164 213 245 246 dixit
267 210 435 247 venditor,
461 204 481 238 fi
505 203 637 236 obscura
658 202 715 242 fit,
746 203 789 235 ait
814 202 948 242 Paulus,
972 203 1037 243 ejus

164 254 389 287 obscuritatem
418 247 522 288 potius
548 246 707 277 venditori
733 254 871 276 nocere:
894 245 968 284 quia
983 252 1038 286 poss

165 297 246 335 tuit,
269 304 303 326 re
326 295 465 331 integra,
489 287 627 327 apertius
651 287 762 327 loqui;
787 287 837 324 Gt,
860 285 881 317 fi
906 295 967 317 nou
993 286 1040 318 fe·

165 339 230 375 cit,
253 338 388 374 imputet
406 329 470 361 fibi.
515 327 635 360 Verum
658 328 722 359 hoc
743 330 781 359 ad
805 337 872 359 rem
896 327 1038 367 proposi-

165 387 231 410 tam
248 385 312 407 non
331 372 479 413 pertinet.
503 379 575 401 nam
598 370 651 401 ubi
678 371 743 401 duo
760 368 838 401 servi
858 371 989 401 veniunt
1009 379 1040 400 u-

163 429 207 451 no
222 416 346 458 pretio;
370 423 404 444 re
421 419 541 451 integra
553 435 563 449 ‚
585 411 661 442 nihil
678 411 724 443 est
740 411 941 450 ambiguum;
964 411 1042 443 nihii

164 460 253 500 quod
269 455 430 487 venditori
447 455 633 493 imputetur.
656 453 792 492 proinde
808 453 932 483 duobus
948 452 1043 484 servis

164 510 231 533 uno
256 497 362 539 pretio
389 495 528 526 venditis
549 517 558 532 ,
587 495 616 525 ἃ
641 496 744 525 altero
769 502 939 535 perempto
969 502 1044 525 ante

163 540 341 582 perfectam
361 538 601 575 venditionem3
624 536 710 567 irrita
727 536 771 567 est
790 537 951 566 venditio:
976 536 1045 566 nul-

164 583 194 616 la
218 583 357 618 ratione,
383 588 439 610 cur
463 579 577 610 melior
602 576 637 608 fit
654 586 830 619 emptorm,
854 586 948 617 quam
969 586 1044 608 ven·

164 622 298 660 ditor-is,
322 620 488 658 conditio,
512 627 565 651 aut
579 627 704 650 contra.

204 664 303 706 Igitur
320 665 351 694 in
368 663 387 694 l.
415 667 442 697 8.
461 662 488 692 b.
509 667 530 692 t.
548 661 631 701 (huc
647 660 732 691 enim
750 659 871 700 redeo)
884 660 927 690 ait
945 659 1040 691 Porn-

166 707 297 748 ponius‚
320 713 380 737 nec
403 703 621 744 emptionem,
653 710 714 733 nec
740 700 1043 742 venditionemnfine

166 758 203 780 re
234 757 304 789 quae
330 745 437 777 veniat
453 767 464 782 ,
495 743 636 784 intelligi.
676 741 813 774 sentiens
847 751 951 773 tamen
980 742 1045 773 hoe

164 790 311 830 recipere
330 786 581 822 dubitationem,
606 783 826 823 &duplicem
847 785 972 823 utrique
991 793 1044 814 oc-

165 831 358 863 currendum
384 826 530 859 credidit.
554 826 641 867 prior
666 825 730 857 est:
762 826 848 866 quod
873 824 993 857 fructus
1014 825 1043 857 &

166 881 274 914 partus
290 871 388 902 futuri
409 867 554 909 quotidie
573 876 723 899 emuntur
738 868 766 897 ἃ
784 866 983 898 venduntur:
1008 874 1043 897 ut

166 923 202 945 ut
220 913 295 945 nulli
311 911 389 948 sint,
413 917 584 950 antequam
607 908 796 940 nascuntur:
818 908 928 939 adhaec
943 907 1047 948 potest

166 955 256 993 fieri,
275 963 315 986 ne
326 952 501 984 nascantur.
519 958 657 991 utroque
675 949 830 981 verocasu
842 950 964 989 emptio
983 948 1046 980 fine

168 1006 204 1029 re
229 996 300 1028 erit.
326 994 415 1025 vides
442 992 675 1024 difficultatem.
698 990 788 1033 Quid
814 990 1010 1031 Pomponius
1027 991 1045 1021 ‘2

168 1045 264 1080 putat
283 1060 292 1075 ‚
324 1035 549 1067 venditionem
571 1032 753 1066 futurorum
779 1031 938 1063 fructuum
963 1030 1047 1069 quasi

170 1077 428 1111 conditionalem
446 1075 526 1107 esse:
552 1084 621 1106 nam
641 1075 670 1106 ei
697 1075 725 1104 vi
747 1072 809 1114 ipsa
826 1073 922 1104 incil'e
938 1074 1046 1103 condi-

168 1121 316 1158 tionem,
341 1118 372 1150 Si
389 1116 510 1149 fruetus
535 1116 701 1148 nascantur
727 1115 746 1146 l.
781 1122 867 1155 1.pr.
891 1113 962 1155 &§
990 1113 1045 1144 ult.

169 1162 218 1194 D.
243 1163 275 1193 de
297 1161 402 1192 condit.
427 1158 463 1193 &³
488 1156 638 1194 demonstr.
674 1157 911 1188 conditionales
940 1163 1046 1186 autem

167 1203 462 1236 venditionestunc
481 1198 612 1240 perfici,
631 1198 844 1238 cumimpleta
857 1195 953 1228 fuerit
970 1205 1045 1227 con-

169 1245 263 1277 ditio.
289 1250 488 1285 quapropter
511 1240 530 1272 fi
557 1250 619 1272 non
648 1240 813 1271 nascantur
830 1238 968 1275 studius,
991 1247 1043 1269 ne-

168 1295 239 1329 gat,
265 1286 465 1325 emptionem
476 1281 557 1318 esse,
583 1281 754 1313 deficiente
771 1279 958 1311 conditione
974 1279 993 1311 l.
1014 1289 1044 1320 7.

169 1328 215 1361 D.
233 1329 261 1359 h.
281 1333 292 1358 t
323 1333 434 1358 contra
451 1325 511 1362 ait,
528 1323 549 1355 fi
566 1322 749 1358 nascantur,
766 1323 898 1362 perinde
916 1321 1023 1352 haberi
1035 1343 1044 1359 ‚

169 1368 256 1411 quasi
277 1368 341 1410 jam
369 1375 455 1404 tum,
479 1374 551 1396 cum
580 1364 778 1396 contractum
797 1362 842 1395 est
859 1370 1045 1403 negotium,

169 1410 317 1443 venditio
335 1408 417 1441 facta
435 1407 631 1445 intelligatur
646 1408 673 1437 d.
690 1405 708 1436 l.
727 1411 754 1441 3.
777 1404 883 1448 Quid,
909 1403 928 1435 fi
947 1402 1048 1445 egerit

168 1451 343 1489 venditor,
369 1458 408 1480 ne
433 1447 621 1479 nascantur?
645 1447 752 1487 placet
777 1445 981 1486 Pomponio,
1005 1453 1045 1476 ex

171 1501 286 1533 empto
304 1491 351 1532 agi
370 1489 476 1531 poss‘e,
500 1487 584 1528 quasi
611 1489 741 1527 impleta
770 1487 956 1519 conditione
979 1487 1005 1517 d.
1023 1486 1042 1517 l.

170 1539 200 1570 8.
220 1535 249 1565 δι
266 1533 368 1564 rede:
391 1530 435 1562 est
453 1531 537 1561 enim
555 1531 628 1568 Jure
648 1529 740 1560 Civili
761 1537 946 1569 receptum,
971 1537 1044 1566 quo-

169 1577 253 1607 tiens
274 1581 410 1614 pereum
427 1569 881 1611 cujusinterestconditionem
901 1569 1044 1610 impleri,

168 1616 207 1650 fit
224 1625 289 1655 quo
313 1615 415 1646 minus
441 1613 629 1650 impleatur.
653 1620 686 1642 ut
711 1613 844 1652 perinde
872 1611 1044 1645 habeatur,

170 1668 208 1689 ac
226 1658 245 1690 fi
263 1657 392 1697 impleta
418 1653 564 1686 conditio
590 1652 697 1685 fuisset
714 1654 731 1682 l.
761 1663 809 1691 24.
828 1653 866 1683 D.
890 1655 922 1683 cle
940 1653 1043 1684 condit.

169 1699 209 1734 δ’
226 1696 376 1738 demonstr.
399 1696 529 1728 Sublata
547 1694 591 1726 est
608 1694 693 1733 prior
712 1694 877 1725 haesitatio.
903 1694 1011 1725 Altera
1030 1703 1046 1724 a

168 1741 357 1782 Pomponio
377 1738 406 1781 §.
429 1738 493 1769 1.d.
506 1737 524 1767 l.
544 1742 571 1770 8.
591 1736 632 1768 fic
653 1737 860 1776 proponitur:
877 1735 1045 1776 Aliquando

169 1790 268 1814 tamen
288 1780 398 1819 &fine
414 1789 444 1809 re
469 1780 596 1809 vendicio
620 1777 813 1818 intelligitur.-
838 1777 957 1814 Veluti,
981 1785 1046 1807 cum

170 1823 255 1867 quasi
271 1823 332 1854 alea
348 1823 461 1852 emitur.
483 1820 679 1860 Pomponius
693 1820 791 1850 aleam
804 1827 900 1849 vocat
918 1827 983 1849 rem
1000 1818 1043 1848 in·

171 1866 253 1898 certi
274 1872 417 1895 eventus
441 1860 603 1902 distinguit
619 1869 725 1892 autem
747 1860 829 1900 quafi
847 1861 946 1891 aleam
963 1869 979 1890 a
995 1869 1047 1890 ve·

170 1917 216 1941 ra.
233 1907 301 1938 haec
321 1905 444 1946 legibus
462 1903 644 1943 improbata
661 1901 690 1933 &
709 1903 827 1934 vetita:
845 1902 894 1932 illa
914 1911 977 1932 non
991 1911 1000 1938 ;
1016 1908 1049 1931 ut

173 1948 293 1981 dictum
316 1946 363 1977 lib.
391 1955 444 1977 Χῖ.
471 1947 518 1977 tit.
534 1954 563 1975 v.
589 1943 634 1974 De
649 1943 829 1975 aleatoribus.
856 1942 1050 1983 Exemplum

170 1989 258 2031 quasi
271 1989 343 2019 aleae
358 1987 552 2027 Pomponio,
565 1995 629 2016 cum
640 1986 877 2026 captarpzscium,
889 1985 935 2015 vel
946 1985 1050 2014 <evium

170 2032 220 2063 ‘vel
249 2029 393 2071 mz'ffilium
412 2052 420 2065 ,
453 2029 566 2059 emitur.
599 2025 725 2057 Miflilia
752 2034 846 2057 vocat
872 2035 1003 2057 munera
1034 2035 1051 2056 a

171 2073 323 2112 Principe
343 2079 394 2101 aut
412 2069 650 2110 Magistratibus
667 2067 771 2108 jactari
790 2077 843 2099 aut
863 2067 961 2108 spargi
982 2066 1049 2098 soii-

169 2122 218 2147 τε.
243 2123 291 2145 res
311 2121 386 2143 nota
404 2121 444 2142 ex
459 2110 478 2153 §
506 2120 544 2150 45
575 2107 645 2150 lust.
662 2112 696 2140 cle
718 2118 773 2141 rer.
791 2109 875 2144 divis.
891 2109 920 2139 <St
938 2108 1051 2139 Sueto-

173 2158 232 2189 nio
251 2154 368 2196 Caligul
396 2163 417 2184 c.
447 2157 490 2187 18.
509 2152 544 2186 ὅ)
566 2151 677 2182 Neron.
704 2160 726 2181 c.
751 2160 802 2182 xr.
831 2149 956 2181 Emitur
974 2159 1051 2180 vero

175 2205 290 2238 captus
311 2195 466 2227 miffilium
478 2217 488 2232 ‚
504 2202 576 2224 cum
593 2191 709 2224 emitur
726 2192 813 2232 quod
832 2201 870 2223 ex
890 2190 1050 2223 miffilibus

174 2237 282 2279 sparsis
299 2236 431 2278 jactisve
455 2235 610 2275 capietur.
638 2242 752 2265 caetera
769 2233 810 2264 sic
825 2233 972 2272 exprimit
996 2231 1051 2264 Ul·

176 2283 289 2322 pianus
305 2279 323 2309 l.
344 2287 387 2310 11.
405 2276 433 2320 §.
449 2277 502 2308 ult.
533 2275 570 2306 D,
597 2277 631 2306 de
647 2274 703 2306 aa.
720 2282 805 2316 empt.
827 2275 1053 2315 Cumfaturum

176 2322 290 2364 justum
308 2322 376 2350 retis
392 2330 409 2350 α
423 2320 563 2360 piscatore
576 2319 695 2348 emimus
707 2339 715 2354 ,
741 2323 792 2347 aut
811 2318 976 2358 indaginem
987 2316 1051 2357 pca-

175 2365 222 2404 gis
236 2361 333 2404 positis
353 2372 370 2393 a
386 2367 541 2398 venatore,
563 2359 610 2390 vel
626 2359 796 2399 pantheram
815 2360 850 2390 ab
866 2363 985 2398 aucupe.
1003 2357 1051 2398 Ja-

179 2404 265 2442 (itus,
290 2402 342 2444 qui
368 2403 397 2434 ὅ(
423 2402 535 2439 boios,
560 2399 694 2438 emitur,
720 2407 792 2430 cum
810 2409 825 2430 a
850 2399 1006 2440 piscatore
1021 2408 1052 2430 e-

179 2454 310 2477 muntur
320 2444 421 2485 pisces
433 2443 516 2484 jaCtu
533 2443 610 2473 retis
620 2440 820 2472 extrahendi.
839 2441 939 2480 qualis
952 2439 1051 2480 empti

172 2487 278 2529 'jactus
296 2489 418 2518 mentio
434 2485 517 2526 apud
536 2484 726 2523 Apulejum‚
749 2482 872 2523 Apolog.
893 2482 920 2513 ἀ
939 2481 1053 2512 Sueto—

180 2529 290 2566 nium,
312 2528 359 2559 lib.
381 2526 428 2558 De
443 2527 512 2558 clar.
533 2526 677 2556 Rhetorib.
697 2531 757 2565 cap.
776 2533 800 2555 1.
823 2523 944 2565 indago
955 2523 1053 2563 plagis

182 2568 297 2611 pofitis
316 2569 430 2599 emitur
445 2578 460 2599 a
476 2575 653 2605 venatore3
676 2575 748 2597 cum
766 2575 883 2596 emitur
900 2563 1054 2604 quidquid

183 2610 507 2643 feraruminciuditur
524 2609 554 2640 ἄ
573 2608 854 2649 capitur-indagine
871 2605 979 2646 positis
991 2605 1053 2645 pla-

185 2652 253 2694 gis,
270 2650 322 2681 seu
339 2651 477 2688 retibus,
497 2650 610 2691 quibus
628 2649 721 2680 saltus
739 2650 899 2689 cingitur:
925 2647 985 2686 fic,
1010 2649 1055 2678 in-

185 2695 270 2734 dago
285 2690 438 2730 accipitur
457 2693 537 2731 apud
550 2691 718 2731 Virgilium
728 2690 775 2721 lib.
792 2700 822 2728 4.
839 2689 962 2720 Aeneid.
981 2687 1055 2729 v'ers.

186 2743 259 2767 121.
280 2732 433 2773 Saltusque
449 2734 587 2774 indagine
603 2734 738 2773 cingunt.
759 2730 922 2762 Postremo
940 2731 1057 2761 emitur

183 2777 228 2809 ab
244 2782 367 2813 aucupe
383 2772 556 2814 panthera;
579 2774 669 2814 (quae
692 2773 828 2804 Varroni
846 2772 921 2811 lib.4
944 2771 1056 2813 deling.

191 2818 289 2850 Latin
307 2815 336 2857 §.
346 2824 396 2847 20.
414 2812 458 2845 est
469 2823 568 2854 genus
586 2817 678 2855 retis)
696 2815 735 2846 ab
756 2823 798 2846 eo
817 2823 965 2845 emuntur
980 2822 1055 2844 aves

184 2858 344 2903 panthera
361 2855 535 2896 capiendae.
561 2854 721 2894 Expositis
740 2856 913 2895 Pomponii
931 2855 1055 2892 verbis,

186 2907 322 2943 apparet
337 2897 421 2929 casus
431 2897 470 2928 de
483 2904 547 2936 quo
556 2896 734 2936 ambigitur.
745 2897 876 2938 quaestio
887 2896 981 2937 igitur
991 2895 1057 2935 est3

184 2951 262 2975 cum
279 2938 503 2981 emiturjastus
515 2937 672 2980 retis‚aut
689 2939 803 2979 indago
821 2938 926 2979 pofitis
938 2938 1057 2978 plagis,

188 2992 245 3017 aut
256 2982 496 3024 pantheram-ut
506 2985 616 3018 captus
633 2979 788 3011 miffilium
799 3004 809 3019 ‚
824 2990 861 3011 an
871 2980 907 3011 fit
917 2979 1056 3020 emptio:

188 3025 281 3058 causa
299 3022 464 3055 dubitandi
482 3043 491 3057 ,
516 3029 552 3050 an
569 3018 606 3051 fit
622 3027 722 3049 merx.
748 3023 822 3060 quid
840 3020 925 3052 enim
943 3022 1059 3052 emitur

172 3067 222 3099 ’ἃ
237 3064 386 3098 venditur
398 3087 407 3101 ‚
421 3061 474 3094 nisi
484 3060 576 3093 alea?
593 3060 745 3099 Apuleius
757 3063 784 3091 (l.
801 3063 850 3092 loc.
864 3064 942 3093 dicit
957 3061 1058 3093 fortu-

186 3118 262 3141 nam
275 3106 390 3148 jactus:
407 3103 561 3144 Ulpianus
577 3102 596 3147 l:
614 3110 661 3134 11.
678 3100 717 3146 D.
734 3103 767 3131 de
785 3102 875 3132 hered.
893 3105 977 3134 vend.
994 3104 1057 3142 ait,

188 3151 348 3182 incertum
375 3148 421 3178 rei
445 3145 565 3176 venire.
588 3150 630 3175 ita
654 3150 772 3183 agnum
798 3150 831 3172 ut
856 3146 977 3180 emptio
1003 3144 1057 3183 fit,

188 3189 310 3223 etiamsi
334 3188 411 3220 nihil
431 3186 605 3218 incideret:
629 3183 660 3215 id
676 3183 738 3222 est,
762 3182 824 3215 fine
842 3193 892 3213 re:
909 3186 995 3220 quod
1011 3195 1054 3216 re-

188 3233 264 3276 gula
278 3231 354 3271 juris
370 3238 435 3264 non
451 3229 580 3270 patitur.
601 3226 710 3268 Atque
724 3225 770 3259 ita
785 3223 831 3258 est
845 3225 948 3266 prima
964 3224 1058 3259 facie.

1000 111 1267 150 Noonr
1323 113 1542 151 Contu.

1080 203 1130 236 sed
1143 204 1341 246 Pomponius
1352 229 1361 245 ‚
1386 215 1420 237 re
1435 205 1575 246 penitius
1592 203 1749 246 inspecta,
1773 214 1889 249 negat,
1904 217 1951 241 re-

1081 248 1186 292 gulam
1216 248 1274 279 hac
1299 248 1465 288 emptione
1491 246 1630 284 offendi,
1656 257 1696 278 eo
1723 250 1810 289 quod
1827 249 1871 280 est
1890 249 1953 290 spei

1085 296 1224 328 emptio:
1246 299 1334 330 quae,
1360 296 1393 320 ut
1409 299 1426 320 a
1443 289 1565 320 Seneca
1587 287 1680 329 Epist.
1708 298 1753 321 10.
1778 291 1955 331 appelletur

1085 330 1197 361 incerti
1211 330 1286 362 boni
1299 340 1416 363 nomen
1428 354 1437 369 ‚
1454 330 1498 361 est
1509 331 1645 369 aliquid.
1662 339 1758 371 atque
1776 332 1956 366 aeitimabile

1087 381 1102 403 a
1124 372 1241 408 peritis.
1265 374 1308 404 ita
1325 373 1408 404 valet
1428 371 1551 411 emptio
1578 370 1660 412 quasi
1686 373 1779 403 aleae:
1804 375 1874 412 quia
1893 384 1958 409 non

1088 412 1131 444 est
1143 413 1205 444 fine
1223 423 1257 444 re
1274 423 1343 454 quae
1355 414 1474 445 veniat.
1492 413 1566 453 quid
1586 423 1684 454 ergo,
1701 413 1721 445 fi
1738 415 1887 446 venditor
1904 426 1959 448 no·

1088 454 1253 500 lit-jaffare
1276 455 1369 486 rete?
1392 455 1476 486 recte
1499 457 1541 486 ait
1570 454 1697 493 Celsus,
1722 455 1878 488 incertum
1896 458 1962 497 ejus

1089 506 1132 527 rei
1153 494 1379 527 aestimandum.
1397 497 1425 528 ἀ
1444 496 1561 536 siquod
1580 497 1717 527 exrraxit
1735 497 1864 536 piscium
1877 521 1886 536 ,
1902 507 1960 530 no-

1085 538 1121 570 lit
1139 537 1291 574 reddere,
1316 536 1458 569 aestimari
1478 538 1595 569 debere
1616 539 1701 577 quod
1719 539 1857 569 extraxit
1872 540 1890 570 l.
1912 549 1957 572 12.

1086 578 1129 609 D.
1146 579 1179 608 de
1194 577 1249 608 att.
1269 584 1352 618 empt.
1379 579 1451 617 quia
1468 579 1499 610 id
1521 580 1695 610 venditum.
1719 579 1811 619 quid,
1836 579 1856 611 fi
1881 581 1960 614 nihil
1992 587 1994 589 ’

1085 619 1261 665 inciderit?
1289 620 1350 659 jam
1374 620 1479 651 exitus
1506 630 1570 651 non
1593 620 1690 652 habet
1714 631 1873 656 mercem.
1906 622 1958 663 spe

1087 662 1221 693 sublata:
1246 661 1297 691 led
1318 660 1446 697 sufficit,
1473 670 1612 692 mercem
1628 662 1667 692 ab
1682 662 1772 694 initio
1795 662 1904 702 fu1ffi¹3
1928 664 1960 696 (Sc

1089 702 1109 734 fi
1128 702 1190 734 effe
1208 700 1296 733 desiit
1309 726 1318 740 ,
1334 701 1457 740 periisse
1474 704 1628 742 emptoris
1648 704 1814 744 periculo:
1830 706 1870 735 ita
1882 705 1961 736 nihi-
1997 725 1999 728 ι

1090 744 1229 776 lominus
1249 744 1300 774 hic
1319 743 1484 774 tenebitur
1501 745 1634 783 pretium
1653 745 1797 784 praeilare
1821 747 1839 776 l.
1863 755 1905 777 11.
1928 746 1959 788 §.

1088 785 1142 817 ult.
1160 784 1201 816 D.
1218 786 1250 815 de
1265 784 1320 815 αέἶ.
1336 791 1436 825 empt..
1454 783 1533 815 Illud
1550 785 1642 822 quale
1655 787 1741 823 quod
1757 787 1786 818 in
1805 787 1867 818 fine
1887 788 1914 827 ἓ.
1935 796 1960 819 1.

1090 919 1125 940 ex
1146 916 1236 949 empto
1255 909 1387 949 obligatio
1404 909 1587 939 contrahitur
1599 920 1608 938 .·
1631 911 1699 950 quia
1717 911 1746 940 id
1765 909 1859 941 atium
1878 912 1962 942 imel-

1091 1000 1230 1032 captum.
1254 999 1285 1022 at
1302 1001 1430 1031 captum
1450 991 1634 1032 intelligitur
1651 993 1738 1031 quod
1763 993 1866 1031 potest
1886 995 1961 1025 reti-

1091 1034 1169 1064 neri.
1185 1042 1254 1064 nam
1271 1032 1291 1064 fi
1303 1032 1412 1072 nequit
1429 1034 1578 1071 retineri,
1596 1042 1659 1063 non
1676 1033 1961 1074 videturcaptum,

1092 1075 1164 1115 quia
1190 1083 1253 1105 non
1275 1073 1320 1105 est
1346 1083 1417 1106 cum
1442 1073 1559 1106 effectu
1582 1083 1721 1114 captum.
1747 1085 1824 1116 ergo
1841 1076 1860 1107 fi
1886 1076 1961 1116 quid

1094 1115 1233 1147 evictum
1254 1115 1308 1153 fit,
1335 1115 1404 1154 quia
1430 1125 1493 1146 non
1521 1115 1707 1155 intelligitur
1723 1125 1871 1157 captum;
1895 1127 1961 1150 non

1091 1164 1219 1188 tenetur
1241 1156 1390 1188 venditor
1421 1156 1590 1189 evictionis
1613 1158 1760 1189 nomine:
1783 1158 1866 1200 quasi
1888 1160 1920 1191 id
1933 1168 1963 1190 a·

1089 1198 1173 1229 &tum
1193 1197 1238 1229 fit.

1131 1239 1250 1271 Praeter
1267 1239 1443 1280 superiores
1462 1238 1678 1272 dubitationes
1696 1241 1740 1273 est
1760 1241 1789 1273 ἃ
1807 1240 1961 1282 sequens;

1088 1290 1124 1312 an
1144 1291 1192 1312 res
1217 1281 1455 1321 incorporales,
1480 1291 1513 1313 ut
1541 1281 1689 1320 servitus,
1714 1283 1891 1319 hereditas,
1909 1292 1959 1313 ac-

1087 1323 1135 1353 tio
1150 1345 1158 1358 ,
1180 1323 1241 1353 emi
1261 1322 1290 1353 &
1309 1322 1403 1353 vendi
1433 1323 1558 1362 poffint.
1583 1332 1711 1361 movet,
1738 1326 1824 1364 qood
1847 1326 1961 1364 injure
1988 1333 1991 1338 ·

1088 1362 1276 1399 consistunt,
1315 1363 1344 1394 ἃ.
1370 1370 1492 1395 tantum
1520 1363 1625 1394 animo
1651 1364 1894 1405 concipiuntur3
1924 1375 1958 1396 at

1088 1406 1375 1449 tangi-nequeunt:
1402 1404 1442 1436 fic
1471 1414 1546 1436 vero
1571 1414 1676 1436 metus
1701 1406 1817 1444 fuerit,
1845 1416 1884 1437 ne
1915 1407 1964 1439 his

1091 1447 1228 1477 venditis
1242 1469 1250 1483 ‚
1271 1455 1334 1476 non
1349 1445 1384 1476 fit
1402 1455 1509 1478 merx:
1526 1445 1588 1477 fine
1607 1456 1667 1486 qua
1681 1448 1804 1487 emptio
1817 1447 1961 1479 venditio

1090 1488 1172 1519 nulla
1191 1487 1244 1518 esi.
1272 1486 1334 1517 Sed
1351 1487 1434 1517 aliud
1454 1488 1590 1528 placuit3
1614 1489 1683 1527 quia
1700 1488 1849 1525 servitus,
1875 1489 1964 1520 here-

1089 1528 1187 1565 ditas,
1211 1527 1314 1565 aetio,
1340 1527 1445 1559 similia
1468 1528 1534 1567 juta
1559 1529 1790 1569 incorporalia,
1813 1528 1866 1561 etsi
1895 1539 1962 1561 non

1088 1569 1205 1611 poffint
1232 1569 1343 1608 tangi,
1368 1578 1428 1599 nec
1453 1577 1564 1600 extent
1594 1578 1671 1600 citra
1698 1569 1833 1601 nosti-am
1856 1569 1958 1601 fictio-

1090 1619 1181 1643 nem:
1203 1618 1358 1650 quatenus
1376 1618 1481 1641 tamen
1501 1610 1555 1641 sub
1573 1609 1803 1651 cogitationem
1821 1612 1958 1650 cadunt,

1091 1652 1119 1685 &
1144 1653 1251 1683 animo
1270 1650 1511 1690 concipiuntur,
1535 1650 1596 1682 esse
1622 1653 1858 1692 intelliguntur3
1882 1652 1910 1684 ἃ
1931 1660 1968 1684 ut

1088 828 1116 858 d.
1137 826 1155 857 l.
1180 831 1209 861 8.
1233 827 1276 857 ait
1300 826 1517 867 Pomponius,
1542 826 1629 870 Quod
1643 825 1787 866 miffitium
1804 831 1915 860 nomine
1931 838 1961 860 eo
1989 819 1999 839 ⁴

1091 870 1158 908 casu
1182 875 1299 908 captum
1317 866 1414 909 eft‚fi
1428 866 1553 898 evitium
1576 867 1683 905 fuerit,
1708 869 1788 899 nulla
1805 879 1832 899 ea
1848 871 1963 901 nomine
1987 860 2013 942 43
2033 895 2036 913 i

1091 950 1217 992 ligitur?
1240 949 1294 981 Tu
1312 958 1403 990 puta,
1428 949 1489 981 effe
1509 950 1630 987 astum,
1646 960 1677 980 ut
1698 951 1813 982 habeat
1832 959 1961 990 emptor
2000 965 2018 970 ··

1091 1694 1183 1725 neiic
1199 1695 1325 1733 quidem
1345 1692 1401 1724 sint
1421 1703 1467 1724 res
1484 1693 1667 1733 corporales
1679 1717 1687 1731 ,
1700 1694 1903 1725 nihilominus
1918 1703 1964 1726 res
2001 1706 2003 1708 ·

1090 1735 1309 1772 incorporales
1333 1735 1532 1774 appellantur
1548 1758 1557 1772 ,
1582 1734 1722 1774 ideoque
1747 1736 1883 1766 venditae
1905 1744 1966 1773 pro

1090 1785 1199 1809 merce
1219 1775 1396 1814 habentur,
1421 1776 1449 1806 <St
1463 1776 1545 1807 valet
1565 1785 1670 1806 earum
1691 1778 1814 1816 emptio
1828 1801 1835 1814 ‚
1853 1777 1964 1808 vendi-

1089 1820 1155 1856 ti0‚
1181 1828 1219 1848 ex
1247 1827 1307 1856 qua
1331 1817 1476 1857 empti&
1496 1818 1615 1848 ienditi
1641 1818 1688 1859 agi
1714 1817 1827 1857 potest.
1851 1820 1892 1848 ita
1911 1817 1966 1849 sub

1093 1859 1158 1891 hoc
1173 1858 1289 1890 Titulo
1314 1859 1423 1890 Labeo
1441 1859 1457 1890 l.
1479 1863 1518 1892 80
1551 1859 1591 1890 de
1608 1858 1758 1890 servitute
1779 1860 1906 1900 praedii3
1931 1858 1967 1891 fi·

1093 1909 1147 1932 cut
1167 1903 1206 1931 de
1221 1908 1358 1939 utroque
1376 1899 1533 1931 servitutis
1551 1909 1668 1941 genere
1688 1901 1790 1932 aetum
1810 1901 1896 1940 supra
1916 1901 1965 1933 lib.

1099 1951 1126 1983 7.
1147 1941 1182 1977 ὅ)
1203 1947 1230 1976 8.
1250 1942 1289 1972 de
1310 1940 1486 1973 hereditate
1506 1951 1583 1972 xero
1608 1942 1637 1973 ἃ
1653 1941 1778 1974 afflone
1793 1943 1922 1974 vendita
1937 1950 1967 1973 a·

1100 1992 1195 2025 getur
1213 1982 1293 2014 infra
1317 1983 1449 2024 proprio
1467 1981 1590 2014 TitulO.

1140 2025 1292 2057 Putemus
1316 2025 1435 2066 igitur,
1467 2025 1664 2063 emptionem
1689 2024 1716 2055 ἃ
1742 2023 1964 2055 venditionem

1095 2075 1211 2108 praeter
1239 2075 1394 2106 pretium,
1425 2066 1518 2096 etiam
1547 2075 1685 2097 mei-cem
1711 2064 1895 2096 desiderare.
1926 2067 1967 2095 At

1096 2108 1249 2148 qualem?
1280 2116 1408 2138 omnem
1432 2115 1502 2146 quaa
1525 2116 1588 2137 non
1617 2107 1824 2146 prohibeatur
1851 2104 1912 2137 emi
1937 2105 1968 2137 &

1096 2150 1205 2180 vendi.
1231 2149 1291 2179 huc
1309 2150 1331 2178 it
1350 2147 1481 2184 sequens
1499 2147 1645 2179 Rubricae
1664 2157 1750 2188 pars,
1771 2147 1844 2193 ‘Qua'
1860 2157 1902 2177 res
1920 2155 1968 2177 ve-

1096 2193 1159 2222 nire
1176 2189 1365 2231 nonpoffunt.
1381 2188 1533 2231 significat
1555 2191 1658 2227 enim,
1676 2189 1693 2219 ii
1706 2197 1880 2227 quae-tatur,
1898 2196 1967 2228 quae

1096 2242 1147 2264 res
1175 2234 1267 2262 vendi
1292 2230 1425 2272 potant,
1451 2231 1672 2270 inquirendum
1700 2229 1781 2268 ess'e,
1807 2239 1875 2270 quae
1904 2227 1966 2261 emi

1097 2275 1126 2305 δι
1146 2274 1239 2305 vendi
1259 2272 1511 2313 prohibeantur:
1534 2272 1703 2303 intelleftis
1726 2281 1809 2303 enim
1829 2271 1894 2305 liis,
1921 2280 1968 2301 re-

1096 2314 1195 2355 liquas
1214 2315 1275 2345 emi
1293 2313 1323 2345 δι
1344 2312 1439 2344 vendi
1465 2313 1560 2344 recte.
1589 2312 1663 2344 Hoc
1688 2313 1716 2343 ἀ
1736 2313 1846 2343 Paulus
1868 2313 1969 2343 inten-

1096 2356 1143 2389 dit
1159 2356 1176 2385 l.
1199 2365 1247 2395 34·
1268 2354 1295 2396 §.
1316 2365 1341 2387 ῐ.
1360 2354 1400 2386 D.
1417 2355 1444 2385 h.
1472 2360 1494 2387 t.
1514 2353 1619 2386 verbis
1644 2353 1796 2394 subjectis.
1828 2353 1969 2384 Omnium

1095 2407 1191 2429 rerum
1206 2406 1278 2437 quas
1295 2398 1360 2438 quis
1368 2397 1466 2427 habere
1475 2397 1521 2427 vel
1526 2394 1660 2436 pofficlere
1674 2392 1944 2435 velperlieqzcipoteli
1953 2417 1967 2433 ‚

1095 2439 1225 2470 venditio
1241 2437 1311 2469 reste
1325 2437 1379 2476 siz:
1401 2447 1473 2479 quas
1491 2447 1558 2468 vero
1578 2442 1686 2467 natura
1714 2437 1759 2466 vel
1772 2438 1902 2476 gentium
1916 2436 1970 2476 jur

1097 2481 1145 2511 vel
1164 2489 1249 2510 mores
1265 2481 1426 2510 commercio
1445 2485 1602 2511 exuerunt.
1628 2487 1725 2508 earum
1742 2478 1824 2507 nulia
1840 2477 1968 2507 venditio

1098 2520 1147 2562 est.
1172 2520 1288 2553 Paulus
1306 2519 1368 2558 ait,
1392 2520 1510 2559 aliquas
1529 2529 1581 2551 res
1599 2519 1797 2549 commercio
1816 2517 1910 2549 eximi
1924 2518 1971 2558 ju-

1099 2573 1134 2595 re
1157 2565 1321 2604 gentium,
1353 2561 1471 2600 aliquas
1496 2561 1637 2591 moribus
1664 2559 1813 2590 civitatis.
1849 2561 1895 2590 Ad
1918 2560 1967 2600 jus

1098 2605 1241 2645 gentium
1259 2602 1366 2634 refero
1390 2600 1552 2633 hominem
1581 2601 1731 2632 liberum:
1756 2610 1825 2632 nam
1842 2601 1968 2632 libertas

1099 2645 1234 2686 estjuris
1257 2643 1398 2685 gentium
1424 2642 1443 2674 l.
1474 2652 1503 2681 4.
1528 2642 1568 2673 D.
1591 2641 1706 2683 aejaji.
1726 2641 1837 2684 &jar¹
1863 2650 1967 2681 eoque

1100 2687 1263 2718 hominem
1283 2685 1434 2722 liberum,
1452 2683 1599 2721 quamdiu
1612 2683 1655 2715 est
1673 2685 1761 2721 talis,
1777 2693 1866 2715 extra
1882 2691 1968 2714 com-

1099 2729 1251 2760 mercium
1269 2726 1351 2764 effe,
1375 2735 1499 2766 aequum
1525 2724 1579 2756 est.
1605 2725 1687 2756 idem
1714 2733 1787 2764 puta
1814 2726 1852 2755 de
1876 2724 1969 2755 rebus

1101 2769 1192 2801 sacris
1211 2769 1240 2800 ἂ
1256 2767 1424 2808 religiosis:
1448 2776 1518 2799 nam
1545 2767 1574 2798 ἃ
1604 2767 1715 2807 religio
1736 2767 1810 2806 juris
1826 2767 1970 2806 gentium
2023 2798 2025 2805 s

1102 2812 1121 2843 l.
1141 2821 1167 2843 2.
1187 2809 1227 2841 D.
1246 2811 1273 2840 cl.
1293 2816 1312 2840 t.
1331 2808 1405 2849 quid
1425 2809 1455 2839 ni
1480 2808 1575 2848 igitur
1598 2818 1646 2840 res
1664 2808 1752 2838 sacrae
1769 2817 1806 2839 ac
1824 2806 1972 2848 religiosae

1102 2863 1142 2884 eo
1155 2853 1222 2893 jure
1240 2859 1343 2889 neque
1362 2849 1601 2881 aestimationem
1632 2850 1790 2890 recipiunt
1807 2850 1855 2887 l.9
1875 2849 1902 2890 §.
1921 2846 1972 2878 ult.

1103 2894 1143 2926 D.
1160 2897 1192 2924 de
1208 2902 1261 2923 rer.
1285 2893 1367 2928 divisss
1388 2901 1494 2932 neque
1510 2891 1732 2923 alienationem
1751 2892 1767 2922 l.
1780 2900 1828 2932 73.
1846 2889 1886 2921 D.
1903 2890 1929 2919 h.
1948 2894 1972 2920 t.
2022 2897 2024 2929 l

1102 2935 1251 2967 Moribus
1277 2933 1414 2965 civitatis
1446 2940 1535 2964 extra
1566 2933 1791 2964 commercium
1818 2932 1974 2962 habentur
2021 2931 2023 2969 ξ

1103 2987 1151 3010 res
1169 2975 1323 3017 publicae3
1348 2976 1485 3007 maxime
1510 2984 1579 3013 quae
1604 2975 1634 3005 in
1663 2974 1715 3005 usu
1733 2974 1863 3013 publico
1881 2969 1973 3001 sunt:

1103 3027 1137 3050 ut
1160 3027 1287 3057 campus
1318 3016 1472 3055 Martius,
1505 3015 1633 3052 forum,
1671 3015 1811 3050 theatra,
1843 3010 1973 3042 basilica.

1101 3068 1224 3091 caeterae
1244 3068 1313 3099 quae
1331 3068 1359 3088 in
1379 3058 1512 3098 pecunia
1525 3081 1533 3094 ‚
1551 3057 1599 3088 seu
1618 3056 1807 3095 patrimonio
1826 3051 1972 3092 publico,
2020 3054 2021 3057 ’

1101 3102 1161 3134 emi
1180 3101 1208 3132 ἃ
1224 3100 1319 3132 vendi
1336 3099 1472 3140 possunt.
1490 3098 1642 3130 Omnium
1661 3099 1753 3138 igitur
1776 3103 1877 3125 rerum
1895 3102 1975 3132 quas
2019 3108 2020 3111 =

1101 3152 1210 3175 natura
1228 3142 1277 3173 vel
1292 3151 1432 3182 gentium
1450 3142 1496 3180 jus
1517 3141 1565 3171 vel
1592 3148 1695 3171 mores
1723 3136 1859 3166 civitatis
1884 3143 1972 3165 com·
2018 3149 2020 3159 ι

1101 3193 1226 3217 mercio
1245 3192 1452 3220 exemerunt,
1477 3183 1519 3212 ait
1544 3181 1676 3217 Paulus,
1702 3176 1816 3207 nullam
1838 3172 1971 3207 venditi·

1100 3235 1199 3260 onem
1213 3225 1295 3267 effe3
1319 3224 1349 3258 ὅ(
1363 3224 1386 3259 fi
1410 3225 1606 3261 vendantur,
1628 3219 1745 3253 nuliam
1767 3217 1851 3251 nasci
1874 3216 1970 3290 aggf
