2036 3495
503 89 570 131 An
597 89 690 129 Lin.
718 86 777 126 XI.
817 91 915 126 Trr.
944 87 1002 125 ΙΙΙ.
1040 87 1194 135 Deservo
1212 98 1359 139 corrupto.

1783 98 1849 135 1319

37 196 66 226 ᾗ,
83 196 104 224 ε.
130 190 249 222 ε’ῑὶᾱῐῃιί
273 189 359 222 nialo
382 184 588 224 monstravit,
611 183 643 214 in
668 190 764 222 quem
787 181 921 212 modum
965 180 1082 212 eodem
1102 180 1197 212 fonte
1214 181 1277 220 est3
1293 182 1347 222 (iit
1365 191 1403 214 cx
1422 182 1651 222 conjundlioiie
1662 182 1687 212 cl.
1699 182 1717 212 1.
1727 186 1756 213 6.
1772 186 1846 214 cum

36 234 258 274 delinqueret,
287 229 388 262 teneri
408 237 492 260 eum.
515 228 601 264 imo,
625 223 746 264 inquit,
771 222 801 253 &
816 222 836 254 si
854 231 921 253 crat
962 222 981 252 l.
1000 226 1028 255 8.
1051 222 1080 253 b.
1099 230 1120 253 ι.
1147 223 1355 264 intelligitur)
1379 226 1468 265 quod
1493 225 1522 254 ἃ
1547 225 1640 256 heres
1667 224 1732 263 ejus
1756 224 1845 263 cujus

35 276 145 308 servus
163 273 355 306 omnimodo
372 270 531 312 fugiturus
550 268 601 298 vel
616 266 740 313 sui-tum
759 263 918 311 facturus,

38 318 92 349 hic
115 325 196 348 vero
219 315 366 348 laudator
390 312 481 352 hujus
505 308 658 351 propositi
676 313 805 353 extitit,
829 314 918 337 tene-

38 367 102 391 tur.
132 357 162 389 &
187 355 338 399 praefatur
361 353 540 394 Ulpianus:
571 348 650 381 Non
673 357 760 379 enirn
785 355 918 387 oportet

36 399 196 433 laudando
212 398 319 440 augeri
341 396 502 428 malitiam.
531 391 594 424 sive
621 399 700 437 ergo
716 389 838 436 bonum
857 389 916 435 ser-

36 451 113 473 vum
130 441 247 472 fecerit
263 439 378 470 malum
395 459 404 476 ‚
426 436 490 468 five
507 434 624 478 malum
642 435 761 463 iecerit
778 431 917 462 deterio-

36 492 123 521 rem,
147 482 271 514 videtur
289 479 430 520 Ulpiano
448 474 631 516 corrupiffe.
816 515 821 520 Ι

79 524 181 555 Porro
206 525 251 554 ait
272 521 413 558 Praetor,
437 518 516 550 Dolo
543 516 627 548 malo.
673 514 751 560 Hoc
772 514 917 554 adJeClo,

36 565 158 598 Praetor
175 571 266 596 notat
282 562 487 594 calliditatem
499 559 565 599 ejus
583 559 636 599 qui
656 558 832 603 perluadet.
855 566 916 587 cae-

36 614 138 639 terum
163 606 183 638 fi
208 606 277 646 quis
297 603 360 635 fine
382 603 459 635 dolo
476 600 673 633 deteriorem
690 599 824 637 fecerit,
850 607 916 644 non

35 657 182 680 notatur:
196 650 258 685 Ἧι,
281 645 302 676 fi
320 645 402 677 lusus
420 643 519 685 gratia
536 641 664 673 fecerit.
697 642 782 672 unde
801 648 913 680 quaeri·

35 698 104 726 tur.
128 689 149 721 fi
174 689 243 729 quis
268 686 358 718 servo
375 686 482 718 alieno
500 684 646 722 suaserit,
671 684 702 714 in
723 683 842 727 tectum
861 682 912 712 ad-

35 732 203 768 scendere,
227 729 279 760 vel
297 729 328 760 in
346 736 478 770 puteum
497 726 693 758 descendere
711 748 720 764 ,
745 723 774 755 &
791 723 843 770 ille
861 732 912 769 pa-

31 783 104 805 rens
128 769 344 809 adscenderit,
367 770 418 801 vel
442 768 661 806 descenderit,
684 767 713 797 v&
737 766 911 812 ceeiderit,

32 822 168 853 crusque
185 813 237 843 vel
257 812 333 853 quid
357 811 441 843 aliud
458 809 610 851 fregerit,
634 809 686 840 vel
705 815 851 848 perierit,
869 815 913 852 'an

34 854 203 887 teneatur?
226 853 268 885 Et
292 853 313 885 fi
339 854 468 894 quidem
497 852 560 883 fine
580 851 658 882 dolo
674 850 758 881 malo
776 847 911 886 fecerit,

30 899 73 928 ait
93 895 268 936 Ulpianus,
293 905 358 926 non
377 894 477 926 teneri
496 903 588 924 eum:
613 891 633 923 fi
649 891 728 923 dolo
745 890 828 921 malo
842 913 850 927 ,
869 897 913 919 te·

31 939 96 970 neri
114 938 171 968 (1.1.
190 947 219 979 3.
234 938 263 979 §.
277 946 300 968 1.
325 937 387 968 Sed
402 936 514 967 Paulus
532 935 551 965 l.
571 944 598 966 2.
612 934 639 964 b.
659 939 680 964 t.
697 940 806 973 putat,
824 940 912 977 com·

31 981 158 1012 modius
176 980 245 1010 utili
262 977 351 1020 Lege
369 978 515 1019 Aquilia,
530 977 561 1007 id
580 974 644 1014 est,
669 975 737 1005 utili
756 972 850 1020 Legis
870 973 910 1019 il-

32 1022 138 1062 quiliae
156 1020 298 1059 actione,
314 1019 470 1060 experiri3
487 1027 521 1049 ut
537 1017 665 1048 videtur
683 1015 825 1053 Graecis,
841 1022 915 1054 quia

32 1064 65 1095 in
83 1073 119 1094 ea
139 1061 272 1100 sufficit,
295 1061 358 1093 effe
377 1061 497 1092 facium
521 1059 649 1099 injuria,
675 1059 707 1088 id
731 1056 795 1095 est,
819 1056 913 1095 culpa

31 1105 84 1136 vel
100 1103 273 1143 leviffima3
288 1103 342 1135 etfi
360 1113 424 1134 non
445 1102 600 1143 probetur
616 1100 720 1131 dolus.
746 1097 913 1129 Defiderat

31 1147 128 1185 igitur
144 1144 285 1185 Praetor,
302 1143 533 1185 persuafionem
549 1142 618 1173 fieri
637 1141 715 1172 dolo
732 1141 826 1172 malo.
850 1138 913 1184 Sed

32 1178 190 1229 Ulpianus
206 1187 226 1219 l.
244 1199 274 1228 5.
291 1188 319 1218 b.
337 1191 357 1217 t.
389 1185 487 1223 Dori,
512 1185 634 1224 inquit,
655 1183 789 1214 verbum
815 1188 912 1225 etiam

31 1231 71 1262 ad
89 1238 161 1261 eum
181 1228 235 1269 qui
252 1229 397 1268 recepit,
413 1226 619 1259 referendum
638 1224 683 1255 est
693 1235 708 1270 ι,
727 1232 760 1255 ut
776 1232 842 1254 non
859 1222 912 1253 ali-

31 1281 69 1303 us
87 1278 252 1309 teneatur,
270 1269 326 1301 nifi
345 1271 396 1309 qui
414 1269 493 1301 dolo
509 1268 592 1299 malo
609 1265 736 1297 fecerit.
759 1273 910 1295 caeterum

30 1312 52 1345 fi
72 1312 160 1352 quis,
185 1317 219 1342 ut
247 1312 381 1342 domino
397 1310 592 1344 custodiret,
618 1306 759 1348 recepit,
785 1306 834 1336 vel
856 1305 910 1337 hu-

30 1354 202 1392 manitate,
219 1353 270 1384 vel
287 1351 519 1389 misericordia,
536 1349 667 1388 ductus,
684 1348 735 1379 vel
754 1348 911 1388 adproba—

32 1402 63 1428 ta
84 1395 112 1426 ὅ(
127 1394 206 1435 J'usta
222 1393 365 1432 ratione,
388 1402 453 1424 non
473 1391 648 1423 tenebitur.
689 1389 837 1421 Tenetur
851 1388 909 1434 *ig-i·

31 1445 83 1469 tur
107 1437 168 1468 hac
193 1436 319 1467 actione
343 1435 394 1476 qui
422 1435 500 1466 dolo
525 1433 609 1464 maio
628 1433 706 1472 quid
725 1430 912 1477 pei-siialerit

30 1478 142 1517 servo,
159 1488 254 1518 quem
273 1477 393 1508 sciebat
409 1476 472 1507 effe
491 1475 597 1506 talem.
624 1474 698 1514 quid
710 1497 719 1510 ,
736 1472 756 1504 fi
774 1473 910 1504 liberum

31 1520 191 1562 putabat?
216 1519 355 1559 Ulpiano
373 1517 506 1559 d.l.5.§.
522 1526 548 1548 i.
574 1516 701 1546 videtur
718 1516 819 1546 teneri
837 1523 910 1546 eum

33 1569 206 1601 oportere:
223 1561 332 1591 addita
351 1560 409 1591 hac
426 1567 569 1590 ratione:
590 1557 691 1597 Majus
709 1566 792 1588 enim
813 1558 909 1587 deliri·

34 1603 105 1643 quit
122 1603 174 1642 qui
193 1602 327 1633 liberum
345 1609 459 1641 putans
476 1601 638 1640 corrupit:
656 1600 685 1631 ἂ
701 1599 794 1637 ideo,
817 1598 837 1629 si
851 1598 909 1629 ser—

28 1654 87 1677 vus
105 1643 220 1680 fuerit,
245 1644 415 1674 tenebitur.

79 1685 270 1724 intellecto,
294 1685 423 1723 quando
451 1683 596 1714 obtineat
621 1681 699 1714 servi
724 1681 867 1721 corrupti
883 1689 911 1712 a·

37 1727 121 1766 ἃίος
145 1726 373 1766 supervacuum
391 1725 490 1756 fuerit
509 1725 626 1764 quaeri,
652 1724 799 1755 adxerl'us
816 1732 910 1763 quein

37 1770 139 1801 detur.
162 1776 295 1809 apparet
315 1768 401 1798 enim
427 1767 492 1798 dari
517 1764 665 1796 adversus
684 1775 754 1796 eum
772 1766 824 1805 qui
841 1766 910 1796 alie-

35 1820 113 1843 num
139 1811 282 1847 servum,
307 1810 485 1840 alienamve
514 1807 653 1846 servam,
678 1817 718 1838 eo
742 1816 806 1846 quo
825 1807 911 1845 dixi,

36 1853 138 1885 modo
158 1851 236 1883 dolo
248 1851 334 1882 malo
350 1850 502 1890 corrupit.
527 1849 644 1880 Saltem
660 1850 698 1880 de
711 1849 828 1880 herede
845 1849 910 1888 eJ'us

36 1893 133 1935 quaeri
150 1892 271 1934 posset:
296 1893 418 1923 idcirco
438 1892 524 1931 quod
545 1891 637 1921 lieres
660 1890 847 1922 defunctum
866 1900 899 1921 re

36 1935 218 1977 praesentat.
249 1933 310 1965 Sed
330 1934 480 1965 heredem
498 1932 634 1964 absolvit
654 1931 806 1972 Ulpianus
823 1932 841 1962 l.
866 1942 911 1973 13.

35 1978 82 2008 D.
99 1977 128 2007 b.
149 1982 170 2008 t.
194 1985 259 2016 quo
274 1975 369 2015 jure?
393 1976 467 2015 quia
491 1974 560 2005 liaec
583 1975 666 2005 attio
693 1973 736 2005 est
762 1974 912 2013 poenalis:

35 2018 148 2058 utique
172 2026 213 2048 ex
239 2024 328 2056 parte
351 2018 408 2048 rei.
434 2016 511 2047 tales
535 2024 641 2046 autem
662 2014 809 2046 adversus
827 2015 914 2046 here-

36 2061 111 2098 des,
135 2058 188 2090 nifi
205 2066 362 2099 quatenus
381 2058 548 2097 pervenit,
573 2066 637 2087 non
657 2058 779 2088 dantur.

76 2100 220 2140 Sequens
239 2101 330 2131 locus
355 2101 436 2138 erit,
459 2100 509 2130 cui
529 2100 624 2130 detur
642 2099 724 2130 actio
743 2098 821 2130 servi
841 2107 912 2130 coi·-

36 2143 147 2183 rupti‘?
171 2142 201 2174 &
215 2150 314 2182 puto,
331 2141 395 2173 dari
414 2141 565 2172 domino:
583 2141 670 2180 cujus
689 2139 837 2178 interest,
853 2141 912 2172 ser-

34 2193 112 2215 vum
128 2193 191 2215 non
209 2184 388 2223 corrumpi:
405 2182 468 2214 five
488 2183 518 2213 in
538 2181 670 2213 solidum
689 2181 724 2213 fit
743 2183 911 2222 dominus,

34 2224 99 2257 five
110 2225 225 2257 habeat
235 2224 356 2255 servum
367 2233 440 2256 curn
456 2223 518 2254 alio
535 2233 750 2256 communem.
771 2233 841 2255 nam
859 2225 912 2257 vel

33 2268 121 2298 hunc
140 2276 235 2308 agere
252 2265 376 2297 assione
387 2265 467 2297 servi
483 2266 644 2305 corrupti,
661 2265 749 2306 supra
761 2265 910 2298 traditum

33 2318 74 2340 ex
91 2308 110 2339 l.
127 2318 156 2345 9.
174 2309 220 2340 D.
230 2307 258 2338 h.
269 2313 290 2337 ε.
315 2305 368 2338 De
384 2317 425 2338 eo
443 2316 540 2338 nemo
557 2306 700 2346 dubitet,
718 2306 792 2347 quin
811 2307 909 2339 domi-

32 2351 65 2382 ni
82 2349 300 2391 appellatione
317 2349 413 2381 etiam
431 2348 522 2380 heres
540 2350 744 2380 contineatur
760 2348 777 2378 l.
793 2357 838 2389 13.
851 2350 869 2380 l.
882 2354 909 2384 8.

32 2392 59 2424 h.
78 2398 99 2423 t.
124 2392 197 2431 quia
217 2390 384 2422 dominum
402 2389 615 2431 repraesentat.
661 2391 757 2431 Atqui
776 2392 910 2430 poenalis

32 2432 79 2465 est
95 2432 164 2464 brec
179 2432 274 2464 aetio.
300 2432 362 2463 Sed
374 2432 438 2463 hoc
454 2433 491 2463 ad
509 2440 574 2463 rem
592 2441 656 2463 non
668 2432 826 2472 pertinet:
843 2442 911 2464 cer·

32 2482 87 2513 to,
103 2475 190 2514 quod
209 2475 351 2514 poenales
363 2474 505 2505 actiones
524 2473 695 2506 heredibus
711 2474 825 2506 dantur
836 2498 846 2514 ,
863 2483 910 2506 et-

31 2514 53 2547 fi
70 2525 135 2547 non
153 2516 269 2547 dentur
285 2516 432 2547 adversus
449 2515 597 2546 heredes.

72 2555 177 2587 Datur
192 2557 287 2597 igitur
303 2557 371 2588 haec
387 2557 470 2588 actio
488 2557 633 2588 domino.
650 2564 682 2587 at
699 2557 777 2588 cui?
793 2557 836 2588 ait
855 2555 909 2589 Ul-

33 2596 143 2637 pianus
159 2598 177 2628 l.
193 2609 220 2638 5.
243 2598 272 2638 §.
288 2599 344 2630 ult.
362 2599 390 2630 h.
408 2605 430 2630 t.
465 2599 545 2630 hanc
561 2598 719 2630 actionem
739 2598 850 2630 referri
869 2600 908 2630 ad

34 2646 162 2678 tempus
179 2638 257 2669 servr
276 2641 418 2679 corrupti
441 2641 491 2671 vel
510 2641 642 2681 recepti.
660 2651 701 2672 eo
721 2650 800 2671 vero
816 2640 906 2681 signi-

32 2678 167 2718 ficatur,
183 2680 270 2720 quod
288 2679 357 2711 haec
373 2681 453 2713 actio
471 2683 630 2721 competit
648 2683 676 2713 ei
693 2683 747 2722 qui
765 2690 832 2713 erat
851 2683 907 2713 do-

31 2722 136 2753 minus
152 2731 192 2752 eo
204 2728 353 2761 tempore
363 2731 427 2762 quo
446 2723 588 2763 corrupti
599 2723 668 2755 sunt
686 2724 764 2755 servi
781 2733 908 2756 mores:

31 2771 97 2794 non
115 2761 190 2793 huic
206 2763 259 2807 qui
275 2762 310 2794 sit
328 2763 475 2795 dominus
493 2774 557 2804 quo
574 2773 722 2806 tempore
739 2768 858 2806 agitur:
878 2766 908 2797 ἃ,

30 2803 127 2841 ideo,
152 2804 274 2843 inquit,
301 2804 329 2834 δι
353 2803 374 2835 fi
390 2804 556 2837 decesserit
574 2807 698 2845 servus,
724 2809 774 2839 vel
792 2808 906 2838 aliena-

33 2852 83 2876 tus
101 2844 138 2876 fit
154 2846 205 2876 vel
223 2844 442 2884 manumissus;
465 2847 670 2880 nihilominus
688 2850 796 2881 locum
812 2850 908 2879 habe-

31 2887 80 2918 bit
103 2886 207 2918 astio:
231 2886 302 2926 quia
326 2887 411 2918 enim
432 2897 497 2918 non
524 2888 679 2928 speftatur
698 2900 823 2932 tempus
841 2899 908 2930 quo

33 2928 157 2969 agitur;
174 2927 226 2958 sed
244 2937 309 2968 quo
329 2936 498 2968 corruptus
519 2929 563 2961 est
581 2930 704 2964 servus:
729 2942 835 2973 eoque
853 2934 907 2963 de-

28 2977 116 3001 mum
134 2969 254 3000 illatum
272 2968 349 3000 mihi
364 2969 407 3001 est
426 2971 592 3010 damnum3
609 2972 683 3005 licet
700 2985 785 3005 nunc
804 2983 908 3005 manu-

30 3010 123 3042 miss'o
141 3010 233 3042 servo
250 3019 346 3051 agens
364 3010 441 3043 nihil
454 3013 557 3044 damni
570 3012 698 3046 sentiam
712 3040 721 3055 ,
737 3025 843 3047 tamen
861 3025 906 3046 re·

32 3052 83 3084 Ge
98 3061 178 3093 ago:
195 3053 268 3093 quia
279 3053 446 3093 praeteritae
457 3054 600 3086 utilitatis
617 3055 783 3089 aestiinatio
794 3059 824 3088 in
844 3057 908 3087 lioc

29 3094 182 3134 judicium
199 3094 369 3126 deducitur
385 3095 395 3124 l
415 3099 445 3126 6.
460 3096 487 3126 h.
499 3102 520 3126 t.
543 3095 634 3128 fuiffe
650 3098 714 3130 hoc
734 3100 786 3130 vel
802 3108 842 3130 eo
857 3098 906 3129 ad-

29 3136 247 3174 monendum,
270 3137 313 3167 ait
337 3132 495 3177 Ulpianus
511 3137 527 3168 l.
547 3147 576 3177 7.
600 3140 671 3178 quia
689 3140 719 3171 ἀ
737 3142 809 3172 mali
829 3139 906 3171 servi

27 3175 159 3209 forfitan
184 3177 421 3218 consequuntur
456 3178 635 3211 libertatem
652 3191 662 3219 ;
692 3182 721 3212 &
748 3181 905 3221 posterior

27 3217 119 3253 causa
134 3218 243 3252 tribuit
256 3220 506 3254 manumissionis
521 3220 634 3262 justam
652 3223 824 3257 rationem.
854 3222 905 3256 Ab

964 265 1070 294 lervus
1087 272 1255 305 corruptus
1274 264 1337 304 est,
1354 266 1437 297 lianc
1456 266 1616 301 actionem
1638 265 1754 297 habet:
1778 275 1845 297 non

961 304 1082 342 solum,
1107 304 1127 336 si
1144 306 1290 338 manserit
1306 306 1338 339 in
1357 307 1537 340 hereditate
1556 307 1681 346 servus,
1706 306 1759 339 sed
1775 307 1804 339 ἃ
1823 306 1845 338 ss

961 346 1076 377 exierit
1094 346 1181 378 forte
1197 347 1333 387 legatus.

1005 386 1187 426 Czeterum,
1207 398 1241 419 ut
1259 389 1342 420 aCtio
1360 389 1440 421 servi
1459 392 1603 432 corrupti
1622 391 1689 432 ejus
1705 390 1842 422 domino

961 429 1053 460 datur
1069 437 1162 459 certo
1178 430 1263 469 jure:
1286 430 1328 462 fic
1344 440 1382 462 an
1401 432 1494 462 bonae
1512 432 1586 465 fidei
1605 431 1767 474 posscss'ori
1788 433 1842 464 de-

961 479 1029 509 tur,
1054 469 1099 501 est
1123 471 1274 502 notabilis
1300 473 1459 503 dubitatio
1477 497 1486 512 ‚
1519 483 1652 513 propter
1677 473 1842 512 sequentia

962 510 1095 552 Ulpiani
1115 513 1211 542 verba
1224 522 1263 543 ex
1280 513 1299 544 l.
1321 523 1346 545 1.
1366 514 1394 555 ᾗ.
1414 523 1437 545 1.
1453 516 1481 544 h.
1499 521 1520 545 t.
1547 515 1611 558 Qui
1628 516 1771 555 bonafide
1785 518 1841 552 ler-

959 563 1032 584 ‘vum
1052 554 1139 591 emit,
1163 554 1214 584 hoc
1237 554 1340 585 Εᾱίἑῖο
1364 565 1421 586 non
1446 557 1607 587 terrebitur:
1631 559 1701 598 quia
1717 568 1767 587 uec
1784 556 1841 597 ipse

953 596 1063 635 poterit
1080 596 1167 634 servi
1190 599 1319 637 corrupti
1341 607 1441 635 agere:
1464 600 1533 639 quia
1558 598 1632 629 nihil
1648 599 1708 639 ejus
1725 594 1841 638 imeres}

948 640 1073 677 servum
1089 647 1146 667 non
1164 640 1324 678 corrmnpz':
1348 638 1500 680 &sanefi
1524 642 1590 681 quis
1607 641 1654 670 hoc
1673 641 1819 674 admiserit
1830 663 1840 678 2

956 679 1085 716 eveniet,
1100 685 1133 708 ut
1149 679 1258 709 cizcohus
1276 679 1350 711 cestio
1365 683 1442 714 servi?
1458 682 1588 721 corrupti
1602 688 1749 721 competat.
1766 684 1841 723 quod

955 718 995 760 est
1016 721 1182 760 absurdum.
1230 721 1286 751 Sed
1303 732 1354 752 nec
1369 733 1434 753 enm
1450 724 1498 753 cm'
1513 725 1586 753 hona
1597 723 1658 762 fide
1676 724 1754 753 honio
1770 725 1842 753 liber

953 764 1068 800 serviit,
1093 763 1168 792 hanc
1184 762 1323 794 aaronem
1336 764 1411 804 poffle
1428 774 1556 796 exercere
1572 766 1737 804 opinamur.
1776 764 1842 796 Pri-

956 812 1043 847 mum
1068 802 1192 834 versum
1210 803 1252 835 fic
1270 805 1299 835 in
1317 806 1510 838 antecessum
1528 805 1664 837 restitui:
1689 806 1754 851 Qui
1770 808 1843 837 bona

950 845 1013 884 fide
1028 848 1144 879 servum
1158 848 1242 883 emir,
1267 846 1317 877 hoc
1334 847 1438 879 Editio
1454 858 1512 879 nnrz
1532 849 1687 879 tenebitur.
1717 857 1768 877 nec
1785 848 1842 888 ipse

952 888 1059 927 poterit
1078 890 1163 926 servi
1190 890 1320 925 corrupti
1345 899 1438 931 agere.
1483 889 1625 931 Liquet,
1650 890 1744 921 bonae
1764 888 1841 920 fidei

956 926 1160 968 pollessorein
1174 952 1183 966 ,
1208 929 1227 960 fi
1248 929 1313 970 ipse
1331 932 1477 969 corrupit
1496 933 1620 963 servum
1640 941 1736 972 quem
1755 931 1843 962 bona

956 968 1134 1014 fide-emit,
1160 980 1200 1001 cx
1220 971 1375 1003 sententia
1395 973 1523 1014 Ulpiani
1541 984 1606 1005 non
1625 975 1725 1005 teneri
1744 972 1844 1004 astio-

956 1020 997 1042 ne
1016 1011 1093 1042 lei-vi
1111 1015 1274 1052 corrupti:
1292 1013 1369 1045 licut
1386 1025 1423 1046 ca
1439 1025 1503 1047 non
1525 1024 1653 1046 tenetur
1669 1017 1841 1054 dominus,

956 1062 1111 1094 corrupto
1129 1063 1146 1084 a
1161 1057 1189 1084 le
1203 1058 1293 1085 lervo
1305 1058 1455 1096 proprio:
1472 1059 1545 1097 quia
1561 1058 1655 1088 bonae
1676 1057 1746 1088 fidei
1765 1067 1842 1098 pos·

956 1093 1068 1133 seffor,
1086 1097 1236 1137 quamdiu
1256 1098 1405 1131 dominus
1421 1099 1609 1140 ignoratur,
1629 1109 1687 1140 pro
1706 1101 1842 1130 domino

957 1136 1102 1181 liabetur.
1126 1136 1253 1169 Eodem
1272 1141 1372 1171 modo
1392 1149 1459 1172 erat
1475 1142 1666 1180 dicendum,
1692 1141 1786 1172 bonae
1806 1139 1841 1171 fi-

956 1179 1006 1209 dei
1023 1177 1227 1225 possessorem
1247 1181 1335 1221 porse
1352 1192 1449 1223 agere
1464 1181 1543 1213 servi
1560 1184 1725 1224 corrupti,
1743 1182 1762 1214 fi
1780 1182 1842 1213 sei·-

956 1229 1014 1250 vus
1032 1220 1116 1251 bona
1135 1221 1198 1267 lide
1215 1232 1360 1262 emptus,
1375 1225 1415 1255 ab
1432 1224 1494 1255 aiio
1507 1234 1680 1265 corruptus
1699 1224 1751 1256 fit:
1769 1225 1843 1265 quia

956 1262 1062 1301 potest
1079 1263 1249 1302 dominus,
1274 1273 1431 1306 corrupto
1451 1266 1541 1297 servo
1554 1290 1562 1304 ‚
1587 1267 1723 1307 experiri
1742 1267 1842 1297 actio-

956 1312 996 1334 ne
1013 1304 1093 1334 servi
1111 1307 1272 1345 corrupti:
1291 1317 1331 1337 eo
1351 1308 1439 1348 quod
1457 1308 1551 1339 bonae
1572 1308 1646 1339 fidei
1666 1308 1841 1347 polsessor,

956 1346 1108 1392 quamdiu
1125 1348 1274 1380 dominus
1292 1347 1459 1390 ignoratur
1471 1373 1480 1387 ,
1506 1359 1565 1390 pro
1590 1350 1724 1381 domino
1744 1349 1842 1381 habe-

955 1394 1023 1418 tur:
1049 1397 1180 1429 ejusque
1197 1398 1260 1421 tam
1278 1390 1427 1430 interest,
1451 1390 1574 1423 servum
1592 1392 1677 1423 bona
1694 1390 1758 1423 fide
1774 1401 1842 1423 ern-

955 1437 1044 1469 ptuni
1065 1439 1129 1462 non
1146 1433 1328 1472 corrumpi,
1352 1442 1446 1472 quam
1466 1432 1587 1465 domini
1607 1434 1756 1472 interest,
1774 1443 1840 1465 non

955 1475 1117 1517 corrumpi
1134 1472 1231 1504 suum.
1268 1476 1310 1504 At
1323 1473 1478 1515 Ulpianus
1495 1476 1523 1506 d.
1540 1475 1559 1505 l.
1583 1484 1606 1506 1.
1622 1475 1649 1517 ᾧ.
1672 1485 1699 1507 1.
1726 1483 1841 1506 conti-a

954 1514 996 1543 iic
1009 1514 1132 1544 leribit:
1157 1515 1224 1546 Nec
1240 1516 1296 1556 ipse
1300 1517 1408 1556 poterit
1410 1515 1494 1556 servi
1504 1521 1634 1557 corrupit
1650 1526 1752 1556 agere:
1767 1518 1840 1559 quia

954 1555 1028 1584 nibil
1045 1555 1107 1596 ejus
1124 1554 1395 1598 intereft‚skrvu7n
1410 1568 1469 1589 non
1485 1559 1638 1598 corrumpi.
1667 1559 1765 1590 Vides
1784 1561 1842 1600 igi-

953 1604 1004 1627 tui-
1029 1598 1198 1638 tenebras3
1224 1600 1253 1630 dt
1280 1600 1334 1631 lias
1360 1599 1514 1639 sequente
1539 1599 1647 1640 augeri
1665 1600 1773 1632 versu:
1798 1601 1841 1632 Er

948 1637 1052 1679 sarrefi
1061 1640 1124 1680 quis
1140 1641 1190 1671 hoc
1204 1642 1349 1681 admiserit
1359 1665 1367 1679 ‚
1379 1643 1506 1680 eveniet,
1518 1644 1668 1673 meruimus
1677 1642 1840 1683 atiz'oscrvz·

955 1683 1087 1721 corrupti
1095 1684 1323 1724 corripetat.quod
1334 1681 1372 1724 est
1381 1685 1546 1716 absurdum.
1568 1683 1693 1726 Quaeris
1706 1686 1810 1716 lucem
1821 1684 1839 1716 ‘3

953 1731 1050 1753 nemo
1068 1723 1141 1758 dat.
1158 1731 1310 1764 quantum
1329 1726 1468 1757 memini.
1484 1724 1548 1766 ipsc
1566 1735 1697 1766 quoque
1714 1736 1751 1757 an
1771 1727 1842 1758 ido-

953 1774 1043 1795 neam
1066 1764 1119 1796 fiii]
1138 1767 1285 1805 daturus,
1310 1768 1429 1798 nescio.
1454 1766 1570 1799 faciam
1589 1776 1714 1806 tamen,
1744 1777 1841 1808 quam

954 1815 1081 1851 potero.
1128 1806 1157 1837 Si
1184 1817 1315 1848 putetur
1340 1809 1493 1849 Ulpianus
1518 1810 1602 1841 velle
1622 1833 1631 1848 ‚
1664 1812 1841 1851 numquam

954 1847 1102 1880 interesse
1126 1849 1220 1880 bona:
1245 1850 1320 1881 fidei
1346 1850 1526 1891 poffefforis
1543 1875 1552 1890 ,
1583 1860 1647 1883 non
1674 1853 1840 1893 corrumpi

954 1888 1078 1921 servum
1092 1900 1186 1931 quein
1206 1893 1288 1923 bona
1306 1891 1369 1924 fide
1387 1894 1483 1930 emit,
1501 1894 1640 1932 ideoque
1659 1903 1731 1925 eum
1750 1904 1840 1926 num-

956 1941 1051 1971 quam
1069 1942 1162 1973 agcre
1180 1933 1260 1964 serii
1279 1935 1442 1973 corrupti,
1461 1936 1490 1965 cit
1506 1935 1636 1966 absm’da
1655 1936 1684 1966 <St
1700 1935 1775 1966 fail'a
1794 1937 1840 1968 est

957 1972 1087 2014 Ulpiani
1114 1974 1277 2006 sententia.
1303 1977 1390 2015 quod
1417 1976 1437 2007 ii
1464 1975 1504 2007 lic
1520 1979 1726 2015 exaudiatur,
1752 1977 1838 2017 quali

958 2016 1065 2055 velit,
1089 2016 1182 2048 bonae
1209 2016 1282 2048 fidei
1312 2017 1517 2057 possessorem
1543 2028 1607 2049 non
1635 2029 1729 2059 agere
1757 2020 1839 2051 sci-vi

956 2057 1119 2098 corrupti,
1138 2059 1192 2089 ubi
1210 2068 1274 2090 non
1293 2059 1423 2090 interest
1439 2060 1523 2099 ejus,
1542 2061 1580 2091 ad
1601 2060 1768 2092 verilimile
1786 2072 1837 2091 ae-

957 2101 1054 2131 cedet
1070 2101 1134 2140 ejus
1153 2100 1338 2139 disputatio.
1364 2110 1462 2141 porro
1482 2101 1576 2132 bonae
1593 2100 1667 2133 fidei
1688 2102 1838 2141 posl'ess‘o-

955 2142 997 2173 ris
1012 2141 1202 2182 plerumque
1223 2141 1391 2181 intercffe,
1415 2152 1481 2174 non
1510 2145 1672 2184 corrumpi
1693 2144 1838 2184 servum,

955 2184 1010 2215 vix
1025 2184 1131 2225 negari
1150 2183 1254 2224 potest
1266 2209 1274 2222 ‚
1292 2193 1426 2225 propter
1440 2184 1558 2216 bonam
1570 2184 1665 2217 fidem
1676 2210 1684 2225 ‚
1703 2190 1839 2227 propter

956 2234 1051 2265 quam
1069 2225 1162 2256 instar
1178 2227 1300 2257 domini
1320 2226 1465 2258 liabetur.
1491 2226 1555 2257 hoc
1571 2228 1666 2268 igitur
1683 2228 1752 2259 casu
1770 2238 1837 2260 non

954 2275 1028 2308 aget
1046 2267 1171 2298 afflone
1189 2267 1267 2299 servi
1292 2269 1437 2309 corrupti
1456 2268 1593 2306 directa,
1619 2270 1691 2309 quia
1709 2279 1773 2301 non
1790 2270 1838 2302 est

954 2308 1035 2339 servi
1053 2310 1219 2348 dominus,
1238 2318 1269 2340 at
1286 2317 1359 2350 aget
1375 2310 1502 2341 actione
1514 2310 1599 2348 utili,
1615 2310 1688 2350 quia
1703 2320 1761 2350 pro
1778 2312 1837 2343 do-

953 2351 1042 2382 mino
1059 2350 1214 2382 habetur.
1232 2352 1383 2391 exemplo
1402 2352 1467 2391 ejus
1479 2352 1564 2391 quod
1580 2352 1610 2382 in
1629 2351 1756 2384 afflone
1773 2352 1836 2385 Le·-

951 2393 999 2434 gis
1017 2393 1152 2432 Aquiliae
1170 2402 1239 2432 quae
1258 2393 1335 2424 item
1354 2393 1487 2423 domino
1506 2394 1598 2424 datur
1614 2393 1635 2424 l.
1651 2394 1735 2435 11.§.
1747 2399 1776 2426 6.
1788 2396 1833 2426 D.

953 2434 1004 2465 Ad
1027 2434 1099 2476 Leg.
1126 2435 1230 2476 Aquil.
1254 2436 1295 2466 de
1322 2444 1363 2465 eo
1388 2433 1575 2465 observatur
1598 2435 1617 2466 l.
1640 2445 1686 2467 11.
1705 2437 1732 2477 §.
1751 2441 1778 2471 8.
1796 2434 1835 2472 ὅθ

952 2477 971 2508 l.
993 2485 1037 2516 17.
1056 2478 1139 2507 L).d.
1152 2483 1172 2507 t.
1198 2476 1255 2507 Me
1272 2483 1425 2513 praeterea
1443 2484 1555 2507 movet
1573 2478 1659 2516 quod
1677 2487 1834 2517 corrupto

952 2517 1127 2548 fructuario
1147 2517 1252 2555 servo,
1282 2516 1454 2548 fructuario
1473 2518 1631 2558 competit
1649 2519 1733 2551 utilis
1750 2520 1834 2551 aetio

953 2559 1030 2590 servi
1050 2560 1212 2599 corrupti,
1229 2558 1307 2590 ficut
1325 2560 1442 2590 damno
1460 2559 1569 2598 injuria
1585 2562 1680 2599 dato,
1698 2561 1835 2593 frutina-

952 2602 999 2631 rio
1018 2601 1213 2641 permittitur
1233 2601 1316 2632 utilis
1334 2599 1428 2640 Legis
1445 2601 1578 2641 Aquiliae
1594 2602 1678 2633 aelio
1694 2605 1722 2635 d.
1739 2604 1758 2634 l.
1784 2609 1833 2636 11·-

950 2642 981 2684 §.
1002 2651 1046 2674 io.
1067 2642 1172 2673 Detur
1190 2652 1266 2683 ergo
1284 2643 1312 2673 ὅ(
1330 2642 1422 2673 bonae
1440 2640 1514 2673 fidei
1532 2642 1695 2684 poffell'ori
1714 2646 1832 2676 eodem

952 2685 1052 2715 modo
1072 2684 1156 2714 utilis
1176 2683 1252 2714 servi
1270 2684 1412 2724 corrupti
1438 2683 1532 2715 atrio.
1582 2685 1703 2726 Aliquis
1727 2687 1833 2725 dicat,

952 2725 1035 2756 hanc
1052 2725 1352 2765 interpretationem
1370 2724 1474 2757 refelli
1490 2727 1518 2757 d.
1536 2727 1554 2757 l.
1574 2732 1597 2758 1.
1619 2728 1647 2769 §.
1673 2737 1698 2759 1.
1717 2729 1744 2759 b.
1760 2734 1780 2759 ι.
1797 2738 1830 2759 ιι-

953 2769 1041 2807 tique
1051 2776 1115 2797 non
1128 2766 1304 2798 convenire
1314 2767 1501 2808 proprietati
1519 2769 1608 2800 vocis
1621 2793 1630 2807 ,
1645 2769 1727 2813 Quia
1739 2793 1747 2807 ‚
1763 2779 1831 2808 pas-

951 2808 1005 2840 fim
1029 2808 1152 2839 causam
1177 2808 1380 2849 indignantis.
1424 2809 1487 2840 Sed
1512 2811 1691 2844 videamus:
1717 2820 1756 2840 nc
1778 2810 1833 2842 hie

952 2851 1045 2890 poffit
1061 2850 1163 2889 accipi
1181 2859 1238 2889 pro
1251 2852 1318 2886 zibi3
1336 2852 1365 2882 r&
1381 2850 1531 2882 indicium
1544 2851 1754 2883 auteffectum
1772 2850 1830 2892 iig—

951 2891 1092 2922 nificare.
1117 2891 1241 2924 fateor:
1264 2893 1338 2924 dura
1355 2892 1400 2924 est
1417 2893 1485 2923 haec
1503 2895 1742 2932 interpretatio:
1765 2892 1830 2925 Sed

951 2933 1012 2974 ego
1025 2935 1131 2964 durani
1149 2934 1273 2973 malim,
1291 2943 1383 2974 quam
1402 2934 1520 2965 faiffim.
1547 2935 1638 2973 quid,
1655 2933 1675 2964 fi
1691 2933 1831 2973 aliquam

952 2984 1031 3005 mete
1054 2975 1275 3007 auctoritatem
1293 2977 1387 3007 addat
1407 2975 1614 3016 AugullinuS,
1639 2976 1686 3005 lib.
1705 2983 1757 3006 xi.
1782 2976 1829 3006 De

951 3018 1071 3047 civitate
1089 3017 1151 3047 Dei
1165 3027 1189 3048 c.
1211 3027 1255 3056 14.
1273 3027 1389 3049 vocem
1403 3042 1411 3057 ‚
1437 3017 1537 3062 Quia,
1555 3015 1641 3046 simili
1659 3018 1759 3047 modo
1776 3026 1828 3048 ac:

950 3058 1072 3098 cipiens
1088 3058 1121 3089 in
1140 3060 1294 3098 aliquibus
1308 3060 1410 3091 Sacrae
1434 3059 1602 3094 Scripturae
1627 3057 1725 3101 lociS‚
1753 3063 1830 3097 prae-

952 3107 1000 3131 tei·
1017 3099 1158 3132 ufitatam
1174 3100 1323 3133 formam.
1349 3101 1444 3132 verba
1474 3098 1638 3138 Augustini
1657 3099 1728 3130 haec
1747 3098 1830 3134 lunt.

950 3141 1076 3183 Subjecz't
1092 3149 1189 3174 autem
1206 3144 1366 3179 indicium,
1390 3140 1473 3183 quafi
1494 3138 1682 3180 qzcoefiffernus
1706 3143 1783 3173 unde
1801 3152 1830 3173 o-

939 3181 1115 3224 stendatur,
1138 3186 1213 3225 quod
1230 3188 1261 3215 in
1279 3186 1403 3215 veritate
1426 3192 1483 3213 non
1498 3179 1633 3219 steterim
1656 3188 1743 3224 atque
1765 3186 1831 3215 uiti

947 3223 1034 3269 Quia
1043 3235 1109 3259 non
1124 3226 1170 3258 est
1195 3237 1212 3258 v
1225 3227 1318 3258 eritas
1337 3233 1367 3257 in
1386 3233 1436 3255 eo.
1482 3222 1563 3263 Effer
1581 3229 1677 3256 autem
1691 3227 1722 3256 in
1738 3224 1831 3297 3⁰²AE
