2052 3487
165 92 237 125 204

168 169 218 201 tio
235 178 277 202 ex
293 169 345 202 die
365 166 544 201 ceffationis
560 162 688 205 quidem
714 161 744 193 in
768 160 912 193 futurum
930 183 939 199 ‚
971 168 1037 191 non

167 219 275 242 autem
299 212 330 242 in
349 210 544 251 praeteritum
560 228 569 244 ,
593 203 825 235 committatur.
849 201 891 233 slc
915 202 1037 233 Paulus.

168 252 200 283 ἃ
225 253 353 293 probo:
384 259 449 281 non
471 248 555 279 enim
577 252 745 286 peccatum
764 243 827 274 fuit
852 243 882 274 in
909 242 1039 279 solutis,

165 292 222 324 sed
246 294 277 324 in
303 290 461 323 solvendis
480 312 490 327 ,
520 287 643 319 usuris:
676 286 705 316 ἃ
728 284 825 316 visum
852 283 1041 325 Imperatori

166 334 232 365 fuit
253 334 415 372 iniquum,
438 338 559 361 moram
583 326 730 358 eoe'rceri
746 349 756 365 ,
788 326 840 357 ubi
864 335 953 357 mora
976 333 1041 356 non

166 373 242 406 fuit.
289 374 329 403 At
347 374 430 404 enirn
454 371 577 410 semper
596 369 686 401 licuit
714 367 887 406 creditori,
911 366 1043 398 minori·

166 416 228 447 bus
251 413 346 445 usuris
372 414 410 444 ad
429 413 513 444 diem
540 420 605 443 non
626 409 756 448 solutis,
780 409 913 448 maiores
937 407 1042 439 usuras

166 455 307 496 stipulari
331 455 350 486 l.
370 463 401 490 9.
426 453 454 494 §.
478 462 503 484 ι.
527 452 569 484 D.
588 453 622 482 de
638 453 743 492 rasuris.
784 450 838 480 Sic
855 449 919 482 est:
942 448 995 480 sed
1010 448 1042 479 in

166 497 323 528 futurum.
356 503 423 527 tum
455 496 540 526 enirn
570 501 732 534 peccatur.
763 491 897 531 amplius
929 489 1042 527 licuit,

169 548 222 570 eas
238 539 268 569 in
293 538 486 578 praeteritum
504 535 641 576 stipulari
660 534 835 565 coercendi
853 534 884 564 in
901 531 1043 563 futurum

169 580 325 610 debitoris
343 580 453 618 gratia.
479 577 530 609 sed
548 577 612 608 hoc
624 584 717 614 ,cum
734 575 842 606 durius
861 575 1043 611 videretur,

167 619 214 652 D.
234 620 336 651 Marci
354 620 522 660 Rescripto
539 618 712 650 inhibetur.
756 616 994 647 Animadvertit
1013 615 1045 645 id

170 661 363 693 scholiastes
381 660 537 699 Graecus3
561 669 634 690 curn
652 659 690 689 ad
713 659 741 688 d.
760 658 780 688 l.
801 666 848 698 ¹7·
871 657 915 687 lic.
934 657 966 686 C.
988 654 1044 686 Ba·

162 702 240 742 filic.
272 703 321 734 lib.
341 713 388 744 23.
413 705 460 736 tit.
479 712 507 743 3.
532 709 597 732 com.
617 711 646 741 3.
670 707 740 741 pag.
764 709 834 739 425.
877 697 977 734 Nota,
1001 698 1045 727 in-

171 746 263 785 quit,
286 754 345 776 rem
361 755 477 776 novam.
522 742 667 783 Optime.
693 750 764 772 nam
783 740 871 780 quod
898 738 941 770 D.
960 737 1046 769 Mar-

171 796 228 819 cus
259 786 449 824 constituit,
481 792 555 816 ante
580 793 644 815 non
676 782 826 813 obtinuit.
858 789 964 821 neque
990 789 1060 818 po-‚

173 827 281 859 tuisset
303 828 332 858 ei
362 836 416 858 aut
440 825 688 867 jurisconsultus
719 824 793 854 dare
811 845 821 860 ,
850 830 904 853 aut
928 820 1046 853 Praeses

171 869 365 909 provinciae:
389 868 443 900 niii
463 867 505 899 D.
519 867 650 898 Marcus
664 866 740 906 iuris
757 866 897 905 rigorem
909 886 918 901 ,
943 871 977 893 ut
993 863 1047 893 aii—

171 910 227 948 bi,
250 910 292 942 ssc
311 909 382 948 hic,
406 909 614 949 Imperatoria
637 907 836 948 benignitate
859 903 999 937 laxasset.

212 951 380 992 Superest,
399 959 432 982 ut
452 951 686 987 videamtis‚an
705 947 898 988 porrigenda
915 955 951 977 ea
962 945 1048 990 Con·

173 992 296 1024 stitutio
318 992 355 1024 fit
378 1002 394 1023 a
410 992 513 1033 specie
537 994 564 1023 d.
580 991 600 1022 l.
623 1000 669 1031 17.
693 990 731 1021 ad
755 998 825 1020 eam
842 996 937 1029 quam
955 994 1049 1017 attin-

172 1036 220 1076 git
242 1033 313 1066 finis
336 1035 364 1065 cl.
383 1033 402 1065 l.
421 1043 471 1072 40.
497 1033 539 1064 D.
566 1034 600 1064 de
623 1033 705 1062 rebus
727 1030 852 1062 creditis.
893 1030 958 1060 Sed
983 1036 1047 1058 non

171 1083 273 1117 puto:
297 1074 342 1108 est
365 1075 451 1108 enim
475 1076 560 1107 inter
576 1081 743 1113 utramque
762 1070 952 1104 differentia.
976 1078 1049 1101 nam

775 74 1080 108 GziiARni
1130 68 1361 105 Noonr

1081 159 1113 190 in
1135 159 1162 190 d.
1180 157 1200 189 l.
1222 166 1268 198 17.
1291 158 1416 198 agitur,
1438 160 1475 187 ut
1500 153 1630 188 debitor
1651 163 1693 187 ex
1717 152 1802 189 sorte
1817 165 1952 200 quotan-
1986 166 1987 170 ’

1082 200 1131 232 nis
1156 199 1257 231 solvat
1282 200 1479 240 quincunces
1505 196 1637 235 usuras3
1669 196 1700 228 &
1726 195 1749 229 fi
1779 206 1843 237 quo
1869 210 1954 233 anno

1084 240 1201 279 cess’et,
1219 247 1294 272 tunc
1311 240 1413 272 totius
1428 238 1572 280 pecuniae
1589 246 1630 268 ex
1647 237 1700 269 die
1716 246 1778 278 qua
1792 247 1954 274 mutuatus

1085 282 1153 321 est,
1174 282 1309 314 semiffes
1332 280 1468 322 praestet.
1491 287 1523 310 at
1541 280 1574 311 in
1590 277 1653 310 fine
1674 280 1703 311 d.
1726 279 1747 309 l.
1762 288 1812 318 40.
1835 283 1954 324 agitur,

1085 332 1120 355 ut
1137 323 1200 364 ipsa
1217 323 1282 356 sors
1299 330 1388 354 certa
1402 322 1474 360 die,
1489 321 1579 352 verbi
1598 320 1716 362 gratia,
1732 320 1803 360 post
1821 330 1957 364 annum,

1086 364 1249 404 solvatur3
1277 373 1373 405 atque
1401 371 1439 394 ut
1467 363 1595 394 interim
1625 362 1691 401 ejus
1720 360 1817 393 usurae
1839 372 1881 395 ex
1905 366 1957 397 die

1085 406 1298 447 stipulationis
1324 405 1451 446 fingulis
1481 402 1640 436 mensibus
1662 402 1859 443 praestentur.
1893 414 1956 446 quo

1085 448 1118 479 in
1142 447 1213 479 casu
1235 448 1331 479 ufurae
1355 455 1420 478 non
1446 453 1606 486 tamquam
1631 454 1725 485 poena
1750 454 1816 476 non
1848 444 1958 478 solutae

1085 488 1183 521 usurae
1200 512 1209 528 ‚
1239 489 1291 521 sed
1317 488 1401 529 quafi
1431 487 1523 518 sortis
1552 495 1618 518 non
1652 486 1761 517 solutae
1786 495 1882 526 poena
1905 495 1958 520 aut

1086 530 1227 569 fructus,
1250 532 1502 571 promittuntur3
1526 528 1555 560 ἃ
1575 536 1767 568 quamquam
1787 537 1827 559 ex
1843 529 1895 559 die
1910 529 1959 561 sti-

1088 572 1259 612 pulationis
1277 578 1404 603 currant
1418 594 1428 610 ,
1451 578 1558 601 tamen
1583 569 1659 601 nihil
1677 568 1723 601 est
1744 569 1831 610 quod
1854 579 1958 611 repre-

1089 614 1255 645 hendatur.
1278 617 1309 644 in
1327 613 1428 643 altero
1444 620 1552 642 autern
1569 610 1639 642 casu
1656 611 1729 651 (qui
1748 610 1794 642 est
1812 612 1840 641 d.
1858 610 1877 643 l.
1893 612 1960 653 17.)

1088 656 1120 685 id
1137 664 1202 685 non
1221 653 1266 686 fit.
1293 662 1365 685 nam
1388 653 1432 684 ibi
1456 652 1591 684 semisses
1609 652 1705 683 ui'urae
1730 653 1962 692 promittuntur

1088 705 1153 727 non
1175 703 1209 726 ut
1232 705 1325 735 poena
1346 703 1399 725 aut
1418 693 1540 725 fructus
1557 703 1622 724 non
1646 693 1754 725 soiutae
1773 693 1884 733 sortis;
1906 693 1960 726 sed

1089 745 1249 777 tamquam
1268 746 1361 778 poena
1376 745 1442 767 non
1466 735 1619 767 solventis
1645 736 1752 775 aliquo
1770 745 1854 767 anno
1872 736 1962 777 quin-

1090 787 1208 810 cunces
1226 778 1255 809 ὅ(
1272 787 1379 809 tamen
1402 777 1633 818 promittuntur
1650 785 1726 808 tunc
1744 777 1844 809 totius
1866 786 1962 817 pecu-

1089 820 1148 852 niae
1160 818 1299 851 semisses
1318 829 1382 850 non
1398 827 1440 849 ex
1465 818 1517 849 die
1543 826 1642 849 morae
1659 841 1669 857 ,
1693 817 1745 849 sed
1760 827 1801 849 ex
1827 819 1877 849 die
1900 827 1961 858 qua

1089 869 1250 893 mutuatus
1274 861 1318 892 est
1337 860 1482 891 debitor:
1506 866 1602 900 atque
1625 861 1708 890 adeo
1730 868 1789 899 pro
1815 867 1962 899 tempore

1091 912 1156 943 quo
1172 901 1302 934 cess'avit
1321 902 1517 941 quincunces
1533 900 1678 939 solvere;
1700 901 1732 932 id
1749 899 1813 939 est,
1835 910 1901 941 quo
1918 905 1962 932 ob

1091 953 1214 975 moram
1234 953 1361 983 poenam
1378 942 1511 975 meruit:
1534 942 1631 973 etiam
1649 951 1708 983 pro
1726 949 1874 983 tempore
1897 951 1962 982 quo

1092 985 1222 1016 debitor
1236 986 1298 1025 jam
1316 985 1513 1025 qui'ncunces
1530 982 1644 1023 solvit3
1667 984 1699 1015 id
1716 983 1780 1022 est,
1799 993 1864 1025 quo
1880 983 1963 1014 nulia

1092 1027 1158 1067 ejus
1183 1035 1272 1058 mora
1297 1034 1352 1057 aut
1375 1024 1468 1065 culpa
1488 1024 1624 1056 incidit:
1650 1034 1716 1067 quo
1739 1025 1771 1057 in
1797 1024 1868 1057 casu
1890 1033 1963 1056 eum

1092 1068 1196 1109 puniri
1218 1067 1398 1101 humanitas
1415 1075 1483 1098 non
1501 1065 1632 1107 patitur.

909 1181 1128 1215 CAPUT
1177 1179 1226 1216 V.

345 1276 465 1324 Usurczs
485 1279 517 1312 in
545 1279 628 1312 honae
643 1274 721 1322 fidei
736 1273 866 1322 judiciis
888 1271 988 1307 deberi
1006 1281 1043 1304 ex
1061 1271 1151 1317 pasto
1167 1295 1179 1313 ,
1212 1269 1382 1304 commerui
1410 1269 1442 1303 in
1472 1269 1638 1304 continenti
1664 1269 1797 1316 adjeffzo,

897 1329 992 1356 etlam
1018 1328 1092 1354 ίΠΖῑθ
1116 1330 1244 1354 moram.

176 1413 246 1488 T
258 1420 367 1447 antum
386 1415 426 1447 de
443 1413 660 1446 contractibus
678 1410 772 1443 stricti
787 1409 874 1450 juris,
900 1407 997 1438 venio
1015 1407 1055 1438 ad

271 1465 328 1487 eos
348 1454 402 1497 qui
429 1454 498 1486 sunt
524 1455 616 1485 bonae
640 1453 735 1484 fidei:
760 1453 792 1482 in
816 1449 942 1494 quibus.
958 1449 1054 1479 usurae

176 1504 244 1527 non
267 1503 390 1529 tanturn
407 1506 448 1528 ex
466 1495 614 1536 stipulatu
629 1494 806 1529 debentur,
830 1491 882 1522 sed
900 1499 1001 1536 etiarn
1013 1499 1055 1536 ex

176 1536 294 1576 pafto3
317 1546 509 1578 quamquam
533 1545 598 1568 non
616 1537 723 1573 omni,
749 1534 800 1565 sed
825 1531 1004 1566 contractul
1021 1540 1054 1563 in

177 1578 358 1610 continenti
377 1577 513 1618 adjecto.
538 1578 571 1609 id
588 1578 672 1608 enim
692 1575 737 1608 est
755 1575 844 1616 quod
863 1573 1054 1617 Papinianus

177 1618 198 1649 l.
219 1628 266 1659 24.
286 1619 328 1651 D.
350 1619 480 1660 Depofits'
494 1619 543 1650 vel
557 1624 658 1650 contra
675 1618 706 1649 in
725 1615 815 1648 causa
834 1613 968 1655 depositi
987 1614 1056 1645 scri-

178 1660 227 1691 bit
242 1683 252 1698 ,
276 1661 310 1692 Si
326 1663 362 1692 ab
380 1663 463 1692 initio
480 1662 513 1692 de
537 1661 634 1701 usuris
645 1657 818 1701 praeflandis
833 1657 966 1688 convenii
977 1678 986 1694 ,
1010 1655 1057 1686 lex

178 1701 344 1733 contradus
352 1703 534 1741 servabitur.
577 1700 620 1732 Et
638 1701 715 1741 imp.
739 1698 921 1731 Gordianus
936 1697 956 1728 l.
971 1707 1001 1736 5.
1021 1696 1054 1727 C.

179 1744 213 1774 de
232 1742 327 1783 pastis
343 1746 417 1776 inter
438 1749 588 1785 emptorem
610 1742 647 1777 &⁹
672 1742 849 1773 venditorem
873 1736 1054 1785 composztisg

176 1784 268 1816 Initio
279 1809 288 1823 ,
314 1786 461 1826 inquiens
472 1809 481 1824 ,
504 1785 680 1816 venditionis
691 1782 720 1822 fi
730 1781 834 1823 pastus
851 1790 896 1819 es,
918 1785 950 1810 ut
966 1780 991 1810 is
1005 1788 1054 1809 cuz

177 1825 336 1868 vendidisti
356 1826 570 1868 poffeffionem‚
595 1826 686 1867 pretii
711 1824 826 1855 tardius
851 1821 973 1863 exsoluti
1001 1820 1055 1851 ribi

177 1867 285 1908 usuras
300 1868 471 1908 pensionum
495 1877 552 1899 non
570 1867 709 1899 immerito
725 1862 891 1905 existimas,
908 1863 994 1893 etiam
1008 1870 1055 1894 eas

178 1910 234 1940 tibi
248 1911 326 1942 adito
353 1909 477 1949 Praefide
491 1909 651 1950 provincioe
665 1909 701 1939 ab
723 1912 845 1947 emptore
859 1901 1054 1950 praestaride-

179 1952 253 1983 bere.
296 1952 403 1994 Quid,
427 1951 448 1983 ss
465 1951 574 1992 pafitus
597 1949 633 1982 fis
658 1947 781 1986 usuras,
803 1945 857 1978 sed
881 1954 945 1977 non
963 1953 1056 1976 initio

181 1994 390 2026 contrastus?
413 1996 458 2025 ait
474 1991 659 2024 Gordianus
676 1991 734 2021 eod.
751 1989 803 2020 loc.
846 1987 879 2018 Si
894 1987 976 2018 initio
994 1995 1056 2016 con-

182 2033 297 2065 tractus
313 2045 371 2066 non
389 2045 417 2066 es
431 2034 554 2075 pastus,
571 2032 600 2072 fi
614 2033 729 2073 coeperis
745 2030 889 2071 experiri,
913 2029 1004 2059 deberi
1021 2036 1056 2057 ex

181 2085 263 2107 mora
286 2077 435 2108 duntaxat
457 2077 559 2111 usuras
583 2081 644 2105 tom
667 2074 702 2104 ab
728 2073 785 2112 ipso
808 2071 948 2106 debitore,
969 2078 1057 2110 quam

182 2118 220 2148 ab
242 2127 270 2148 eo
294 2118 346 2159 qui
371 2119 403 2149 in
421 2127 528 2149 omnem
552 2119 670 2155 caulam
690 2114 776 2154 empti
799 2112 883 2151 suam
900 2111 990 2150 fidem
1012 2111 1060 2141 ad-

177 2157 323 2199 strinxit,
347 2160 458 2201 dejure
470 2157 638 2200 postulabis.
682 2155 727 2186 lta
744 2153 947 2191 Gordianus3
971 2152 1000 2183 ἂ
1017 2150 1060 2182 se-

185 2201 325 2232 cundum
342 2200 428 2232 hunc
445 2200 652 2240 accipiendus
669 2196 782 2228 Paulus
804 2194 822 2226 l.
845 2204 889 2235 17.
917 2194 946 2235 §.
964 2202 993 2232 4.
1018 2192 1059 2240 D.

185 2242 219 2272 cle
236 2242 350 2282 usuris:
372 2251 445 2273 cum
461 2243 525 2279 ait,
548 2240 598 2273 Ex
620 2240 708 2270 locato
730 2239 781 2278 qui
805 2242 980 2268 convenitur
1007 2232 1062 2271 rufi

186 2283 370 2322 convenerit,
393 2290 427 2313 ut
444 2283 558 2313 tardius
573 2282 699 2321 pecuniae
714 2281 800 2310 illatae
815 2281 918 2318 usuras
937 2278 1062 2312 deberet,

1099 1407 1166 1447 dis,
1191 1415 1245 1439 aut
1267 1407 1298 1440 in
1321 1407 1501 1440 continenti
1526 1405 1555 1438 ei
1583 1405 1737 1446 adjeftum
1763 1404 1828 1444 est,
1852 1412 1905 1436 aut
1927 1413 1968 1437 ex

1098 1449 1286 1481 intervallo:
1311 1449 1341 1481 δε
1366 1448 1386 1480 fi
1411 1449 1540 1488 quidem
1560 1456 1599 1478 ex
1625 1449 1832 1486 continenti,
1864 1457 1904 1478 ex
1928 1456 1968 1478 eo

1098 1491 1258 1522 debentur
1280 1490 1376 1522 usurae
1395 1501 1402 1522 ε
1432 1488 1474 1521 fin
1493 1499 1533 1520 ex
1555 1488 1745 1527 intervallo;
1769 1498 1833 1520 non
1851 1497 1892 1519 ex
1909 1497 1971 1527 eo,

1098 1531 1150 1564 sed
1166 1541 1206 1563 ex
1223 1541 1330 1570 mora,
1356 1533 1539 1563 debentur:
1572 1538 1607 1560 ut
1628 1529 1698 1570 post
1724 1531 1859 1562 dicetur.
1885 1539 1969 1570 quae-

1098 1572 1152 1612 so,
1177 1574 1253 1614 quid
1278 1573 1347 1605 ita‘?
1372 1575 1444 1613 qnia
1467 1570 1558 1613 pacta
1580 1579 1743 1602 conventa
1761 1580 1832 1611 quae
1848 1571 1879 1602 in
1895 1580 1972 1603 con·

1098 1614 1215 1645 tinenti
1235 1613 1303 1645 sunt
1320 1614 1439 1654 adjezeta
1459 1614 1553 1645 bonae
1569 1610 1643 1644 fidei
1660 1612 1896 1650 contractibus,
1914 1621 1971 1643 eo·

1099 1664 1168 1687 rum
1192 1654 1352 1687 athonem
1374 1655 1516 1687 formant
1538 1654 1613 1686 ideo
1627 1677 1637 1692 ,
1672 1655 1760 1695 quod
1779 1653 1850 1695 ipsis
1873 1653 1971 1685 iness'e

1099 1697 1291 1736 creduntur,
1316 1696 1412 1728 etiam
1433 1706 1474 1727 ex
1490 1703 1581 1736 parte
1606 1694 1739 1733 astoris3
1763 1704 1867 1735 neque
1890 1695 1974 1726 adeo

1098 1738 1183 1770 nuda
1206 1737 1293 1777 sunt,
1317 1738 1371 1770 sed
1394 1736 1573 1768 contractui
1596 1735 1766 1768 miscentur
1782 1759 1793 1775 ,
1815 1736 1972 1776 ipfiusque

1094 1780 1164 1820 jure
1182 1778 1212 1810 &
1231 1787 1322 1820 parte
1340 1779 1519 1811 censentur.
1545 1785 1598 1816 at,
1620 1776 1643 1808 fi
1660 1787 1701 1809 ex
1717 1777 1887 1809 intervallo
1904 1776 1973 1809 sunt

1097 1819 1235 1860 adiecta,
1254 1829 1326 1851 cum
1344 1830 1410 1852 non
1428 1820 1466 1851 ad
1485 1818 1687 1851 substantiam
1705 1818 1906 1857 contractus,
1921 1817 1973 1850 sed

1097 1863 1136 1893 ad
1158 1861 1350 1893 adminicula
1366 1885 1376 1901 ,
1410 1860 1599 1901 respiciunt,
1631 1860 1790 1892 astionem
1818 1869 1883 1891 non
1906 1858 1971 1891 for-

1099 1911 1203 1935 mant:
1228 1903 1300 1943 quia
1324 1903 1385 1943 jam
1409 1912 1474 1934 non
1500 1903 1603 1933 insunt
1632 1901 1838 1939 contractui,
1869 1910 1973 1941 neque

1099 1946 1164 1984 ejus
1186 1945 1254 1985 jure
1273 1944 1303 1976 &
1329 1952 1418 1985 parte
1441 1942 1611 1976 censentur
1627 1966 1637 1983 ,
1669 1941 1721 1974 sed
1743 1950 1873 1975 manent
1890 1943 1971 1974 nuda

1100 1986 1130 2017 δι
1149 1985 1231 2017 sola:
1255 1994 1296 2017 ex
1312 1986 1425 2025 quibus
1439 1985 1509 2025 iure
1526 1985 1612 2016 civili
1628 1993 1692 2016 non
1713 1985 1778 2016 dari
1794 1983 1949 2016 astionem
1962 2006 1971 2022 ,

1100 2033 1233 2068 apparet
1256 2036 1296 2058 ex
1320 2026 1460 2068 Ulpiano
1482 2027 1502 2057 l.
1523 2036 1551 2067 7.
1577 2026 1606 2068 §.
1625 2036 1655 2066 5.
1681 2025 1722 2057 D.
1750 2026 1782 2056 de
1801 2025 1914 2065 pastis,
1944 2025 1973 2056 ὅτ.

1103 2069 1297 2109 Papiniano,
1319 2068 1338 2100 l.
1351 2079 1398 2109 72.
1421 2067 1463 2100 D.
1482 2069 1515 2098 de
1531 2068 1725 2099 contrahenda
1742 2069 1888 2107 emptione.
1912 2066 1975 2098 Sed

1104 2110 1172 2141 haec
1189 2133 1198 2148 ,
1228 2109 1352 2150 aliaque
1374 2110 1438 2141 huc
1460 2109 1652 2149 pertinentia
1667 2131 1676 2147 ,
1708 2117 1768 2139 nec
1791 2108 1975 2148 pervulgata

1104 2150 1275 2189 hactenus,
1299 2152 1427 2182 uberius
1444 2150 1690 2188 demonstrabo,
1714 2150 1752 2180 ad
1771 2148 1917 2180 Edictum
1935 2150 1974 2179 de

1104 2193 1214 2233 pactis.
1237 2201 1300 2224 non
1318 2193 1423 2231 enim,
1446 2199 1481 2223 ut
1504 2192 1582 2223 mihi
1609 2192 1752 2229 videtur,
1776 2189 1899 2230 semper
1923 2190 1975 2220 hic

1106 2236 1192 2266 idem
1216 2233 1264 2273 jus
1287 2233 1376 2273 fuit3
1408 2234 1461 2264 sed
1485 2234 1569 2265 aliud
1598 2233 1737 2264 obtinuit
1762 2240 1835 2263 ante
1852 2255 1862 2270 ‚
1891 2230 1974 2262 aliud

1106 2275 1198 2316 post,
1221 2274 1298 2306 Divi
1312 2275 1357 2307 Pii
1375 2273 1666 2308 Constitutionem:
1691 2283 1751 2316 qua
1768 2274 1807 2305 de
1824 2271 1974 2314 sequente

187 2333 246 2355 non
266 2325 322 2363 nisi
335 2334 372 2356 ex
388 2334 468 2355 mora
482 2325 586 2364 usuras
598 2319 732 2362 praestare
749 2321 837 2350 debet,
864 2318 990 2350 Pactum
1008 2317 1063 2356 igi-

1106 2325 1218 2358 agetur
1236 2317 1354 2358 capite.

185 2376 237 2400 tur
255 2368 295 2399 de
322 2366 442 2407 usuris,
464 2366 496 2397 in
519 2363 687 2396 contraCtu
711 2362 804 2393 bonae
827 2359 902 2392 fidei
920 2358 1063 2400 praestan-

915 2471 1125 2506 CAPUT
1177 2468 1250 2505 VI.

193 2576 314 2624 Usuras
337 2577 370 2609 r'n
395 2575 478 2609 home
496 2572 572 2620 fidei
591 2572 718 2619 judiciis
743 2568 844 2617 officio
872 2569 1000 2615 Judioi's
1025 2568 1123 2602 deberi
1147 2579 1185 2602 ex
1216 2579 1313 2602 mora.
1348 2579 1388 2602 an
1416 2568 1449 2601 vi
1473 2563 1515 2606 55⁹
1541 2564 1739 2611 amplitudine
1756 2563 1907 2609 formulte
1932 2574 1974 2597 ex

261 2625 353 2660 bona
378 2623 476 2658 fide?
510 2621 625 2667 censere
644 2621 838 2665 Franciscum
861 2620 1050 2653 Comzcznum.
1080 2616 1117 2652 V.
1146 2616 1209 2651 CL.
1243 2628 1296 2651 nec
1321 2626 1499 2661 quemquam
1528 2615 1669 2649 bacienus
1693 2613 1898 2647 intercedere:
1917 2611 1978 2657 sed

252 2672 345 2720 falli.
374 2670 481 2718 usuras
503 2672 598 2705 libera
619 2670 771 2715 republica
795 2670 828 2703 in
855 2669 936 2702 home
951 2665 1026 2713 fidei
1044 2666 1170 2713 judiciis
1185 2676 1222 2699 ex
1247 2676 1334 2699 mora
1346 2664 1417 2710 sola
1437 2675 1495 2698 non
1502 2662 1602 2709 susse
1626 2664 1753 2697 debitas.
1779 2673 1814 2695 ea
1838 2668 1976 2701 mutata,

259 2723 396 2769 primum
426 2720 592 2754 Labeonem
617 2719 734 2763 aliquid
761 2717 817 2763 ff
838 2717 978 2751 molitum
996 2742 1004 2756 ,
1041 2716 1177 2749 maxime
1200 2715 1231 2748 in
1245 2712 1393 2760 societate
1413 2739 1422 2753 ,
1452 2720 1543 2758 atque
1567 2714 1599 2746 in
1623 2711 1687 2757 ipsa
1701 2709 1764 2756 sub
1793 2710 1886 2744 colore
1910 2712 1975 2755 ejus

264 2770 341 2817 quod
362 2767 494 2814 interest.
528 2768 633 2802 deinde
657 2768 813 2812 Principes
838 2765 947 2812 usuras
964 2765 1071 2810 palam
1097 2761 1246 2808 indulfiſje
1268 2764 1299 2796 in
1324 2762 1461 2796 omnibus
1487 2763 1569 2796 bonoe
1590 2759 1670 2806 fidei
1694 2760 1831 2805 judiciis.
1883 2758 1973 2793 Pom-

259 2820 369 2867 ponius
394 2816 570 2862 illustratus
601 2816 621 2850 l.
650 2820 707 2849 60.
743 2817 786 2850 D.
813 2815 873 2849 Pro
885 2813 970 2861 socio
989 2840 999 2855 ,
1037 2811 1078 2852 65⁹
1112 2814 1131 2847 l.
1162 2822 1240 2846 121.
1276 2811 1321 2846 D.
1354 2811 1389 2844 de
1413 2811 1574 2844 verborum
1592 2807 1822 2855 significatione
1839 2835 1848 2850 ‚
1883 2808 1974 2841 etiam

264 2868 383 2904 Paulus
411 2867 430 2900 l.
453 2877 483 2910 7.
511 2865 556 2899 D.
581 2864 615 2897 de
639 2866 770 2909 negotiis
793 2862 907 2910 gestis,
935 2860 976 2901 ἐξ
995 2862 1184 2896 Marcianus
1212 2861 1232 2895 l.
1254 2871 1310 2905 3²·
1336 2858 1364 2906 §.
1390 2870 1421 2895 2.
1447 2860 1490 2894 D.
1519 2859 1553 2894 de
1575 2857 1683 2904 zisziris.
1711 2858 1861 2891 austorem
1886 2856 1973 2900 hujus

267 2914 497 2964 Constitutionis
517 2911 673 2958 obscurum
689 2911 768 2956 ff:
786 2913 844 2957 secl
860 2913 978 2946 Divum
997 2910 1091 2945 Pium
1115 2911 1222 2946 videri.
1247 2910 1392 2954 egregius
1408 2908 1526 2955 Polybo·
1547 2909 1628 2943 locus
1647 2908 1679 2942 in
1700 2906 1865 2952 Excerptis
1880 2903 1974 2949 expli-

265 2968 363 3003 citus:
388 2966 437 3010 qui
455 2959 641 3006 Salmastum
655 2958 777 3006 pffme
797 2962 914 2996 habuit.

286 3062 353 3094 uod
375 3060 396 3092 fi
414 3059 499 3091 nulia
515 3056 693 3089 conventio
716 3056 755 3088 de
772 3054 870 3087 usuris
886 3056 1065 3088 intervene·

195 3065 277 3157 Q
301 3105 357 3135 rit:
382 3102 486 3133 adhuc
503 3109 543 3132 ex
559 3107 647 3130 mora
663 3107 715 3129 eas
730 3096 840 3128 deberi
857 3119 867 3135 ,
891 3097 1004 3128 Paulus
1022 3098 1066 3129 ait

301 3145 320 3176 l.
348 3154 392 3184 17.
424 3142 453 3184 §.
470 3151 499 3181 4.
524 3140 566 3171 D.
589 3141 624 3171 de
649 3139 770 3177 usuris:
801 3147 866 3168 non
899 3145 1004 3169 tamen
1033 3140 1065 3170 in

196 3186 291 3221 stricti
310 3187 387 3226 juris
410 3182 594 3223 concmstu,
617 3181 669 3214 sed
697 3181 729 3214 in
752 3179 914 3212 locatione
938 3178 968 3210 ὃς
992 3188 1066 3214 con-

1109 3054 1278 3086 duftione:
1303 3062 1368 3094 quo
1389 3053 1541 3094 exemplo
1565 3051 1677 3084 Paulus
1694 3051 1803 3082 utitur.
1826 3047 1976 3093 idemque

1110 3095 1155 3127 est
1174 3096 1205 3127 in
1229 3096 1396 3136 emptione
1415 3097 1444 3127 ἃ
1469 3094 1655 3126 venditione
1677 3092 1696 3123 l.
1719 3102 1748 3133 5.
1773 3091 1805 3121 C.
1829 3091 1861 3120 de
1881 3087 1974 3134 potins

1108 3139 1185 3169 inter
1207 3142 1354 3178 emptorem
1381 3136 1417 3172 &³
1442 3137 1618 3167 venditorem
1640 3131 1791 3174 compositis
1808 3154 1817 3168 ,
1842 3131 1919 3161 item
1943 3137 1974 3159 in

1110 3177 1267 3220 depositi,
1290 3178 1320 3212 ὃς
1344 3179 1467 3212 caeteris
1489 3178 1584 3210 bonae
1605 3174 1680 3208 fidei
1700 3172 1824 3216 iudiciis
1845 3171 1864 3203 l.
1886 3168 1976 3241 2123.
