2036 3495
550 77 616 113 An
642 79 734 114 Lrn.
764 77 822 112 ΙΙΙ.
859 77 916 114 T1
928 89 961 113 T.
989 76 1054 113 VJ.
1089 77 1139 113 De
1154 78 1437 117 calumniatoribus.

95 171 126 201 Ie
142 169 193 210 qui
211 169 431 200 misericordiae
451 166 540 199 causa
557 167 662 205 dedit,
680 176 721 198 ne
738 166 788 197 alii
807 164 898 198 fieret
917 177 969 199 ne-

94 213 239 252 gotium,
263 211 329 251 ejus
356 210 442 251 quod
465 210 573 248 dedit,
598 208 826 249 repetitionem
842 208 860 239 l.
879 217 967 251 7.pr.

96 252 138 284 D.
156 254 184 284 b.
204 259 226 284 ι.

140 293 292 325 Similiter
309 299 408 333 pum,
431 291 450 324 fi
470 294 603 332 pecunia
627 291 698 323 data
719 290 775 329 fit,
800 298 835 322 ut
851 291 901 323 alii
918 300 970 323 ne-

95 336 218 374 gotium
238 334 343 366 fieret:
367 332 428 365 ess'e
445 333 602 365 actionem
619 342 705 364 mere
720 333 890 372 poenalem.
916 342 968 364 uii-

96 377 138 407 de
155 376 349 415 consequens
361 374 424 412 est,
442 384 474 405 ut
493 374 639 405 adversus
660 374 811 405 heredem
832 376 898 414 ejus
914 375 967 414 qui

96 425 242 458 accepit,
268 417 336 447 haec
358 415 440 446 atstio
461 425 523 446 non
542 416 652 446 detur:
677 414 731 446 nisi
750 424 903 455 quatenus
929 417 967 448 ad

96 467 170 489 eum
187 458 347 496 pervenit:
364 457 392 487 ἃ
404 456 486 493 hoc,
503 457 576 496 quia
586 456 630 487 est
646 456 853 488 constitutum
865 456 967 494 ‚Tui--

72 520 75 523 -
94 501 148 540 pia
166 500 250 531 lucra
268 498 433 529 heredibus
449 507 512 538 quo
540 507 578 528 ue
594 499 800 538 extorqueri,
819 499 893 530 iicet
908 499 951 529 cri

93 542 178 572 mina
197 547 420 580 extinguantur
437 538 456 569 l.
473 549 503 578 5.
516 507 564 570 (b.
583 540 610 570 h.
629 545 650 570 t.
669 540 716 570 An
735 548 839 570 tamen
856 539 965 571 heredi

94 581 246 614 dabitur?
270 581 297 612 δι
316 580 380 611 hoc
396 588 489 620 negat
506 578 604 620 Gajus
620 581 638 610 l.
657 591 687 620 4.
705 580 745 611 D.
767 583 795 611 h.
813 588 835 611 t.
871 582 964 621 Atqui

94 624 237 664 poenales
254 621 393 653 actiones
411 620 511 652 solent
530 621 701 655 heredibus
721 622 804 654 dari:
828 622 882 654 etfi
901 632 964 653 non

95 666 210 696 dentur
226 661 372 694 adversus
390 662 534 694 herecies.
559 663 620 694 Sed
638 666 667 694 in
685 662 844 703 proposita
862 663 966 702 specie

92 706 177 737 aliud
194 703 260 742 est3
277 705 348 736 (ruia
360 703 405 734 est
423 703 515 735 instar
530 705 663 736 astionis
682 705 877 744 injuriarum:
894 713 966 744 qiiae

89 746 179 786 quod
197 744 367 777 vindictam
393 746 490 786 ίειριῑ,
514 755 576 777 non
600 748 802 785 vacatod103
826 746 965 786 ideoque

89 797 132 820 ne
157 786 266 818 heredi
291 789 420 825 quidem
442 788 531 818 datur
554 787 583 829 §.
612 797 633 819 1.
661 785 731 827 Insl.
751 789 784 818 cle
800 793 906 829 perpet.
928 786 965 821 ὅ)

88 835 161 864 temp
183 827 237 859 (ist.
263 826 372 859 Debet
388 829 483 869 igitur
502 828 609 860 heredi
628 827 787 861 sufficere:
804 829 892 869 quod
909 837 964 868 po-

90 869 151 902 test
168 870 334 910 pecuniam
351 878 368 899 a
384 868 538 901 defuneto
557 871 660 901 datam
672 893 681 907 ‚
699 879 769 909 quae
789 871 899 910 utique
913 869 964 900 ab·

88 911 135 944 est
150 912 189 942 de
207 911 402 951 patrimonio
419 911 504 947 eus,
532 920 678 950 repetere
695 912 902 942 condictione
919 911 963 941 ob

89 961 216 993 turpem
232 950 375 990 causam;
391 960 424 982 et
437 962 446 983 i
457 953 501 983 ob
517 952 658 993 injuriam
676 951 831 985 defuncto
845 952 962 984 illatam

89 1003 185 1036 agere
200 1001 266 1026 non
282 992 388 1034 potest
402 995 421 1025 d
449 993 467 1024 l.
480 1003 509 1032 4„

131 1035 338 1067 Concurrunt
352 1044 423 1067 curn
442 1034 507 1066 hoc
520 1035 640 1075 judicio
656 1035 822 1076 complura
838 1035 914 1067 alia:
931 1035 962 1066 in

92 1078 202 1118 primis
226 1076 391 1108 condictio
415 1076 459 1107 ob
477 1085 602 1116 turpem
620 1077 759 1115 causam,
783 1076 803 1108 fi
821 1077 889 1118 quis
908 1077 961 1107 de-

92 1120 159 1158 dit,
181 1127 221 1150 ne
237 1117 326 1149 alteri
353 1117 409 1149 fiac
432 1120 615 1159 negotium:
640 1119 712 1158 quia
737 1127 804 1150 tum
831 1117 875 1149 est
898 1117 962 1149 sola

92 1158 278 1202 accipientis
296 1160 484 1201 turpitudo,
499 1158 621 1193 faciens
639 1159 838 1193 condistioni
853 1159 962 1193 iocum

1844 90 1887 127 81

1012 167 1032 198 l.
1055 175 1080 198 1,
1099 169 1128 209 §.
1150 177 1177 199 2.
1200 165 1239 199 D.
1251 167 1316 203 &t
1335 179 1362 200 2.
1379 168 1411 200 C.
1428 170 1463 200 a'e
1476 170 1645 203 conditum.
1665 172 1697 203 ob
1713 177 1792 214 turp.
1810 175 1888 211 coust

1012 210 1100 248 quod
1119 208 1139 240 ss
1156 209 1224 249 quis
1240 211 1346 249 dedit,
1365 219 1398 241 ut
1414 211 1464 242 alii
1486 210 1539 243 fiat
1556 214 1741 254 negotium
1765 215 1789 246 is
1806 214 1889 245 hanc

1012 251 1254 283 condictionem
1270 261 1334 283 non
1352 251 1466 285 habet:
1484 263 1556 285 cum
1567 254 1601 285 fit
1613 255 1652 286 ab
1671 263 1803 295 utraque
1820 265 1887 295 par-

1011 299 1044 322 te
1061 293 1245 332 turpitud03
1261 293 1330 324 &in
1344 294 1408 332 pari
1419 293 1508 325 causa
1526 299 1634 336 potior
1651 297 1804 328 habeatur
1816 306 1888 328 cau-

1012 332 1040 362 sa
1059 333 1242 370 poffidentis
1260 334 1280 364 l.
1300 344 1328 374 3.
1346 335 1373 376 §⁴
1387 345 1414 374 3.
1435 335 1471 370 ὅ)
1487 336 1506 366 l.
1525 348 1553 377 5.
1572 337 1599 378 §f
1622 347 1647 369 1.
1670 338 1709 369 D.
1725 339 1753 369 h.
1772 344 1793 369 ι.
1813 338 1885 369 Nec

1013 373 1076 405 hoc
1098 373 1195 406 fuerit
1221 376 1333 407 inutile
1356 375 1545 416 observatu3
1569 380 1655 418 quod
1679 378 1700 411 ss
1717 381 1742 410 i's
1763 380 1814 421 qui
1833 380 1887 411 de-

1011 416 1075 453 dit,
1092 424 1157 456 quo
1175 415 1244 446 casti
1261 416 1385 457 potest,
1409 419 1556 450 condixit
1573 429 1588 450 a
1607 419 1636 451 se
1655 422 1781 459 datum,
1800 421 1888 453 dein-

1011 457 1051 488 de
1069 466 1132 488 non
1151 457 1257 495 potest
1271 467 1365 499 agere
1382 459 1419 490 ad
1459 461 1664 500 uadruplum:
1690 463 1774 502 quati
1791 465 1885 494 alter-

1010 506 1078 529 utra
1097 498 1227 530 iufficiat
1243 499 1336 531 actio.
1362 499 1413 530 Sic
1465 501 1584 540 lpianus
1600 504 1619 533 d
1647 503 1703 542 l.5.
1723 503 1752 545 §.
1774 513 1798 535 1.
1818 505 1844 535 h.
1863 509 1886 535 t.

1009 540 1076 571 imo
1092 542 1198 578 addit,
1216 542 1304 581 quod
1316 541 1368 572 ubi
1385 542 1549 573 condictio
1564 544 1743 581 competit,
1759 545 1800 576 ibi
1819 555 1886 577 non

1009 581 1054 612 est
1069 581 1211 620 necesse,
1229 581 1298 622 post
1314 591 1429 614 annum
1445 584 1558 615 darein
1575 583 1692 616 fatSmm
1710 585 1882 618 actionem.

1008 630 1157 654 caeterum
1173 622 1194 654 fi
1217 624 1294 655 alius
1317 624 1424 662 dedit,
1447 634 1486 656 nc
1503 625 1554 656 alii
1572 627 1648 665 quid
1666 628 1784 666 negotii
1805 626 1883 660 fiat:

1009 664 1127 696 dicitur
1145 665 1230 696 danti
1247 673 1436 705 competere
1451 666 1615 698 condictio
1626 690 1636 706 ,
1652 668 1741 699 alteri
1759 669 1790 699 in
1806 678 1883 710 qua-

1009 705 1156 746 druplum
1175 706 1256 737 atho
1274 707 1284 737 l
1313 717 1341 746 7.
1364 706 1394 736 D
1419 707 1448 739 h.
1466 713 1486 738 t.

1051 746 1167 778 Praeter
1182 747 1419 780 condictionem
1437 758 1496 788 qua
1512 752 1552 780 de
1563 750 1632 790 egi,
1648 751 1743 782 etiam
1760 760 1833 783 cum
1850 761 1883 783 a·

1009 787 1115 819 ctione
1132 790 1162 819 in
1179 788 1296 821 factum
1315 791 1477 821 concurrit
1502 788 1571 822 Lex
1587 793 1666 830 julia
1691 796 1884 832 repetunda·

1009 838 1076 859 rum
1091 830 1158 874 l.*1.¹
1182 829 1201 870 §
1232 839 1257 861 1.
1277 830 1309 860 D
1339 831 1365 861 h.
1384 837 1405 861 t.
1438 830 1564 872 Insuper
1582 831 1778 865 Constitutio
1803 834 1885 875 lmp0

1007 870 1160 901 Antonini
1185 872 1222 902 ad
1241 870 1376 903 Caffium
1393 872 1559 905 Sabinum:
1582 874 1621 905 de
1642 884 1702 916 qua
1724 874 1884 915 Ulpianus

1005 912 1032 941 d.
1048 910 1066 941 l.
1089 921 1111 942 1.
1127 910 1154 957 §3
1173 921 1201 951 3.
1222 912 1275 950 qui
1289 913 1378 944 locus
1397 913 1459 944 huc
1475 924 1574 955 usque
1591 915 1846 956 inexplicabilis,
1862 926 1882 949 a

1006 961 1075 990 me,
1097 953 1152 983 nih
1176 953 1252 984 mihi
1276 953 1440 992 blandior,
1466 957 1637 996 explicitus
1654 957 1699 990 est
1718 957 1881 999 feliciter,

1006 993 1037 1024 in
1055 993 1236 1025 Diocletiano
1253 993 1289 1029 ἐπ”
1310 995 1500 1028 Maximiano
1517 1007 1540 1028 c.
1561 1006 1607 1037 14.

1049 1034 1214 1066 Posti-erno
1231 1036 1445 1076 monendum,
1461 1038 1550 1078 quod
1565 1038 1648 1072 Lali.
1667 1040 1708 1072 D.
1725 1042 1753 1073 h.
1772 1048 1792 1072 t.
1812 1051 1887 1076 non-

1003 1078 1144 1117 pertinet
1160 1078 1199 1108 ad
1214 1077 1300 1109 hunc
1317 1075 1482 1111 Titulum:
1507 1077 1560 1111 sed
1573 1082 1612 1113 ad
1629 1080 1749 1124 Legem
1764 1082 1881 1124 juliam

1002 1118 1044 1191 {tie
1060 1119 1239 1192 adtitillteriis:
1258 1126 1291 1152 ut
1305 1128 1436 1162 apparet
1451 1129 1492 1154 ex
1501 1120 1521 1153 l.
1531 1130 1580 1163 27.
1591 1123 1634 1157 D.
1646 1124 1698 1157 Ad
1714 1124 1788 1167 Lag.
1800 1120 1878 1171 Jzilss

1022 1169 1035 1190 e
1050 1170 1067 1192 ci
1090 1170 1107 1192 u
1122 1166 1143 1193 c.

67 3256 70 3259 .
121 3224 200 3262 Tem.
224 3228 277 3261 II.

1029 3237 1058 3273 L
1686 3243 1853 3280 LIBER
