2036 3495
506 155 508 157 >
533 121 598 165 ΑΒ
624 122 714 167 1118.
742 126 768 162 Ι.
803 125 905 165 Txr.
933 125 1010 167 XX.
1044 129 1095 165 De
1115 127 1229 176 Officio
1248 130 1401 176 Jaridici.

65 223 198 261 {li-atus,
222 219 379 254 Praetores
403 218 434 252 δε
456 218 668 256 proconsules
684 240 694 258 ‚
715 216 807 250 verbi
832 218 942 260 gratia.

65 271 128 299 nec
139 273 243 298 tamen
255 263 285 294 hi
297 263 419 294 idcirco
431 261 588 295 desierunt
600 260 650 291 vel
665 260 697 292 in
713 268 749 291 ea
761 257 849 291 causa
867 269 940 300 cog-

63 308 215 346 noscere,
234 305 264 337 &
279 305 327 345 jus
346 304 462 336 dicere.
487 313 549 335 non
566 302 652 335 enim
669 301 718 334 his
734 301 883 346 adempta
901 310 940 332 ea

66 350 211 390 cognitio
228 346 308 385 fuit,
332 354 425 386 quam
445 346 475 377 in
494 345 545 377 illa
567 344 707 376 habuere
720 343 788 385 jure
806 343 848 375 {ui
866 343 937 375 Ma-

61 391 218 432 gistratus.
233 388 330 428 magis
344 387 468 427 accepit
479 386 670 418 Procurator
685 384 938 425 Jurisdictionem

63 438 322 464 concurrentem.
353 429 484 468 utique,
507 428 612 460 donec
635 426 737 468 impp.
756 425 891 458 Severus
907 426 938 457 &

62 474 246 506 Antoninus
262 472 282 502 l.
301 479 328 502 2.
347 470 380 501 C.
415 469 478 501 Ubi
499 470 575 508 caufl
594 468 660 508 fisc.
684 468 809 500 cuidam
830 467 937 499 Aristae

65 515 109 548 fic
127 512 320 553 rescripsere.
337 511 409 543 Non
424 512 700 549 animadvertimus,
716 520 768 541 cur
785 509 888 547 causas
901 510 939 541 ad

67 555 193 597 officium
204 555 428 587 Procuratorum
443 550 786 626 nostrorumplerzinences
796 574 805 591 ,
816 553 853 582 ad
863 551 938 582 Pro·

65 597 189 636 consulis
204 595 491 629 notionemadvocare
505 594 587 625 velis.
646 602 693 625 am
711 592 883 624 Proconsul
900 602 941 627 ae·.

63 648 128 681 que
144 638 213 678 post
235 638 298 669 hoc
315 634 536 677 Rescriptum,
559 645 656 677 atque
673 642 746 666 ante
758 658 766 671 ‚
792 635 821 665 in
841 633 937 667 fiscali

63 679 246 721 pecuniaria
273 675 362 712 causa
380 677 423 711 de
437 678 506 718 jure
522 674 937 717 retinuitJ'urisdiftionem:

61 721 119 755 etsi
134 720 276 761 potuerit
293 717 393 750 videri
408 720 519 751 melius
534 719 693 757 facturum
710 717 730 749 fi
749 719 779 748 le
795 717 880 748 ultro
896 716 937 747 ab

62 772 99 794 ea
116 762 207 794 causa
224 759 398 799 abstineat:
440 760 501 792 uasl
518 761 549 792 id
563 760 730 793 maluerint
745 760 772 790 ci.
789 759 808 792 l.
827 768 853 792 2.
878 757 938 789 Im-

62 812 238 844 peratores.
284 801 360 837 Hoc
377 805 418 834 mi
447 804 454 833 i
474 802 580 841 sedet,
604 810 701 843 atque
717 800 792 832 inde
810 800 937 831 tandem

60 847 161 885 liquet
175 868 184 884 ,
206 844 282 883 quid
302 844 378 883 velit
395 842 552 884 Ulpianus
573 844 593 875 l.
615 852 643 885 7.
661 843 689 885 §.
709 852 737 873 2.
757 841 827 880 &h
846 850 876 878 9.
894 840 939 872 Da

60 888 95 918 de
109 884 182 927 offic.
200 885 345 924 Proconfs,
358 885 621 926 (conjungendus
637 885 722 916 enim
739 883 785 914 est
800 890 936 922 uterque

60 929 173 968 locus)
195 937 268 960 cum
286 926 327 958 sic
343 925 468 959 scribit:
485 927 559 958 Cum
569 924 757 967 pleniffimam
773 930 869 962 aulem
882 924 937 964 ju«

60 969 253 1008 risdisiionem
278 968 434 1005 Proconsiil
457 968 560 1000 habeat
578 991 588 1007 ‚
618 968 743 999 omnium
761 969 859 1006 portes
884 965 936 1005 qai

59 1010 159 1043 Rome
172 1011 219 1042 vel
239 1009 323 1052 quasi
338 1007 557 1050 Magistratus,
580 1009 627 1040 vel
643 1013 726 1040 extra
740 1007 867 1038 ordinem
882 1006 936 1046 jas

62 1053 182 1090 dicunt,
198 1053 236 1084 ad
253 1054 346 1092 ipsum
356 1052 516 1092 pertinent.
540 1060 590 1082 nec
606 1051 765 1092 quidquam
778 1047 816 1087 est
827 1048 858 1087 iii
869 1054 937 1087 pros

62 1094 183 1131 vincia,
208 1094 283 1135 quod
299 1094 420 1133 non-per
435 1093 528 1132 ipsum
548 1093 728 1133 expediatur.
775 1089 850 1120 Sane
859 1088 889 1126 fis
897 1086 937 1127 fi-

56 1135 148 1175 stalis
158 1135 334 1175 pecuniaria
349 1132 480 1172 caufizfit
496 1143 557 1175 quae
568 1134 606 1164 acl
621 1133 840 1164 Procuratorem
851 1131 938 1161 Prin-

66 1177 137 1217 cipis
159 1175 292 1216 respicit:
314 1175 415 1207 melius
432 1175 561 1215 fecerit,
577 1173 647 1212 fise
669 1170 819 1213 abstineat.
864 1171 937 1217 Ait,

62 1217 177 1250 Melius
193 1216 309 1256 fecerit.
335 1215 423 1256 quod
445 1215 491 1247 est
514 1215 635 1248 confilii
651 1214 685 1245 &
703 1204 847 1259 suasionis
893 1221 937 1242 in»

61 1259 220 1290 culcantis
243 1256 451 1290 reverentiam
470 1257 498 1287 d.
518 1256 537 1286 l.
554 1266 584 1287 2.
615 1254 755 1296 Longius
773 1255 833 1285 ivit
880 1262 936 1284 on-

61 1299 215 1332 ssantinus
230 1298 250 1330 l.
268 1308 298 1338 5.
317 1297 350 1329 C.
386 1295 448 1328 Ubi
461 1297 537 1335 caufi
548 1296 643 1336 fiscal.
666 1305 725 1336 pro
741 1295 876 1335 irnperio
894 1293 936 1334 fic

61 1340 211 1373 scribens.
235 1339 285 1371 Ad
294 1337 400 1378 fiscum
406 1339 582 1378 pertinentes
596 1338 698 1378 causas
715 1335 881 1369 Rationalis
891 1337 936 1366 de-

61 1383 161 1418 cidat,
184 1381 312 1411 omnibus
329 1376 554 1420 concuffionilms
571 1378 765 1420 prohibendis.
811 1377 857 1409 Ita
873 1377 937 1418 jam

0 1428 4 1430 '
60 1424 93 1454 in
111 1421 160 1452 his
176 1421 325 1460 adempta
340 1419 586 1453 proconsulibus
603 1419 668 1459 est,
685 1428 778 1461 quam
794 1418 935 1450 habuere

62 1462 330 1504 iurisdictionem:
346 1460 495 1502 solusque
504 1471 574 1494 eam
589 1462 715 1503 accepit
730 1461 936 1496 Procurator,

61 1512 94 1540 at
109 1505 140 1537 in
156 1503 205 1536 his
223 1503 307 1536 solis.
331 1513 403 1536 uam
420 1503 510 1546 quod
526 1503 641 1538 attinet
651 1504 690 1536 ad
707 1502 778 1535 lites
795 1503 936 1544 privato·

711 1575 1064 1625 Trrutus

1825 147 1843 183 3
1850 146 1870 181 ἶ

986 228 1073 250 rum:
1090 220 1120 251 in
1136 220 1216 263 illis,
1233 220 1288 253 nisi
1307 223 1338 253 in
1355 229 1428 253 eum
1446 220 1648 255 consentiant
1665 221 1862 265 litigatores,

984 259 1085 299 judex
1103 269 1294 302 competens
1312 272 1377 295 non
1398 262 1444 294 est
1461 264 1479 294 t.
1500 273 1524 296 1.
1546 264 1577 297 C.
1595 265 1628 295 de
1638 265 1861 307 jurisdictione:

984 310 1215 343 praeterquam,
1231 304 1250 336 si
1267 304 1418 345 fungatur
1436 305 1508 336 vice
1523 305 1664 338 Praessdrs
1681 306 1758 348 l.23.
1780 307 1808 349 §.
1831 316 1859 339 1.

983 343 1026 375 1).
1043 345 1078 374 de
1091 344 1224 385 appellat.
1243 346 1262 377 l.
1279 355 1308 385 3.
1330 347 1362 378 C.
1391 346 1453 378 Ubi
1468 348 1545 387 caufi
1557 347 1653 387 jiscal.
1670 348 1689 379 l.
1706 358 1737 388 4.
1759 349 1792 379 C.
1811 349 1863 380 Aa

982 385 1037 428 leg.
1054 383 1121 417 Fab.
1136 387 1168 416 cle
1179 386 1262 427 plag.
1279 396 1352 418 nam
1371 396 1438 420 tum
1456 387 1521 428 ejus
1542 397 1647 429 partes
1663 389 1861 422 administrat

982 435 1054 458 cunr
1081 428 1303 467 incivilitatis,
1330 437 1396 460 tum
1424 430 1454 460 in
1479 430 1718 470 criminalibus,
1742 431 1860 464 caufis:

982 468 1111 500 auctore
1135 467 1277 509 Ulpiano
1303 470 1405 501 Collat.
1430 470 1504 512 ch.
1527 471 1653 512 Bffosaic.
1678 473 1714 507 &⁴
1732 473 1859 505 Roman'.

983 510 1120 551 allegato
1137 511 1198 550 jam
1214 512 1334 542 dudum
1359 521 1375 543 a
1402 511 1600 552 Cujaciolib.
1624 523 1668 550 19.
1692 515 1812 555 Observ.
1831 524 1858 546 c.

985 561 1038 593 13,
1058 550 1163 591 Lipfio
1180 553 1218 583 ad
1235 551 1389 592 Tacitum,
1405 553 1453 585 lib.
1474 562 1520 585 12.
1536 553 1650 586 Annal.
1669 555 1794 596 Excurs.
1813 555 1858 594 B,

982 595 1011 624 ἀ
1029 592 1190 625 Gutherio
1209 593 1255 624 De
1269 592 1343 634 offic.
1359 595 1433 626 dom.
1451 593 1580 637 August.
1599 595 1647 627 lib.
1665 607 1694 637 3.
1715 607 1739 628 ε.
1757 593 1805 638 5‘33.
1823 597 1862 632 δ’

980 638 1054 676 seqq.
1074 635 1128 675 qui
1147 636 1187 666 de
1204 635 1418 674 Procuratore
1428 635 1557 669 Caesaris
1568 638 1712 669 omnium
1724 638 1861 678 plenisfi-

981 684 1042 713 me.
1088 676 1170 712 Haec
1195 676 1236 708 fic
1259 676 1457 718 scripseram:
1480 687 1553 710 cum
1578 678 1694 710 deinde
1711 680 1810 711 incidi
1827 681 1862 712 in'

984 716 1143 756 Paffionem
1161 718 1217 749 SS.
1236 717 1384 759 Perpetuae
1396 719 1433 753 ἐξ
1447 717 1626 751 Felicitatis:
1640 720 1671 751 in
1690 729 1752 761 qua
1768 730 1860 761 repe-

982 759 1005 790 ri
1024 759 1188 798 sequentia
1208 760 1321 798 verba,
1344 761 1383 792 ad
1398 760 1480 792 hanc
1502 770 1626 802 partem
1643 763 1859 803 pertinentia,

981 802 1148 839 nondum,
1170 809 1324 840 quantum
1348 801 1436 840 scio,
1460 802 1500 834 ab
1515 803 1581 838 aliis
1599 803 1745 836 adducta.
1788 804 1860 835 Alio

980 841 1026 875 die
1041 851 1106 873 cum
1120 844 1324 882 pranderemus
1334 864 1343 880 ,
1351 842 1449 883 sabito
1466 846 1546 885 rapti
1558 845 1679 884 sumus,
1696 853 1731 877 ut
1747 847 1862 879 audire-

979 891 1063 914 mur.-
1080 881 1117 916 ὅ)
1127 884 1314 922 pervenimus
1332 885 1371 914 ad
1377 885 1491 924 forum.
1515 885 1627 924 Rumor
1633 885 1739 926 statim
1743 894 1799 929 per
1814 888 1863 919 vi·

979 926 1060 958 cinas
1070 923 1136 963 fori
1146 930 1245 964 partes
1260 926 1407 964 cucurrit,
1432 925 1469 960 ὃ)
1482 926 1589 965 fabius
1604 926 1643 969 est
1662 928 1791 970 Populus
1805 931 1862 961 im·

978 966 1101 1001 mensus.
1147 964 1340 1004 Ascendinzics
1356 967 1388 996 in
1410 966 1530 1008 catasta.
1554 970 1728 1012 interrogati
1744 972 1859 1011 caeteri,

979 1003 1094 1046 confeffl
1102 1007 1187 1046 sunt.
1212 1005 1342 1041 Ventum
1359 1005 1398 1047 est
1413 1007 1450 1042 &
1465 1010 1504 1040 ad
1520 1020 1571 1042 me.
1596 1011 1634 1046 ὅ)
1651 1014 1787 1053 apparuit
1800 1019 1860 1053 pa-

982 1054 1025 1079 ter
1051 1047 1127 1081 illico
1150 1057 1215 1078 cum
1231 1046 1297 1087 filio
1323 1057 1399 1087 meo,
1424 1049 1462 1084 ὅ)
1486 1054 1619 1083 extraxit
1634 1063 1678 1084 me
1694 1055 1727 1085 de
1737 1056 1861 1096 gradu,

973 1089 1162 1130 supplicans;
1185 1088 1315 1128 miserere
1335 1090 1469 1128 infanti.·
1492 1092 1535 1129 Ei:
1554 1093 1735 1126 Hilarianus
1749 1097 1863 1128 Procu-

981 1136 1076 1169 rator,
1099 1130 1151 1171 qui
1173 1135 1244 1168 tuno
1262 1131 1318 1161 loco
1343 1132 1525 1170 Proconsulis
1546 1135 1681 1167 Minuci
1696 1137 1862 1171 'I'iminiani

981 1170 1132 1212 defunt‘ti,
1151 1172 1203 1213 jus
1215 1171 1309 1212 gladii
1323 1180 1490 1214 acceperat,
1507 1174 1617 1215 Parce,
1641 1178 1758 1219 inquit,
1779 1180 1862 1210 canis

976 1215 1072 1254 patris
1089 1214 1153 1250 ταί,-
1179 1212 1272 1244 Parce
1280 1213 1424 1251 rinfanziae
1434 1216 1530 1256 pueri.
1548 1217 1605 1255 sac
1622 1218 1736 1252 sacrum
1745 1227 1800 1260 pro
1807 1221 1862 1260 sa-

980 1254 1041 1285 lule
1059 1254 1278 1295 Imperatorum.
1302 1253 1346 1285 Et
1363 1255 1444 1294 post.
1474 1255 1556 1288 Tunc
1573 1257 1792 1300 (Hilarianus)
1810 1271 1864 1292 nos·

980 1297 1130 1335 ¹universos
1142 1297 1334 1336 pronunciat,
1351 1296 1389 1331 ὃ)
1401 1299 1523 1329 damnat
1539 1300 1577 1329 od
1592 1298 1703 1340 bestias.
1728 1301 1780 1333 Sic
1796 1303 1865 1334 edi-

981 1344 1051 1376 tur,
1071 1336 1154 1368 Tunc
1169 1347 1219 1369 nos
1232 1337 1397 1378 universos,
1415 1339 1505 1371 nullo
1519 1338 1624 1372 sensu:
1649 1341 1704 1373 nifi
1720 1343 1865 1384 legatur,

983 1377 1066 1410 Tunc
1077 1388 1136 1409 reos
1150 1380 1309 1418 univerfiis.
1359 1381 1423 1412 uod
1441 1389 1506 1412 non
1525 1382 1630 1414 minus
1649 1392 1745 1425 vere,
1764 1394 1862 1425 quam

978 1419 1160 1461 ingeniose,
1177 1421 1318 1460 conjecit
1367 1421 1471 1464 ollega
1489 1431 1598 1463 meus,
1620 1423 1758 1464 Jacobus
1776 1425 1864 1461 Gro-

978 1462 1113 1501 novius,
1137 1460 1196 1494 Vir
1213 1459 1428 1501 ,Clariffimum
1448 1471 1485 1495 ut
1501 1464 1533 1496 iu
1552 1463 1699 1500 familiari
1715 1467 1862 1502 sermone

979 1512 1020 1535 ex
1037 1503 1093 1536 illo
1110 1504 1270 1536 intellexi.

1125 1586 1210 1622 XX.

783 1663 835 1700 De
856 1660 970 1709 Officio
989 1663 1139 1711 Jaridici.

103 1751 275 1786 Urumcus
299 1754 386 1794 cujus
408 1754 532 1786 mentio
548 1753 586 1786 fit
601 1753 631 1785 in
649 1752 805 1790 Robrica,
830 1752 937 1784 austo-

118 1805 151 1827 re
170 1795 347 1834 Briffonio‚
370 1795 415 1827 est
439 1797 491 1836 qui
516 1795 622 1835 aliquo
647 1796 676 1826 in
691 1794 775 1832 *loco
795 1795 840 1825 ‘us
859 1794 938 1826 dicit

114 1837 134 1868 l.
148 1846 196 1875 4¹-
213 1837 240 1878 §.
259 1847 285 1875 5.
304 1836 344 1869 D.
361 1837 395 1867 cie
406 1836 546 1877 fideicom„
567 1837 658 1868 libert.
676 1834 766 1867 Talis
800 1836 845 1867 uit
860 1835 938 1874 Juri-

64 1877 154 1909 dicus
169 1878 389 1910 Alexandrinae
405 1878 543 1910 civitatis
559 1878 586 1919 §.
599 1889 627 1918 5.
645 1876 740 1918 Insilit.
757 1878 790 1908 de
807 1877 936 1909 Aciliam.

65 1923 121 1950 tut.
146 1918 209 1950 five
232 1919 389 1958 juridicus
408 1920 460 1960 qui
486 1920 550 1960 agit
575 1919 776 1951 Alexandriae
793 1918 810 1950 l.
827 1929 854 1952 2.
871 1919 897 1950 h.
915 1924 935 1950 t.

61 1958 247 1998 Remefium
264 1960 356 1992 Notis
372 1962 409 1992 ad
419 1961 552 2001 inscript.
564 1965 611 1992 26.
625 1959 709 2000 Claff.
720 1971 747 1993 2.
766 1960 935 2000 observat,

61 2009 135 2033 eum
151 2001 302 2041 appellari
318 2011 451 2042 quoque
466 2002 641 2042 juridicum
656 2002 808 2044 AEgypti:
821 2001 937 2043 »praefu-

59 2041 115 2073 iss'e
129 2042 214 2074 enim
230 2051 295 2074 non
313 2043 533 2076 Alexandrinis
550 2051 692 2083 tantum,
716 2052 787 2084 quae
804 2044 849 2077 est
866 2053 935 2085 per·

59 2083 188 2124 vulgata
202 2084 334 2123 opinio,
352 2084 404 2117 sed
423 2084 575 2116 universae
590 2085 712 2126 regioni
728 2085 861 2127 AEgypti
872 2107 880 2122 ‚
896 2094 935 2116 ae-

60 2133 124 2165 que
140 2134 177 2156 ac
186 2124 375 2158 Praefectum
391 2126 610 2168 Augustalem:
625 2135 697 2159 nam
713 2127 825 2159 ambos
837 2126 936 2168 AEgy·

59 2172 120 2206 pto
135 2166 259 2199 diverso
272 2176 348 2199 cum
364 2169 520 2208 imperio,
531 2167 702 2205 &diversis
718 2169 855 2210 negotiis
874 2178 936 2199 tra-

64 2205 186 2251 ctandis
198 2231 207 2246 ,
224 2207 285 2239 esse
300 2209 463 2249 impofitos
474 2218 480 2241 :
493 2210 625 2242 alterum
635 2232 645 2248 ‚
661 2218 694 2243 ut
704 2210 780 2245 effer
791 2211 866 2242 loco
878 2209 936 2241 Re-

61 2254 131 2287 gis,
147 2249 300 2288 alterum,
316 2258 350 2282 ut
364 2250 411 2289 jus
430 2251 563 2283 diceret.
587 2259 759 2292 utrumque
772 2261 816 2284 ex
832 2251 938 2292 Eque-

60 2288 114 2321 stri
129 2290 263 2331 ordine,
280 2298 427 2324 neutrum
444 2301 484 2325 ex
503 2292 674 2326 Senatorio
690 2293 801 2334 fuisse,
824 2300 939 2326 notum

696 2377 1043 2413 Twrunus

980 1752 1045 1793 est3
1069 1762 1130 1785 nec
1153 1753 1256 1786 minus
1272 1754 1311 1788 ad
1335 1752 1396 1786 hos
1421 1754 1562 1796 spectare
1580 1757 1646 1790 hoc
1660 1748 1789 1799 Taciti,
1811 1760 1863 1795 lib,

983 1805 1029 1827 12.
1044 1795 1158 1826 Annal.
1168 1805 1193 1827 c.
1205 1800 1256 1828 60.
1280 1796 1382 1827 Divus
1399 1797 1554 1839 Augustus
1569 1802 1647 1840 apud
1663 1798 1865 1844 equestresquz'

980 1836 1110 1877 AEgypto
1123 1835 1306 1877 praefiderent
1316 1860 1326 1876 ,
1341 1838 1400 1879 lege
1414 1841 1465 1880 agi
1473 1849 1483 1876 ‚-
1499 1842 1669 1883 decretaque
1683 1852 1779 1874 eorum
1792 1850 1862 1883 pro—

980 1879 1047 1908 inde
1071 1878 1169 1910 baberi
1186 1878 1311 1920 jufferat
1324 1902 1333 1918 ,
1358 1890 1393 1911 ac
1405 1879 1435 1918 sz'
1449 1879 1637 1922 magistratus
1656 1883 1783 1917 Romani
1797 1894 1863 1917 con-

971 1917 1143 1960 fiiczizffent.
1167 1919 1350 1952 Secundum
1371 1921 1437 1953 hoc
1451 1920 1607 1963 Ulpianus
1622 1925 1640 1956 l.
1654 1934 1679 1957 1.
1698 1926 1724 1957 h.
1735 1931 1755 1957 t.
1774 1926 1866 1958 Ado—

980 1968 1090 2002 ptare,
1113 1961 1236 2007 inquit,
1260 1964 1330 2003 quis
1349 1964 1431 2003 apud
1454 1962 1628 2003 juridicum
1644 1967 1766 2008 potest:
1790 1969 1864 2008 quia

979 2004 1051 2034 data
1061 2002 1107 2034 est
1122 2004 1240 2044 eilegis
1256 2003 1353 2036 ustio.
1375 2003 1418 2034 Et
1430 2004 1486 2037 l.2.
1505 2005 1648 2045 Juridico
1657 2009 1862 2049 quiAlexan-

978 2044 1053 2079 driae
1069 2044 1153 2085 agit,
1176 2045 1265 2076 datio
1284 2045 1398 2078 tutoris
1418 2044 1659 2081 Constitutione
1675 2049 1752 2082 Divi
1770 2049 1863 2083 Mar-

976 2086 1007 2116 ci
1026 2085 1172 2118 concess‘a
1192 2085 1246 2117 est.
1268 2085 1323 2117 De
1341 2086 1406 2118 hoc
1421 2086 1563 2127 Juridico
1581 2090 1676 2122 etiarn
1692 2090 1734 2123 fic
1751 2090 1861 2125 scribit

980 2127 1162 2168 Spartianus
1185 2127 1290 2158 Severo
1315 2137 1340 2158 c.
1370 2137 1417 2168 17.
1441 2129 1556 2161 Deinde
1581 2132 1795 2165 Alexandrinis
1806 2135 1862 2176 jzts

978 2169 1170 2200 Bulemarum
1184 2170 1282 2207 dedit,
1300 2170 1353 2210 qui
1360 2168 1425 2208 fine
1428 2172 1543 2212 publico
1558 2171 1691 2213 consilio,
1706 2177 1750 2206 ita
1760 2181 1792 2206 ut
1801 2175 1860 2216 sith

979 2211 1581 2291 ⁷55ffl³d3233e5ff3²3a0⁷²5110²⁴22{²⁴1st
1594 2217 1861 2298 Jssss‘zffiiaiz‘zr

981 2292 1082 2325 nefins
1097 2294 1125 2325 d.
1143 2293 1195 2326 loc.

1104 2377 1212 2413 XXI.

583 2451 635 2489 De
654 2451 766 2499 Officio
783 2452 849 2500 ejus
867 2454 915 2489 cai
929 2452 1077 2489 mandata
1086 2454 1261 2500 jurisdii‘lz'o
1278 2454 1334 2502 cst.

61 2537 168 2613 ΤΒ
182 2547 321 2574 Ani-ria
345 2541 400 2574 sub
425 2542 490 2574 hoc
512 2541 650 2583 Titulo,
673 2543 787 2585 hisque
810 2542 933 2583 affinia,
960 2542 1090 2576 tractavi
1113 2544 1161 2577 lib.
1186 2555 1215 2577 2.
1232 2544 1280 2578 De
1296 2543 1501 2585 jurz'sdistione
1523 2546 1561 2584 ἐξ
1583 2550 1698 2591 imperio
1719 2559 1745 2582 c.
1771 2560 1799 2584 1.
1817 2549 1856 2587 ἐφ’

146 2581 226 2623 fiqq.

687 2667 934 2705 TrTuL

967 2680 989 2704 U
1022 2682 1036 2704 s
1095 2669 1226 2704 XXII.

769 2745 819 2780 De
836 2739 934 2791 officio
950 2745 1142 2792 Affiſjorum.

62 2827 180 2905 DE
224 2828 430 2862 Affelroribus
456 2852 468 2870 ,
514 2840 690 2876 eorumque
734 2834 844 2868 officio
881 2835 932 2876 egi

163 2878 208 2902 xx
224 2879 251 2902 1.

924 3287 953 3320 F]

969 2835 1019 2868 lib.
1051 2844 1078 2867 1.
1114 2834 1163 2867 De
1191 2835 1392 2877 jurisdictione
1429 2838 1467 2874 &²
1501 2840 1617 2882 imperio
1652 2851 1678 2873 c.
1715 2847 1773 2872 XI.
1812 2838 1850 2874 {5⁹

1683 3293 1846 3329 LIBER
