2036 3495
134 102 206 136 294

184 182 247 214 Sed
271 185 403 222 apparet
423 202 432 217 ‚
462 177 492 208 in
516 173 676 206 astionem
702 172 840 205 mandati
865 172 1018 205 directam

140 224 252 255 venire
268 231 366 254 omne
385 218 470 259 quod
494 217 724 248 mandatarium
741 215 919 247 mandatori
939 223 1019 254 prae-

139 264 223 296 :stare
238 271 369 304 oportet
387 269 427 291 ex
446 258 510 289 fide
527 259 620 288 bona.
644 256 758 295 restat,
782 256 858 297 quid
872 256 947 296 juris
964 255 1017 287 fit:

141 305 164 338 fi
189 307 265 346 quid
286 305 326 335 ab
345 311 386 333 eo
402 298 603 332 commissum
627 297 814 330 omissumve
840 297 1018 329 mandatori

138 353 268 379 noceat.
294 343 323 375 ἃ
341 350 443 384 puto,
465 341 485 372 si
508 339 673 371 accusetur
700 339 886 371 mandatarii
905 339 1018 377 dolus,

141 397 216 419 eum
245 384 345 417 teneri
373 393 416 414 eo
442 383 583 415 nomine.
608 381 653 413 est
679 382 764 413 enim
783 381 874 413 dolus
893 388 1019 412 contra-

140 429 206 461 rius
225 428 315 459 bonae
330 424 423 463 fidei,
448 433 543 465 quam
560 423 630 454 haec
643 423 727 455 actio
744 422 909 454 desiderat.
933 422 1020 453 idem

140 468 315 501 dicendum
340 467 381 499 de
403 467 498 507 culpa
513 466 592 498 lata:
610 466 683 505 quia
703 474 761 504 pro
778 464 857 495 dolo
873 464 1018 495 habetur.

138 519 173 542 at
189 509 347 548 Veteres,
372 517 414 539 ne
430 508 507 548 quid
526 508 566 538 de
582 507 644 538 levi
664 507 757 546 culpa
774 506 877 537 dicam
890 528 899 544 ,
923 506 1021 536 etiam

137 551 327 585 leviffimam
344 548 490 589 praestare
514 557 587 579 eum
610 549 783 580 voluerunt
807 547 827 578 l.
847 556 896 588 13.
916 546 953 581 δ’
970 555 1020 578 21.

138 593 177 624 C.
193 593 223 624 h.
241 598 264 624 t.
290 592 450 633 possitque
473 591 534 621 hoc
556 590 657 622 alicui
677 587 778 620 videri
802 588 933 620 durum:
958 586 1023 619 exi-

139 633 281 666 stimanti
298 657 308 672 ‚
345 634 376 665 in
403 633 573 669 mandato,
598 629 671 671 quia
698 629 743 661 est
766 628 938 670 gratuitum
958 652 967 668 ,
992 629 1023 660 ὃς

138 675 283 709 maxime
297 675 417 715 spectat
437 677 476 705 ad
496 673 666 705 utilitatem
684 672 896 710 mandatoris,
919 669 1022 710 perin-

135 718 183 749 de
201 727 235 749 ut
253 718 285 749 in
306 716 470 757 deposito,
495 722 620 746 tanturn
646 714 855 754 praestandum
884 712 946 744 ess'e
965 714 1022 743 do-

137 759 206 792 lum
224 759 254 791 &
270 759 364 790 latam
381 758 519 798 culpam.
564 755 628 787 Sed
653 753 785 786 interest
802 755 884 786 inter
903 762 1022 786 utrum-

139 810 206 841 que
229 800 454 832 contractum:
488 806 561 829 nam
584 797 770 828 mandatum
794 797 943 827 continet
966 805 1019 827 ne-

135 842 303 883 gotiorum
325 840 531 882 gestionem,
563 847 624 869 nec
648 838 693 869 est
719 845 909 869 contentum
934 835 1019 876 fide,

136 885 191 916 sed
210 892 363 924 praeterea
388 890 471 921 opus
489 880 587 911 habet
611 878 763 911 industria
790 879 819 910 ἂ
838 879 953 919 peritia
970 888 1023 909 ne-

138 928 235 967 gotio
257 923 481 956 consentanea.
504 922 587 953 hanc
615 921 785 953 mandator
815 919 935 961 spectat
951 943 960 959 ‚
992 920 1023 951 ἃ

137 976 157 998 a
179 966 376 998 mandatario
402 966 502 1006 exigit
525 964 596 1004 Jure
612 963 754 1002 quodam
773 962 938 993 amicitiae:
962 970 1022 992 nec

138 1008 245 1041 minus
270 1006 443 1047 profitetur
469 1015 539 1037 eam
563 1003 795 1042 mandatarius,
818 1004 909 1034 amici
926 1012 1023 1043 nego-

140 1050 221 1081 tium
248 1048 344 1090 gratis
373 1048 548 1089 gerendum
573 1045 764 1085 suscipiens3
788 1054 860 1076 cum
886 1045 925 1076 ad
949 1053 1022 1075 eum

139 1092 222 1123 nihil
247 1091 435 1131 pertineret.
459 1088 657 1127 consequens
685 1085 784 1128 igitur
806 1087 895 1125 fuit3
926 1095 961 1117 ut
982 1086 1023 1117 ad

142 1134 229 1165 hanc
246 1132 329 1172 quasi
353 1133 456 1163 tacito
472 1131 614 1171 quodam
632 1128 727 1169 pacto
746 1127 967 1170 adstringatur.
989 1128 1021 1158 in

141 1174 289 1215 depolito
307 1173 396 1205 aliter
415 1171 446 1204 se
463 1181 512 1204 res
529 1171 643 1202 habet:
661 1168 732 1210 quia
747 1169 778 1201 in
799 1179 840 1200 eo
857 1169 934 1200 nihil
954 1178 1023 1200 ver-

139 1215 241 1254 satur,
276 1223 392 1255 praeter
416 1213 591 1245 custodiam
615 1212 654 1243 ad
677 1220 772 1252 quam
795 1210 876 1242 fides
899 1209 1022 1242 sufficit.

140 1258 250 1299 placet
272 1258 387 1298 igitur,
411 1253 635 1296 depositarium
659 1262 725 1284 non
751 1253 901 1291 ulterius,
928 1261 1023 1293 quam

143 1301 185 1331 de
210 1299 288 1330 dolo
313 1299 422 1330 &lata
445 1297 538 1337 culpa
563 1295 675 1327 teneri.
701 1294 930 1327 mandatarium
946 1303 1024 1325 vero

142 1342 185 1372 de
201 1340 279 1372 dolo
307 1340 337 1371 ἃ.
362 1338 449 1370 omni
471 1339 563 1378 culpa
583 1337 678 1368 etiam
697 1335 857 1368 leviffima.
881 1336 977 1376 idque
995 1334 1025 1366 ὅτ.

143 1381 302 1423 Ulpianus
326 1380 430 1412 voluit
452 1380 471 1410 l.
490 1389 539 1420 23.
557 1377 599 1410 D.
631 1380 663 1408 de
687 1387 746 1420 reg.
770 1378 829 1418 jur.
855 1377 873 1408 si
892 1387 969 1417 pro,
993 1378 1025 1407 in

142 1425 188 1456 his
206 1424 321 1465 quidem
343 1423 452 1463 (quod
463 1421 525 1460 jam
544 1420 582 1451 ab
600 1418 666 1451 aliis
681 1419 905 1460 observatum)
922 1419 964 1450 ibi
984 1418 1026 1450 le-

142 1474 253 1507 gatur,
276 1467 307 1496 in
322 1465 365 1495 his
380 1464 516 1504 quidum:
539 1469 573 1491 ut
594 1459 696 1491 sensus
714 1460 768 1492 fit:
792 1461 878 1501 quod
897 1460 1025 1501 quidam

143 1517 186 1539 ex
204 1504 420 1538 contraCtibus
446 1503 489 1534 ibi
507 1501 699 1540 nominatis,
723 1503 754 1533 in
773 1502 885 1541 quibus
902 1502 1026 1533 manda-

145 1557 236 1587 tum,
260 1546 467 1587 negotiorum
483 1542 605 1585 gestio,
629 1543 658 1574 ἃ
677 1544 936 1583 commodatum,
955 1547 1025 1574 ‘non

144 1597 269 1621 tantum
296 1587 406 1619 dolum
439 1586 469 1617 &
494 1585 638 1626 culpam,
662 1583 847 1625 recipiunt,
876 1584 927 1616 sed
951 1594 1027 1625 prae·

146 1640 234 1662 terea
251 1630 347 1661 etiam
365 1628 574 1669 diligentiam.
619 1625 685 1658 Nifi
709 1626 773 1666 ipse
796 1625 963 1658 manifeste
983 1636 1027 1658 re-

144 1671 220 1705 fistit
241 1670 397 1711 Ulpianus
421 1670 437 1700 l.
462 1677 509 1706 29·
528 1669 575 1699 D.
590 1667 618 1699 b.
637 1674 659 1699 t.
684 1668 873 1706 arbitratus,
897 1669 1024 1700 manda·

142 1713 208 1746 tori
237 1713 362 1745 actione
385 1710 523 1744 mandati
545 1719 562 1740 a
582 1708 778 1741 mandatario
797 1709 933 1750 praestari
961 1719 1026 1741 tan-

145 1762 214 1787 tum
239 1755 349 1786 dolum
374 1753 405 1786 i&
427 1751 607 1784 diss'olutam
633 1751 881 1792 negligentiam,
904 1752 935 1784 id
960 1751 1025 1790 est,

144 1797 271 1837 culpam
290 1796 403 1832 latam;
427 1795 504 1827 sicut
523 1794 554 1825 in
572 1793 716 1833 deposito
734 1792 862 1825 dictum.
905 1793 967 1825 Sed
983 1791 1026 1824 vi-

146 1841 300 1876 demus,
323 1847 364 1870 ne
381 1837 413 1869 in
436 1837 465 1867 d.
483 1836 501 1866 l,
522 1844 572 1872 29-
599 1833 750 1866 tractetur
768 1837 972 1867 mandatum:
996 1835 1027 1867 in

145 1889 213 1922 quo
239 1880 323 1911 nulla
349 1878 386 1911 fit
411 1874 593 1910 mandatarii
621 1875 772 1908 industria
808 1885 917 1917 opus;
949 1876 1029 1908 ficut

145 1922 233 1955 nulla
253 1923 284 1953 in
307 1919 456 1962 deposito
474 1917 520 1950 est
546 1926 629 1959 opus
652 1916 802 1948 industria
828 1918 1030 1958 depofitarii;

147 1973 255 2004 eoque
273 1973 336 1994 non
355 1960 454 2004 magis
472 1960 545 1999 hic,
571 1968 665 2000 quam
693 1959 778 1997 illic,
805 1959 859 1991 nili
884 1960 958 2000 quid
976 1959 1031 1991 fiat

148 2005 228 2038 dolo
255 2011 310 2036 aut
333 2005 394 2036 lata
416 2003 528 2043 culpa,
552 2000 638 2032 bona
654 1999 735 2032 fides
752 1999 954 2034 offendatur:
979 2002 1030 2040 ἃ,

147 2055 187 2079 ut
206 2047 367 2087 utrimque
387 2046 499 2077 eadem
518 2043 600 2075 ratio
617 2041 683 2081 est,
706 2043 751 2073 ita
765 2043 850 2074 idem
868 2045 1031 2082 Utrimque

144 2089 195 2130 jus
219 2087 281 2120 effe
306 2087 431 2119 debeat.
456 2085 556 2118 Forte
580 2091 672 2125 petes
698 2085 893 2124 exemplum.
918 2086 1032 2124 accipe

146 2130 190 2162 ab
212 2128 357 2171 Ulpiano
381 2128 464 2159 hoc:
490 2125 666 2166 Fidcjuffor
685 2134 725 2158 ex
751 2125 842 2157 causa
865 2126 1029 2166 fidejuffio-

146 2173 198 2205 nis
223 2180 282 2212 pro
306 2180 364 2203 reo
392 2169 486 2201 solvit
511 2169 680 2209 pecuniam
700 2191 711 2206 ‚
741 2175 903 2207 tamquam
927 2170 966 2199 ab
991 2177 1032 2198 eo

151 2214 305 2245 debitam.
330 2221 394 2244 non
420 2210 465 2243 est
490 2217 670 2243 numerata:
694 2218 732 2239 an
757 2208 864 2250 potest
887 2212 917 2241 id
943 2211 1031 2250 quod

147 2255 245 2287 solvit
271 2254 310 2286 ab
338 2264 378 2285 eo
398 2253 572 2294 repetere?
601 2250 733 2292 quaestio
756 2249 801 2282 est
820 2274 829 2289 ,
860 2252 935 2291 quid
961 2261 978 2282 a
999 2249 1031 2282 fi-

150 2296 308 2337 deiussore
335 2305 376 2327 ex
402 2294 492 2327 causa
521 2293 661 2326 mandati
689 2292 796 2333 exigat
823 2293 906 2323 bona
930 2292 1028 2325 fides:

148 2347 222 2369 nam
250 2347 392 2370 errorem
430 2334 635 2368 intervenisse
666 2335 773 2375 negari
807 2336 929 2375 nequit.
987 2333 1029 2365 Et

149 2380 278 2420 probo,
303 2380 391 2419 quod
410 2377 567 2419 Ulpianus
585 2378 648 2414 ait,
672 2374 840 2414 intereffe3
864 2385 968 2407 utrum
993 2374 1030 2407 fi-

150 2421 284 2460 deiuli‘oi·
301 2420 401 2453 sciens
427 2419 661 2461 praetermiserit
686 2419 917 2457 exceptionem
941 2418 1027 2456 doli,

149 2470 205 2494 aut
228 2472 292 2494 non
316 2468 490 2494 numeratae
511 2461 678 2502 pecuniae,
707 2468 744 2490 an
770 2459 932 2500 ignorans.
956 2467 1029 2490 nam

150 2503 176 2537 fi
197 2503 297 2535 sciens
321 2514 389 2535 eam
409 2502 661 2543 praetermiserit,
685 2501 814 2532 videtur
831 2502 909 2532 dolo
929 2499 1025 2532 versa-

151 2554 224 2583 tus,
247 2553 300 2575 aut
324 2545 469 2577 dissoluta
493 2543 691 2586 negligentia
709 2551 779 2583 quae
798 2552 900 2583 prope
916 2543 1028 2574 dolum

151 2586 216 2620 est:
241 2586 272 2617 ἃ
294 2587 333 2616 de
349 2588 427 2619 dolo
449 2595 521 2619 eum
548 2583 650 2618 teneri
667 2586 868 2616 conveniens
887 2583 932 2615 est
948 2585 1025 2624 judi-

150 2629 207 2660 cio
229 2627 323 2659 bonae
342 2627 435 2666 fidei,
458 2637 499 2659 ex
522 2626 586 2659 fide
611 2628 695 2658 bona
721 2626 787 2657 dari
813 2624 916 2657 solito.
943 2625 1029 2665 quod

150 2670 175 2703 fi
193 2671 342 2710 ignorans
359 2677 428 2700 eam
441 2668 653 2708 praetermifit:
676 2667 754 2700 nihil
770 2666 815 2699 est
831 2667 935 2699 astum
953 2667 1030 2698 dolo

151 2713 260 2750 malo;
283 2719 343 2741 nec
366 2708 411 2740 est
435 2713 520 2749 quod
545 2709 709 2752 improbet
733 2709 820 2741 bona
842 2708 931 2740 fides.
958 2717 1030 2739 nam

150 2753 257 2794 fiquae
266 2752 360 2791 culpa
375 2750 536 2795 lit-omissae
546 2754 630 2784 circa
649 2752 877 2792 exceptionem
898 2749 1028 2791 diligen-

96 2800 105 2804 s
151 2796 228 2831 tiae,
252 2803 289 2825 ea
306 2791 352 2824 est
369 2792 550 2833 principalis
567 2795 632 2834 rei,
655 2793 719 2825 five
737 2793 891 2825 debitoris
911 2794 965 2831 qui
990 2791 1030 2823 de

153 2846 191 2868 ea
209 2833 424 2875 fidejussorem
442 2842 511 2879 non·
530 2835 714 2874 admonuit;
737 2834 789 2866 sed
808 2844 874 2866 non
892 2833 937 2866 est
952 2832 1016 2865 fide

150 2877 294 2920 Juss‘oris:
312 2875 579 2921 qui-exceptione
596 2885 651 2915 per
669 2877 881 2918 ignorantiam
898 2876 943 2907 uti
960 2884 1026 2906 non

151 2919 262 2961 potuit
279 2943 288 2955 ‚
313 2919 344 2948 dt
371 2917 446 2948 ideo
469 2925 530 2948 nec
555 2915 681 2948 debuit:
703 2918 781 2950 ficut
805 2917 835 2949 se
859 2917 899 2949 ad
925 2917 1025 2957 inqui-

151 2961 246 2994 rendi
269 2959 466 3000 diligentiam
491 2956 715 2989 industriamve
740 2960 834 2990 ullam
860 2958 913 2990 hic
936 2959 1026 2989 nullo

150 3003 255 3035 modo
270 3000 437 3042 obligavit.
474 2998 543 3030 Pari
559 2999 681 3030 ratione
699 2999 728 3030 &
745 3001 764 3031 si
781 3000 917 3032 debitori
936 3009 1024 3031 com-

152 3041 486 3083 petebat'exceptio,
509 3040 597 3072 forte
620 3039 698 3078 pasti
722 3043 875 3072 conventi
899 3043 949 3073 vel
973 3050 1024 3072 cu-

149 3086 200 3127 ius
224 3085 352 3116 alterius
373 3084 417 3114 rei
435 3106 445 3122 ‚
477 3083 508 3114 &
527 3083 651 3123 ignarus
673 3079 833 3126 fidejuffor
856 3083 938 3114 hanc
960 3081 1026 3114 non

153 3126 349 3165 exercebat3
372 3125 435 3156 dici
465 3131 598 3165 oportet
613 3146 623 3162 ,
654 3131 682 3153 ei
706 3123 843 3153 mandati
867 3124 1026 3156 actionem

153 3175 363 3208 competere:
386 3176 451 3198 non
476 3167 533 3197 alia
559 3164 667 3203 causa,
690 3172 785 3204 quam
810 3163 882 3203 quia
905 3163 1028 3204 ignora-

151 3210 218 3244 vit:
242 3217 303 3243 nec
319 3209 359 3242 ad
373 3207 576 3249 industriam,
593 3206 646 3243 sed
662 3213 786 3243 tantum
801 3205 841 3239 ad
856 3204 975 3242 bonam
990 3205 1029 3247 fis

575 87 936 123 szannr
989 80 1251 118 Noon1·
1311 80 1519 119 Corin.

1060 170 1134 201 dem
1149 167 1179 200 se
1194 169 1361 216 obligavit.
1395 171 1546 207 Similiter
1562 173 1584 208 fi
1608 176 1824 219 fidejussores,
1847 180 1938 223 igno-

1059 219 1166 256 rantes
1190 212 1371 245 debitorem
1394 214 1538 255 solviss‘e,
1574 219 1623 251 vel
1650 222 1747 252 etiam
1774 223 1942 263 acceptila-

1061 261 1170 297 tione,
1191 252 1253 284 sive
1279 255 1371 295 patto
1399 256 1589 299 liberatum,
1614 271 1654 293 ex
1672 262 1839 294 lubliantia
1858 264 1943 297 debi-

1062 302 1141 325 toris
1157 293 1341 336 solverunt,
1365 306 1422 329 eos
1444 301 1581 333 mandati
1603 311 1668 334 non
1688 304 1810 343 teneri,
1836 305 1939 345 Ulpia·

1062 335 1347 411 Rusagpssissstssitggeih
1359 339 1451 412 8fid§)3
1467 344 1546 390 724
1566 349 1587 374 t.
1616 345 1768 391 idemque
1793 346 1835 376 ait
1859 346 1888 388 §.
1910 351 1939 381 8.

1424 382 1563 422 ejussoms
1587 394 1749 425 pertinere
1772 409 1782 426 ‚
1813 396 1854 419 cx
1881 388 1941 419 Re·

1065 417 1182 463 scri-pto
1200 417 1358 466 Divorum
1378 421 1540 464 Fratrum,
1563 426 1584 458 fi
1613 426 1723 468 injuste
1742 429 1882 460 damnati
1906 438 1940 460 o—

1063 459 1216 491 miserunt
1241 462 1393 494 auxssium
1410 467 1665 504 provocationis.
1690 477 1762 501 nam
1779 469 1799 501 fi
1817 470 1942 510 ignora·

1064 509 1210 546 verunt,
1241 503 1665 551 excusatam-ignorantiam
1697 509 1770 542 ess'e.
1801 511 1819 543 fi
1847 511 1943 544 scive-

1065 550 1140 574 runt
1157 563 1168 580 ,
1200 543 1373 576 incubuisse
1398 546 1458 591 illis
1485 552 1702 584 neceffitatem
1729 554 1942 592 provocandi.

1065 591 1217 629 caeterum
1244 584 1322 615 dolo
1346 590 1488 622 verlatos
1513 591 1595 632 effe,
1617 593 1639 625 fi
1661 604 1725 626 non
1746 603 1945 633 provocave-

1065 634 1150 657 runt.
1173 623 1230 656 nisi
1255 625 1275 657 si
1296 635 1465 676 paupertaa
1487 631 1532 663 eis
1555 644 1619 665 nori
1646 634 1781 675 permilit
1804 637 1944 676 appella-

1063 674 1125 698 re:
1160 675 1234 713 nam
1267 675 1334 712 tum
1359 672 1539 704 excusatam
1575 675 1637 708 effe
1662 686 1773 709 eorum
1804 677 1947 717 inopiam

1062 706 1242 747 sumptibus
1267 718 1431 750 imparem.
1477 713 1632 756 idemque
1661 718 1742 757 esse,
1773 718 1795 751 fi
1820 719 1948 750 debito·

1064 758 1132 782 rem
1158 749 1273 781 tellato
1297 759 1549 796 convenerunt3
1581 766 1634 797 ut,
1663 757 1684 790 fi
1708 759 1772 800 ipse
1796 769 1948 801 putaret,

1064 791 1261 838 appellaret:
1285 802 1357 837 nam
1384 802 1450 826 tum
1477 805 1608 837 quoque
1631 800 1786 833 rationem
1805 803 1850 833 eis
1869 811 1948 834 con-

1065 832 1146 864 stare
1163 855 1173 869 ‚
1204 832 1371 866 existimat.
1415 836 1516 870 Hisce
1542 843 1688 881 exceptis
1711 843 1753 872 ait
1776 845 1803 874 d.
1829 844 1847 874 l.
1863 848 1891 878 8.
1915 842 1947 885 §.

1065 875 1121 920 ult:
1146 873 1439 924 Ulpianus,-fi·qui
1462 879 1597 913 scientes
1612 892 1675 914 non
1693 884 1946 923 appellaverint,

1065 916 1122 947 eth
1144 924 1176 946 in
1201 917 1341 948 mandati
1364 921 1485 959 judicio
1503 945 1512 961 ,
1545 924 1673 963 quoties
1705 919 1856 956 industria
1880 935 1946 958 non

1993 849 1998 864 t

1974 887 2009 959 fi

1066 956 1111 988 est
1123 965 1228 1002 opus,
1245 957 1441 1007 supervacuo
1458 964 1586 1003 quidem
1604 966 1755 1006 disputari
1776 968 1815 998 de
1833 977 1946 1000 eorum
1992 971 1998 976 ‘

1065 999 1129 1031 levi
1146 1006 1200 1029 aut
1216 1000 1368 1032 levifiima
1385 1004 1489 1043 aliqua
1508 1007 1616 1045 culpa:
1640 1007 1813 1039 necessario
1839 1017 1945 1041 tamen
1989 1023 1993 1027 ·

1065 1050 1123 1072 eos
1140 1041 1251 1072 dolum
1270 1042 1299 1073 ἅ
1317 1044 1444 1088 culpam
1462 1047 1554 1078 latam
1576 1049 1728 1087 praeslare.
1754 1059 1858 1089 eoque
1880 1060 1907 1081 in
1923 1050 1945 1082 l.

1068 1090 1118 1113 10.
1142 1082 1170 1112 h.
1198 1087 1223 1131 t.
1255 1085 1405 1132 omnibus
1437 1086 1651 1128 superioribus
1683 1091 1816 1132 pulchre
1848 1091 1946 1131 apiari

1066 1123 1131 1154 hoc
1151 1121 1296 1164 Ulpiani:
1318 1125 1407 1157 szil
1429 1131 1504 1159 enim
1526 1133 1666 1172 mnplz'us,
1689 1142 1778 1173 quam
1796 1134 1896 1165 bonum
1907 1131 1948 1174 ft-

1066 1169 1128 1196 aem
1143 1163 1281 1209 praestare
1297 1177 1361 1198 eum
1377 1176 1484 1209 oportet
1499 1175 1550 1213 qzcz'
1565 1180 1713 1214 procurat.

1108 1204 1183 1237 Urit
1211 1217 1316 1240 tamen
1345 1219 1396 1242 me
1417 1213 1621 1258 lumiiiopere
1640 1214 1808 1248 diffitultas
1827 1215 1857 1247 in
1877 1215 1896 1249 i.
1915 1219 1947 1251 8.

1067 1247 1095 1290 §.
1114 1249 1167 1279 ult.
1193 1258 1266 1280 nata
1291 1260 1334 1282 ex
1359 1254 1465 1292 polito
1491 1257 1643 1288 mandato
1668 1259 1710 1289 de
1725 1259 1866 1289 emendo
1887 1258 1945 1289 ler-

1070 1299 1133 1320 vo:
1159 1292 1287 1337 quando
1311 1301 1353 1323 ait
1379 1291 1554 1335 Ulpianus,
1588 1300 1818 1330 mandatarium
1846 1298 1948 1331 solum

1070 1336 1220 1377 teneri‚li
1240 1333 1318 1364 tiolo
1336 1343 1443 1380 emere
1460 1345 1512 1368 aut
1531 1338 1590 1369 lata
1610 1340 1702 1380 culpa
1725 1342 1866 1379 neglexit
1902 1339 1948 1372 Et

1069 1382 1102 1404 in
1124 1375 1151 1418 gl.
1168 1374 1185 1402 ι.
1211 1382 1254 1404 io.
1273 1384 1348 1420 mort
1372 1377 1519 1418 iubjicit,
1540 1380 1690 1420 idemque
1711 1381 1741 1413 &
1765 1391 1794 1412 ,η
1819 1381 1946 1420 fundo,

1069 1413 1091 1446 fi
1115 1415 1252 1466 fundum
1266 1425 1354 1463 >emit
1378 1428 1576 1458 procurator.
1618 1421 1705 1454 Tum
1724 1432 1801 1454 mox
1820 1422 1860 1453 lic
1875 1431 1950 1454 cau-

1069 1455 1169 1493 satur,
1193 1456 1284 1488 Ninil
1305 1467 1390 1490 enirn
1417 1462 1569 1501 amplius,
1592 1473 1684 1503 qnam
1710 1465 1827 1495 bonam
1850 1463 1948 1496 fidem

1070 1497 1219 1544 praestare
1236 1507 1308 1544 cum
1337 1509 1489 1541 oportet,
1513 1503 1566 1542 qui
1583 1512 1744 1545 procurat.
1786 1504 1870 1537 Nam
1889 1514 1948 1537 cur

1070 1548 1102 1585 in
1119 1539 1272 1570 mandato
1296 1540 1352 1571 illo
1378 1543 1418 1573 de
1435 1545 1572 1575 emendo
1591 1546 1630 1576 ab
1649 1545 1790 1585 Ulpiano
1809 1545 1949 1577 necess‘a-

1071 1589 1195 1626 rinnon
1219 1590 1348 1621 putatur
1364 1585 1533 1624 industria3
1557 1586 1586 1617 ἃ
1610 1595 1723 1618 contra
1739 1588 1866 1619 videtur
1884 1587 1950 1618 sola

1071 1621 1213 1653 iufficeoe
1242 1623 1327 1654 bona
1349 1623 1449 1667 fides,
1473 1627 1550 1658 dolo
1568 1629 1652 1659 malo
1675 1627 1848 1668 opposita?
1869 1627 1951 1661 Non

1070 1662 1195 1710 habeo,
1219 1665 1308 1704 quod
1325 1668 1551 1707 reipondeam:
1574 1668 1629 1701 nii]
1648 1670 1743 1702 liceat
1768 1679 1823 1711 per
1842 1679 1873 1700 te
1892 1669 1951 1701 mi-

1068 1704 1101 1736 hi
1118 1714 1149 1735 iii
1166 1706 1193 1736 d.
1211 1705 1240 1747 §.
1258 1707 1311 1755 ult.
1334 1705 1454 1750 fingere
1470 1710 1654 1743 mandatum
1674 1712 1713 1743 de
1732 1712 1871 1744 emendo
1888 1709 1952 1743 ser-

1069 1756 1112 1777 vo
1131 1756 1241 1793 certo,
1262 1748 1394 1789 sticho,
1410 1752 1498 1783 verbi
1516 1756 1634 1793 gratia,
1653 1761 1750 1794 atque
1768 1755 1861 1784 etiam
1881 1762 1951 1785 cer-

1072 1796 1108 1819 to
1126 1797 1313 1828 pretiozaut
1329 1792 1370 1822 de
1387 1795 1525 1825 emendo
1543 1796 1732 1827 nominatim
1752 1794 1853 1826 fundo
1867 1794 1951 1826 Cor-

1071 1830 1200 1876 neliano
1223 1840 1315 1877 certo
1340 1832 1480 1866 [imiliter
1504 1837 1618 1875 pretio.
1645 1847 1686 1868 eo
1712 1836 1795 1868 enim
1819 1837 1847 1868 in
1876 1835 1949 1868 casu

1073 1881 1128 1918 vni
1153 1881 1236 1918 opus
1260 1874 1430 1921 industria:
1459 1884 1583 1909 tantum
1608 1878 1719 1910 sufficit
1745 1879 1827 1909 bona
1854 1877 1946 1910 fides.

1073 1912 1244 1960 Mihiliuc
1258 1917 1391 1948 incidit:
1407 1927 1500 1957 quam
1518 1919 1603 1950 recte
1622 1927 1767 1961 cogitent
1785 1918 1949 1950 Eruditio-

1074 1965 1133 1987 res.
1158 1956 1265 2002 limul‚
1290 1958 1377 1997 quod
1404 1961 1499 1992 etiam
1518 1968 1606 1992 tutor
1626 1963 1679 2002 qui
1698 1961 1822 1992 actione
1838 1960 1950 1991 tutelae

1074 1999 1260 2038 regulariter
1282 2007 1410 2032 tenetur
1430 2001 1470 2033 de
1487 2002 1579 2041 dolo,
1605 2003 1697 2042 culpa
1715 2004 1790 2040 lata,
1816 2002 1842 2033 ἃ
1865 2001 1952 2040 levi,

1074 2048 1317 2084 comparaturus
1348 2042 1471 2083 pupillo
1496 2045 1612 2084 praedia
1639 2045 1716 2085 legis
1744 2042 1950 2081 necestitate,

1075 2081 1134 2112 hac
1158 2090 1188 2112 in
1212 2090 1302 2121 parte
1322 2091 1444 2115 tanturn
1463 2086 1503 2116 de
1526 2086 1600 2116 dolo
1626 2086 1654 2116 δι
1670 2086 1762 2125 culpa
1779 2085 1841 2116 lata
1859 2093 1950 2114 tene-

1076 2129 1149 2162 tur,
1172 2123 1250 2170 teste
1267 2123 1406 2165 Ulpiano
1427 2126 1448 2157 l.
1467 2136 1494 2167 7.
1512 2126 1541 2168 §.
1556 2137 1582 2159 2.
1603 2128 1649 2158 D.
1671 2127 1704 2158 de
1729 2128 1836 2157 aarum.
1857 2131 1948 2157 tutor.

1094 2206 1098 2210 Δ
1116 2166 1143 2195 A
1161 2164 1283 2211 directo
1309 2168 1447 2198 mandati
1471 2169 1593 2208 judicio
1620 2177 1746 2200 transeo
1762 2169 1800 2199 ad
1819 2175 1948 2198 contra-

1075 2215 1167 2237 rium.
1211 2206 1261 2237 ho
1285 2210 1492 2248 experiuntur
1517 2212 1570 2250 qui
1596 2210 1778 2241 mandatum
1806 2207 1950 2248 suscepe-

1074 2257 1146 2280 runt
1171 2248 1187 2278 l.
1211 2257 1257 2293 ¹,2-
1281 2248 1310 2290 ἓ.
1327 2259 1356 2289 7.
1382 2250 1427 2281 D.
1453 2251 1481 2282 h.
1499 2257 1519 2282 ι.
1544 2250 1691 2283 adversus
1706 2251 1950 2289 mandatorem;
1966 2282 1977 2293 .

1070 2297 1106 2320 ut
1126 2298 1282 2329 recipiant
1299 2292 1387 2331 quod
1409 2291 1454 2323 eis
1478 2292 1573 2324 abest.
1620 2292 1810 2334 Exemplum
1836 2299 1948 2330 accipe

1070 2332 1109 2362 ab
1134 2329 1275 2377 Ulpiano
1290 2332 1310 2364 l.
1331 2342 1367 2377 J2
1396 2332 1423 2374 §.
1442 2344 1471 2371 9.
1494 2335 1555 2365 ait:
1578 2332 1608 2365 Si
1634 2335 1708 2365 milii
1729 2333 1946 2370 mandaveris,

1070 2382 1106 2404 ut
1125 2382 1191 2404 rem
1218 2374 1273 2405 tibi
1299 2374 1435 2415 aliquam
1454 2384 1576 2414 emam,
1599 2384 1725 2417 egoque
1745 2382 1855 2405 emero
1870 2382 1946 2403 meo

1073 2415 1197 2460 pretio,
1222 2414 1349 2447 habebo
1373 2417 1512 2448 mandati
1539 2416 1697 2448 ac'tionem
1722 2416 1760 2446 de
1777 2423 1882 2455 pretio
1901 2423 1950 2445 re·

1073 2458 1267 2496 eiperando:
1292 2456 1344 2488 sed
1371 2458 1399 2489 i&
1423 2457 1444 2490 fi
1467 2467 1524 2490 tuo
1548 2457 1653 2498 pretio
1671 2466 1800 2494 emerO,
1824 2456 1950 2495 impen-

1073 2499 1152 2529 dero
1170 2506 1275 2529 tamen
1294 2499 1412 2538 aliquid
1430 2500 1514 2531 bona
1528 2498 1591 2530 fide
1608 2499 1645 2529 ad
1665 2497 1863 2537 emptionem
1883 2497 1948 2536 rei,

2034 2329 2036 2336 .

2000 2339 2036 2401 -zi

2012 2408 2020 2420 Ἰ

1072 2540 1132 2571 erit
1149 2539 1307 2571 contraria
1322 2540 1424 2579 aclio3
1448 2549 1500 2571 aut
1519 2540 1538 2572 si
1554 2549 1619 2571 rem
1637 2549 1776 2579 emptam
1802 2539 1880 2569 nolis
1899 2547 1949 2569 re·
1972 2540 1987 2571 ’.

1072 2582 1189 2621 cipere.
1234 2581 1296 2612 Sed
1313 2582 1505 2622 generaliter
1524 2581 1642 2612 debent
1660 2580 1838 2620 impendia,
1863 2580 1950 2610 bona

1074 2621 1138 2654 fide
1161 2621 1245 2653 facta
1271 2622 1409 2654 mandati
1434 2624 1614 2662 exequendi
1634 2624 1749 2663 gratia,
1776 2622 1835 2652 hac
1853 2621 1951 2652 aclio-

1075 2674 1116 2695 ne
1140 2664 1277 2695 restitui:
1302 2672 1362 2695 nec
1387 2665 1423 2694 ad
1449 2673 1515 2695 rem
1542 2666 1703 2704 pertinet,
1735 2663 1755 2695 fi
1779 2666 1950 2694 mandator

1074 2705 1140 2746 ipse
1157 2705 1323 2746 negotium
1339 2714 1472 2746 gerens,
1497 2704 1647 2745 potuiss'et
1664 2706 1766 2736 minus
1782 2704 1948 2745 impende-

1073 2748 1143 2780 rel.
1166 2756 1214 2787 27.
1231 2746 1259 2789 ἓ.
1277 2758 1305 2787 4.
1350 2746 1447 2786 Est03
1471 2747 1491 2779 ss
1518 2748 1651 2788 negotio
1681 2746 1830 2779 effectum
1859 2744 1949 2777 dedic

1073 2798 1275 2831 procui-ator.
1301 2788 1349 2818 sed
1369 2789 1462 2829 quid,
1487 2788 1507 2820 fi
1526 2788 1622 2820 finem
1639 2788 1790 2820 adbibere
1807 2796 1870 2818 non
1891 2796 1950 2826 po-

1074 2831 1160 2862 tuit?
1185 2831 1269 2861 idem
1288 2838 1367 2870 puto
1386 2831 1406 2861 l.
1422 2835 1475 2870 56.
1494 2830 1523 2872 §.
1540 2831 1593 2861 ult.
1611 2830 1637 2860 Ι).
1656 2837 1676 2861 t.
1703 2839 1741 2860 an
1759 2830 1844 2860 enim
1866 2828 1949 2869 peri-

1072 2873 1180 2904 culum
1197 2871 1329 2902 domino
1347 2872 1491 2912 praestet,
1509 2872 1604 2911 gratis
1620 2870 1862 2902 interveniens?
1881 2878 1947 2901 non

1070 2914 1136 2946 hoc
1162 2914 1248 2946 bona
1272 2912 1369 2952 fides,
1397 2915 1446 2945 vel
1480 2913 1623 2945 officium
1648 2914 1795 2952 patiatur.
1820 2917 1947 2951 repetet

1070 2957 1164 2998 igitur
1184 2954 1338 2995 impensas
1362 2953 1425 2987 fine
1453 2955 1648 2986 discrimine:
1681 2956 1782 2986 modo
1808 2951 1948 2983 alienum

1069 2996 1195 3039 gesserit
1216 3004 1402 3036 negotium,
1424 3004 1522 3037 atque
1537 2997 1665 3027 alterius
1683 2995 1771 3027 causa
1793 2994 1812 3024 i.
1834 2995 1876 3024 16.
1895 2992 1944 3036 .D·

1068 3041 1087 3071 h
1117 3045 1137 3071 t.
1160 3039 1226 3070 imo
1254 3038 1366 3069 Paulus
1389 3039 1408 3069 l.
1431 3048 1479 3069 22.
1498 3037 1526 3080 §.
1543 3048 1570 3069 2.
1593 3039 1651 3068 eod.
1684 3036 1864 3071 interdum,
1894 3041 1941 3063 in-

1071 3089 1160 3121 quit,
1185 3088 1314 3111 evenit:
1338 3088 1371 3110 ut
1389 3089 1496 3111 meum
1516 3079 1679 3119 negotium
1698 3084 1822 3118 gei-am,
1847 3072 1876 3104 ὅ(
1902 3081 1950 3104 ta·

1070 3132 1143 3154 men
1170 3122 1280 3155 utilem
1305 3120 1438 3153 habeam
1462 3121 1600 3153 mandati
1628 3120 1795 3150 actionem.
1819 3124 1856 3145 ac
1882 3115 1949 3146 tale

1070 3165 1167 3209 ponit
1192 3164 1394 3204 exemplum:
1419 3161 1519 3195 veluti
1543 3170 1617 3193 cum
1634 3160 1762 3192 debitor
1780 3166 1869 3188 meus
1893 3157 1950 3187 de-

1069 3206 1211 3244 bitorem
1235 3204 1325 3253 suum
1349 3205 1428 3243 milii
1459 3203 1607 3247 periculo
1630 3199 1686 3235 suo
1713 3199 1950 3272 delegat3ca²ixig
