2052 3487
184 156 227 197 98

183 239 232 270 vir
261 238 315 271 ille
347 236 486 270 eruditus
503 255 515 273 ,
546 228 763 271 quaerentibus
791 227 929 260 auetoris
959 236 1047 259 nien-

184 287 268 318 tem,
293 278 355 310 effe
379 276 487 309 fallam
511 274 540 304 d.
557 273 577 303 l.
591 280 636 303 10.
659 271 865 310 scripturam3
885 269 1046 315 ,idemque

183 328 305 362 negat,
335 327 404 350 eam
427 315 519 347 ullius
548 322 642 353 egere
675 311 933 348 emendationis,
971 311 1046 350 quia

183 371 257 393 curn
282 360 404 391 caeteris
434 356 515 388 locis
541 353 663 394 optime
692 351 879 383 consentit:
911 361 1042 390 vereor,

184 412 225 434 ne
256 398 420 432 manifeste
452 396 510 428 fibi
542 393 755 426 contradicat.
807 391 875 424 Nisi
912 393 1047 432 placet,

182 443 392 474 mutationem
415 437 462 479 (fi
482 445 552 477 quae
578 434 660 466 faCta
685 434 721 465 sit
748 434 778 465 in
803 434 831 464 d.
854 434 872 465 l.
894 435 964 470 ιο.)
986 432 1049 464 ess'e

183 481 397 513 Triboniani:
429 479 460 510 id
486 478 572 509 enim
594 476 725 508 mavult.
768 475 830 506 Sed
850 473 912 506 five
929 473 1048 505 Tribo-

183 523 312 554 boniani
329 521 383 558 sit,
405 518 468 551 sive
494 519 678 559 quusquam
696 517 844 554 alterius,
878 514 1047 562 tamem-fi

184 563 356 596 Alexandri
381 570 447 592 non
469 560 524 599 fit,
550 569 614 591 non
637 557 774 590 infirmat
797 557 860 587 vim
881 556 1047 587 sententia:

184 614 281 636 meae:
306 603 361 644 qui
379 603 464 633 dixi:
487 601 647 642 vulgatam
671 600 857 638 scripturam
875 597 1048 643 disciplinae

184 646 280 677 seculi
310 643 483 677 Alexandri
512 651 578 674 non
608 640 826 681 respondere:
858 639 888 670 ἂ
917 639 991 670 ideo
1016 640 1048 670 in

185 688 343 728 principio
361 687 439 727 legis
458 684 592 717 delenda
609 681 671 714 esse
691 681 805 720 verba,
826 680 882 721 seu
897 681 1050 725 mandator

185 730 262 761 &in
285 730 314 772 §.
332 738 355 760 t.
373 736 432 768 pro
454 726 713 757 condemnationem
738 723 953 754 Alexandrum
979 722 1049 753 ieri-

211 770 293 811 sisse,
317 767 566 810 contestationem,
590 765 642 796 vel
658 765 718 795 litis
737 761 975 804 contestationem.
1007 764 1050 793 At:

221 812 402 845 ribonianus
439 807 610 840 Alexandri
647 805 746 837 verba
783 804 944 851 ‘sequentis
986 802 1050 835 usui

187 854 341 896 temporis
360 849 635 891 accommodavit,
659 854 755 887 atque
782 846 813 877 id
838 847 858 892 ¹.¹
879 854 949 891 quis
974 854 1050 890 con-

183 896 357 937 jiciendum
376 893 546 924 arbitretur
562 913 572 929 ‚
601 898 666 921 non
693 887 864 919 intercedit
881 896 928 918 Vir
950 887 1051 917 erudi-

187 947 247 970 tus.
288 936 319 968 Si
337 943 442 967 tamen
463 933 527 964 hoc
546 932 575 963 ei
598 929 751 971 largirer3
773 928 977 959 nihilominus
998 936 1051 958 ve·

187 988 256 1012 rum
274 978 361 1010 foret
383 975 470 1016 quod
488 980 562 1005 ante
588 972 671 1010 dixi,
695 970 811 1008 vei-ba,
834 973 882 1005 seit
898 969 1050 999 mandator

188 1030 253 1053 non
279 1018 340 1050 esse
366 1016 535 1049 Alexandri
554 1014 585 1045 in
598 1020 646 1054 pr.
662 1014 689 1043 d.
707 1012 726 1042 l.
750 1020 795 1043 io.
821 1011 898 1041 item
915 1011 945 1041 in
968 1009 987 1051 §
1024 1018 1048 1040 i.

187 1071 260 1094 eum
276 1070 339 1092 non
350 1082 360 1099 ‚
371 1064 436 1091 ante
452 1055 729 1091 condemnationem,
740 1050 885 1092 scripsisse
895 1049 965 1090 ,sed
983 1056 1050 1081 ante

188 1100 414 1143 contestationem
438 1122 448 1138 ,
485 1098 571 1136 vel,
607 1102 674 1128 ante
712 1095 785 1140 litis·
812 1091 1046 1133 contestationem.

189 1145 412 1186 Quamquam,
435 1148 471 1171 ut
487 1140 578 1181 quod
594 1147 643 1169 res
666 1135 730 1174 est,
756 1135 877 1172 dicam,
901 1143 965 1165 non
985 1134 1049 1173 pla-

189 1195 242 1218 cet
262 1210 272 1226 ,
302 1185 390 1226 quod
418 1181 556 1215 refertur
578 1179 617 1211 de
643 1178 1050 1222 sequentium-temporum

188 1227 243 1259 usu
268 1227 306 1259 ad
325 1234 420 1267 quem
446 1222 561 1255 inflexa
585 1230 600 1251 a
616 1218 820 1251 Triboniano
840 1217 898 1248 sint
918 1216 1048 1261 Alexan-

191 1270 237 1301 dri
258 1268 376 1300 verba:
408 1275 478 1297 nam
503 1265 528 1295 is
554 1261 623 1293 usus
642 1270 745 1300 neque
761 1260 862 1305 liquet
887 1259 951 1288 ullo
970 1257 1052 1298 juris

186 1310 368 1352 Justiniaiiei
386 1308 482 1345 loco,
507 1313 612 1345 neque
630 1303 727 1343 magis
753 1302 948 1341 lequentiuin
976 1308 1050 1330 teni·

193 1361 306 1394 porum
322 1350 400 1387 fuit,
426 1356 518 1388 quam
537 1345 798 1386 praecedeiitium.

231 1392 327 1429 Scio,
350 1398 463 1421 contra
487 1388 568 1425 dici,
592 1385 718 1417 sublatis
733 1385 805 1423 jure
830 1391 917 1414 novo
933 1380 1053 1427 formu·

191 1434 227 1466 lis
241 1458 249 1472 ,
276 1431 482 1473 &judicibus
503 1429 582 1460 datis
599 1450 608 1465 ,
637 1436 652 1457 a
673 1425 881 1456 Diocletiano
906 1431 933 1453 oz
953 1423 1053 1453 Maxi-

193 1477 298 1506 miano
321 1475 337 1504 ί.
363 1483 388 1504 2.
416 1472 448 1502 C.
468 1472 500 1501 de
512 1470 647 1509 pedaneis
667 1468 817 1508 judicibus
835 1488 845 1503 ,
876 1463 962 1495 simul
987 1462 1049 1493 sub-

192 1518 289 1549 latum
314 1513 375 1545 effe
399 1512 486 1553 quod
513 1509 575 1541 feci
598 1507 763 1540 discrimen
785 1506 942 1550 actionum
962 1506 1053 1535 bonze

192 1556 265 1588 fidei
291 1560 318 1586 ὥς
338 1554 431 1586 stricti
454 1553 549 1592 juris:
573 1551 668 1589 idque
684 1548 818 1588 intelligi
843 1547 936 1591 inde,
967 1545 1053 1585 quod

191 1599 257 1632 1.,9.
283 1595 319 1631 &⁹
343 1605 370 1632 9.
405 1595 437 1625 C.
464 1596 495 1624 de
513 1591 724 1631 exceptionibus
740 1613 748 1625 ,
781 1591 811 1619 ot
838 1588 962 1633 ²¹¹¹ae.de
980 1596 1054 1633 con-

195 1638 364 1670 testatione
386 1636 576 1675 loquentes,
599 1642 662 1663 non
689 1630 882 1671 distinguunt
908 1638 990 1659 inter
1007 1637 1052 1668 Ju-

192 1681 272 1712 dicia
293 1681 385 1710 bonae
401 1676 474 1708 fidei
495 1678 522 1707 o<
542 1674 633 1706 stricti
651 1674 724 1712 juris
741 1682 748 1703 ε
772 1679 894 1702 trintum
914 1670 1052 1714 docent,

192 1730 280 1753 reum
300 1729 364 1750 non
383 1720 455 1759 cogi
475 1741 482 1755 ‚
506 1715 570 1746 snas
594 1715 804 1753 exceptiones
820 1712 921 1742 statim
946 1712 1051 1751 prole-

192 1764 264 1803 qui,
288 1761 339 1792 sed
359 1762 385 1792 ei
405 1758 544 1790 sufficere
563 1755 736 1795 sirnplzcem
764 1762 870 1799 earum
895 1752 1053 1783 contesta-

193 1805 314 1835 tionem
331 1803 359 1833 in
376 1801 555 1841 principio:
580 1806 647 1828 tum
665 1795 752 1841 poss‘e
772 1793 973 1839 exspectare,
997 1794 1053 1837 do-

192 1855 255 1878 nec
279 1845 366 1876 attor
395 1843 442 1883 jus
466 1841 551 1871 suum
584 1838 779 1878 probaverit.
811 1844 894 1881 qum·
920 1834 1054 1880 amplius

194 1887 280 1923 dici,
315 1886 347 1915 in
377 1884 393 1914 l.
413 1893 440 1919 9.
470 1882 501 1912 C.
525 1883 557 1911 de
577 1879 786 1920 praescriptione
815 1877 894 1916 longi
924 1879 1055 1919 temporis

194 1928 279 1960 idem
296 1925 408 1958 diserto
427 1922 584 1954 observari
606 1931 633 1951 in
661 1920 826 1960 emptione
849 1917 879 1948 ὅ(
897 1917 1055 1960 venditio-

194 1979 235 2001 ne
259 1977 326 2007 qute
355 1966 400 1997 eit
420 1965 556 1996 maxime
575 1964 667 1993 'nime
686 1959 757 1991 fidei
779 1982 788 1997 ‚
820 1967 857 2004 ac
887 1958 937 1988 vel
957 1967 997 1988 eo
1021 1957 1058 2002 li-

195 2006 294 2051 quei-e
315 2007 467 2047 exemplo
485 2029 494 2044 ,
526 2005 645 2036 nullum
670 2001 732 2033 esse
759 2000 871 2045 ¹¹³0.¹f¹.
891 2006 986 2045 ‘parte
1011 1998 1056 2028 di-

194 2052 329 2083 scrimen
345 2049 503 2081 attionum
521 2047 613 2076 bonae
633 2043 708 2075 fidei
724 2042 754 2073 ὃς
777 2040 872 2072 stricti
887 2048 983 2086 iul-is3
1007 2037 1058 2070 sed

196 2094 228 2125 isi
247 2100 384 2128 utroque
403 2098 521 2131 genere
537 2093 765 2126 exceptionum
784 2082 1057 2127 contestationem

196 2135 235 2166 ab
256 2129 347 2165 initio
365 2139 513 2172 perteque
532 2129 562 2159 &
587 2126 751 2158 desiderari
779 2124 809 2154 &
829 2122 991 2154 sufficere:
1013 2121 1057 2151 id-

197 2185 259 2215 que
274 2174 405 2205 indicari
428 2170 583 2212 prioribus
600 2169 706 2198 verbis
722 2168 749 2197 d.
772 2166 791 2196 l.
811 2173 857 2195 10.
882 2164 913 2194 C.
942 2164 974 2193 de
985 2161 1058 2201 fide-

193 2216 351 2259 jussoribus
371 2238 381 2253 ‚
413 2222 481 2254 quae
504 2210 591 2249 sunt,
616 2207 790 2249 ffi'dejztffor,
813 2211 864 2245 jen
886 2205 1057 2241 mundator,

197 2257 228 2289 ἀ
247 2257 294 2288 his
312 2254 556 2296 posterioribus,
581 2251 660 2282 Ante
678 2249 940 2279 condemnationem
956 2255 992 2275 ea:
1014 2254 1058 2275 or-

197 2300 263 2330 dine
276 2295 516 2338 postularifiilet:
542 2294 649 2333 itaque
673 2299 745 2321 eum
766 2295 889 2335 textum
908 2296 980 2317 curn
999 2295 1058 2316 cte·

198 2342 273 2372 teris
290 2339 413 2380 optime
430 2335 604 2368 convenire
618 2356 628 2372 ,
652 2340 713 2364 nec
731 2330 820 2362 ullius
839 2338 934 2370 egere
952 2336 1060 2359 emen-

198 2381 336 2414 dationis
348 2402 357 2419 ,
382 2386 417 2410 ut
432 2385 515 2408 nunc
532 2375 587 2407 est.
790 2413 796 2418 ·
1012 2410 1017 2415 ι

237 2422 288 2453 Sic
312 2422 390 2453 ille:
422 2419 475 2451 sed
500 2426 593 2458 quam
618 2415 704 2447 reste
724 2436 734 2451 ‚
766 2412 938 2444 videamus.
980 2411 1059 2456 Ait,

197 2462 338 2494 sublatos
362 2470 449 2494 novo
471 2460 546 2500 Jure
568 2456 631 2490 effe
650 2456 779 2498 judices
812 2454 904 2484 datos
920 2474 930 2490 ,
962 2459 1059 2497 etiam

196 2504 369 2541 formulas,
394 2503 423 2533 ἃ
438 2500 648 2533 differentiam
662 2497 853 2538 judiciorum
870 2494 964 2525 bonae
982 2494 1057 2538 ndei

199 2546 230 2577 ἂ
248 2545 341 2577 stricti
358 2544 453 2584 juris,
477 2541 661 2581 faetumque
676 2539 708 2570 id
729 2546 826 2568 omne
850 2535 913 2566 else
936 2544 952 2581 a
977 2533 1056 2581 19¹⁰?

198 2586 340 2618 cletiano
365 2585 395 2616 <St
413 2583 613 2615 Maximiano
635 2582 654 2612 l.
675 2590 702 2611 2.
730 2579 762 2610 C.
780 2580 813 2609 de
823 2578 958 2623 pedaneis
974 2576 1058 2617 Judz—

200 2629 294 2660 cibus.
336 2626 380 2657 At
404 2634 441 2656 ea
462 2626 495 2656 in
522 2624 593 2665 lege
616 2631 681 2654 non
700 2620 736 2652 sit
759 2626 882 2665 mentio
908 2617 1059 2662 formula3

198 2678 270 2702 rum
288 2691 298 2707 ,
326 2676 432 2708 neque
452 2665 642 2706 judiciorum
661 2664 755 2693 bonae
771 2661 846 2692 fidei
862 2682 871 2698 ,
895 2667 950 2689 aut
967 2657 1059 2689 stricti

198 2710 285 2752 Juris.
316 2718 384 2740 non
415 2708 509 2748 igitur
533 2706 689 2737 tolluntur
718 2712 755 2733 ea
783 2701 1061 2747 forinulae‘neque

201 2750 395 2784 differentiae
411 2748 571 2779 actionum
597 2747 690 2777 bonae
709 2744 783 2775 fidei
806 2743 837 2774 ὃῡ
856 2742 950 2787 stricti
966 2750 1060 2781 juris:

199 2795 286 2832 im0‚
308 2801 349 2824 ne
365 2791 398 2822 in
415 2790 549 2821 solidum
570 2788 698 2828 quidem
710 2785 857 2825 Judicum
877 2784 965 2815 datio
985 2783 1060 2812 abo-

199 2835 294 2867 letur.
337 2830 442 2870 Nam,
465 2837 500 2861 ut
524 2830 563 2860 de
589 2828 648 2859 hac
672 2829 807 2867 primum
828 2826 939 2866 loquar
955 2847 965 2863 ‚
996 2832 1061 2854 tan-

201 2883 269 2909 tum
289 2875 439 2914 jubentur
461 2869 631 2908 Praefides,
655 2869 686 2900 in
706 2867 803 2898 causis
826 2867 856 2898 in
874 2867 987 2910 quibus
1011 2873 1062 2895 an·

200 2923 234 2949 te
257 2915 400 2948 solebant
429 2912 557 2952 judices
582 2911 656 2942 dare
673 2932 683 2948 ,
714 2909 865 2946 deinceps
891 2917 946 2948 per
963 2908 993 2937 ie
1009 2915 1062 2936 co-

202 2957 358 3000 gnoscere
377 2979 387 2996 ,
415 2954 438 2986 fi
453 2963 519 2985 non
544 2951 748 2984 multitudine
774 2950 874 2981 litium
892 2955 945 2979 aut
968 2956 1062 2993 nego-

202 3001 321 3031 tiorum
344 2996 578 3037 impediantur:
614 2999 645 3024 at
668 2991 690 3022 fi
707 3000 743 3022 ea
759 2990 814 3028 fit,
838 2998 904 3021 tum
927 2989 1061 3034 Praesidi-

201 3040 262 3072 bus
283 3039 425 3080 Judicum
447 3037 534 3069 datio
551 3043 616 3066 non
640 3032 856 3064 interdicitur:
893 3031 1002 3070 utique
1026 3039 1062 3060 iis

203 3081 238 3112 in
257 3080 352 3112 caufis
373 3081 404 3111 in
423 3078 537 3118 quibus
559 3083 632 3107 ante
650 3073 808 3111 obtinuit;
833 3079 978 3116 excepta·
993 3080 1061 3101 cau-

204 3121 236 3152 sa
261 3120 461 3160 ingenuitatis
485 3119 516 3150 &
532 3116 755 3150 libertinitatis.
797 3113 873 3144 Hoc
896 3112 1003 3143 nescio
1022 3121 1060 3142 an

206 3162 341 3198 addam,
364 3162 449 3200 quod
461 3161 601 3201 Julianus
623 3157 696 3188 dein
719 3156 738 3187 l.
753 3165 783 3202 5..
808 3155 841 3185 C.
864 3155 920 3184 eod.
940 3155 985 3183 tit.
1008 3152 1061 3198 Se-

205 3202 333 3239 cundo,
357 3202 514 3234 Praefecto
532 3199 705 3242 praetorio,
723 3196 860 3237 scripsit,
884 3193 944 3227 effe
963 3194 1062 3224 humi.

203 3245 303 3278 liores
318 3241 422 3275 causas
443 3244 476 3279 in
493 3243 607 3284 quibus
622 3238 812 3282 superfluum
829 3237 884 3280 fit,
909 3235 1061 3268 Modera-

796 139 1106 175 Geitann1
1155 135 1387 171 Noonr

1090 232 1193 257 torem
1213 225 1388 266 provinciae
1403 222 1610 265 exspettare:
1632 222 1773 265 ideoque
1796 223 1827 256 se
1850 224 1954 258 Praefi-

1090 266 1181 297 dsbus
1215 267 1290 297 dare
1320 266 1512 308 potestatem
1547 265 1763 298 constituendi
1790 266 1954 306 pedaneos

1085 307 1233 349 judices:
1255 307 1319 339 hoc
1336 307 1380 339 est
1397 332 1406 347 ,
1433 308 1486 348 qni
1510 309 1639 349 negotia
1663 306 1834 338 humiliora
1857 306 1956 338 disce-

1093 356 1206 389 ptent3
1231 357 1327 390 atque
1342 348 1539 387 indistinete,
1563 349 1627 380 five
1642 349 1857 388 impediantur
1874 347 1955 380 Prae-

1091 390 1191 428 fides,
1215 389 1278 421 five
1295 399 1359 422 iion
1384 391 1607 430 impediantur.
1648 389 1731 422 Illud
1752 399 1816 421 non
1841 389 1954 421 omise-

1091 432 1169 470 rim,
1194 432 1280 471 quod
1298 431 1353 472 ipsi
1373 430 1474 472 Impp.
1496 430 1719 464 Diocletianus
1739 431 1768 463 δι
1786 430 1965 469 Maximia-¹

1092 481 1150 503 nus
1176 472 1208 502 in
1240 473 1259 503 l.
1279 473 1332 503 ult.
1360 473 1392 504 C.
1417 476 1450 503 de
1475 474 1507 503 in
1530 472 1607 504 litem
1631 473 1760 514 jurando
1791 472 1887 514 (quae
1911 471 1958 504 est

1091 512 1249 554 posterior
1266 515 1294 545 d.
1319 513 1339 545 l.
1357 524 1384 545 2.
1418 513 1531 555 scripta
1557 514 1676 555 quippe
1703 518 1732 548 8.
1758 514 1817 545 cai.
1842 513 1957 553 janua-

1090 555 1147 592 rii;
1170 563 1244 585 cum
1260 556 1286 585 d.
1305 555 1324 586 l.
1337 565 1365 586 2.
1387 555 1448 595 jam
1475 554 1552 586 effet
1579 556 1650 587 data
1672 564 1718 596 15.
1743 555 1801 586 cal.
1824 553 1956 595 Augusti

1091 595 1233 635 ejusdem
1254 596 1356 637 anni)
1380 595 1569 636 manifeste,
1599 596 1738 637 Judicem
1762 598 1881 633 datum,
1913 596 1960 627 in·

1092 638 1223 678 quiunt,
1247 637 1330 675 ferre
1344 637 1522 677 sententiam
1545 641 1686 669 convenit.
1734 637 1811 669 Hoc
1833 639 1903 677 plus
1925 637 1967 671 in:

1091 679 1110 709 l.
1128 688 1158 719 3.
1182 677 1214 709 C.
1233 677 1263 716 fi
1286 689 1304 709 a
1325 688 1382 709 non
1408 684 1576 719 competente
1598 678 1706 720 Judice
1716 679 1885 721 judicatum
1906 677 1960 719 effe

1092 722 1209 750 dicatur
1230 721 1327 761 (quae
1353 719 1398 751 est
1420 720 1491 752 anni
1510 730 1582 761 297.
1614 730 1688 751 cum
1702 743 1712 759 ‚
1745 728 1779 751 ut
1803 719 1867 750 dixi
1885 742 1895 758 ,
1926 721 1955 750 d.

1091 761 1110 792 l.
1129 770 1156 792 2.
1187 760 1223 791 1it
1244 761 1315 792 anni
1339 761 1437 802 294.)
1468 762 1571 800 palam
1599 762 1815 793 meminerunt
1838 760 1965 800 Judz'cis.

1092 803 1124 833 de
1137 803 1311 842 proprietate
1329 803 1391 833 dati
1408 813 1426 834 a
1448 801 1565 833 Restare
1583 803 1756 834 Provinciae.
1796 801 1866 833 imo
1886 800 1970 842 post'

1093 853 1149 875 eos
1170 842 1382 884 Imperatores
1411 843 1515 875 adhuc
1539 842 1743 876 Theodosius
1770 843 1800 875 &
1817 842 1960 875 Valenti·

1093 885 1222 923 nianus,
1252 886 1270 915 l.
1288 886 1368 916 unic.
1394 885 1426 917 C.
1452 884 1515 928 Qui
1533 891 1586 926 pro
1600 885 1661 925 sua
1679 883 1882 927 jurisdietione
1899 884 1959 925 Ju-

1093 927 1166 957 dzces
1189 927 1258 956 dare
1275 927 1376 956 darive
1387 926 1524 967 poffunt,
1548 926 1635 968 Cyro
1661 926 1819 958 Praefecto
1843 934 1959 966 praeto-

1093 967 1160 1005 rio,
1183 967 1267 997 clare
1291 968 1504 1006 praecipiunt,
1537 968 1574 998 In
1598 968 1752 1007 cansarum
1773 967 1960 1009 delegationi-

1094 1010 1146 1039 bus
1165 1008 1238 1038 illud
1261 1008 1405 1048 ofyervmt
1422 1031 1432 1046 ,
1463 1014 1497 1038 ut
1517 1009 1560 1039 ita
1580 1009 1698 1040 valeant
1719 1032 1730 1049 ,
1755 1007 1786 1047 fi
1807 1011 1844 1040 ad
1864 1007 1959 1050 jurisss

1092 1048 1243 1080 diftz'onein
1265 1055 1432 1089 pertineant
1458 1049 1625 1090 delegantis.
1667 1049 1745 1082 Dixi
1772 1053 1811 1082 de
1835 1050 1958 1090 Judicis

1093 1091 1231 1122 datione.
1279 1091 1379 1122 Pori-o
1407 1092 1493 1131 quod
1522 1092 1560 1122 ad
1583 1090 1736 1122 formulas
1761 1092 1895 1130 attinet,
1919 1100 1959 1121 ae-

1093 1141 1157 1172 que
1181 1139 1268 1162 certa
1291 1141 1341 1162 res
1369 1131 1438 1162 est:
1471 1130 1625 1171 liquidem
1649 1141 1754 1164 earum
1775 1132 1960 1172 impetratio

1092 1182 1160 1204 non
1185 1171 1247 1203 fuit
1264 1182 1280 1203 a
1299 1173 1507 1204 Diocletiano
1525 1173 1553 1203 ἃ
1571 1173 1770 1205 Maximiano
1794 1174 1911 1204 sublata
1927 1176 1960 1204 in

1095 1216 1120 1245 d.
1152 1214 1170 1245 l.
1197 1223 1223 1245 2.
1251 1214 1283 1245 C.
1307 1216 1340 1244 de
1358 1215 1492 1255 pedaneis
1511 1215 1684 1255 jndicibn53
1719 1214 1770 1246 sed
1793 1216 1920 1246 demum
1942 1223 1960 1245 a

1095 1255 1286 1286 Theodosio
1313 1256 1342 1286 ἂ
1370 1256 1594 1287 Valentiniano
1613 1265 1643 1286 in
1662 1256 1681 1287 l.
1700 1266 1728 1287 2.
1749 1256 1781 1287 C.
1799 1257 1832 1287 de
1843 1258 1961 1296 sormu-

1096 1298 1130 1328 lis
1155 1296 1189 1330 ἑῇ)
1213 1297 1472 1337 impetrationibus:
1499 1298 1578 1328 inter
1601 1306 1694 1336 quarn
1720 1297 1750 1328 &
1773 1298 1801 1329 d.
1824 1297 1843 1329 l.
1863 1307 1892 1329 2.
1925 1297 1961 1328 C.

1096 1340 1128 1369 de
1149 1339 1281 1378 pedaneis
1299 1339 1447 1379 jndz'cwns
1474 1338 1581 1368 intest*
1599 1338 1646 1370 ffit
1674 1339 1804 1379 spatium
1836 1339 1934 1379 majtis
1951 1361 1962 1375 ,

1097 1388 1189 1420 quain
1209 1388 1338 1410 eentum
1364 1388 1525 1410 annorum.
1572 1380 1672 1422 Quod
1694 1380 1714 1412 fi
1729 1379 1794 1418 est;
1818 1382 1962 1418 conitat,

1096 1431 1152 1451 reo
1176 1429 1248 1451 ante
1276 1422 1304 1451 d.
1321 1421 1340 1451 l.
1353 1429 1382 1451 2.
1402 1420 1433 1451 C.
1454 1422 1487 1451 de
1499 1421 1635 1460 formulis
1656 1420 1692 1455 &²
1715 1423 1962 1462 impetrationibus

1097 1461 1187 1493 fuiss'e
1206 1463 1423 1494 necellitatem
1451 1463 1656 1502 exceptionis
1674 1463 1705 1493 in
1722 1464 1842 1502 judicio
1868 1461 1963 1493 stricti

1094 1504 1168 1543 juris
1185 1505 1215 1534 in
1233 1504 1325 1534 initio
1342 1503 1404 1534 five
1423 1503 1614 1543 postulandae
1637 1503 1700 1535 five
1724 1503 1963 1541 contestandae,

1097 1553 1193 1575 eriam
1231 1553 1302 1576 cuin
1328 1544 1474 1576 Praesides
1506 1554 1563 1586 per
1595 1544 1627 1576 se
1657 1546 1893 1586 cognoscerent
1920 1554 1964 1576 ex

1098 1586 1281 1626 praeieripto
1307 1586 1504 1617 Diocletiani
1529 1586 1559 1617 &
1583 1585 1768 1618 Maximiani
1786 1587 1817 1618 in
1840 1587 1859 1618 l.
1877 1596 1905 1622 2.
1925 1586 1960 1618 C.

1097 1637 1129 1657 ue
1147 1629 1283 1668 pedaneis
1308 1628 1465 1668 jndicibus.
1511 1626 1618 1669 Quam
1638 1628 1682 1658 ob
1706 1637 1772 1659 rem
1788 1628 1805 1659 ,9
1829 1627 1901 1667 quia
1924 1637 1963 1658 ea

1097 1678 1250 1709 nusquam
1285 1668 1399 1709 legitur
1426 1668 1544 1700 sublata
1576 1675 1651 1700 ante
1681 1667 1904 1701 Theodosium
1932 1669 1964 1701 &

1100 1710 1355 1741 Valentinianum
1376 1711 1408 1740 in
1429 1711 1458 1740 d.
1482 1710 1502 1741 l.
1520 1719 1548 1741 2.
1572 1710 1605 1740 C.
1622 1710 1804 1749 deformulis
1821 1710 1857 1744 ὅ)
1877 1712 1964 1750 impe-

1097 1753 1281 1782 trationibus.
1326 1750 1469 1790 Amplius
1489 1773 1498 1788 ‚
1529 1749 1641 1781 mansit
1666 1760 1702 1783 ea
1727 1751 1756 1782 ἂ
1782 1751 1853 1792 post
1879 1750 1964 1782 hanc

1098 1792 1226 1833 legem:
1258 1792 1330 1832 quia
1352 1801 1408 1832 pei·
1434 1791 1516 1822 lianc
1539 1798 1663 1823 tentum
1690 1791 1780 1823 desiit
1796 1792 1963 1824 neceffitas

1097 1834 1305 1873 impetrandae
1331 1833 1462 1864 actionis
1486 1838 1583 1863 certae
1603 1832 1632 1864 ἃ.
1657 1832 1826 1873 solemnis3
1848 1832 1870 1866 fi
1892 1842 1963 1865 mo-

1099 1876 1142 1905 do
1166 1873 1346 1912 constaret,
1368 1872 1430 1904 effe
1453 1873 1499 1904 rei
1521 1880 1646 1914 aptam,
1676 1874 1704 1906 &
1723 1874 1890 1916 propofito
1905 1884 1962 1907 ne-

1098 1915 1191 1954 gotio
1209 1922 1462 1955 competentem.
1485 1915 1527 1946 ita
1544 1914 1607 1948 est:
1631 1917 1804 1949 remittitur
1817 1916 1849 1949 iu
1866 1925 1903 1948 ea
1921 1916 1964 1948 le-

1099 1966 1139 1997 ge
1164 1956 1264 1988 aetori
1287 1955 1450 1987 necessitas
1479 1956 1686 1997 impetrandae
1717 1958 1853 1990 aetionis
1869 1980 1881 1998 ‚
1910 1956 1963 1989 seu

1101 2006 1196 2028 certae
1223 1997 1253 2028 &
1278 1997 1425 2028 solemnis
1447 1996 1595 2029 formulae
1611 2021 1621 2038 ,
1653 1999 1686 2029 in
1709 2000 1829 2039 majore
1851 1999 1882 2031 ὅ(
1906 1999 1965 2031 mi-

1101 2048 1179 2070 nore
1199 2038 1346 2079 judicio:
1377 2037 1503 2069 actione
1530 2046 1636 2071 autem
1663 2039 1804 2072 instituta
1820 2063 1830 2080 ,
1861 2040 1892 2072 id
1917 2039 1964 2072 est

1101 2080 1277 2121 postulata,
1300 2078 1363 2110 fine
1381 2079 1581 2119 expreffione
1606 2080 1672 2121 ejus
1693 2080 1865 2120 formulae,
1895 2091 1963 2114 non

1101 2122 1273 2153 remittitur
1308 2129 1365 2152 reo
1395 2120 1569 2153 neceffitas·
1589 2123 1793 2163 exceptionis
1831 2122 1962 2164 quibus-

1101 2172 1238 2203 cumque
1271 2161 1377 2193 verbis
1402 2162 1482 2202 aptis
1507 2162 1537 2193 ἃ
1564 2163 1688 2195 idoneis
1715 2165 1747 2196 in
1779 2165 1871 2196 initio
1897 2163 1962 2196 sive

1101 2203 1296 2245 postulandae
1313 2226 1322 2241 ‚
1353 2201 1416 2233 five
1438 2206 1641 2244 opponendas
1655 2228 1666 2244 ,
1699 2205 1763 2237 five
1780 2205 1963 2237 contestan-

1101 2247 1167 2284 dae,
1191 2244 1356 2285 injudicio
1377 2243 1470 2275 stricti
1494 2244 1587 2285 juris,
1611 2245 1674 2278 five
1697 2246 1763 2279 hoc
1783 2246 1821 2278 fit
1844 2247 1962 2287 majus,

1101 2286 1165 2319 sive
1186 2286 1221 2318 sit
1244 2287 1357 2317 minus.
1382 2294 1447 2325 quo
1465 2287 1568 2318 minus
1584 2288 1678 2329 igitur
1704 2298 1774 2320 reus
1791 2288 1821 2320 ἃ
1838 2289 1909 2329 post
1929 2292 1960 2320 α.

1100 2329 1120 2359 l.
1139 2339 1167 2360 2.
1192 2328 1225 2359 C.
1241 2329 1275 2358 de
1290 2327 1425 2368 pedaneis
1443 2327 1590 2369 judicibus
1607 2352 1617 2368 ,
1645 2329 1674 2360 &
1695 2329 1766 2371 post
1782 2330 1810 2360 d.
1832 2330 1853 2362 l.
1868 2340 1897 2362 2.
1925 2329 1960 2361 C.

1101 2371 1134 2401 de
1143 2370 1282 2410 formulis
1306 2367 1342 2402 {9⁹
1358 2369 1623 2410 impetrationibus,
1654 2380 1691 2402 ea
1716 2371 1899 2403 necessitate
1916 2379 1962 2403 te·

1103 2419 1213 2442 neatur
1244 2419 1284 2441 ex
1313 2409 1427 2440 Edicto
1461 2419 1620 2451 pei-petuo
1641 2434 1651 2450 ,
1688 2412 1768 2444 nihil
1799 2412 1963 2454 impedit:

1102 2462 1218 2492 nempe
1235 2475 1244 2490 ‚
1273 2459 1307 2482 ut
1331 2450 1448 2482 Praeses
1472 2453 1578 2484 audita
1604 2454 1783 2485 intentione
1797 2454 1912 2486 actoris
1931 2453 1962 2485 ὅ(

1102 2493 1355 2526 contradictione
1373 2493 1418 2523 rei
1437 2493 1605 2533 decernat,
1628 2495 1660 2525 in
1684 2495 1715 2527 id
1734 2495 1821 2536 quod
1843 2495 1963 2536 petitur

1103 2536 1133 2567 &
1160 2536 1342 2574 excipitur,
1374 2534 1582 2574 probationes
1605 2535 1645 2566 ab
1677 2543 1816 2577 utroque
1841 2536 1961 2568 adferri

1103 2577 1154 2608 vel
1172 2577 1254 2618 apud
1277 2574 1375 2615 ipsum
1393 2598 1403 2614 ,
1435 2576 1488 2607 vel
1512 2577 1596 2617 apud
1615 2576 1763 2617 Judicem
1786 2578 1826 2609 ab
1843 2587 1884 2609 eo
1910 2579 1963 2609 da-

1105 2627 1182 2650 tum.
1226 2617 1325 2659 Quod
1342 2616 1362 2647 fi
1386 2617 1509 2657 placet3
1532 2618 1704 2658 probatum
1721 2618 1785 2656 est,
1816 2618 1877 2650 effe
1895 2618 1963 2649 sub-

1105 2662 1198 2692 latam
1231 2660 1377 2689 lolemiiis
1411 2656 1559 2689 formulae
1588 2659 1877 2700 impetrationem3
1907 2659 1962 2690 sed

1107 2711 1174 2733 rem
1194 2699 1344 2731 sublatam
1363 2708 1427 2730 non
1447 2699 1518 2731 effe.
1547 2699 1653 2740 AEque
1669 2709 1792 2732 certum
1816 2700 1860 2732 est
1877 2724 1887 2739 ,
1917 2701 1964 2731 vi-

1104 2742 1201 2785 guisse
1232 2741 1443 2773 differentiam
1473 2741 1663 2781 judiciorum
1694 2743 1786 2773 bonae
1820 2741 1894 2773 fidei
1932 2743 1963 2774 <Sc

1104 2785 1199 2816 stricti
1225 2784 1298 2823 juris
1321 2782 1392 2823 post
1408 2783 1434 2812 d.
1459 2782 1479 2814 l.
1498 2793 1525 2814 2,
1552 2783 1585 2814 C.
1608 2784 1641 2813 de
1660 2785 1792 2824 pedaneis
1812 2783 1965 2824 jndicibus

1104 2835 1174 2857 nam
1194 2826 1258 2865 ejus
1276 2823 1397 2855 mentio
1415 2823 1451 2854 fit
1472 2833 1487 2855 a
1503 2824 1675 2863 justiniano
1692 2826 1722 2856 in
1750 2824 1912 2856 nannet-:tis
1932 2824 1963 2856 &

1105 2866 1249 2905 Codice,
1273 2875 1337 2896 non
1357 2866 1477 2904 dicam,
1499 2865 1597 2905 saepe,
1623 2864 1673 2897 sed
1690 2866 1796 2907 paffim
1813 2889 1821 2904 ‚
1846 2866 1876 2897 &
1890 2865 1963 2896 stul·

1106 2917 1158 2946 te,
1181 2908 1201 2940 fi
1220 2909 1269 2938 iiia
1294 2905 1472 2937 differentia
1496 2907 1562 2947 ejus
1583 2915 1675 2938 aetate
1702 2909 1799 2939 inanis
1815 2908 1843 2938 <St
1861 2906 1964 2946 super-

1105 2958 1202 2981 vacua
1231 2947 1347 2979 fuiss'et.
1399 2946 1519 2990 Quid?
1556 2950 1643 2989 quod
1675 2950 1759 2981 idem
1788 2948 1964 2988 Imperator

1104 2991 1123 3033 §
1156 2997 1205 3025 28.
1231 3000 1278 3026 29.
1308 2989 1344 3022 δέ)
1366 2998 1407 3030 30
1450 2987 1520 3030 [nst.
1542 2991 1574 3021 de
1594 2990 1750 3021 unionibus
1773 2999 1836 3021 non
1862 2989 1962 3021 modo

1110 3033 1279 3063 confirmat
1297 3040 1365 3062 eam
1389 3031 1548 3063 actionum
1571 3032 1826 3063 distinctionem:
1857 3030 1909 3061 sed
1932 3032 1963 3062 &

1106 3074 1256 3114 quasdam
1281 3071 1359 3102 facit
1381 3072 1521 3104 actiones
1547 3073 1639 3104 bonae
1664 3073 1764 3109 fidei,
1796 3079 1864 3111 quae
1888 3078 1963 3102 ante

1103 3123 1156 3146 aut
1175 3124 1239 3145 non
1256 3112 1381 3145 fuerant
1404 3115 1501 3153 tales,
1524 3122 1577 3144 aut
1595 3114 1720 3146 fuerant
1735 3112 1908 3152 ambiguae:
1931 3112 1963 3143 id

1104 3166 1182 3186 vero
1205 3157 1254 3186 cui
1281 3155 1420 3186 facimus
1445 3156 1570 3187 videtur
1588 3179 1598 3195 ‚
1626 3154 1680 3187 nifi
1700 3153 1762 3193 jam
1787 3162 1853 3185 turn
1876 3151 1964 3185 usum

1104 3196 1285 3229 habuiffet‘?

1144 3237 1200 3269 Nil
1222 3239 1310 3278 juvat
1327 3239 1427 3272 virum
1451 3238 1623 3276 eximium,
1654 3237 1744 3278 quod
1766 3236 1829 3276 ait,
1849 3245 1867 3267 a
1882 3233 1963 3308 Dilo-

1902 3284 1920 3307 c
1935 3285 1967 3307 c·
