2052 3487
355 97 434 133 Dia
483 94 792 130 Fonnons
843 103 914 128 nr
965 92 1227 131 UstJRIS.

39 191 140 225 sulere
162 193 284 222 matura
305 185 396 219 sortis
416 184 629 226 repetitione:
652 191 689 213 ac
713 179 736 212 fi
753 188 908 227 aeternum

40 239 204 265 currerent
228 227 342 266 usurae,
366 233 491 269 poterat
515 233 618 270 met-us
641 222 723 271 esse,
747 232 787 254 ne
810 222 908 254 facile

41 274 171 306 debitor
193 271 309 312 (quod
334 270 387 301 ille
410 268 493 308 apud
515 266 641 313 Livium
667 264 719 311 lib.
746 267 777 295 6.
809 274 832 296 c.
860 273 907 303 14.

41 316 177 354 clamat,
199 313 256 346 fibi
274 309 446 350 accidisse)
468 307 644 348 multiplice
664 315 726 346 Jam
744 305 829 353 sorte
853 314 908 336 ex-

41 355 164 396 soluta,
185 353 400 395 mergentibus
426 350 546 390 semper
567 348 685 379 sortem
709 345 825 393 usuris,
846 356 908 378 aere

43 398 148 429 alieno
165 397 355 428 obrueretur
376 392 513 423 foenore.
539 389 710 421 voluerunt
726 395 826 434 ‘igitur
842 388 907 419 Ve-

36 447 148 478 neres,
172 436 273 469 usuras
297 442 439 471 currere,
464 441 564 471 usque
581 432 656 462 dum
674 435 834 470 attingant
851 429 907 460 du-

42 481 130 522 plum
156 478 270 511 sortis:
300 475 412 507 deinde
435 472 603 505 consistere
619 494 628 510 ,
660 480 725 502 non
743 469 826 511 quasi
852 479 909 501 ini-

44 531 144 562 quas,
167 520 220 552 sed
237 517 318 559 quasi
339 526 400 548 non
418 514 622 546 necessarias:
646 521 702 551 ac,
724 512 744 543 si
763 512 844 543 ultra
859 511 907 542 so-

43 563 119 595 lutae
137 560 214 600 sint,
235 560 349 591 sortem
374 558 524 589 minuere.
570 554 611 586 Et
629 554 771 600 bactarte
790 552 908 584 Lucul-

42 604 128 643 lum,
151 612 224 634 cum
247 600 321 632 Afiae
347 597 488 638 praeesset
505 620 515 637 ,
550 604 749 637 pl·0vlnclam
778 594 908 642 foenore

42 654 109 684 quo
132 643 310 681 laborabat,
334 639 493 678 liberasse,
517 637 703 683 Plutarchus
719 635 838 674 refert,
861 646 908 682 ‘pi-

43 693 74 718 τα
96 685 225 717 Luculli.
249 683 397 723 idemque
419 680 581 722 AEgyptiis
600 678 711 726 sedisse
726 702 736 717 ,
761 687 801 709 ex
828 676 909 726 Dio-

44 728 124 759 doro
143 725 266 763 Siculo,
289 724 337 754 lib.
354 733 383 755 2.
407 723 553 754 observat
574 721 781 757 Sirmondus,
805 719 844 750 ad
860 719 906 749 bl·

42 768 170 800 donium
188 766 402 806 Apollinarem
419 764 471 795 lib.
483 772 512 802 4.
536 760 615 804 epist.
631 772 680 801 24.
698 762 728 793 &
742 768 817 792 aute
833 769 906 791 eum

43 809 187 849 Cuiacius
212 808 258 838 lib.
279 817 309 847 5.
335 806 454 846 Observ.
478 815 502 836 c.
521 810 571 851 38.

81 850 222 890 Duplum
246 856 370 886 autem,
391 848 479 887 quod
505 854 609 878 minus
634 843 720 892 redte
738 849 907 890 computat

44 891 86 924 V.
105 891 170 923 CL.
188 889 365 921 Gulielmus
382 888 535 926 Budaeus,
558 887 749 919 Annotatzon.
768 884 850 924 reliq.
869 885 907 914 ad

44 933 139 966 Pand.
158 939 226 974 pag.
246 941 294 963 22.
320 939 420 971 puto,
442 931 566 969 optime
588 930 815 971 interpretatur
832 925 908 956 Mo-

44 975 150 1008 linaeus
177 972 274 1005 Trahi.
292 981 432 1004 commerc.
451 970 487 1005 ὅ)
503 971 586 1011 usur.
603 979 634 1016 ⁷²:
652 978 703 1015 47.
728 967 791 998 esse
809 977 833 997 is
856 967 908 1012 au-

38 1017 120 1058 plum
144 1015 298 1046 existimat
316 1025 326 1054 3
355 1013 376 1046 fi
400 1020 529 1044 centum
549 1011 679 1042 creditis
701 1008 756 1040 sub
784 1007 881 1039 usur1s
897 1031 907 1046 ‚

44 1057 138 1089 usurae
155 1056 194 1088 ad
210 1055 358 1087 summam
376 1062 503 1086 centum
520 1051 722 1085 adscendant.
746 1050 849 1097 finge,
874 1057 909 1080 ut

45 1099 195 1137 exemplo
210 1107 275 1129 rem
288 1095 519 1129 demonstrem:
542 1101 670 1125 centum
687 1093 801 1124 crediti
816 1091 886 1137 sunt
897 1114 907 1129 ,

47 1141 77 1171 ὅ(
101 1138 252 1180 promissae
274 1138 366 1169 usurae
384 1136 577 1174 cemefimae,
605 1134 657 1165 sed
676 1143 741 1165 non
767 1132 836 1164 sunt
860 1132 907 1163 so-

46 1181 119 1213 lutae
131 1183 208 1213 iutra
223 1180 351 1220 spatium
369 1179 442 1210 οξὶο
458 1185 609 1210 annorum
626 1176 803 1222 &quatuor
819 1183 906 1205 men-

46 1222 144 1255 fium:
166 1229 294 1253 centum
312 1221 466 1251 debentur
489 1218 585 1250 usurae
607 1226 749 1261 nomme.
773 1215 907 1256 duplum

46 1264 142 1305 igitur
164 1262 284 1304 attingit
310 1261 406 1292 usura.
446 1260 554 1299 Nolo,
579 1259 643 1290 hoc
667 1258 745 1304 mihi
770 1259 904 1303 credas,

43 1306 97 1337 sed
117 1304 245 1336 Sidonio
262 1303 431 1342 Apollinari
449 1303 494 1333 lib.
506 1312 535 1342 4.
552 1299 629 1341 epist.
641 1311 690 1340 24.
715 1300 763 1330 his
781 1299 904 1337 verbis,

47 1346 140 1377 Cauta
160 1342 199 1385 est
208 1345 378 1384 foencratori
394 1342 541 1380 centesima
556 1352 629 1384 quae
641 1351 695 1382 per
711 1337 827 1380 bilustre
839 1347 906 1387 pro·

44 1385 128 1418 dubia
157 1393 263 1425 tempus
279 1409 288 1424 ,
319 1387 430 1416 modum
443 1387 533 1424 sortis
554 1385 592 1415 ad
616 1382 737 1424 duplum
767 1382 905 1428 adduxit.

42 1427 186 1459 Sidonius
204 1427 341 1458 rotundo
358 1436 490 1459 numero
508 1433 605 1456 vocat
615 1433 741 1472 tempus
757 1422 905 1462 bilustre,

42 1469 129 1508 quod
145 1468 188 1500 est
205 1468 333 1508 spatium
350 1468 424 1499 octo
440 1474 594 1500 annorum
618 1468 648 1499 ot
664 1473 802 1506 quatuor
818 1473 905 1496 men-

40 1510 115 1543 fium
127 1533 135 1548 ‚
159 1519 223 1550 quo
245 1510 344 1550 spatio
360 1509 528 1542 centesima
544 1516 648 1549 aequat
664 1509 801 1539 sortem:
823 1505 905 1544 sive,

42 1559 77 1582 ut
100 1551 244 1583 Sidonius
264 1552 307 1582 ait
323 1574 332 1589 ‚
365 1552 495 1582 modum
519 1550 610 1582 sortis
634 1550 673 1581 ad
699 1548 831 1595 duplum
853 1548 906 1578 ad-

42 1593 147 1625 ducit:
173 1599 213 1624 ut·
229 1591 352 1624 ostendi
375 1593 421 1624 lib.
440 1603 468 1624 2.
492 1602 517 1624 c.
540 1602 569 1623 2.
609 1590 719 1624 Nostri
742 1589 775 1621 id
790 1589 910 1630 duplam

41 1642 160 1665 vocant
182 1634 306 1665 alterum
329 1640 468 1672 tantum3
497 1641 594 1674 atque
616 1642 657 1664 eo
675 1631 793 1663 sortem
819 1639 910 1677 ⁰9⁸¹?

38 1676 218 1716 plectuntur
240 1675 271 1706 in
295 1675 314 1706 l.
331 1684 360 1711 9.
385 1677 425 1706 D.
449 1677 482 1706 de
504 1676 621 1714 usuris:
648 1682 742 1715 quam
767 1672 907 1719 explicui

39 1717 86 1747 lib.
112 1728 140 1749 2.
171 1727 195 1748 c.
221 1726 268 1755 1‘3.
299 1715 366 1755 Jam
397 1717 574 1748 Antoninus
596 1716 616 1746 l.
644 1724 691 1747 10.
716 1714 750 1745 C.
774 1715 833 1744 eod.
849 1718 906 1760 iit.

44 1757 177 1795 Uranie,
200 1751 302 1798 induit
315 1780 324 1795 ,
344 1764 395 1797 per
409 1763 533 1797 tempora
543 1756 659 1795 solutae
674 1765 731 1786 non
750 1753 909 1802 proficiunt

41 1808 86 1830 reo
103 1800 139 1829 acl
156 1799 236 1839 dupli
258 1800 504 1837 computationem.
549 1797 631 1828 Tunc
645 1798 720 1828 enim
734 1796 814 1826 ultra
821 1795 909 1842 sortis

42 1841 183 1881 [zinzmam
206 1839 307 1872 usurae
321 1849 378 1870 non
394 1840 556 1880 exiguntur
568 1861 577 1877 ‚
600 1839 710 1879 quoties
733 1843 852 1877 tempore
860 1839 908 1883 χο-

41 1882 161 1912 tutionis
181 1885 292 1917 summa
320 1884 476 1919 usurarum
502 1880 612 1911 excedit
638 1889 700 1910 eam
723 1883 909 1918 computatio-

41 1932 116 1954 nem.
160 1921 340 1952 Antoninus
356 1920 526 1961 significat,
550 1920 651 1951 usuras
669 1919 799 1960 duplum
824 1928 911 1959 egre-

39 1964 71 1996 di
89 1987 98 2000 ,
128 1963 213 1994 simul
240 1972 276 1993 ac
299 1962 449 1994 summam
479 1962 569 1994 sortis
594 1961 784 1999 excedunt3
813 1968 910 2001 atque

38 2005 120 2037 ultra
141 2006 224 2045 exigi
243 2013 294 2034 eas
314 2012 417 2044 negat.

80 2045 156 2077 Non
176 2054 280 2077 tamen
306 2045 337 2076 id
358 2053 424 2076 tum
441 2045 489 2084 jus
514 2043 576 2075 esse
601 2044 688 2082 vult,
711 2042 732 2074 fi
750 2051 806 2083 per
830 2048 909 2074 tem·

41 2096 120 2128 pora
141 2085 249 2118 solutae
272 2085 330 2117 sint
354 2085 473 2117 usurae:
503 2094 611 2117 verum
640 2084 661 2117 fi
685 2084 907 2116 solvendarum

41 2128 198 2160 usurarum
217 2127 333 2159 summa
352 2128 482 2165 duplum
500 2127 638 2159 excedat
661 2133 808 2173 tempore
826 2123 908 2157 solu-

41 2170 147 2202 tionis.
190 2169 252 2201 Sed
269 2178 374 2209 neque
390 2168 431 2200 fic
445 2170 548 2210 magni
568 2177 616 2199 res
635 2167 705 2198 usus
722 2167 793 2198 fuit.
815 2175 910 2207 quam

44 2211 128 2242 enim
150 2209 245 2242 facile
262 2210 367 2251 potuit
383 2220 399 2241 a
423 2211 577 2251 diligente
599 2207 804 2254 foeneratore
822 2208 909 2240 eludi

42 2252 307 2292 interpretatione
330 2252 545 2285 renovationis
560 2274 570 2290 ‚
603 2251 633 2281 &
657 2249 854 2296 necessariae,¹
877 2250 909 2282 &

41 2293 226 2324 voluntariae
245 2293 262 2325 ’ἓ
294 2300 390 2332 atque
413 2293 455 2324 ita
478 2293 531 2324 usu
556 2291 673 2324 veniss'e
689 2315 699 2331 ,
722 2292 909 2332 lntelligitut

43 2344 85 2365 ex
108 2334 231 2375 Imppp.
255 2333 410 2365 Gratiano
427 2357 437 2373 ,
469 2334 695 2367 Valentiniano
709 2357 719 2372 ,
742 2333 772 2364 ἂ
794 2331 907 2365 Theo-

45 2374 133 2407 dosio
156 2376 174 2406 l.
197 2384 222 2407 1.
247 2376 315 2407 Coa.
344 2375 443 2405 Theon.
473 2377 506 2406 de
528 2377 622 2414 usuris
643 2375 849 2416 reijudicatae,
874 2376 906 2407 in

45 2425 106 2455 qua
122 2416 164 2448 sic
179 2417 284 2457 ajunt,
308 2415 555 2458 Distinguendum
575 2425 642 2448 vero
661 2417 711 2447 hoc
752 2425 843 2457 uoque
858 2427 906 2448 ar-

44 2459 144 2489 bitrati
154 2458 274 2496 sumus,
296 2464 329 2489 ut
339 2456 369 2495 fi
383 2457 548 2489 contrastus
564 2459 652 2489 debiti
672 2467 709 2489 ex
717 2425 907 2499 ssipulatione

46 2500 211 2537 descendit,
241 2499 278 2534 &³
302 2500 369 2539 casu
393 2500 483 2539 usurae
506 2507 559 2540 per
589 2509 732 2530 annorum
760 2500 908 2531 curricula

37 2540 179 2579 summam
199 2542 302 2581 capitis
325 2539 503 2581 impleverint
525 2541 676 2581 (scilicet,
699 2547 733 2571 ut
756 2542 908 2582 quantitas

47 2580 125 2613 sortis
140 2583 300 2622 quantitati
316 2583 441 2621 foenoris
456 2582 646 2624 adaequetur)
664 2580 725 2623 1>⁰fl
733 2583 908 2621 sententiam

50 2620 141 2658 usurae
163 2623 286 2663 duplices
307 2633 363 2655 non
387 2624 540 2665 utriusque
569 2625 656 2655 debiti
685 2629 831 2663 currant,
855 2624 908 2663 secl

51 2663 148 2698 capitis
169 2666 279 2703 quidem
304 2666 412 2705 duplae,
437 2668 588 2704 usurarum
610 2674 676 2696 vero
684 2663 803 2706 fimplae.
845 2665 909 2696 Sed

53 2710 118 2730 non
136 2709 254 2735 tantum
277 2705 486 2746 Imperatores
507 2706 570 2738 hoc
584 2707 738 2747 probant,
764 2706 816 2737 sed
837 2707 909 2737 Am-

53 2741 172 2774 brosius
186 2753 322 2783 quoque.
346 2747 440 2778 verba
458 2747 631 2787 Ambrosii,
654 2747 702 2778 De
718 2747 804 2778 Tobia
820 2757 846 2778 c.
865 2756 911 2787 13.

55 2782 123 2813 haec
139 2783 216 2815 sunt.
250 2786 350 2819 Multa
358 2789 437 2828 sunt
452 2790 615 2821 animantia
630 2799 691 2830 quae
706 2790 762 2820 cito
774 2798 913 2830 generare

1278 95 1381 130 Ltn.
1415 94 1490 130 111.
1754 108 1820 135 221

950 182 1095 222 incipiunt
1114 205 1123 221 ,
1150 183 1199 219 sed
1224 185 1279 215 cito
1300 185 1387 216 etiam
1410 180 1550 228 generare
1575 183 1722 227 desistunt.
1753 187 1822 219 Sors

950 225 1005 254 cito
1017 229 1157 264 generat,
1167 223 1204 258 ὅ)
1219 235 1372 268 nunquam
1388 226 1508 265 desinit:
1518 228 1572 258 imo
1587 237 1653 258 cuin
1670 230 1821 261 exordium

950 265 1093 304 crescendi
1115 269 1272 306 acceperit,
1294 270 1326 298 in
1353 267 1505 308 infinitum
1527 270 1657 301 extendit
1683 280 1821 312 augmen-

950 311 1023 336 tum.
1047 315 1126 337 omne
1142 308 1242 338 deinde
1257 310 1332 350 quod
1348 310 1464 350 crefitit,
1487 320 1552 342 cum
1579 312 1617 342 ad
1637 312 1821 353 naturoesuoe

943 347 1073 388 formam
1082 353 1168 388 atque
1177 352 1335 389 mensuram
1350 353 1636 394 magnitudinemque
1646 356 1801 394 perveniat
1809 376 1821 393 ‚

949 394 1038 420 vacat
1053 390 1244 423 incremento:
1261 393 1312 429 secl
1323 392 1535 430 faeneratorum
1555 397 1680 434 pecunia
1701 401 1822 437 tempore

941 430 1055 471 semper
1075 438 1218 471 augetur,
1242 432 1279 467 &3⁹
1304 434 1385 466 ultra
1393 435 1524 475 formant
1546 441 1683 467 materna
1698 437 1822 475 fiirtisse

951 472 1125 511 extendens,
1154 475 1267 505 modum
1291 485 1349 506 non
1374 481 1459 507 tenet.
1484 476 1628 521 Pleraque
1647 479 1734 509 etiam
1757 480 1823 510 ani-

951 514 1115 552 mantium,
1139 524 1202 545 cum
1218 519 1352 556 coeperint
1370 527 1403 548 ea
1421 528 1484 559 quae
1498 527 1535 548 ex
1549 518 1593 549 his
1610 525 1674 551 orta
1680 520 1756 561 sunt
1770 529 1822 563 ge-

950 563 1051 584 nerare
1067 577 1076 593 ‚
1102 561 1242 597 tanquam
1261 557 1363 598 effoetis
1386 560 1500 590 viribus
1523 560 1608 598 usum
1627 562 1822 602 generationis

951 596 1111 627 amittunt:
1124 597 1190 637 sors
1200 604 1295 629 autem
1304 600 1429 638 faenoris
1446 610 1512 631 cum
1523 601 1616 640 fuerit
1633 605 1821 643 crescentibus

951 644 1103 678 exaquata
1122 638 1297 678 centefimis,
1315 640 1352 674 ὅ)
1367 640 1540 683 vetustatem
1554 643 1602 683 sui
1619 651 1759 684 renovat,
1783 643 1820 679 ἐξ

949 685 1056 718 partus
1070 679 1181 719 solutos
1203 680 1388 722 adjunftione
1409 683 1589 724 multiplicat.
1616 684 1668 716 Sic
1683 687 1821 718 Ambro-

950 719 1019 751 sius.
1044 721 1140 752 etiam
1164 721 1313 761 Basilius,
1344 723 1454 755 Homil.
1478 725 1520 757 in.
1544 725 1652 766 Psalm.
1681 736 1726 767 14.
1748 734 1817 768 pag.

953 769 1021 802 139.
1047 768 1112 793 tom.
1140 771 1165 793 1.
1189 764 1324 803 Semina,
1349 766 1517 806 inquiens,
1541 769 1636 799 omnia
1644 768 1700 807 suo
1716 775 1821 809 tempo-

949 812 980 832 re
989 806 1152 842 nascuntur
1161 827 1170 842 ,
1181 805 1321 837 animalia
1334 816 1444 849 quoque
1455 814 1576 849 tempore
1587 808 1748 849 praellituto
1751 812 1822 851 suos

948 845 1037 874 edunt
1047 844 1150 882 faetus.
1175 845 1278 878 Funus
1301 857 1365 879 vero
1391 851 1471 880 hodie
1494 851 1644 890 nascitur,
1667 851 1747 883 hodie
1765 858 1821 892 pa·

949 894 1010 916 rere
1028 886 1140 926 incipit.
1163 887 1316 920 Animalia
1335 891 1401 921 item
1417 900 1479 932 quae
1500 893 1555 922 cito
1583 895 1706 932 pariunt
1725 916 1735 931 ‚
1765 895 1821 924 cito

949 927 1036 957 etiam
1052 937 1071 957 a
1081 933 1174 967 partu
1195 928 1339 970 defisiunt.
1364 931 1500 963 Pecunioe
1514 942 1581 964 vero
1597 944 1662 965 cum
1680 936 1823 966 aviditate

945 968 1013 1008 plus
1031 978 1108 1009 aequo
1135 969 1256 1002 habendi
1277 971 1420 1004 volucrem
1450 974 1570 1005 trabant
1594 977 1751 1018 originem,
1775 976 1822 1007 in-

944 1009 1068 1049 finitam
1085 1009 1264 1050 acceffionem
1286 1018 1366 1044 tanto
1376 1016 1613 1056 progredienturn
1635 1018 1757 1049 ulterius
1779 1026 1823 1048 re-

950 1052 1074 1092 cipiunt.
1095 1051 1331 1094 Unumquodque
1347 1056 1549 1095 crescentium,
1573 1059 1622 1089 ubi
1635 1060 1673 1090 ad
1684 1057 1769 1100 justet
1780 1057 1824 1096 fi-

950 1093 1034 1133 bique
1056 1095 1253 1124 convenientis
1269 1093 1393 1136 statura
1414 1100 1646 1138 magnitudinem
1665 1103 1822 1141 pervenit,

951 1133 1054 1171 definit
1079 1136 1204 1176 augeri:
1233 1143 1388 1178 argentum
1410 1148 1477 1170 vero
1500 1143 1588 1171 avari
1603 1145 1680 1172 omni
1702 1149 1822 1183 tempore

950 1176 1090 1216 augescit.
1115 1177 1268 1208 Animalia
1291 1179 1341 1209 ubi
1349 1182 1412 1219 Juce
1419 1181 1510 1220 soboli
1533 1180 1671 1221 cefferunt
1687 1183 1822 1223 pariendi

949 1218 1046 1255 vices,
1070 1226 1128 1248 non
1139 1219 1204 1259 jam
1219 1218 1343 1250 ulterius
1359 1222 1608 1262 impraegnantur:
1625 1224 1737 1261 faenori
1759 1231 1825 1256 tra-

948 1259 1078 1289 dentium
1088 1260 1217 1299 pecunia>
1234 1259 1270 1294 ὅ)
1285 1270 1348 1301 quce
1353 1262 1558 1302 succreverint
1567 1262 1673 1304 statim
1675 1268 1822 1306 pariunt,

947 1305 1109 1341 veteresque
1129 1307 1319 1333 renovantur.

991 1342 1112 1373 Praeter
1131 1344 1339 1375 novationem
1363 1342 1426 1375 fuit
1442 1344 1473 1377 &
1498 1345 1557 1377 alia
1581 1346 1666 1378 ratio
1688 1348 1824 1381 circum-

949 1383 1098 1414 veniendi
1125 1383 1215 1423 huius
1232 1385 1309 1425 juris
1325 1394 1383 1426 per
1400 1387 1512 1427 pignus
1536 1388 1690 1421 creditori
1713 1390 1823 1423 datum

948 1424 980 1455 in
1005 1424 1204 1457 securitatem
1224 1426 1336 1458 debiti.
1361 1435 1433 1459 nam
1451 1436 1517 1460 tum
1537 1429 1656 1461 licebat
1671 1431 1700 1463 ei
1717 1432 1823 1464 usuras

949 1466 1080 1507 exigere
1089 1466 1171 1498 ultra
1187 1467 1337 1508 duplum:
1353 1469 1425 1509 quia
1442 1477 1476 1500 ut
1491 1479 1557 1502 non
1576 1470 1710 1505 haberet
1725 1473 1825 1505 actio-

949 1514 1023 1539 nem
1047 1507 1128 1539 ultra
1152 1509 1306 1549 duplum;
1329 1517 1435 1542 tamen
1463 1510 1484 1543 fi
1503 1511 1617 1553 pignus
1640 1522 1700 1554 pro
1725 1514 1823 1547 usuris

952 1549 1129 1590 obligatum
1146 1549 1222 1581 esset
1234 1574 1244 1590 ‚
1269 1549 1409 1582 habebat
1426 1555 1642 1586 retentionem
1661 1578 1671 1594 ,
1694 1557 1826 1595 permit·

952 1591 1095 1622 tentibus
1105 1592 1295 1632 quibusdam
1314 1593 1478 1625 veteribus
1502 1594 1636 1635 legibus,
1682 1595 1744 1628 Sed
1759 1597 1824 1629 hoc

951 1640 1025 1663 curn
1035 1632 1142 1664 durius
1153 1633 1316 1666 videretur
1324 1632 1517 1674 Justiniano‚
1531 1636 1562 1668 ὅτ,
1578 1637 1617 1669 ad
1634 1637 1826 1672 eludendam

949 1673 1025 1714 iuris
1049 1673 1280 1715 benignitatem
1305 1677 1486 1717 pertinere3
1509 1678 1636 1719 vetuit,
1659 1678 1763 1713 usuras
1780 1681 1826 1713 ul-

951 1723 998 1746 tra
1023 1715 1152 1757 duplum
1178 1717 1383 1757 procedere:
1422 1727 1489 1750 non
1520 1720 1620 1752 modo
1643 1719 1664 1752 fi
1689 1722 1824 1762 pignora

951 1756 1056 1795 nulla,
1082 1757 1134 1788 sed
1151 1759 1247 1790 etiam
1265 1758 1287 1790 si
1303 1759 1428 1801 aliqua,
1451 1761 1605 1794 creditori
1630 1762 1702 1794 data
1726 1762 1786 1795 fint
1801 1763 1824 1797 l.

952 1807 1002 1838 27.
1028 1797 1057 1838 §.
1076 1807 1101 1829 1.
1126 1798 1159 1829 C.
1183 1800 1216 1829 de
1231 1799 1335 1838 usuris.

992 1839 1136 1878 Amplius
1153 1839 1318 1871 constituit
1334 1840 1520 1880 justinianus
1546 1843 1665 1875 Novell.
1692 1854 1759 1878 121.
1785 1845 1823 1881 ὅ)

956 1884 1022 1919 138.
1047 1888 1081 1910 ut
1106 1880 1201 1912 etiam
1220 1882 1367 1913 minutim
1384 1883 1414 1914 &
1431 1893 1487 1924 per
1509 1885 1676 1917 intervalla
1692 1886 1823 1928 solutae,

953 1929 1026 1951 cum
1044 1921 1144 1962 duplo
1161 1922 1463 1963 compensarentur:
1488 1925 1544 1958 etsi
1553 1936 1617 1958 non
1637 1928 1746 1968 utique
1756 1929 1823 1960 uni·

953 1961 1046 1993 versae
1057 1962 1144 1993 simul
1155 1962 1363 1997 solverentur.
1379 1975 1517 2008 nempe,
1539 1977 1579 1999 ne
1590 1969 1731 2001 melioris
1745 1979 1823 2002 con-

952 2003 1083 2034 ditionis
1114 2003 1203 2035 foret
1233 2005 1361 2037 debitor
1390 2016 1524 2049 propter
1554 2008 1791 2042 frustrationem
1809 2034 1821 2050 ,

952 2053 1047 2116 quam
1063 2044 1084 2076 fi
1102 2044 1205 2077 usuras
1229 2045 1285 2078 suo
1305 2055 1453 2090 tempore
1469 2059 1509 2082 ex
1527 2049 1591 2082 fide
1608 2050 1755 2084 solvisset.
1778 2051 1822 2084 fic

951 2095 983 2117 m
999 2095 1018 2116 u
1035 2095 1108 2118 uris.
1633 2117 1636 2120 ⁴

992 2128 1034 2159 At
1049 2126 1070 2159 si
1087 2137 1156 2169 quae
1175 2132 1272 2171 magis
1288 2131 1325 2162 ad
1344 2140 1482 2164 annuum
1500 2133 1638 2165 reditum
1650 2143 1763 2175 ,quam
1781 2137 1821 2169 ad

952 2166 1094 2208 usuram,
1117 2172 1290 2204 accedant:
1315 2173 1344 2203 in
1370 2172 1417 2204 his
1435 2174 1539 2206 noluit
1554 2174 1741 2214 justinianus
1764 2178 1823 2210 du-

953 2210 995 2250 pli
1014 2213 1291 2251 computationem
1309 2213 1469 2246 observari
1479 2215 1597 2247 Novell.
1614 2220 1680 2249 160.
1703 2227 1822 2260 propo·

951 2252 1036 2283 nitur
1052 2259 1159 2284 autem
1183 2255 1211 2285 ei
1236 2254 1266 2285 in
1288 2255 1459 2295 praefatione
1481 2257 1609 2297 quidam
1631 2267 1742 2292 eorum
1768 2261 1823 2302 qui

950 2293 983 2324 in
992 2294 1155 2334 republica
1164 2295 1449 2336 Aphrodisiensium
1460 2307 1531 2329 cum
1542 2299 1701 2339 potestate
1710 2310 1800 2334 erant
1808 2325 1821 2341 ,

950 2336 1015 2366 auri
1038 2335 1189 2368 summam
1207 2345 1276 2377 quae
1294 2338 1417 2370 civitati
1441 2339 1549 2371 relicta
1570 2348 1656 2378 erat,
1680 2342 1822 2374 colloca-

950 2375 1043 2407 visse:
1067 2386 1103 2409 ea
1119 2377 1209 2418 lege,
1233 2387 1267 2410 ut
1282 2381 1475 2419 quamdiuid
1492 2381 1558 2412 auri
1576 2380 1727 2413 resideret
1736 2384 1820 2424 apud

950 2427 1023 2449 eum
1039 2419 1092 2459 qui
1109 2418 1308 2460 suscepisset,
1333 2422 1452 2452 tamdiu
1468 2422 1493 2452 is
1509 2430 1644 2463 quoquo
1654 2432 1738 2455 anno
1758 2434 1819 2466 pro

950 2468 990 2490 co
1006 2460 1130 2491 civitati
1147 2462 1362 2501 dependeret,
1378 2470 1532 2502 quantum
1548 2462 1633 2495 ferre
1655 2465 1821 2500 civitatem

950 2509 1076 2540 aequum
1092 2501 1178 2533 esset.
1191 2503 1281 2533 vides
1301 2503 1439 2543 speciem
1450 2527 1459 2542 ‚
1470 2504 1500 2535 in
1519 2513 1620 2544 eaque
1636 2504 1820 2541 foenusfive

950 2541 1089 2574 usuram:
1112 2542 1133 2574 fi
1151 2553 1225 2574 vera
1244 2543 1395 2576 sectamur
1421 2545 1588 2577 vocabula.
1631 2555 1664 2578 at
1679 2547 1821 2587 Justinia-

951 2592 1008 2614 nus
1030 2584 1166 2615 reditum
1184 2584 1246 2616 esse
1263 2585 1305 2616 ait
1321 2594 1382 2626 cap.
1409 2595 1434 2618 1.
1459 2595 1494 2618 ut
1513 2586 1567 2619 sub
1584 2587 1697 2620 colore
1721 2597 1820 2632 atque

951 2625 1088 2665 imagine
1105 2626 1224 2657 reditus
1239 2627 1362 2658 civitati
1378 2627 1559 2660 consuleret
1567 2629 1713 2661 adversus
1732 2632 1819 2673 leges

952 2664 1036 2697 suas:
1061 2666 1174 2706 quibus
1191 2675 1354 2706 vetuerat,
1380 2669 1482 2702 usuras
1495 2671 1655 2702 excedere
1672 2672 1817 2713 duplum.

954 2707 1089 2738 mutavit
1114 2708 1208 2748 igitur
1239 2709 1298 2740 hac
1323 2711 1353 2740 in
1375 2709 1503 2750 specie,
1542 2710 1656 2743 favore
1679 2715 1818 2746 civitatis

953 2748 1261 2819 Aghs9diste¹¹fi¹¹m³
1281 2750 1329 2791 jus
1346 2753 1503 2785 anterius:
1526 2753 1583 2786 etsi
1596 2754 1700 2795 palam
1714 2756 1819 2788 noluit

954 2798 986 2820 Vl
1012 2798 1056 2820 erl
1073 2797 1206 2822 mutare.
1326 2802 1329 2805 “

703 2898 1157 2948 FINIS.

1105 3236 1132 3268 E
1157 3248 1215 3279 es
1624 3243 1812 3279 BREVIS
