2036 3495
165 87 187 125 13
193 80 238 116 26

167 167 374 200 subtilitatem
400 160 659 203 respicientium:
688 157 820 189 rationis
843 156 888 188 est
903 180 913 194 ‚
945 157 1034 195 quod

169 208 285 240 Paulus
300 209 343 239 ait
358 207 386 237 d.
403 206 423 235 l.
441 214 470 242 4.
489 202 531 233 D.
548 203 581 232 de
600 198 779 240 asarsusim,
803 196 1034 229 usumfructum

167 251 201 282 in
218 249 324 281 multis
339 245 457 278 cafibus
474 251 598 284 partem
615 240 747 272 dominii
766 239 887 270 haberi.

208 290 251 322 At
272 297 336 320 non
353 294 386 318 ut
403 283 595 316 ususfructus
612 281 764 319 dominii,
787 280 828 311 sic
852 280 923 311 vice
946 277 1034 311 versa

168 330 345 363 dominium
362 325 557 362 ususfructus
573 324 704 355 nomine
721 321 875 353 censetur.
897 321 1035 352 credidit

167 372 296 411 quidem
323 365 507 404 Accurfius,
530 366 595 396 hoe
617 365 809 404 contingere
834 362 918 403 apud
940 362 1034 394 Pom·

166 412 300 452 ponium
320 409 383 440 inl.
405 417 451 445 19.
468 407 513 438 D.
538 409 570 437 de
585 404 760 445 usufruitm
785 404 974 444 multisque,
1001 410 1035 434 ut

165 454 249 484 idem
277 450 447 488 sentirent,
469 448 579 480 auctor
601 447 672 478 fuit.
704 446 755 477 sed
773 446 848 477 mihi
870 454 974 476 errare
991 446 1035 475 vi-

165 495 259 524 detur
284 491 469 529 Accurfius3
497 491 526 521 &
540 489 624 520 aliud
640 487 799 528 indigitari
815 496 832 518 a
850 485 1034 526 Pomponio

164 536 193 565 d.
217 534 236 564 l.
261 532 283 565 fi
309 532 442 564 consilio
466 537 663 571 temperetur
686 531 753 568 ejus
777 527 976 559 intellectus:
1002 534 1036 557 ut

163 575 221 607 fiet
239 574 320 606 infra
338 575 445 614 capite
461 573 566 614 primo
584 571 655 603 libri
679 569 819 601 secundi.
862 569 979 600 Attulit
994 575 1036 599 ta-

162 625 236 648 men
263 625 322 657 pro
346 615 397 647 sua
421 614 573 646 sententia
596 611 762 643 Accutfius
788 617 941 651 praeterea
966 609 1036 640 haee

161 657 319 689 Marciani
347 657 443 688 verba
467 665 507 687 ex
533 655 552 685 l.
577 654 632 685 ult.
651 653 693 684 D.
709 654 742 683 tle
760 650 918 691 usufrustu
936 660 1036 681 earum

163 708 271 731 rerum.
317 698 390 730 Cam
403 698 527 738 pecunia
543 700 605 726 erat
623 693 724 725 reliiia
741 693 816 724 Titio
833 694 894 730 ita,
912 700 945 723 ut
964 690 1039 732 post.

162 749 302 773 mortem
319 739 459 780 legatarii
476 738 515 769 ad
530 736 686 767 Maevium
703 735 839 766 rediret:
858 743 1036 775 quamquam

161 781 403 823 adscriptumfit,
428 787 461 810 ut
486 777 572 810 usum
590 778 654 818 ejus
672 775 779 807 Titius
797 775 949 812 haberet,
967 781 1034 815 pro-

157 826 313 866 prietatem
331 830 425 854 tamen
441 821 467 851 ei
487 820 629 861 legatam:
653 817 689 853 δέ’
706 818 774 852 usm
796 818 966 848 mentionem
982 815 1036 855 fa-

161 865 256 904 biam,
279 865 349 906 quia
371 869 432 894 erat
457 860 634 901 restituenda
657 861 693 891 ab
707 869 735 889 eo
748 860 873 900 pecunia
885 855 948 898 post
963 866 1035 888 mor·

163 915 218 938 tem
243 907 305 948 ejus
332 904 411 936 Divi
435 903 561 935 Severus
581 902 617 937 ἐξ
634 901 804 933 Antoninus
820 899 1033 939 rescripserunt.

163 949 270 988 AEque
287 946 469 979 infeliciter.
488 944 638 976 nimirum
657 942 850 983 proponitur
862 941 963 980 legata
980 948 1033 979 pe-

161 991 253 1022 cunia
265 1011 275 1027 ,
300 989 343 1020 ita
361 995 395 1018 ut
409 985 480 1028 post
495 993 634 1018 mortem
656 983 797 1024 legatarii
821 982 860 1014 ad
875 981 1032 1013 Maevium

135 1050 137 1055 ν
162 1031 293 1063 rediret.
333 1028 476 1070 pecuniae
501 1037 580 1059 vero
605 1026 821 1067 appellatione
845 1024 1032 1054 continetur

163 1073 362 1114 proprietas:
384 1070 462 1106 stcut
485 1069 550 1107 rei,
573 1067 685 1107 fundi,
710 1066 842 1104 domus,
859 1064 957 1110 servi,
973 1073 1031 1096 no-

164 1114 250 1146 mine
265 1113 443 1154 proprietas
460 1111 653 1149 indigitatur.
685 1117 750 1140 non
775 1106 820 1138 est
837 1107 933 1147 igitur
950 1106 1033 1146 lega-

163 1163 214 1187 tus
232 1156 375 1196 pecuniae
393 1152 605 1185 ususfructus:
630 1149 682 1182 sed
700 1150 801 1190 legata
819 1148 864 1180 est
881 1149 1033 1187 pecunia:

162 1196 196 1229 id
213 1196 277 1235 est,
291 1195 435 1236 pecuniae
451 1193 648 1235 proprietas,
664 1200 736 1222 cum
753 1198 852 1221 onere
867 1188 1035 1220 fideicom-

161 1238 251 1270 miffi.
283 1238 442 1277 adjecerat
466 1235 597 1275 quidem
623 1231 773 1270 testator,
794 1239 829 1262 ut
853 1230 920 1270 ejus
947 1228 1033 1261 usum

162 1279 297 1311 haberet
320 1278 487 1318 legatarius
505 1273 624 1306 Titius.
657 1273 708 1305 sed
725 1272 853 1305 interim
868 1271 986 1316 legavit
1004 1271 1033 1302 ei

161 1321 405 1362 proprietatem.
424 1318 506 1350 &ait
517 1316 717 1354 Marcianus,
733 1315 830 1345 etiam
842 1313 907 1344 hoc
924 1313 1032 1344 relcri-

161 1361 250 1403 pfiffe
274 1360 378 1392 Divos
401 1359 553 1390 Severum
570 1357 599 1388 &
623 1356 843 1393 Antoninum;
866 1352 937 1385 usus
953 1362 1032 1384 vcro

161 1403 361 1435 mentionem
385 1399 502 1432 factam
520 1399 615 1430 ideo:
639 1398 712 1438 quia
733 1395 924 1428 restituenda
947 1404 963 1425 a
989 1395 1031 1426 le-

160 1445 283 1486 gatario
301 1451 369 1475 erat
385 1442 520 1483 pecunia
537 1438 607 1480 post
625 1446 762 1470 mortem
787 1437 863 1476 ejus.
894 1444 964 1475 quae
982 1445 1032 1466 res

162 1485 218 1517 etfi
236 1495 300 1517 non
317 1483 393 1515 esset
409 1481 601 1514 ususfructus
612 1502 622 1518 ,
633 1487 739 1510 tamen
756 1477 895 1509 habebat
910 1479 1033 1507 exitum

160 1525 341 1558 usuifructui
358 1532 422 1555 non
440 1521 628 1554 diffimilem.
664 1519 739 1551 Non
756 1520 852 1560 igitur
866 1518 955 1558 juvat
971 1518 1030 1548 Ac·

162 1565 295 1599 curfium
314 1564 508 1596 Marcianus.
532 1560 606 1593 Nec
622 1563 718 1602 magis
727 1560 870 1593 Scaevola
887 1559 906 1590 l.
920 1568 965 1599 15.
989 1558 1029 1590 D.

161 1610 195 1640 de
210 1617 300 1645 auro,
322 1611 460 1648 argento,
484 1604 601 1635 mando.
638 1602 746 1634 verba.
783 1602 894 1642 Species
909 1601 978 1632 auri
992 1600 1029 1635 ἑὸ)

159 1650 274 1691 argenti
297 1648 368 1689 Sejoe
388 1647 517 1688 legavit,
542 1645 578 1680 ὅ)
594 1645 638 1680 vab
661 1653 693 1676 ea
709 1644 791 1685 petiit
806 1645 837 1674 in
853 1643 909 1673 baec
926 1643 1024 1674 verba.

157 1692 184 1722 A
206 1698 256 1729 te,
273 1689 363 1729 Seja,
381 1697 459 1729 peto
471 1711 480 1726 ,
504 1695 538 1718 ut
556 1686 712 1726 quidquid
729 1685 784 1716 tibi
804 1683 979 1724 specialiter
996 1684 1028 1715 in

154 1740 232 1764 auro
247 1755 259 1772 ,
289 1738 423 1773 argento
439 1752 450 1769 ‚
474 1728 596 1770 legavi,
619 1727 652 1760 id
677 1736 750 1759 cum
774 1726 936 1764 morieris,
959 1725 1027 1757 red-

884 1837 1096 1873 CAP‘UT

763 69 1075 105 GERARDI

1132 66 1366 108 Noon‘r

1077 157 1150 196 das,
1173 156 1317 189 restituas
1335 156 1379 190 illi
1396 155 1485 189 &illi
1503 156 1606 189 vernis
1629 157 1726 191 meist
1749 164 1878 202 quarum
1896 168 1953 198 re·-

1077 208 1146 230 rum
1163 198 1350 230 ususfructus
1363 222 1373 237 ‚
1390 199 1464 230 dum
1481 198 1570 230 vives
1581 220 1592 237 ,
1614 199 1830 235 tibivsufficiet.
1845 193 1942 251 Qyoess

1069 237 1165 278 fitam
1178 238 1235 280 est,
1257 250 1296 270 an
1321 239 1505 280 ususfruitus
1522 241 1588 271 auri
1603 239 1639 277 &⁹
1652 244 1768 281 argenti
1775 244 1853 281 solus
1867 250 1944 288 lega-

1077 283 1159 313 tarioe
1183 280 1339 312 debeatur?
1361 281 1537 322 Respondit,
1560 283 1655 313 verbis
1679 292 1741 324 quea
1755 291 1944 324 proponerem

1077 327 1146 361 tur,
1163 323 1367 363 proprietatem
1383 322 1506 364 legatam
1517 346 1526 361 ,
1544 323 1640 354 addito
1656 333 1737 356 onere
1745 324 1945 365 fideicommis-

1069 362 1109 401 [ἱ.
1133 363 1186 395 Sic
1201 364 1361 395 Scaevola:
1379 364 1544 399 veriffime.
1565 373 1636 396 narn
1654 365 1766 406 legatis
1781 366 1945 408 speciebus

1077 406 1143 436 auri
1161 405 1191 437 &
1207 405 1348 446 argenti,
1372 406 1475 446 legata
1493 404 1538 437 est
1555 405 1731 446 specierum
1747 410 1943 449 proprietas:

1077 445 1129 492 sed
1146 446 1255 488 (quod
1273 456 1312 478 ex
1330 447 1535 492 sequentibus
1551 448 1656 479 verbis
1673 449 1881 492 intelligitur)
1897 461 1946 484 re·

1075 486 1232 534 stituenda
1250 497 1353 518 vernis
1372 498 1413 519 ex
1431 489 1520 520 causa
1537 487 1779 522 fideicommiffi.
1812 491 1842 523 &
1859 490 1946 533 quod

1077 529 1221 568 additur,
1237 538 1364 570 quarum
1379 538 1475 561 rerum
1490 530 1690 570 ususfruiluL
1707 533 1776 563 dum
1792 535 1876 564 vives
1892 534 1945 565 tibi

1068 568 1214 610 sufficiet,
1232 580 1295 601 non
1306 571 1344 601 ad
1360 569 1496 603 formam
1511 572 1586 612 juris
1603 571 1738 612 spectat:
1754 574 1844 606 aliter
1860 577 1945 607 enim

1078 610 1155 658 ease
1175 611 1271 642 habet
1282 635 1291 648 ,
1309 619 1343 643 ut
1358 611 1500 644 Scaevola
1516 612 1683 645 observat:
1699 613 1751 646 sed
1769 616 1807 647 ad
1823 617 1945 649 exitum

1078 662 1142 699 re15
1166 652 1247 690 five,
1270 654 1309 683 ad
1330 651 1481 686 effectum
1504 654 1704 686 restituendae
1721 658 1945 696 proprietatis:

1077 702 1113 725 ut
1129 703 1159 725 in
1175 695 1204 725 d.
1222 693 1312 740 μαι-ε.
1332 693 1368 727 &²
1386 694 1403 740 l.
1423 704 1473 735 34.
1494 694 1523 736 §.
1541 695 1596 728 ult.
1614 695 1656 728 D.
1673 698 1706 728 dc
1721 698 1824 738 legatis
1845 699 1892 730 lib.
1913 710 1946 732 2.

1120 734 1204 781 Quae
1225 736 1291 766 dixi
1308 757 1319 773 ,
1342 734 1412 766 satis
1436 745 1478 767 ex
1503 737 1657 769 sententia
1681 737 1769 778 sunt,
1793 748 1948 780 quantum

1078 783 1193 808 attinet
1208 777 1245 807 ad
1265 785 1331 807 rem
1355 775 1567 810 fructuariam.
1603 778 1656 811 sed
1679 778 1885 820 separandum
1906 779 1946 813 ab

1078 818 1138 849 hac
1162 827 1196 849 re
1218 816 1263 848 est
1284 817 1332 857 jus
1355 826 1390 848 ea
1413 819 1522 850 utendi
1540 819 1686 859 fruendi,
1703 822 1790 861 quod
1809 822 1948 862 appella-

1078 868 1147 891 mus
1168 857 1408 904 usumsruCturn.
1437 858 1528 899 hujus
1547 861 1630 892 enim
1656 861 1731 901 juris
1749 863 1824 902 quin
1849 865 1948 897 ‹iomi-¹

1077 910 1135 932 nus
1156 899 1193 932 fit
1219 899 1428 940 fructuarius,
1454 901 1593 932 dubitari
1612 911 1677 934 non
1704 901 1774 934 finit
1792 902 1947 944 Ulpianus

1075 942 1094 973 l.
1118 946 1146 975 8.
1158 941 1208 988 .D·
1224 943 1257 972 de
1271 942 1354 972 rebus
1377 940 1551 974 auctoritate
1560 943 1672 984 judicis
1682 943 1873 984 pofficlendis,
1896 946 1946 978 his

1077 984 1194 1015 verbis.
1239 983 1275 1014 ln
1292 983 1486 1014 venditionem
1503 984 1639 1015 bonorum
1654 986 1743 1016 etiam
1760 985 1946 1026 ujus-fruitus

1074 1026 1193 1057 veniat:
1217 1025 1287 1066 quia
1305 1023 1491 1064 appellatione
1512 1026 1621 1056 domini
1629 1025 1820 1066 fructuarius
1837 1029 1946 1070 quoqne

1075 1067 1267 1113 continetur..
1293 1064 1423 1105 Nempe
1444 1065 1548 1106 (dabo
1572 1068 1657 1099 enim
1682 1065 1822 1109 Ulpiano
1843 1071 1948 1103 lucem

1075 1117 1168 1152 quam
1183 1107 1292 1140 nescio
1310 1116 1349 1138 an
1365 1107 1512 1139 dederint
1528 1108 1599 1145 alii)
1624 1109 1748 1140 dixerat
1772 1109 1893 1143 Praetor
1915 1113 1948 1144 in

1076 1148 1213 1195 Edicto,
1224 1147 1373 1189 juffurum
1391 1147 1438 1187 se,
1452 1149 1599 1189 poffideri
1618 1150 1777 1191 vendique
1793 1151 1878 1184 bona
1894 1153 1948 1184 de-

1077 1190 1208 1229 bitoris,
1229 1189 1437 1222 fraudationis
1452 1189 1541 1221 causa
1557 1191 1708 1223 latitantis
1724 1192 1742 1224 l.
1762 1203 1789 1232 7.
1808 1193 1837 1234 §.
1858 1203 1884 1227 1.
1902 1193 1946 1227 Da

1078 1231 1195 1275 Quibus
1217 1241 1254 1262 ex
1277 1230 1369 1269 causis
1390 1232 1421 1261 in
1431 1230 1621 1272 poffffrtnem
1637 1239 1731 1265 eatur.
1756 1234 1830 1266 inde
1849 1235 1946 1275 quaeri

1076 1280 1205 1313 poterat
1223 1295 1233 1312 ,
1269 1274 1343 1312 quid
1374 1273 1510 1303 honorum
1533 1274 1749 1314 appellatione
1777 1275 1808 1307 in
1833 1275 1948 1309 Edicto

1075 1314 1322 1346 contineretur?
1337 1314 1378 1345 ait
1391 1312 1565 1353 Ulpianus,
1581 1324 1645 1346 non
1664 1323 1786 1348 tantum
1803 1319 1947 1358 proprie-

1076 1362 1173 1387 tatem
1199 1355 1354 1387 debitoris
1375 1355 1526 1395 indicari3
1549 1354 1601 1387 sed
1619 1352 1846 1389 usumfructum
1868 1368 1949 1399 quo-

1075 1405 1158 1436 que,
1173 1395 1194 1428 fi
1209 1405 1305 1435 quem
1317 1396 1431 1427 habeat
1447 1396 1631 1437 separatum.
1656 1408 1726 1430 nam
1739 1398 1946 1433 fructuarium

1076 1436 1138 1468 esse
1154 1436 1344 1469 ususfructus
1361 1438 1545 1470 dominum:
1564 1447 1598 1469 ut
1610 1448 1675 1470 non
1693 1438 1727 1471 fit
1746 1441 1790 1471 rei
1808 1439 1946 1474 fructua-
1991 1470 1993 1475 ,

1075 1480 1127 1509 riae
1145 1479 1311 1510 dominus:
1336 1486 1425 1509 certe
1441 1479 1580 1510 habetin
1601 1489 1635 1510 ea
1649 1481 1696 1520 jus
1711 1481 1865 1521 aliquodl
1897 1493 1945 1520 19.

1073 1518 1118 1550 D.
1137 1520 1180 1565 de·
1192 1521 1294 1565 damno
1312 1518 1437 1559 infesto.-
1460 1528 1584 1560 proque
1601 1530 1642 1552 eo
1660 1522 1850 1554 vindicando
1868 1533 1946 1557 con-

1073 1559 1234 1593 sefforiam
1252 1570 1282 1592 in
1300 1570 1366 1592 rem
1382 1560 1541 1593 actionem
1558 1561 1577 1592 l.
1596 1572 1624 1601 5.
1642 1560 1684 1593 D.
1710 1562 1743 1593 Si
1760 1565 1947 1604 ususfrutffus

1068 1607 1196 1649 petetur.
1227 1601 1271 1633 est
1289 1602 1384 1642 igitur
1401 1602 1466 1634 e'us
1480 1603 1558 1643 juris
1578 1603 1725 1635 dominus
1739 1604 1760 1636 l.
1775 1615 1804 1646 3.
1824 1605 1865 1638 D.
1882 1609 1945 1639 eod.

1072 1649 1120 1674 nt.
1138 1643 1160 1690 ι.ι
1183 1653 1230 1684 15.
1249 1643 1278 1685 §.
1296 1647 1325 1677 3.
1344 1644 1385 1675 D.
1439 1647 1493 1675 uod
1508 1644 1542 1676 vi
1557 1652 1610 1677 ant
1627 1645 1718 1677 clam:
1733 1645 1810 1678 licet
1826 1657 1891 1681 non
1906 1642 1944 1681 fit

1073 1686 1222 1717 dominus
1240 1685 1286 1717 rei
1300 1683 1491 1718 fructuariae.

1153 1838 1227 1875 III.

726 1925 989 1974 Quemadmodum
1010 1927 1077 1972 quis
1095 1931 1202 1961 utatur
1211 1923 1370 1973 fruatur?

157 2027 301 2102 Dixi,
326 2025 401 2067 quid
426 2025 463 2057 fit
488 2023 690 2057 ususfruCtus.
716 2022 839 2061 dicam,
867 2021 944 2062 quid
966 2020 1030 2053 fru-

257 2068 379 2100 &uario
395 2067 448 2098 sub
465 2066 528 2098 hoc
544 2071 710 2107 competat
727 2064 868 2096 nomine.
894 2063 1029 2102 primum

156 2118 281 2142 certum
307 2109 370 2147 est,
392 2117 465 2143 eum
491 2108 609 2139 habere
629 2108 677 2146 J'us
695 2104 822 2137 fruendi
840 2114 874 2136 re
891 2103 1028 2136 fructua-

155 2153 210 2184 ria.
236 2150 389 2191 Ulpianus
413 2150 433 2181 l.
458 2159 487 2190 7.
513 2149 554 2180 D.
579 2150 613 2180 de
637 2146 792 2188 usufruihi
814 2147 875 2185 ait,
899 2146 938 2177 ad
963 2144 1027 2176 fru-

154 2193 304 2225 &uarium
319 2200 449 2223 ornnem
468 2191 512 2222 rei
532 2190 669 2221 frustum
686 2189 856 2229 pertinere.
876 2195 1026 2227 putemus

153 2235 268 2275 igitur,
294 2234 321 2264 ei
339 2233 450 2264 deberi
471 2241 601 2263 ornnem
617 2231 711 2263 animi
730 2230 760 2261 &
778 2229 925 2269 corporis
942 2228 1024 2260 utili·

157 2283 258 2307 tatem
283 2283 354 2315 quae
378 2282 418 2304 ex
443 2283 476 2304 re
501 2273 670 2304 fruetuaria
692 2273 730 2302 ab
754 2280 794 2302 eo
811 2270 1021 2311 percipiatur:

155 2317 285 2358 quando
300 2315 405 2347 omnis
422 2316 646 2355 opportunitas
657 2335 666 2352 ‚
683 2313 856 2345 fructuario
871 2311 1023 2353 quaestum

155 2366 210 2389 aut
225 2358 444 2390 amoenitatem
453 2355 620 2394 adferens,
631 2354 757 2386 fruendi
775 2353 934 2385 vocabulo
946 2362 1023 2384 con-

154 2401 292 2431 tinetur:
315 2406 350 2429 ut
364 2398 469 2438 capite
486 2397 591 2438 primo
605 2395 828 2429 demonstravi.
855 2395 884 2427 δι
901 2394 946 2426 est
962 2394 1024 2426 ele-

153 2450 228 2482 gans
257 2440 341 2471 l’auli
361 2439 545 2479 exemplum
569 2438 599 2470 in
618 2438 637 2469 l.
663 2441 708 2469 16.
727 2436 756 2478 §.
778 2445 803 2468 ι.
822 2436 863 2468 D.
890 2436 978 2481 Quod
992 2436 1026 2466 vi

154 2481 313 2513 antelam:
337 2481 529 2521 quaerentis,
553 2479 573 2511 ss
596 2480 665 2520 quis
686 2479 817 2510 arbores
843 2487 907 2509 non
927 2477 1025 2518 frugi·

154 2524 259 2561 feras,
280 2523 378 2553 veluti
403 2521 583 2562 cupressos,
608 2520 769 2552 eaeciderit
794 2519 826 2549 vi
851 2527 904 2550 aut
921 2518 1022 2557 elam,

153 2573 191 2595 an
209 2563 286 2595 ficut
302 2563 454 2601 domino,
478 2563 520 2594 ita
542 2562 715 2594 fructuario
738 2569 905 2602 competat
927 2561 1023 2591 inter-

155 2604 301 2637 dictum?
324 2612 451 2643 poterat
476 2604 628 2635 dubitari:
651 2604 722 2645 quia
744 2612 810 2634 non
828 2610 863 2633 ut
881 2602 1023 2640 domini,

153 2646 196 2679 fic
211 2645 373 2677 fructuarii
392 2644 520 2676 interest
531 2668 538 2682 ,
563 2644 648 2677 caefis
664 2644 830 2676 arboribus
848 2643 1022 2674 infructuo-

153 2687 202 2720 fis.
227 2687 270 2717 ait
289 2694 393 2717 tamen
414 2686 524 2718 Paulus
535 2710 544 2723 ‚
561 2687 594 2717 Si
610 2688 760 2718 amoenitas
777 2686 906 2727 quiedam
920 2694 956 2715 ex
971 2684 1022 2714 bu-

149 2729 277 2771 J'usmodi
299 2727 446 2758 arboribus
466 2726 631 2767 praefiniam
652 2727 725 2767 poffe
740 2728 797 2758 dici
811 2725 1023 2766 &frustuarii

153 2768 280 2809 intereffe
299 2772 413 2809 propter
421 2769 603 2813 *voluptatem
625 2768 661 2803 ὅ*
677 2766 869 2809 gestationem.
905 2768 937 2799 id
954 2765 1020 2804 est,

153 2819 288 2852 propter
311 2817 529 2840 amoenitatem
556 2818 650 2849 quam
666 2819 706 2840 ex
722 2810 898 2849 gestatione
916 2807 998 2840 sellae
1010 2830 1020 2846 ,

155 2852 278 2885 lecticae
291 2874 301 2888 ,
325 2859 377 2881 aut
392 2849 530 2880 vehiculi
550 2851 578 2880 in
598 2851 781 2882 nemoribus
797 2851 856 2882 illis
872 2850 1021 2881 arborum

152 2890 413 2926 infructuosarum
430 2891 523 2930 poffit
536 2892 711 2930 percipere.
736 2901 858 2924 morem
877 2892 1022 2932 indigitat

153 2936 219 2968 hoc
235 2932 395 2975 juvenalis
410 2933 466 2967 lat.
483 2942 512 2971 4,
529 2932 602 2970 vers]
620 2943 649 2971 5.

197 2975 279 3019 Quid
294 2975 381 3015 refert
398 2974 488 3014 igitur
501 2996 510 3011 ,
534 2974 651 3013 quantis
662 2973 916 3015 jzimentasutiget

199 3017 363 3051 Porticibus
375 3038 386 3055 ,
407 3020 518 3056 quanta
533 3022 679 3044 nemorum
690 3020 823 3054 portetur
839 3018 870 3046 in
885 3017 997 3047 umbra.

154 3059 239 3093 Nam
257 3067 291 3090 ut
302 3065 394 3089 vetus
410 3054 600 3088 scholiastes
616 3054 658 3085 ibi
676 3063 784 3092 notat,
804 3057 947 3088 viridaria
964 3056 1020 3097 sig-

154 3101 282 3138 nificat,
298 3099 350 3130 ubi
370 3098 482 3139 gestari
499 3095 609 3128 solent.
634 3094 732 3136 Igitur
748 3095 868 3127 fructus
886 3098 1020 3137 appella-

156 3143 246 3174 tione
263 3142 294 3172 in
310 3138 476 3181 proposito
500 3138 603 3169 omnis
624 3138 669 3168 rei
690 3136 806 3167 utilitas
825 3139 1019 3170 continetur.

156 3191 262 3225 neque
279 3180 399 3221 refert,
421 3187 527 3216 utrum
549 3177 680 3221 sponte,
702 3187 740 3211 an
763 3177 899 3212 hominis
923 3187 1021 3219 opera

1074 2023 1280 2063 producatur.
1304 2023 1373 2064 plus
1389 2021 1505 2053 censeo
1514 2044 1526 2061 ,
1548 2021 1568 2053 fi
1587 2023 1663 2063 quid
1681 2023 1788 2056 veniat
1811 2032 1876 2057 non
1900 2035 1942 2059 ex

1073 2073 1127 2103 re,
1152 2063 1204 2095 sed
1222 2065 1266 2096 rei
1286 2063 1453 2095 occasione
1474 2072 1515 2094 ex
1538 2063 1597 2095 alia
1620 2064 1728 2103 causa,
1751 2065 1784 2097 id
1805 2064 1850 2097 est
1864 2089 1875 2106 ,
1897 2076 1939 2098 ex

1073 2114 1157 2151 nova
1174 2105 1392 2146 obligatione3
1417 2104 1446 2136 ἂ
1461 2104 1526 2135 hoc
1540 2104 1700 2137 fruCtuarii
1714 2107 1791 2146 juris
1806 2106 1885 2139 ess'e:
1903 2116 1940 2139 ut

1072 2146 1192 2179 red1tus
1209 2169 1218 2185 ,
1251 2145 1416 2186 pensiones
1434 2169 1444 2184 ,
1467 2147 1633 2178 mercedes
1648 2170 1658 2186 ,
1682 2146 1863 2188 veffigalia,
1888 2158 1941 2179 ve-

1069 2187 1169 2234 {iuras
1194 2190 1222 2219 d.
1239 2188 1258 2218 l.
1278 2197 1305 2228 7.
1332 2187 1361 2229 §.
1381 2197 1407 2219 1.
1427 2187 1445 2218 l.
1463 2197 1493 2224 9.
1512 2187 1531 2217 l.
1548 2197 1599 2229 59.
1616 2187 1646 2229 ἓ.
1671 2197 1697 2220 1.
1717 2187 1753 2223 &³
1774 2198 1801 2220 2.
1820 2188 1863 2220 1).
1878 2191 1937 2221 eod.

1067 2236 1113 2260 ιιι.
1139 2228 1216 2261 Non
1233 2228 1302 2260 sunt
1321 2228 1369 2260 hae
1386 2228 1417 2260 &
1432 2227 1545 2261 ssmiles
1560 2229 1795 2268 obventiones,
1817 2230 1914 2261 usurae
1926 2253 1938 2270 ,

1067 2270 1158 2317 yerbi
1182 2270 1281 2311 gratia
1297 2293 1307 2309 ,
1331 2270 1515 2302 naturaliter
1536 2269 1674 2302 fruetus:
1697 2280 1762 2303 non
1786 2271 1872 2303 enim
1897 2281 1938 2304 ex

1066 2310 1133 2350 ipso
1150 2313 1195 2344 rei
1212 2320 1350 2352 corpore
1366 2310 1534 2343 nascuntur
1549 2312 1569 2343 l.
1588 2321 1655 2343 121.
1673 2311 1718 2343 D.
1742 2313 1774 2343 de
1788 2313 1937 2344 verborum

1060 2352 1295 2393 fignificatione3
1319 2361 1380 2384 nec
1405 2354 1488 2384 male
1508 2352 1640 2385 Senecae
1664 2353 1811 2384 dicuntur
1834 2354 1880 2385 lib.
1905 2364 1933 2394 7.

1067 2394 1116 2426 De
1131 2393 1275 2435 beneficiis
1291 2404 1315 2426 c.
1336 2403 1383 2426 10.
1401 2394 1549 2426 Humanas
1565 2395 1733 2435 cupiditatis
1750 2401 1835 2426 extra
1849 2401 1934 2427 natu-

1066 2446 1130 2467 ram
1144 2435 1261 2477 quaesita
1277 2438 1403 2467 nomina.
1427 2435 1553 2468 interim
1567 2436 1636 2476 jure
1653 2444 1834 2477 perceptae‚
1857 2446 1935 2478 prae-

1066 2476 1146 2509 ssant
1164 2478 1208 2509 rei
1226 2477 1499 2515 emolumentum,
1515 2477 1666 2517 exemplo
1682 2477 1863 2515 fructuum,
1882 2488 1935 2509 eo-

1067 2528 1130 2559 que
1157 2518 1251 2550 Civili
1276 2518 1351 2558 Jure
1374 2517 1494 2550 fruetus
1515 2519 1716 2560 appellantur
1732 2519 1751 2551 l.
1769 2523 1820 2551 62.
1839 2518 1881 2551 D.
1902 2521 1935 2550 de

1066 2562 1108 2591 rei
1122 2561 1337 2598 vindicatione,
1359 2560 1379 2591 1.
1396 2569 1446 2600 34.
1462 2559 1499 2594 &1⁹
1515 2561 1535 2591 l.
1553 2563 1603 2601 36.
1625 2559 1667 2591 D.
1684 2561 1717 2590 de
1732 2561 1845 2601 usuris,
1868 2561 1886 2591 l.
1902 2565 1931 2595 8.

1065 2601 1094 2643 §.
1108 2611 1135 2634 2.
1147 2601 1189 2633 D.
1207 2603 1240 2633 de
1254 2602 1336 2632 rebus
1350 2601 1520 2632 auctoritate
1528 2601 1647 2642 Judz'cis
1657 2601 1839 2642 poffidendis.
1862 2600 1934 2633 Hae

1065 2643 1189 2674 ratione
1211 2643 1288 2674 licet
1313 2642 1504 2682 fructuario,
1527 2642 1588 2675 frui
1614 2652 1647 2674 re
1673 2642 1842 2675 fructuaria
1861 2651 1933 2675 curn

1064 2693 1121 2724 per
1146 2683 1196 2723 se,
1220 2691 1285 2715 turn
1309 2693 1365 2724 per
1386 2684 1480 2715 alium
1504 2685 1554 2716 cui
1576 2683 1733 2716 fruetuum
1751 2685 1932 2726 perceptio-

1064 2735 1138 2757 nem
1155 2726 1243 2757 locet
1261 2725 1312 2756 vel
1330 2726 1456 2757 vendat.
1471 2725 1491 2757 l.
1506 2734 1551 2758 12.
1568 2726 1597 2768 §.
1610 2725 1689 2757 2.D.
1707 2727 1740 2757 de
1757 2725 1933 2764 usufru&u‚

1064 2766 1093 2808 ς).
1113 2776 1139 2813 1.
1165 2764 1238 2807 Infi.
1255 2768 1289 2812 de
1310 2767 1364 2807 usu
1387 2766 1424 2801 ὃ)
1448 2767 1639 2799 habitatione.-
1660 2776 1751 2807 aeque
1766 2776 1822 2808 per
1836 2768 1931 2799 alium

1065 2809 1229 2840 habiturus
1246 2817 1290 2839 rei
1302 2808 1471 2840 utilitatem
1482 2832 1491 2846 ‚
1509 2818 1545 2840 ac
1561 2808 1582 2841 fi
1601 2818 1658 2849 per
1672 2807 1702 2840 se
1714 2818 1783 2841 eam
1800 2809 1930 2840 auferat.

1064 2848 1160 2887 Hoc,
1179 2850 1301 2890 inquis,
1317 2848 1387 2881 finit
1403 2849 1542 2889 potestas
1559 2850 1667 2888 verbi,
1678 2849 1801 2890 frustras
1812 2850 1929 2889 &fruit

1065 2890 1116 2938 sed
1133 2891 1192 2922 hac
1209 2891 1295 2922 eunti
1314 2892 1363 2922 via
1381 2900 1503 2924 moram
1519 2892 1631 2932 objicit
1648 2891 1727 2931 juris
1743 2893 1844 2933 rigor:
1860 2899 1928 2930 per·

1064 2940 1195 2964 mittens
1214 2955 1223 2970 ‚
1254 2933 1497 2973 proprietarium
1514 2957 1523 2971 ‚
1548 2933 1681 2964 vendito
1703 2940 1756 2963 aut
1778 2933 1884 2964 locato
1908 2932 1927 2960 al

1063 2973 1235 3005 fructuario
1260 2972 1418 3005 usufructu
1431 2998 1441 3011 ,
1461 2975 1599 3015 experiri
1619 2983 1692 3006 cum
1708 2980 1850 3013 emptore
1872 2978 1926 3001 aut

1063 3015 1281 3053 condustore,
1304 3014 1381 3047 Non
1407 3015 1470 3047 effe
1494 3019 1522 3048 ei
1546 3017 1595 3057 jus
1620 3015 1664 3047 uti
1682 3013 1742 3045 frui
1759 3013 1860 3044 invito
1877 3010 1925 3049 se,

1063 3065 1081 3088 a
1096 3065 1161 3097 quo
1179 3065 1284 3096 neque
1295 3056 1442 3089 venditus
1455 3067 1561 3098 neque
1575 3058 1697 3090 locatus
1713 3055 1741 3086 ei
1756 3053 1790 3085 fit
1803 3054 1846 3084 rei
1862 3050 1923 3083 suae

1063 3097 1264 3129 ususfructus.
1302 3105 1334 3128 at
1356 3097 1438 3129 hanc
1462 3108 1583 3132 moram
1609 3094 1723 3136 rumpit
1748 3093 1924 3134 benignitas

1064 3138 1230 3170 Praetoris:
1254 3139 1511 3179 interpretantis,
1532 3137 1770 3181 proprietarium
1788 3133 1924 3166 fructua-

1064 3180 1132 3221 tiO‚
1154 3182 1304 3222 quamdiu
1327 3180 1452 3215 durabit
1472 3180 1682 3217 ususfructus,
1705 3176 1811 3210 facere
1834 3183 1929 3247 pqpeq

1896 3226 1926 3247 a„
