2036 3495
456 85 518 120 An
543 83 636 118 Lis.
662 79 760 118 XVI.
797 80 897 117 TIT«.
932 79 991 117 ΠΙ.
1025 80 1167 128 Depossti
1191 82 1243 117 vel
1265 85 1382 118 comi-a.

19 177 92 220 'post
102 181 238 210 mortem
250 173 538 206 tuamreddaszvel
555 171 596 204 sic
613 178 726 212 potero
745 169 774 201 ὅ(
792 178 900 202 tecum

22 221 52 251 δι
63 229 135 251 cum
147 217 326 249 lieredetuo
342 225 430 256 agere
444 214 462 247 d
476 213 576 258 &positi
587 224 594 244 :
605 222 668 243 non
681 213 823 257 patiente
836 211 899 243 fide

22 261 128 298 bona3
153 267 186 290 ut
201 266 264 290 rem
283 267 385 288 meam
401 281 409 294 ,
434 265 485 287 me
500 257 802 297 invit0‚*retineas;·
825 262 898 284 cum

24 308 77 333 tua
102 310 164 332 non
191 298 328 330 versatur
356 298 481 329 utilitas„
540 296 636 335 Atqui
666 294 734 324 haec
759 293 822 324 fuit
847 294 898 325 lex

25 341 169 381 depositi.
213 339 308 371 Esto:
332 337 383 370 sed
406 337 450 369 est
474 344 583 368 contra
607 343 749 366 naturam
771 342 896 365 contra-

24 384 101 415 titus.
126 383 220 424 igitur
245 391 309 412 non
330 379 486 411 servatur:
506 377 554 414 ἀ,
581 383 614 407 ut
639 376 762 416 optime
782 376 825 406 ait
842 375 897 407 Ul-

24 424 153 466 pianus,
185 422 304 462 possum
344 429 464 453 mutare
497 419 721 454 voluntatem,
761 418 789 448 ἀ
821 425 895 448 ante

24 474 162 498 mortem
180 472 265 495 tuam
282 462 457 502 depositum
474 459 655 497 repeteret.
678 467 701 489 1.
720 457 750 499 §.
769 467 819 497 45.
837 459 895 488 h.t.

25 507 166 539 Proinde
192 505 219 536 ὅ(
246 504 264 535 si
296 504 333 534 lic
363 500 537 541 deposuero
554 523 564 538 ,
597 508 631 530 ut
662 501 731 538 post
756 508 894 531 mortem

26 557 129 580 meam
150 547 324 577 reddatur:
350 550 466 583 potero
484 564 493 580 ,
529 540 631 581 inquit
659 540 814 582 Ulpianus
830 564 839 577 ,
864 541 895 570 δι

25 598 88 629 ego
113 591 138 618 ἃ
160 587 250 618 heres
283 593 370 615 nicus
397 592 489 624 agere
528 583 671 622 depositi.
696 592 757 623 ego
776 589 895 612 mutata

25 630 194 661 voluntate
211 629 235 658 cl.
256 626 273 656 l.
298 634 321 656 i.
346 624 373 666 §.
392 629 442 663 46.
491 623 566 655 Inde
585 623 714 655 ulterius
734 624 895 662 quaeiitum

25 670 88 708 est,
112 670 130 701 si
149 670 238 699 lit-res
262 676 326 698 rem
350 667 433 706 apud
453 666 631 697 testatorem
660 664 833 704 depositam
851 663 895 694 di-

24 712 150 746 ssraxit,
173 708 295 750 ignarus
315 707 488 746 depositam
517 706 596 745 esse,
620 716 657 738 an
676 714 821 738 teneatur
842 705 896 735 dc·

25 752 124 795 posit..
156 752 205 780 led
230 749 305 789 quid
333 749 409 779 dolo
435 747 535 785 fecit,
568 749 692 789 ignarus
721 746 897 792 depositam

26 792 114 826 esse?
137 790 224 822 nihil.
268 789 380 821 Verius
399 789 443 820 est
461 789 571 829 igitur,
596 790 635 820 de
651 799 684 820 rc
701 798 765 819 non
784 796 897 819 teneri.

26 844 65 867 an
83 841 186 865 tamen
199 833 238 863 de
251 831 354 872 pretio
372 838 516 862 teneatur
527 833 615 872 quod
628 831 665 861 ad
685 831 722 861 ad
735 838 807 861 enm
827 838 897 868 per-

23 882 131 912 venit,
156 873 328 904 videamus.
351 872 402 903 sed
435 873 530 912 magis
550 871 610 910 est,
637 872 787 903 hactenus
810 878 897 900 tene·

26 918 51 950 ri
69 924 151 948 cum.
176 915 240 946 hoc
261 923 345 945 enim
366 914 430 954 ipso
447 914 524 945 dolo
542 912 637 945 facit:
658 913 743 952 quod
760 911 791 944 id
810 911 898 952 quod

26 960 66 991 ad
83 957 112 988 se
130 956 292 996 pervenit.
318 964 382 986 non
399 956 500 986 reddit
524 957 551 986 d.
565 955 587 986 l.
607 964 631 987 1.
656 954 684 996 §.
699 963 748 994 47.

71 998 201 1029 Mentio
225 997 289 1028 doli
314 996 384 1026 mali
408 1005 500 1036 quam
527 996 698 1037 aliquoties
723 995 806 1033 feci,
830 1003 896 1026 non

28 1042 116 1078 sinit3
140 1048 180 1070 ne
196 1038 248 1069 hic
264 1038 473 1075 admoneam,
496 1047 587 1076 eum,
612 1037 662 1068 sed
682 1036 800 1074 solum,
820 1035 896 1067 sem·

28 1092 86 1124 per
113 1081 221 1111 venire
252 1080 282 1110 in
314 1078 470 1110 actionem
498 1078 640 1119 depositi.
670 1079 700 1109 δι
728 1078 778 1122 est·
796 1080 896 1109 ratio:

29 1123 119 1163 quod
137 1123 167 1152 in
187 1120 331 1160 deposito
349 1121 482 1151 vertitur
497 1121 587 1151 unius
605 1122 796 1159 deponemus
814 1119 896 1150 utili-

29 1172 94 1198 tas.
120 1163 204 1194 nulla
220 1161 408 1200 depositarii.
432 1169 554 1193 tantum
574 1162 664 1201 hujus
691 1161 735 1192 est
751 1170 830 1191 onus
846 1169 898 1190 cu-

30 1204 162 1242 stadiae,
184 1213 225 1235 cx
243 1201 350 1234 officio
374 1202 553 1243 praessandae
574 1203 593 1234 l.
611 1214 640 1244 5.
656 1201 685 1243 §.
704 1212 731 1234 2.
754 1201 796 1233 D.
815 1201 898 1246 Conr-

30 1247 146 1279 riiodati.
200 1244 275 1275 Non
299 1252 419 1283 mutat;
450 1243 470 1275 si
496 1252 716 1282 convenerit,
747 1251 812 1274 non
838 1241 900 1273 esse

29 1287 242 1330 praestandum
262 1285 380 1316 dolum.
404 1294 474 1316 nam
491 1286 560 1317 talis
575 1284 753 1316 conventio
772 1291 900 1324 putatur

30 1328 95 1360 efl'e
113 1336 224 1358 contra
247 1327 362 1357 bonam
380 1325 496 1364 fidem,
520 1334 696 1364 contraque
712 1325 815 1356 bonos
831 1333 899 1368 mo-

31 1380 101 1407 res,
127 1370 154 1400 ἁ
173 1368 247 1399 ideo
266 1376 326 1398 nec
344 1368 533 1406 sequendam
550 1368 569 1398 l.
591 1376 614 1398 i.
632 1366 660 1407 §.
671 1375 700 1406 7.
717 1367 746 1397 h.
763 1372 784 1397 t.
806 1366 898 1410 quid,

32 1411 55 1445 fi
78 1410 118 1442 sic
142 1407 347 1447 conxenerit,
378 1407 429 1440 Ne
454 1408 588 1449 depositi
612 1407 753 1448 agatur?
783 1416 814 1437 vi
837 1405 901 1451 ipsa

33 1452 207 1488 convenit,
233 1448 283 1481 Ne
310 1450 350 1481 de
377 1450 456 1482 dolo
480 1457 599 1491 agatur.
631 1458 736 1481 tamen
759 1448 901 1489 proderit

35 1494 99 1524 tale
118 1492 241 1530 patum
260 1492 278 1521 l.
297 1500 344 1529 27.
367 1491 394 1532 §.
411 1501 439 1532 3.
460 1492 504 1523 D.
523 1494 555 1522 de
566 1489 645 1532 patr.
668 1490 721 1522 sed
737 1489 840 1521 sobrie
863 1498 900 1521 ac

34 1534 179 1567 modeste
197 1532 434 1572 explicandum:
459 1540 494 1563 ut
515 1531 729 1563 demonstravi
754 1531 802 1563 lib.
820 1528 900 1573 fing.

36 1577 87 1607 Λα
107 1574 199 1604 Ezi'ict.
223 1586 233 1603 ι
246 1581 271 1602 1e
284 1573 360 1613 pact.
378 1583 402 1604 c.
425 1582 470 1609 19-
516 1572 588 1604 Nec
607 1574 670 1604 hoc
686 1573 901 1612 reprehendat

38 1615 222 1656 quisquam,
244 1613 262 1644 li
279 1615 484 1651 convenerit3
506 1621 541 1646 ut
554 1613 585 1645 in
602 1614 746 1654 deposito
765 1615 795 1645 ἃ
809 1614 902 1655 culpa

38 1666 103 1697 3122·
123 1665 220 1685 tetur:
247 1664 316 1686 nam
340 1656 520 1687 contractus
548 1665 588 1687 ex
613 1656 833 1687 conventione
858 1656 902 1687 le-

39 1707 112 1739 gem
134 1698 296 1735 accipiunt
322 1698 349 1727 d.
368 1698 384 1727 l.
404 1705 427 1727 1.
453 1697 481 1738 §.
496 1701 525 1728 6.
544 1698 572 1728 b.
591 1703 611 1727 t.
635 1706 695 1728 nec
712 1696 756 1728 est
773 1697 835 1728 tale
855 1705 905 1737 pa·

40 1740 123 1770 ctum
145 1746 256 1768 contra
270 1738 344 1776 juris
362 1738 496 1769 formam
519 1738 537 1769 l.
555 1748 582 1778 7.
599 1739 626 1779 §.
651 1748 694 1778 15.
722 1737 761 1769 D.
777 1739 809 1769 de
827 1737 902 1777 past.

39 1780 192 1820 patientis
210 1801 219 1817 ‚
252 1778 493 1818 depositarium,
522 1778 542 1810 fi
568 1779 662 1818 velit,
687 1779 748 1811 esse
771 1789 788 1810 a
813 1781 904 1820 culpa

38 1822 193 1853 liberum:
219 1819 288 1857 sed,
314 1819 331 1850 si
357 1821 464 1860 nolit,
497 1830 561 1852 non
587 1821 740 1860 cogentis.
790 1821 838 1852 Ab
868 1830 905 1852 ea

39 1864 136 1903 igitur
152 1866 241 1892 caula
258 1861 299 1891 ait
317 1860 469 1902 Ulpianus
487 1863 514 1892 d.
529 1862 547 1891 l.
571 1871 594 1893 1.
616 1862 643 1903 §.
661 1872 709 1903 35.
737 1862 815 1903 saepe
831 1872 903 1893 eve1

39 1913 126 1940 nire,
156 1911 190 1933 ut
213 1911 262 1934 res
285 1902 427 1941 deposita
455 1904 504 1934 vel
532 1903 650 1935 nummi
674 1904 731 1935 sint
762 1904 904 1943 periculo

40 1945 106 1984 ejus
122 1945 204 1978 anun
223 1952 315 1983 quern
340 1945 562 1983 deponuntur3
586 1945 615 1976 ἃ
641 1944 702 1977 ess'e
720 1945 813 1977 talem
831 1954 904 1976 cau-

35 1985 121 2022 sam,
148 1984 166 2015 [i
193 1984 256 2015 h.›c
281 1985 466 2016 nominatim
485 1987 649 2017 convenit.
695 1986 790 2018 Addit
809 1986 903 2018 etiam

37 2025 149 2060 alium,
173 2023 193 2057 fi
212 2026 280 2065 quis
300 2025 328 2057 se
347 2025 492 2066 depossto
509 2027 643 2065 obtulit:
661 2037 732 2059 nam
751 2028 801 2059 vel
819 2027 906 2060 illum

37 2067 68 2098 se
89 2069 232 2106 periculo
256 2067 390 2107 depositi
416 2067 554 2108 illigasse.
580 2069 761 2108 quatenus?
786 2077 818 2100 ut
841 2078 906 2101 non

37 2108 136 2140 solum
160 2108 268 2139 dolum
284 2131 294 2147 ,
324 2108 376 2140 sed
404 2108 498 2140 etiam
522 2110 647 2149 culpam
670 2111 699 2142 ὃ(
730 2110 905 2142 custodiam

38 2148 184 2190 praestet,
207 2159 271 2180 non
300 2157 404 2181 tamen
422 2150 507 2181 casus
524 2150 688 2183 fortuitos.
729 2151 791 2183 Sed
808 2153 905 2192 plera·

39 2200 103 2232 que
121 2200 159 2221 ex
180 2189 227 2222 his
243 2189 370 2231 speciali
385 2192 593 2224 conventioni
610 2192 738 2233 deberi,
762 2202 904 2233 apparet.

79 2231 240 2262 Caeterum
267 2232 354 2263 venit
378 2234 408 2263 in
433 2230 514 2263 hanc
537 2232 695 2265 actionem
722 2235 906 2275 regulariter

40 2273 134 2305 dolus
151 2274 315 2304 dumtaxat
340 2273 359 2303 l.
381 2282 407 2304 1.
426 2273 455 2315 §.
473 2274 525 2304 ult.
543 2275 569 2305 h.
586 2282 605 2306 ι.
628 2275 691 2306 sive
709 2277 905 2315 praetei·itus,

36 2313 101 2347 five
119 2313 242 2345 futurus
261 2314 329 2354 post
345 2314 434 2346 litem
453 2315 662 2347 contestatam
686 2318 715 2348 ci.
733 2317 752 2348 l.
773 2326 797 2347 1.
816 2318 844 2359 §.
859 2328 907 2350 20.

39 2356 221 2396 exemplum
239 2356 265 2397 §.
286 2365 332 2387 21.
377 2354 429 2388 De
447 2356 538 2396 culpa
562 2357 734 2389 videamus.
756 2357 825 2389 haec
842 2368 906 2390 non

39 2398 147 2435 venit,
172 2396 225 2428 nisi
253 2398 320 2428 lata.
343 2405 408 2435 quo
433 2397 545 2430 sensu?
571 2397 679 2430 Celsus
702 2397 721 2429 l.
738 2409 788 2440 32·
817 2399 858 2430 D.
875 2401 904 2433 h.

39 2443 61 2470 t.
85 2437 125 2470 fic
143 2437 257 2470 scribit.
282 2438 368 2482 Quod
384 2439 490 2470 Nerva
508 2441 626 2470 diceret.
648 2439 775 2471 latiorem
793 2441 905 2481 culpam

41 2479 133 2510 dolum
157 2479 207 2519 effe
225 2503 233 2517 ‚
267 2481 388 2511 Proculo
420 2479 610 2520 displicebat,
639 2482 709 2512 mihi
729 2481 905 2522 verz'ffiirzuin

41 2521 165 2551 videtur.
188 2530 255 2551 narn
281 2521 317 2555 &⁹
334 2520 363 2559 fi
383 2522 449 2562 quis
474 2531 529 2552 non
553 2523 591 2553 ad
613 2531 676 2553 eum
692 2524 805 2553 modum
823 2533 906 2564 quem

40 2561 184 2592 hominum
204 2569 313 2592 nattam
332 2562 467 2602 desiderat
480 2585 489 2600 ,
512 2564 633 2604 diligens
655 2561 711 2603 est,
735 2562 790 2602 nzfi
810 2571 904 2595 tamen

43 2603 82 2633 ad
92 2606 183 2641 suurn
206 2604 318 2633 modum
340 2614 439 2635 curam
456 2607 487 2635 in
510 2603 628 2645 deposito
643 2604 778 2646 prestat,
795 2606 906 2645 fraude

40 2653 99 2675 non
121 2648 208 2673 caret.
232 2652 281 2672 nec
297 2645 370 2675 enim
380 2646 468 2683 salva
480 2646 558 2684 fide,
584 2648 719 2677 minorem
741 2647 794 2684 iis,
817 2657 905 2689 quam

33 2685 99 2725 suis
121 2685 204 2713 rebus
227 2684 405 2724 diligentiam
427 2685 579 2727 proesbahz't.
630 2687 736 2718 Locus
761 2688 814 2719 hic
830 2712 839 2727 ‚
870 2697 905 2720 ut

39 2725 85 2757 est
110 2725 298 2764 impeditus,
329 2724 370 2756 ita
391 2727 493 2767 aliqua
515 2737 586 2760 cum
612 2738 685 2760 cura
709 2728 818 2770 attingi
841 2730 904 2770 dig-

40 2776 110 2799 nuS.
135 2765 243 2797 Celsus
261 2768 335 2796 duaa
354 2768 505 2807 proponit
523 2769 811 2802 sententias2unam
823 2770 904 2802 Ner-

41 2818 107 2845 vae,
129 2807 257 2838 alteram
276 2806 410 2837 Proculi.
437 2810 520 2847 prior
538 2811 661 2850 culpam
686 2812 778 2842 latam
796 2813 904 2843 dolum

41 2848 104 2880 esse
131 2847 328 2885 confirmav,
359 2849 455 2879 altera
486 2859 589 2890 negat.
623 2853 738 2884 deinde
766 2852 905 2893 priorem

42 2889 229 2920 verissimam
255 2887 337 2927 esse,
361 2889 469 2921 Celsus
492 2900 545 2921 ait.
576 2902 636 2923 nec
657 2893 777 2925 idcirco
801 2895 904 2934 polle-

38 2932 156 2964 riorem
173 2932 322 2961 damnat:
346 2930 453 2962 usitata
474 2931 641 2964 Veteribus
664 2934 843 2974 disputandi
863 2945 906 2966 ra-

39 2973 126 3003 tione
141 2983 148 3002 :
175 2980 267 3011 quam
282 2971 448 3003 observavi
466 2972 513 3003 lib.
525 2972 602 3015 fing.
627 2974 674 3005 De
688 2977 782 3011 forma
796 2978 903 3007 emend.

39 3014 93 3044 dol.
111 3012 178 3044 mal.
203 3023 226 3043 c.
245 3022 272 3044 2.
320 3012 367 3044 Ex
385 3014 448 3044 hoc
464 3012 556 3052 igitur
573 3024 661 3047 more
678 3016 712 3048 fit
736 3017 907 3048 secundum

43 3054 169 3086 Celsum
188 3064 262 3085 vera
280 3056 444 3094 utriusque
464 3058 492 3085 oi.
512 3054 627 3087 Nervae
646 3057 675 3088 ἀ
695 3057 822 3089 Proculi
840 3059 904 3089 sen-

38 3097 149 3127 tentia.
172 3094 225 3126 sed
243 3096 378 3134 primum
395 3098 546 3135 attingam
567 3096 751 3130 Proculum:
776 3099 904 3130 arbitra·

35 3143 106 3174 tus,
130 3145 201 3167 eum
224 3147 302 3167 vero
325 3138 507 3169 admoveri:
530 3138 621 3177 culpa
645 3140 703 3170 lata
729 3140 809 3170 intra
835 3150 902 3171 ver»

32 3179 146 3251 bss‘l‘ffm‘
165 3186 394 3251 pipprietatem
416 3177 609 3212 subsistente.
637 3180 722 3212 itane
741 3180 757 3213 2
781 3190 821 3213 ne
845 3182 900 3214 du-

98 3229 150 3252 om.
212 3240 221 3251 .

1749 86 1819 125 289

944 169 1031 208 bita,
1056 169 1097 201 sic
1113 180 1129 202 a
1147 171 1226 203 dolo
1251 170 1408 213 distingui.
1431 173 1502 203 'nam
1528 170 1620 203 dolus
1644 170 1708 210 est,
1732 172 1818 203 calli-

943 211 1407 251 ditas,fallaciamachinatio
1426 214 1618 245 avoluntate
1637 213 1664 244 ἃ
1683 212 1816 244 consilio

942 254 1083 284 nocendi
1105 253 1262 292 profecta.
1286 264 1391 294 eoque
1408 255 1531 286 sceleris
1549 253 1744 295 propositum
1764 253 1818 285 ha·

941 293 1032 323 bens.
1056 295 1148 333 culpa
1169 296 1230 325 lata
1251 305 1268 325 e
1284 295 1409 326 diverso
1428 295 1472 327 est
1488 296 1581 327 nimia
1599 295 1816 336 negligentia,

941 334 972 365 id
989 333 1052 372 est,
1078 334 1198 366 nescire
1222 337 1309 375 quod
1332 345 1444 367 omnes
1469 337 1612 369 homines
1638 337 1747 368 sciunt.
1771 339 1815 367 ita

941 384 1019 405 vero
1043 384 1106 407 uon
1126 378 1163 407 ad
1181 375 1323 407 astutiam
1341 386 1378 406 ac
1394 378 1618 415 calliditatem,
1643 378 1695 409 sed
1713 379 1750 409 ad
1769 378 1815 418 ig-

939 416 1117 448 norantiam
1136 418 1165 448 ἃ
1185 417 1397 456 tamor-diam,
1420 420 1564 451 accedit:
1587 420 1618 451 ἃ
1642 419 1686 450 est
1702 428 1812 450 errore

938 459 1054 494 noxia,
1078 467 1142 489 non
1167 457 1331 498 proposito
1361 458 1495 490 sceleris.
1521 461 1597 500 quin
1627 460 1732 500 potest
1750 460 1814 492 esse

939 498 997 529 viri
1024 498 1100 529 boni
1126 499 1155 530 ὃς
1180 498 1292 539 probi,
1316 499 1369 530 etsi
1394 499 1476 531 stulti
1494 510 1530 530 ac
1547 500 1715 541 fiinpiicis:
1739 511 1815 534 cum

939 540 1031 571 dolus
1053 539 1176 580 semper
1202 539 1237 571 sit
1262 539 1400 572 hominis
1425 540 1560 580 improbi
1585 551 1621 573 ac
1646 542 1813 583 flagitiosh

940 581 1016 612 licet
1034 580 1136 612 callidi
1155 589 1250 619 atque
1268 581 1370 613 astuti.
1415 581 1525 613 Habes
1546 582 1672 614 Proculi
1691 588 1814 616 lenten-

940 623 1035 653 tiam:
1060 631 1097 653 ac
1121 621 1292 654 secundum
1317 622 1416 662 lianc,
1441 633 1514 654 meo
1530 624 1672 663 judicio,
1695 627 1735 656 de
1760 627 1814 657 de-

940 663 1091 703 positario
1111 663 1140 694 in
1162 664 1247 694 liunc
1267 666 1398 696 modum
1423 665 1527 695 scribit
1552 665 1757 704 justinianus:
1786 666 1814 697 [r

939 714 976 735 ex
999 713 1027 734 eo
1048 705 1103 743 solo
1121 710 1236 736 tenetur
1253 728 1262 743 ‚
1286 705 1315 742 fi
1338 707 1407 746 quid
1428 706 1488 736 dolo
1518 707 1702 737 commiserit:
1725 708 1813 748 culpae

942 752 1037 776 alitem
1062 747 1193 785 nomine,
1217 748 1246 778 id
1270 745 1326 787 eft,
1358 746 1467 784 desidite
1491 757 1525 779 ac
1546 748 1725 790 negligentiae
1755 758 1813 779 non

941 792 1062 817 tenetur.
1093 788 1191 828 itaque
1213 786 1334 829 churus
1358 787 1421 829 est,
1453 791 1503 830 qni
1523 796 1628 829 parum
1661 790 1815 831 diligenter,

941 826 1109 867 custoditam
1135 838 1193 859 rem
1209 827 1297 869 furto
1321 832 1467 868 arraserit:
1488 833 1557 871 quia
1580 832 1632 872 qui
1655 831 1815 872 negligenti

940 870 1031 900 amico
1048 879 1107 899 rem
1124 868 1336 910 custodiendam
1353 872 1463 909 tradit,
1486 882 1543 902 non
1562 875 1586 903 ez'
1597 896 1605 906 ,
1628 873 1673 910 sed
1688 877 1748 909 luce
1757 871 1813 912 fa-

940 911 1046 942 cilitati
1068 911 1098 941 ia
1123 913 1265 951 imputare
1292 913 1370 943 debet
1392 912 1420 953 §.
1440 922 1467 953 3.
1488 911 1560 953 Inst.
1581 908 1670 958 Qiiz'h.
1685 914 1758 945 mod.
1783 923 1814 944 re

943 958 1033 982 contr,
1052 952 1133 992 ohlig.
1158 953 1239 983 Satis
1258 953 1298 984 de
1318 953 1465 984 Proculo.
1485 956 1582 985 venio
1604 956 1642 986 ad
1660 954 1816 987 Nervam.

940 994 964 1025 is
982 1003 1045 1025 non
1064 994 1165 1025 minus
1183 1003 1258 1025 vere
1276 995 1378 1033 dixu,
1404 997 1528 1035 culpam
1555 996 1648 1028 latam
1674 996 1735 1028 esse
1759 997 1814 1028 do-

940 1035 1022 1066 lum:
1045 1035 1195 1066 aestimata
1214 1034 1366 1067 videlicet
1386 1036 1478 1077 culpa
1495 1038 1554 1068 lata
1573 1047 1636 1069 non
1657 1039 1686 1069 vi
1708 1038 1736 1069 δι
1755 1047 1815 1078 po-

940 1076 1052 1108 testate
1074 1076 1226 1114 naturali3
1252 1077 1302 1108 sed
1326 1078 1400 1117 juris
1424 1078 1677 1119 praesumptione.
1704 1080 1758 1110 vix
1784 1089 1816 1110 e·

940 1120 1004 1148 nim
1032 1118 1135 1157 potest
1161 1119 1222 1149 lata
1244 1118 1357 1158 culpa,
1389 1119 1418 1150 id
1444 1119 1506 1158 est,
1537 1119 1641 1159 supina
1664 1121 1694 1152 &
1717 1120 1815 1152 crassa

940 1158 1138 1199 ignorantia,
1163 1159 1261 1200 qualis
1284 1159 1348 1198 est,
1373 1159 1492 1191 nescire
1516 1162 1603 1201 quod
1627 1171 1739 1193 ornnes
1757 1161 1815 1192 ho-

941 1201 1041 1231 mines
1058 1200 1173 1237 sciunt,
1200 1200 1298 1231 Videri
1317 1201 1462 1233 sincera?
1488 1204 1586 1243 magis
1612 1203 1709 1234 debet
1726 1201 1815 1235 credi

943 1242 1071 1282 quaesita
1096 1244 1125 1273 ὅ(
1148 1241 1293 1274 affectata
1317 1242 1525 1274 dissimulandi
1550 1244 1673 1275 sceleris
1698 1244 1728 1275 ὅ(
1747 1243 1816 1275 doli

942 1284 1057 1324 gratia:
1081 1291 1188 1315 natura
1209 1283 1315 1324 passim
1335 1284 1479 1316 homines
1495 1293 1558 1315 non
1582 1285 1723 1316 faciente
1743 1285 1818 1316 stul-

943 1333 1009 1355 tos:
1043 1324 1094 1356 sed
1118 1325 1225 1365 quales
1251 1334 1308 1356 eos
1338 1324 1401 1357 effe
1428 1333 1566 1366 oportet.
1620 1325 1693 1357 Hoc
1720 1325 1816 1367 igitur

943 1365 1030 1397 sensu
1050 1365 1157 1398 Celsus
1176 1366 1362 1398 verissimam
1380 1366 1441 1398 esse
1459 1366 1736 1407 praedicatNervae
1749 1366 1818 1399 sen-

945 1407 1093 1439 tentiam:
1112 1416 1182 1448 quae
1198 1407 1335 1448 alioquin
1353 1407 1486 1440 Proculo
1501 1409 1538 1439 ad
1556 1408 1723 1440 veritatem
1741 1418 1816 1440 exa-

943 1449 990 1480 cta
1006 1472 1016 1488 ‚
1047 1458 1109 1480 non
1133 1449 1215 1481 male
1247 1449 1445 1489 displicebat.
1500 1449 1562 1481 Sed
1587 1460 1662 1481 vere
1686 1449 1816 1489 Celsus,

943 1490 1176 1529 animadverso,
1210 1490 1353 1522 homines
1375 1499 1392 1522 a
1419 1498 1528 1522 natura
1553 1500 1614 1523 non
1638 1492 1720 1523 nasci
1744 1491 1817 1523 stul·

944 1540 1020 1571 tos,
1050 1533 1101 1563 sed
1138 1534 1233 1564 rebus
1266 1540 1383 1572 aptos,
1421 1532 1496 1563 alios
1520 1532 1615 1572 plus,
1652 1532 1726 1564 alios
1761 1533 1820 1564 mi·

944 1582 1026 1605 nus:
1056 1572 1271 1612 existimavit,
1310 1574 1435 1614 culpam
1474 1574 1568 1606 latam
1610 1573 1817 1613 deposstarii,

940 1615 1086 1647 futuram
1120 1614 1295 1656 deponenti
1320 1614 1443 1646 noxiam
1462 1638 1471 1654 ,
1500 1615 1533 1647 in
1562 1614 1687 1647 actione
1719 1615 1818 1655 depo-

947 1657 994 1688 siti
1026 1666 1087 1688 non
1122 1666 1179 1697 pro
1215 1666 1346 1694 errore,
1385 1656 1436 1687 sed
1467 1665 1523 1696 pro
1552 1657 1653 1696 dolo,
1698 1657 1818 1688 haben-

947 1700 1019 1730 dam
1043 1697 1121 1730 esse:
1144 1699 1247 1729 donec
1271 1697 1371 1738 Judici
1396 1698 1532 1738 liqueat,
1557 1698 1618 1729 esse
1645 1704 1818 1738 peccatum

947 1740 1148 1780 simplicitate
1171 1748 1244 1770 vera
1267 1740 1297 1770 ἃ
1322 1740 1463 1771 naturali.
1487 1746 1552 1770 tum
1570 1740 1654 1771 enim
1672 1740 1818 1781 praesum-

946 1781 1092 1822 ptionem
1110 1781 1234 1812 veritati
1254 1780 1427 1812 manifestae
1444 1781 1472 1811 ὅ(
1492 1781 1585 1811 clara:
1602 1781 1717 1812 cedere
1726 1790 1820 1820 opor·

948 1831 1025 1855 tere.
1055 1823 1086 1854 id
1115 1823 1300 1861 contingere
1332 1821 1373 1852 ait
1402 1821 1510 1854 Celsus
1528 1844 1537 1859 ‚
1567 1821 1588 1854 si
1612 1822 1818 1862 depositarius

947 1865 1069 1896 dicatur
1091 1865 1155 1905 pari
1189 1863 1388 1904 simplicitate
1413 1863 1606 1902 stultitiaque
1631 1864 1659 1894 in
1686 1873 1719 1895 re
1746 1863 1819 1902 sua,

946 1906 1043 1946 inque
1062 1915 1095 1936 re
1113 1904 1270 1945 deposita,
1293 1904 1354 1935 efl'e
1370 1904 1516 1936 versatus.
1539 1905 1624 1944 quod
1649 1904 1669 1936 fi
1685 1912 1820 1945 ponatur

946 1948 1075 1988 quidem
1093 1956 1154 1978 non
1172 1946 1211 1977 ad
1235 1955 1308 1977 eum
1325 1946 1452 1978 modum
1470 1954 1565 1986 quem
1584 1946 1748 1978 hominum
1767 1956 1820 1978 na-

948 1997 1018 2020 tura
1044 1988 1217 2025 desiderat,
1242 1988 1402 2027 diligeris3
1429 1988 1480 2018 sed
1503 1987 1628 2018 interim
1654 1988 1684 2018 i'n
1711 1998 1743 2019 re
1762 1989 1819 2019 de-

949 2031 1045 2071 posita
1060 2030 1214 2061 minorem
1230 2029 1374 2068 praestare
1393 2037 1500 2060 curam
1512 2052 1521 2066 ‚
1540 2037 1632 2067 quam
1650 2030 1680 2060 in
1699 2038 1732 2060 re
1750 2039 1822 2069 pro-

949 2072 1032 2113 pria:
1058 2080 1120 2102 non
1143 2070 1206 2102 sine
1224 2071 1344 2101 ratione
1370 2077 1461 2109 putat
1489 2069 1615 2107 Celsus,
1636 2071 1697 2110 jam
1715 2070 1820 2102 fraudi

949 2121 1137 2152 praetextam
1153 2112 1252 2143 videri
1270 2113 1395 2151 culpam
1414 2111 1506 2142 latam
1522 2134 1531 2149 ,
1556 2111 1585 2142 ὅ(
1611 2111 1748 2142 detracta
1767 2112 1821 2143 illa

948 2155 1050 2192 larva,
1075 2162 1192 2185 meram
1210 2152 1352 2184 fraudem
1376 2151 1533 2184 futuram:
1557 2161 1629 2184 cum
1648 2151 1821 2192 praefertim

947 2196 1025 2227 scire
1045 2197 1073 2226 ἃ
1103 2201 1243 2235 potuerit
1270 2195 1300 2226 ἀ
1323 2194 1490 2232 debuerit,
1514 2192 1592 2225 salva
1619 2194 1680 2225 fide
1706 2203 1767 2225 non
1785 2204 1820 2226 o-

947 2245 1074 2277 portere
1107 2245 1179 2267 eum
1209 2237 1367 2267 minorem
1401 2235 1495 2266 rebus
1521 2235 1694 2275 depositis,
1725 2245 1818 2277 quam

948 2277 1027 2314 suis,
1051 2277 1245 2318 diligentiam
1263 2277 1420 2317 praestare.
1612 2316 1617 2321 .

990 2318 1034 2349 Ut
1059 2319 1288 2350 concludamus
1314 2319 1394 2349 hanc
1419 2325 1563 2356 partem:
1589 2317 1728 2350 dicamus
1746 2342 1755 2357 ‚
1785 2321 1818 2352 in

949 2359 1031 2391 hanc
1055 2359 1209 2391 actionem
1234 2359 1331 2390 solum
1349 2359 1457 2390 venire
1475 2359 1604 2397 dolum,
1628 2368 1724 2400 atque
1741 2360 1820 2392 aesti-

950 2402 1097 2433 mundum
1122 2411 1186 2433 non
1212 2410 1228 2431 a
1251 2400 1361 2439 judice
1386 2409 1426 2431 cx
1451 2401 1495 2431 rei
1521 2401 1674 2440 veritate;
1699 2401 1750 2433 sed
1776 2403 1815 2434 ab

948 2443 1056 2474 actore
1073 2442 1137 2481 ejus
1155 2442 1356 2482 jurejurando
1384 2441 1414 2472 in
1433 2441 1521 2472 litem
1538 2441 1556 2471 l.
1578 2451 1601 2473 1.
1622 2441 1650 2482 §.
1668 2446 1715 2473 26.
1731 2444 1776 2474 D.
1792 2444 1819 2474 br

948 2490 966 2514 t.
993 2485 1023 2514 in
1042 2482 1218 2515 infinitum:
1241 2482 1281 2514 sic
1299 2483 1383 2513 enim
1404 2482 1577 2513 convenire
1594 2484 1707 2514 actioni
1723 2483 1818 2516 bonae

948 2524 1043 2563 fidei3
1066 2525 1131 2556 dixi
1159 2525 1248 2565 supra
1270 2523 1319 2555 lib.
1346 2532 1391 2555 12.
1423 2524 1469 2555 tic.
1486 2533 1516 2564 3.
1547 2525 1598 2555 De
1620 2525 1650 2555 in
1672 2524 1749 2557 litem
1765 2527 1820 2568 jza-

947 2567 1050 2598 rando.
1650 2568 1653 2571 ’

988 2607 1037 2638 Ab
1052 2607 1161 2639 eadem
1180 2605 1269 2638 causa
1294 2607 1337 2637 ait
1363 2604 1515 2644 Ulpianus
1538 2607 1563 2637 d.
1585 2606 1602 2637 l.
1623 2615 1646 2637 1.
1665 2607 1693 2648 ἓ.
1713 2617 1760 2647 24.
1787 2608 1817 2640 ὅε

947 2647 1068 2680 fructus
1087 2650 1195 2680 venite
1213 2649 1243 2679 in
1261 2648 1341 2678 hanc
1357 2647 1531 2686 aftionem,
1553 2647 1582 2679 &
1599 2658 1726 2680 omnem
1746 2658 1819 2680 cau-

948 2689 1025 2727 sam,
1051 2690 1079 2720 &
1096 2699 1238 2730 partum,
1260 2699 1299 2719 ne
1323 2689 1406 2719 nuda
1424 2698 1470 2720 res
1493 2689 1609 2725 veniat,
1651 2690 1702 2721 De
1721 2691 1816 2720 usuris

948 2732 1124 2762 videamus.
1150 2739 1250 2770 pone:
1274 2730 1408 2770 pecunia
1428 2730 1567 2769 deposita
1593 2729 1676 2770 fuit,
1700 2740 1761 2761 non
1780 2737 1819 2760 ut:

948 2772 978 2802 in
995 2772 1098 2809 specie
1115 2773 1247 2808 eadem,
1271 2772 1321 2802 sed
1350 2778 1383 2801 ut
1407 2772 1623 2809 tantumdem,
1648 2773 1814 2808 reddatur,

948 2812 978 2843 ἃ
997 2813 1034 2844 lic
1052 2821 1103 2843 aut
1121 2812 1214 2853 patto
1234 2811 1387 2852 promissae
1403 2812 1491 2850 sunt,
1508 2821 1559 2843 aut
1578 2811 1702 2844 admiss'a
1725 2820 1813 2842 mora

948 2853 1002 2884 est.
1029 2856 1052 2884 is
1070 2858 1156 2884 caius
1174 2855 1363 2894 proponitur
1386 2853 1415 2884 &
1437 2853 1585 2885 definitur
1601 2863 1616 2883 a
1641 2851 1814 2891 Papiniano

948 2895 968 2924 l.
987 2904 1034 2931 24.
1054 2894 1090 2929 ὅ)
1107 2896 1125 2925 l.
1144 2905 1191 2935 25.
1210 2894 1238 2936 ᾖ.
1259 2904 1282 2927 1.
1300 2894 1336 2925 D.
1354 2895 1380 2925 h.
1398 2900 1419 2926 t.
1444 2895 1494 2926 sed
1511 2895 1571 2934 jam
1591 2894 1627 2924 ad
1646 2893 1698 2924 lias
1710 2891 1814 2933 scripsi

949 2935 1081 2975 liufing.
1101 2936 1148 2967 Aa
1165 2935 1260 2966 Enati.
1283 2935 1326 2966 De
1339 2936 1416 2976 paci.
1440 2946 1463 2966 c.
1487 2945 1530 2971 19,
1678 2973 1684 2977 Ι
1702 2971 1707 2976 .

990 2976 1151 3017 Explicito
1167 3000 1176 3015 ,
1200 2977 1275 3017 quid
1293 2977 1413 3009 Praetoi·
1435 2978 1512 3008 velit
1528 2973 1684 3018 observari
1702 2982 1729 3003 in
1748 2974 1814 3005 vul-

949 3019 1013 3057 gai-i
1040 3019 1202 3058 deposito:
1225 3020 1275 3059 (id
1293 3017 1356 3056 cst,
1381 3025 1413 3048 ut
1432 3016 1574 3047 [edietum
1594 3016 1698 3051 sonat,
1726 3014 1814 3058 Qiod

948 3068 1035 3099 neque
1056 3060 1217 3098 tumultus,
1240 3069 1330 3101 neque
1352 3058 1495 3093 incendii,
1520 3065 1609 3095 neque
1631 3057 1742 3093 ruinae,
1766 3065 1813 3085 ne-

948 3109 1003 3140 que
1016 3101 1188 3142 naufragii,
1212 3107 1298 3136 caium
1325 3098 1475 3139 depofiimu
1495 3096 1555 3135 fit)
1580 3095 1671 3141 153stOE
1690 3097 1814 3137 depost-

948 3149 1014 3172 tum
1033 3141 1223 3174 miserabile:
1247 3143 1284 3173 ad
1303 3141 1387 3179 quod
1409 3143 1567 3177 sequentia
1587 3137 1725 3177 speciant
1747 3148 1815 3169 ver-

945 3180 1003 3214 ba:
1034 3182 1149 3216 Earum
1182 3189 1278 3216 autem
1300 3190 1394 3213 rerum
1417 3188 1478 3219 quoe
1496 3186 1590 3220 vara
1616 3179 1815 3224 comprelierzlke

1020 3223 1073 3257 Οθ
1714 3222 1806 3260 sunt.
