2036 3495
490 114 546 151 An
573 114 661 149 Lis.
693 113 824 151 XXVl.
852 113 953 149 Tir.

72 209 148 246 <pter
165 203 449 237 exheredationem
465 227 475 244 ,
499 204 566 236 suus
582 203 645 235 esse
662 202 832 250 desiisset?
846 202 947 249 Dein-

77 247 118 278 de
133 245 274 284 constat,
297 245 364 277 filio
384 245 601 284 exheredato,
624 246 758 284 perinde
776 251 809 276 ut
825 244 943 276 institu-

70 296 130 326 to,
153 287 348 328 pupillariter
364 286 502 318 substitui
522 287 589 329 §.4
603 283 682 331 Just.
701 287 734 316 cle
746 283 944 332 pupillsubftz

73 338 136 363 nec
154 337 257 361 tamen
275 328 380 368 potest
392 328 456 360 aliis
466 327 662 368 pupillariter
679 326 837 364 substitui,
849 332 942 364 quam

72 371 132 402 suis
149 369 327 402 heredibus.
371 369 490 410 Aliquis
510 376 622 399 contra
637 376 786 406 moveat,
811 367 944 399 exhere-

71 411 136 444 dati
158 411 206 451 jus
233 410 393 442 abscissum
415 410 493 446 esse,
517 409 614 450 ipsum
634 419 690 450 pro
707 416 831 440 mortuo
850 409 943 440 habe-

70 454 115 491 ri,
139 452 168 484 ἀ
184 462 255 484 cum
275 452 365 483 heres
384 460 449 482 non
467 450 520 488 fit,
544 458 585 482 ne
601 451 688 482 suum
706 452 835 489 quidem
853 452 943 480 here-

70 495 148 526 dem
174 493 308 525 existere
331 493 394 524 l..1.
417 491 445 533 §.
475 501 519 523 10.
546 492 592 523 D.
620 493 653 522 de
676 493 735 527 luis
759 491 795 526 ὃ)
824 492 943 533 legitim.

71 535 163 566 berea.
186 536 206 566 l.
229 544 253 566 1.
277 534 305 576 §.
321 543 351 573 5.
376 532 418 565 D.
441 534 474 564 de
497 533 687 574 conjungenti.
713 543 777 564 cum
801 533 941 572 emancip.

68 576 151 608 liber.
167 576 238 616 ejus.
254 575 274 606 l.
291 585 320 611 9.
336 574 366 615 §.
384 583 411 606 α.
429 574 473 604 D.
488 575 520 604 de
537 575 615 604 liber.
635 574 672 608 ἐπ’)
685 573 826 614 posthum„
847 574 939 604 berea.

66 616 132 649 Sed
149 618 328 649 videamus:
353 625 392 646 rie
414 614 481 646 haec
504 617 692 656 contingant
720 624 736 645 a
759 622 874 660 morte¹
889 619 940 654 pa·

45 652 126 690 itris
141 681 150 697 ,
174 666 267 697 atque
284 657 367 688 adita
391 655 576 688 hereditate.
600 663 634 687 ut
657 664 761 687 autem
785 654 868 686 filius
892 664 942 696 pa-

67 700 126 732 tris
149 698 337 731 testamento
363 697 498 738 accipiat
526 705 688 736 tutorem;
713 696 845 734 sufficit,
868 702 942 728 eum

68 741 150 781 patri
174 740 261 771 suum
285 739 436 770 heredem
460 747 606 780 tempore
632 738 746 771 mortis
769 737 879 784 fuisset
901 744 942 785 ‘ut

69 782 159 822 supra
175 781 357 821 probatum.
401 779 504 812 Mitto
522 788 724 821 ai·gumenta;
757 780 832 819 quid
857 787 942 810 enim

68 821 120 855 his
141 832 222 863 opus
236 822 254 854 ⁴?
277 822 361 854 clare
378 820 567 861 Papinianus
592 822 611 852 l.
637 825 685 853 26.
711 820 738 862 §.
758 830 786 852 2.
812 819 854 851 D.
872 820 900 851 h.
918 826 941 852 t.

68 863 176 895 Ecce:
200 871 288 905 pater
304 861 370 894 filio
387 862 584 895 exheredato
602 863 691 894 dedit
707 869 848 893 tutorem
860 870 938 906 ,Apa-

71 913 121 937 tre
137 913 286 943 mortuo,
311 904 341 936 ὃς
356 904 533 936 hereditate
551 914 590 935 ex
615 903 806 935 testamento
831 903 942 948 aditat,

70 944 236 986 quaesitum
254 945 320 984 est,
344 954 410 986 quo
423 946 552 978 auctore
577 945 693 976 debeat
715 943 798 976 filius
819 952 942 990 experi—

68 988 95 1019 ri
106 1009 116 1026 ,
130 994 275 1019 moturus
290 987 450 1027 querelam
461 987 500 1018 de
514 986 706 1024 inoffiei0s03
724 985 942 1031 utrum-legiss-

69 1037 127 1060 mo
143 1035 269 1067 tutore,
292 1037 330 1059 an
346 1027 606 1060 testamentario?
626 1037 689 1059 non
709 1028 793 1073 enim
810 1026 939 1074 videba3

70 1077 122 1101 tur
146 1069 380 1101 testamentario
404 1069 465 1102 ess'e
489 1070 598 1108 locus,
628 1069 777 1115 quamdiu
807 1067 939 1099 rescindi

68 1117 199 1151 poterat
215 1109 519 1143 testamentum:nec
539 1110 636 1151 magis
652 1110 815 1150 legitimo,
833 1116 940 1149 quam-

70 1151 125 1184 diu
154 1152 221 1193 spes
253 1159 347 1190 erat,
385 1151 654 1184 testamentarium
682 1152 754 1182 fore
780 1157 939 1197 tutorem,

72 1192 260 1224 confirmato
275 1192 474 1225 testamento.
496 1194 539 1225 ita
555 1193 628 1234 quia
646 1199 773 1233 poterat
790 1191 856 1223 fieri
869 1214 879 1230 ,
904 1198 939 1222 ui:

68 1234 299 1266 rescinderetur
321 1234 563 1273 testamentum3
592 1234 724 1279 entiam„
739 1241 773 1264 ut
797 1242 864 1264 non
889 1240 936 1263 re-

69 1275 280 1307 scinderetur:
303 1274 333 1306 in
353 1276 415 1307 boc
432 1277 558 1308 incerto
572 1274 633 1306 fuit
655 1282 813 1315 optimum
831 1272 936 1318 fastu,

70 1323 210 1348 tutorem
227 1316 415 1347 testamento
430 1318 567 1348 datuma
578 1316 723 1347 ‘Praetore
739 1313 940 1360 confirmari:

68 1365 106 1388 ut
125 1356 343 1388 auctoritatem
368 1358 407 1388 de
430 1357 600 1389 ordinanda
617 1357 673 1388 lite
698 1359 824 1387 interim
842 1357 935 1401 inter-

67 1405 187 1438 ponat,
211 1401 370 1438 tamquam
388 1398 405 1429 si
423 1397 500 1430 effet
518 1404 607 1430 tutor
627 1397 741 1438 justus:
765 1397 796 1429 &
820 1397 936 1428 deinde

67 1446 203 1470 eventus
223 1437 328 1477 finiat,
353 1446 456 1471 utrum
475 1449 516 1471 ex
540 1439 638 1475 patris
662 1438 872 1475 testamento,
895 1444 934 1471 an

68 1488 110 1511 ex
128 1479 274 1512 Praetoris
300 1481 433 1511 deci-eto
456 1480 677 1512 auctoritatem
701 1479 936 1519 interposuerit.

68 1521 155 1560 prius
167 1519 344 1558 eveniet,fi
361 1529 419 1560 pro
437 1520 627 1552 testamento
639 1522 869 1559 pronuncietur
883 1520 937 1552 ad-

67 1561 175 1592 versus
191 1560 307 1592 filium:
329 1560 501 1601 posterius,
517 1560 539 1593 fi
554 1570 613 1601 pro
629 1561 695 1593 filio
709 1561 939 1602 pronuncietur

69 1601 219 1633 adversus
250 1600 484 1634 testamentum.
514 1603 598 1640 quod
627 1603 645 1634 fi
669 1602 738 1634 est:
773 1609 904 1644 apparet
925 1624 937 1642 ,

68 1641 260 1674 confirmato
276 1641 468 1675 testamento
482 1666 493 1683 ,
522 1643 748 1684 supervacuum
771 1643 833 1676 effe
856 1642 937 1690 Prae-

69 1684 149 1715 toris
168 1685 333 1715 decretum
350 1707 360 1723 ,
383 1684 413 1716 &
435 1692 573 1717 tutorem
590 1685 642 1717 vel
660 1685 855 1732 exheredato
870 1684 938 1716 filio

67 1725 166 1766 patris
184 1723 373 1757 testamento
389 1725 475 1757 recte
492 1726 599 1758 datum
615 1725 719 1759 fuiss'e.
750 1725 813 1758 Sed
834 1734 938 1758 incur-

69 1767 112 1798 rit
135 1765 254 1806 duplex
276 1766 463 1799 difficultas:
500 1777 561 1799 una
583 1777 600 1799 a
623 1768 643 1799 l.
661 1777 691 1808 4.
709 1768 738 1799 h.
754 1773 776 1798 t.
803 1767 902 1799 altera
920 1775 938 1798 a

69 1807 89 1839 1.
102 1817 153 1848 53.
175 1807 218 1838 D.
238 1808 271 1838 de
289 1809 441 1840 verborum
449 1806 673 1850 significatione.
715 1807 769 1841 De
785 1807 938 1850 posterio-

68 1857 104 1880 re
122 1849 152 1879 in
171 1847 372 1888 sequentibus
394 1858 483 1890 agam
498 1849 553 1882 suo
571 1850 658 1882 loco.
681 1851 769 1890 quod
794 1859 874 1881 vero
897 1849 938 1881 ad

67 1888 209 1930 priorem
226 1888 356 1921 attinet:
372 1891 458 1922 inea
476 1892 650 1923 tenendum
667 1890 731 1930 est,
742 1891 937 1931 desumptam

70 1929 134 1961 effe
155 1940 195 1962 ex
214 1929 387 1962 Modestini
412 1931 460 1964 lib.
478 1940 507 1972 7.
532 1931 863 1974 Differentiarum:-ab
886 1941 937 1963 eo·

70 1980 134 2012 que
151 1972 310 2012 duplicem
328 1972 457 2004 indicari
474 1972 686 2005 differentiam
702 1975 784 2006 inter
801 1980 938 2004 tutorem

69 2021 87 2044 a
101 2020 190 2053 patre
207 2013 236 2044 ἃ
253 2020 394 2045 tutorem
411 2023 427 2044 a
443 2022 544 2046 matre
559 2016 677 2047 datum.
700 2025 760 2047 una
776 2013 838 2046 est:
853 2012 939 2056 quod

67 2060 160 2093 patei·
184 2062 323 2086 tutorem
349 2056 402 2086 dat
423 2053 490 2086 filio
514 2064 577 2087 tam
604 2055 821 2094 exheredato,
845 2064 938 2095 quam

68 2094 223 2126 instituto.
248 2103 351 2126 mater
368 2105 480 2128 contra
496 2105 636 2129 tutorem
654 2098 707 2128 dat
730 2096 798 2129 filio
816 2102 939 2128 tantum

67 2135 179 2169 heredi
196 2135 336 2168 instituto
347 2160 356 2175 ,
373 2146 438 2169 non
454 2139 549 2170 etiam
565 2139 772 2171 exheredato.
798 2137 827 2169 ἃ
843 2139 937 2170 ratio-

68 2185 143 2208 nem
161 2176 248 2208 addit
267 2177 465 2209 Modestinus
481 2190 489 2210 :
511 2181 597 2219 quod
617 2187 717 2211 mater
735 2178 802 2211 filio
819 2180 874 2211 dat
890 2187 939 2210 tu-

68 2225 173 2249 torem
198 2219 294 2259 magis
314 2219 343 2250 iri
368 2229 453 2259 rem,
477 2229 571 2260 quam
596 2220 625 2252 in
645 2220 822 2262 personam.
845 2228 937 2261 patei·

66 2260 167 2300 magis
190 2259 221 2290 in
240 2259 424 2300 personam,
448 2270 541 2301 quam
566 2261 596 2293 in
623 2271 700 2294 rem.
724 2262 820 2294 altera
845 2261 935 2294 diffe-

65 2300 166 2332 rentia
191 2300 263 2333 est:
294 2303 379 2341 quod
402 2311 534 2342 oportet
558 2303 673 2344 inquiri
697 2304 729 2335 in
754 2311 894 2334 tutorem
918 2312 937 2334 a

65 2349 168 2373 matre
184 2342 311 2374 datum:
334 2352 470 2384 nempe,
493 2345 579 2385 quod
595 2354 611 2376 a
628 2352 729 2376 matre
744 2346 853 2382 datus,
869 2353 934 2376 non

61 2381 131 2422 jure
149 2383 239 2414 datus
257 2382 312 2415 est.
328 2384 357 2415 ἀ
374 2392 478 2417 tamen
495 2386 687 2418 conceditur
703 2386 812 2426 pietati
829 2386 937 2417 matris

69 2431 207 2454 tutorem
228 2424 328 2456 dantis
351 2424 418 2457 filio
442 2426 606 2466 instituto,
635 2434 671 2458 ut
695 2435 781 2458 tutor
803 2428 896 2459 datus
921 2436 937 2457 a

66 2463 206 2496 Praetore
221 2466 454 2500 confirmetur:
477 2468 532 2500 etii
558 2477 624 2501 non
649 2467 713 2500 fine
737 2467 938 2509 inquisit-ione

71 2504 102 2534 in
121 2505 184 2544 ejus
200 2514 301 2538 mores
326 2507 356 2539 &
373 2507 552 2541 facultates.
575 2510 659 2549 quod
675 2519 740 2541 non
758 2509 798 2540 ita
824 2508 887 2541 effe
903 2511 934 2541 in

72 2551 179 2575 tutore
199 2554 216 2575 a
234 2555 320 2584 patre
336 2549 431 2588 dat0,
454 2550 598 2590 quamvis
617 2551 719 2583 minus
739 2551 828 2591 Jure,
852 2551 936 2582 bene

69 2585 216 2616 observat
231 2586 440 2622 Modestinus.
465 2592 543 2623 dicit
559 2599 665 2623 autem
676 2616 685 2631 ,
709 2600 850 2624 tutorem
866 2601 934 2624 rion

68 2626 135 2665 jure
151 2635 168 2656 a
190 2635 279 2665 patre
305 2630 429 2664 datum:
453 2642 539 2671 non,
564 2632 586 2664 fi
603 2632 638 2664 fit
659 2633 859 2665 exheredato
881 2634 933 2665 da·

70 2676 138 2698 tus:
162 2668 252 2707 (narn
270 2673 462 2705 contrarium
487 2673 532 2706 est
553 2674 824 2716 demonstratum)
847 2673 897 2705 sed
913 2673 936 2707 fi

68 2709 156 2740 datus
179 2708 213 2740 fit
228 2719 288 2741 non
305 2711 404 2751 justo,
428 2712 457 2744 id
479 2715 524 2746 est
539 2738 549 2754 ,
579 2724 644 2747 non
670 2715 819 2755 solemni,
844 2716 934 2748 testa-

67 2757 200 2787 mento,
222 2759 274 2781 aut
290 2761 356 2782 non
381 2761 416 2783 ut
431 2753 517 2795 Lege
536 2756 777 2796 praecipiebatur
802 2758 821 2789 l.
839 2766 867 2798 3.
893 2757 934 2789 D.

68 2793 102 2835 fle
125 2790 317 2830 confirmando
344 2798 436 2825 tutore
451 2817 460 2833 ‚
491 2797 575 2836 quus
598 2799 762 2839 complura
787 2799 935 2838 exempla

67 2833 149 2863 idem
169 2834 220 2863 dat
236 2832 437 2866 Modestinus
453 2836 471 2866 l.
491 2846 516 2868 1.
540 2838 612 2879 §.,1.
635 2839 679 2871 D.
697 2841 755 2872 eod.
773 2841 818 2871 tit.
841 2840 937 2885 igitur

67 2882 84 2904 a
103 2881 191 2913 patre
221 2874 311 2906 datus
341 2882 426 2907 tutor
449 2887 513 2909 non
533 2880 617 2919 jure,
649 2881 712 2912 line
735 2879 936 2921 inquisitione

67 2913 291 2958 confirmatur:
322 2916 377 2948 nifi
412 2917 432 2949 fi
457 2918 544 2950 causa
569 2929 702 2961 propter
725 2931 819 2962 quam
845 2922 935 2953 datus

67 2956 253 2995 videbatur,
276 2958 307 2988 in
323 2967 363 2989 eo
381 2966 501 2991 mutata
517 2959 575 2999 fit,
597 2962 695 2994 veluti
713 2962 734 2994 fi
764 2974 805 2995 ex
827 2964 931 2994 amico

64 2996 231 3036 inimicus,
261 2999 312 3029 vel
337 3009 377 3031 ex
399 3000 500 3031 divite
528 3004 697 3044 pauperior
725 3004 858 3036 effecius
883 3004 930 3036 fit.

65 3037 225 3070 Caeterum
250 3039 269 3070 si
288 3049 436 3086 apparet,
459 3042 578 3075 durasse
595 3044 791 3078 voluntatem
816 3045 929 3086 pati-is3

60 3079 138 3111 nihil
155 3081 234 3112 ultra
249 3081 425 3120 inquiritur.

106 3120 185 3153 Vult
201 3132 278 3162 ergo
297 3122 388 3162 Lex,
405 3125 661 3164 patremfamilias
679 3127 807 3160 demum
824 3127 930 3160 liberis

65 3162 300 3201 impuberibus,
324 3164 377 3202 qui
402 3166 430 3197 ei
452 3166 494 3198 sui
511 3166 644 3200 heredes
669 3168 746 3208 sint,
770 3169 822 3201 vel
841 3168 860 3200 si
886 3171 930 3201 vi-

63 3202 174 3243 xisset,
197 3204 293 3237 futuri
311 3205 428 3247 effent,
453 3215 601 3249 tempore
626 3210 757 3249 mortis,
780 3210 810 3244 in
836 3209 928 3244 testa-

985 110 1027 147 Π.
1058 112 1106 147 Dc
1126 112 1358 160 testamentaria
1375 119 1470 155 tutela
1799 132 1867 169 42⁶3

990 206 1104 231 mento
1130 208 1271 248 tutorem
1289 205 1375 239 dare.
1402 209 1490 249 quod
1513 207 1533 240 fi
1557 204 1621 249 est;
1651 217 1802 252 apparet,
1835 213 1868 247 in

990 247 1079 286 patre
1097 250 1157 289 qul.
1175 245 1253 276 velit
1277 245 1345 279 filio
1371 252 1574 290 emancipato
1597 258 1738 284 tutorem
1770 255 1868 295 dare,

987 289 1132 322 itemque
1149 293 1180 328 in
1205 294 1330 326 matre,
1353 299 1488 330 patruo,
1519 300 1673 332 patrone,
1701 295 1731 325 oz
1758 304 1864 327 extra-

989 332 1054 354 neo
1072 324 1236 370 quolibet,
1261 327 1351 360 aliter
1374 331 1534 364 observari
1559 333 1578 364 l.
1596 338 1647 371 69.
1669 334 1687 376 §
1713 345 1739 367 2.
1762 337 1809 368 D.
1830 339 1865 367 de

989 363 1091 409 legans
1109 365 1156 397 lzb.
1176 376 1203 397 2.
1231 367 1311 400 illud
1329 379 1393 402 non
1410 373 1576 412 omittam3
1600 381 1688 415 quod
1706 375 1777 409 Lex
1795 386 1865 417 per·

988 412 1145 445 mittens,
1169 413 1310 440 tutorem
1340 411 1529 444 testamento
1553 417 1616 447 dari
1648 416 1706 448 suis
1738 417 1867 450 heredi-

987 445 1069 492 ·bus,
1094 454 1217 480 tantum
1239 449 1310 489 ipsis
1335 453 1399 483 dari
1425 455 1600 494 permittit,
1630 459 1863 500 non-ipsorum

986 486 1100 532 boniS,
1126 487 1189 535 sive
1207 491 1300 523 rebus
1316 502 1368 524 aut
1385 495 1498 526 causis:
1522 504 1694 537 propterea
1711 500 1797 540 quod
1814 501 1862 532 di-

985 535 1032 573 xit
1046 550 1055 565 ‚
1077 528 1132 559 Utz
1150 531 1259 572 legaffit
1272 533 1362 574 super
1377 538 1501 575 pecunia
1525 540 1654 570 tutelam·
1670 541 1742 577 lita:
1773 551 1860 581 non,

976 570 1066 609 super
1084 574 1210 609 pecunia
1230 574 1435 615 tutelavcsuae
1458 578 1520 608 rei:
1550 587 1584 610 ut
1608 581 1638 611 in
1663 581 1859 616 antecessum

986 610 1211 656 demonstravi.
1254 616 1360 656 Atque
1378 618 1441 648 lioc
1458 620 1539 656 adeo
1556 620 1690 660 placuit:
1714 632 1748 655 ut
1765 625 1861 656 tradi·

985 658 1018 681 ta
1034 651 1069 682 iit
1085 653 1168 693 quasi
1185 660 1241 694 per
1258 665 1367 689 manus
1385 660 1493 700 regula
1509 660 1529 692 l.
1551 670 1598 693 12.
1620 669 1666 703 13.
1687 671 1733 702 14.
1754 664 1791 699 ὅ)
1810 675 1860 706 15.

985 693 1034 723 J).
1050 693 1078 724 b.
1097 699 1120 724 t.
1140 736 1145 742 .
1166 695 1319 729 Cerearum
1336 709 1431 731 rerum
1455 701 1502 732 vel
1516 702 1669 743 causarum
1694 702 1858 745 testamento

984 738 1063 764 zuzor
1077 736 1144 766 dan
1160 746 1218 768 non
1228 738 1328 779 potest.
1371 740 1413 772 Et
1428 742 1566 775 additur.
1590 744 1658 776 Nec
1673 746 1802 778 deductis
1812 757 1856 778 re-

984 775 1053 805 bus:
1077 784 1134 816 per
1151 778 1451 819 interpretationem
1473 793 1613 828 nempe,
1639 787 1722 827 quafi
1747 787 1860 820 adscri-

983 824 1047 861 ptae
1065 826 1128 848 non
1151 818 1263 851 effe-nt.
1309 821 1353 853 Er
1378 833 1398 854 o
1415 823 1574 865 sequitur:
1599 826 1682 865 Etfi
1696 830 1861 871 datusfue-

983 862 1042 895 m,
1065 863 1125 888 tota
1139 861 1217 890 ilatio
1237 870 1295 893 non
1313 873 1354 894 va
1367 866 1440 895 ebir:
1464 867 1535 907 quia
1551 869 1676 907 persimae
1694 893 1703 909 ,
1733 880 1790 902 non
1818 872 1861 902 rei

985 898 1032 943 vel
1049 899 1141 946 causfe
1159 902 1256 932 datur.
1297 904 1359 936 Sed
1376 906 1606 941 observandum
1618 932 1628 948 ,
1652 913 1740 952 quod
1766 911 1862 953 subji-

985 940 1125 971 citurzSz
1142 947 1238 974 tamen
1255 949 1334 976 tutor
1351 947 1434 978 detur
1452 950 1494 980 rei
1510 950 1664 989 Africana.
1680 953 1727 984 vel
1744 955 1785 986 rei
1801 954 1859 996 Sy-

984 981 1115 1029 riaticaer
1134 983 1216 1014 utilis
1240 986 1319 1017 datio
1337 985 1385 1028 est.
1429 988 1503 1031 Qua
1525 993 1666 1026 ratione:
1691 993 1758 1025 Hoc
1780 999 1857 1027 enim

978 1030 1048 1062 jure
1068 1029 1190 1056 utimur.
1232 1025 1385 1060 Notanda
1409 1029 1478 1062 haec
1496 1032 1649 1072 loquendi
1668 1034 1772 1067 forma
1792 1037 1857 1069 ele-

982 1071 1059 1108 gans
1073 1064 1108 1110 ,ὃς
1123 1064 1276 1112 frequens
1292 1071 1376 1110 apud
1397 1071 1548 1105 Veteres:
1571 1083 1644 1107 cum
1661 1075 1857 1118 significant,

982 1105 1104 1177 ahqtmd
1123 1107 1277 1154 placuill'e⁸
1294 1112 1423 1149 quidem
1448 1122 1536 1146 certa
1555 1116 1630 1155 juris
1657 1119 1781 1159 regula:
1805 1118 1859 1152 sed

982 1145 1049 1191 poi·
1075 1148 1190 1191 multas
1214 1152 1404 1185 variationes
1429 1154 1482 1185 usu
1506 1157 1633 1188 tandem
1657 1161 1855 1193 contrarium

981 1187 1161 1220 obtinuisse.
1187 1191 1394 1225 animadverti
1415 1195 1478 1228 hoc
1495 1206 1568 1230 curn
1592 1198 1642 1231 lib.
1664 1208 1689 1233 1.
1708 1201 1854 1234 Probabit.

980 1238 1003 1260 c.
1023 1237 1054 1259 2.
1070 1228 1108 1263 ἐξ
1123 1240 1153 1271 3.
1177 1238 1244 1264 tum
1262 1233 1335 1265 alibi
1355 1234 1446 1275 saepe.

1023 1269 1099 1316 Dixi
1115 1281 1132 1302 a
1148 1273 1263 1312 quibus
1281 1275 1310 1306 &
1324 1275 1438 1317 quibus
1453 1278 1570 1311 debeat
1587 1287 1678 1313 tutor
1692 1283 1768 1316 dari.
1783 1293 1856 1326 por·

980 1320 1017 1342 ro
1043 1312 1167 1353 dicam,
1198 1323 1264 1353 quo
1287 1317 1387 1348 modo
1413 1328 1486 1351 cum
1510 1321 1576 1352 dari
1598 1330 1760 1362 oporteat.
1802 1326 1859 1357 Ait

981 1351 1070 1398 Lex,
1096 1353 1283 1400 Utilegafflc.
1324 1357 1379 1391 Est
1407 1367 1514 1393 autem
1544 1361 1707 1404 Legatum,
1738 1373 1774 1397 ut
1797 1365 1856 1399 Ul-

979 1402 1089 1434 pianus
1105 1403 1335 1438 interpretatur
1348 1401 1379 1431 in
1395 1399 1511 1443 Fragm.
1529 1404 1577 1434 tit.
1594 1411 1642 1442 24.
1668 1407 1754 1447 quod
1777 1408 1855 1449 legis

979 1436 1099 1474 modo,
1124 1437 1156 1468 id
1178 1437 1242 1483 est,
1272 1439 1463 1480 imperative
1488 1444 1681 1478 testamento
1706 1449 1857 1491 relinqui-

980 1484 1046 1521 tur:
1069 1477 1099 1508 &
1114 1479 1202 1509 addit
1225 1480 1396 1520 Ulpianus,
1419 1491 1455 1513 ea
1473 1492 1545 1523 qum
1562 1487 1729 1526 precativo
1752 1493 1853 1523 modo

980 1518 1221 1558 relinquuntur,
1244 1520 1484 1555 fideicommiss'a
1508 1527 1628 1558 vocari.
1672 1528 1857 1565 Secundum

980 1558 1044 1605 hoc
1060 1560 1160 1605 debet
1177 1567 1266 1593 tutor
1283 1572 1300 1594 a
1316 1570 1406 1604 patre
1423 1565 1531 1598 verbis
1547 1568 1678 1602 directis
1696 1570 1726 1602 &
1751 1573 1853 1614 impe·

979 1608 1088 1632 rativis
1105 1602 1171 1633 dari
1188 1601 1251 1633 hoc
1266 1603 1505 1645 modo‚Tutor
1522 1607 1608 1647 esto,
1627 1611 1676 1643 vel
1691 1611 1856 1649 Tutorem

979 1641 1034 1673 do.
1064 1641 1165 1683 Quod
1181 1643 1200 1675 fi
1215 1646 1363 1685 precariis
1381 1647 1484 1679 verbis
1502 1649 1570 1681 usus
1589 1650 1643 1691 fit,
1666 1662 1733 1686 non
1750 1657 1857 1689 valet:
1896 1687 1899 1688 ⁷

981 1685 1055 1755 (ῧιίε
1073 1684 1143 1716 Lex
1166 1684 1271 1725 dixit,
1294 1685 1350 1718 Uti
1369 1688 1505 1730 legafflt3
1529 1700 1614 1731 non,
1645 1694 1690 1726 uti
1714 1698 1853 1739 rogaffit.

1018 1725 1041 1755 ci
1055 1734 1152 1767 porro
1169 1726 1302 1760 verbum
1320 1729 1384 1760 late
1399 1732 1508 1770 patet:
1532 1731 1577 1764 uti
1597 1733 1681 1768 enim
1700 1737 1747 1770 est
1754 1747 1857 1779 ,quo-

980 1774 1119 1808 cumque
1136 1768 1244 1800 modo,
1287 1768 1377 1802 Vidit
1399 1771 1598 1813 Pomponius
1613 1775 1632 1807 l.
1655 1786 1721 1810 120,
1748 1781 1797 1814 D.
1823 1783 1857 1813 de

978 1808 1059 1839 verb.
1075 1807 1182 1850 signif.
1206 1808 1249 1841 fic
1265 1808 1421 1844 scribens:
1444 1813 1548 1846 Verbis
1570 1816 1661 1858 Legis
1676 1828 1736 1852 xn.
1759 1819 1856 1855 Tabu-

979 1848 1073 1880 larum
1088 1850 1152 1889 his,
1176 1849 1232 1882 Uti
1249 1851 1368 1893 legaffit
1383 1852 1444 1885 suae
1466 1857 1532 1894 rei,
1555 1856 1598 1889 ita
1617 1859 1671 1900 jus
1694 1861 1763 1894 esto
1778 1886 1788 1903 ‚
1811 1864 1854 1897 la·

979 1888 1084 1930 tiffima
1096 1888 1221 1932 potestas
1238 1894 1349 1926 tributa
1364 1896 1483 1928 videtur
1498 1897 1536 1933 ὅ)
1562 1899 1676 1933 heredes
1697 1902 1855 1943 instituen-

980 1930 1064 1977 di&
1086 1932 1181 1974 legata
1197 1933 1234 1968 ὅ)
1254 1934 1398 1967 libertates
1411 1939 1502 1970 dandi
1510 1962 1520 1978 ‚
1544 1941 1650 1973 tutelas
1663 1952 1775 1986 quoque
1789 1957 1854 1979 con·

973 1969 1130 2013 stztuendz'.
1144 1974 1198 2014 sed
1218 1974 1332 2016 (quod
1355 1978 1445 2010 addit
1468 1979 1694 2025 Pomponius)
1717 1988 1747 2018 id
1762 1988 1852 2020 inter-

975 2016 1138 2061 pretatione
1153 2015 1373 2057 coangustatum
1389 2019 1428 2061 est
1451 2021 1499 2052 vel
1513 2022 1607 2065 legum
1623 2048 1632 2064 ,
1655 2027 1704 2057 vel
1725 2028 1853 2061 austori-

982 2060 1040 2085 rate
1063 2065 1135 2097 jura
1161 2057 1404 2098 constituentium.
1456 2061 1510 2094 De
1535 2072 1668 2106 utraque
1691 2078 1726 2100 re
1755 2079 1854 2110 pauca

982 2105 1054 2143 quae
1076 2106 1267 2145 occurrunt,
1291 2100 1453 2143 attingam.
1497 2104 1598 2149 Quod
1613 2109 1650 2139 ad
1670 2107 1764 2150 Legis
1784 2112 1853 2144 lati-

982 2138 1124 2184 tudinem
1142 2141 1364 2175 attinetrhanc
1380 2145 1588 2179 animadverti
1607 2151 1721 2187 partim
1739 2153 1767 2183 in
1780 2163 1853 2194 per-

981 2177 1060 2225 sonis
1077 2189 1146 2220 quae
1165 2189 1287 2215 tutores
1309 2185 1440 2226 dantur,
1465 2190 1577 2227 partini
1605 2190 1636 2221 in
1660 2192 1855 2227 constituen-

980 2223 1010 2251 di
1032 2220 1135 2265 forma
1150 2223 1180 2254 δι
1198 2225 1301 2256 mod0.
1343 2226 1397 2268 De
1419 2228 1556 2269 personis
1571 2230 1685 2264 Paulus
1710 2233 1728 2265 l.
1747 2245 1796 2268 20.
1820 2236 1851 2278 ἕ.

981 2271 1007 2293 1.
1025 2263 1070 2293 D.
1086 2264 1114 2294 h.
1132 2268 1153 2294 t.
1198 2264 1427 2307 Testamento,
1446 2270 1568 2310 inquit,
1585 2274 1761 2312 quemlibet
1777 2286 1852 2317 pos-

977 2302 1080 2335 sumus
1101 2312 1240 2350 tutorem
1259 2308 1352 2347 dare,
1369 2308 1400 2340 id
1418 2310 1482 2348 est,
1502 2321 1564 2343 non
1582 2316 1682 2346 modo
1697 2324 1853 2359 agnatos,

979 2353 1032 2376 aut
1055 2347 1210 2386 gentiles,
1243 2347 1295 2380 sed
1320 2351 1416 2381 etiam
1445 2360 1628 2393 cognatos:
1659 2357 1725 2389 imo
1750 2360 1846 2394 alium

979 2387 1157 2459 puemlibet
1173 2396 1378 2422 extraneum:
1401 2392 1462 2423 sive
1481 2395 1611 2433 privatae
1635 2400 1850 2443 conditionis,

991 2427 1200 2472 ivetl'raetor,
1230 2429 1294 2462 five
1316 2430 1434 2464 Consul
1459 2433 1512 2465 fit:
1536 2435 1567 2468 dt
1590 2439 1745 2473 rationem
1767 2442 1850 2476 hanc

979 2469 1086 2508 addit,
1111 2471 1184 2511 quia
1208 2471 1276 2503 Lex
1299 2482 1355 2504 xii.
1372 2472 1568 2509 Tabularum
1596 2477 1627 2511 id
1652 2482 1847 2524 confirmat,

979 2512 1010 2554 id
1028 2509 1093 2550 est,
1116 2513 1190 2550 quia
1207 2512 1268 2543 sine
1288 2513 1612 2558 dillinstionejubet,
1634 2523 1676 2553 uti
1702 2523 1821 2558 lefrassit
1836 2549 1846 2565 ‚

978 2552 1079 2591 itajus
1099 2552 1173 2598 effe..
1215 2552 1367 2598 Similiter
1385 2557 1547 2596 quaefitiim
1567 2560 1647 2602 fuit,
1670 2573 1707 2596 an
1724 2552 1786 2598 r3³on
1813 2577 1842 2598 e-

974 2593 1097 2633 jusdem
1114 2595 1249 2625 ciVitatls
1268 2596 1355 2628 cives
1372 2598 1559 2632 testamento
1575 2605 1644 2643 quis
1664 2600 1784 2639 tutores
1794 2609 1846 2638 da-

977 2644 1011 2664 re
1031 2635 1149 2673 poffit?
1180 2636 1209 2667 ὅι
1234 2636 1396 2682 respondit
1420 2639 1552 2681 Paulus,
1576 2644 1663 2684 poss'e
1684 2648 1704 2678 l.
1726 2658 1771 2687 32.
1797 2649 1843 2679 D.

977 2675 1006 2705 h.
1029 2682 1050 2706 ι.
1074 2686 1190 2716 nempe
1206 2686 1279 2716 quia
1296 2678 1326 2710 ὅ(
1342 2680 1404 2711 hoc
1420 2681 1521 2715 sinunt
1539 2684 1598 2717 lata
1618 2686 1710 2728 Legis
1723 2681 1842 2728 'verba,

981 2716 1171 2759 Utilegaffit.
1215 2719 1372 2753 Praeterea
1391 2722 1434 2754 ait
1457 2723 1661 2766 justinianus,
1686 2730 1769 2768 quod
1796 2737 1843 2760 tu-

977 2764 1029 2789 tor
1044 2760 1111 2804 dari
1128 2759 1233 2805 potest
1257 2769 1318 2792 uon
1339 2762 1438 2796 solum
1454 2767 1677 2806 paterfamilias
1694 2791 1703 2805 ‚
1726 2769 1777 2801 sed
1794 2778 1842 2801 et-

977 2799 1038 2830 iarn
1071 2799 1285 2846 filiusfamilias
1299 2809 1347 2843 pr.
1366 2804 1438 2845 lnfl.
1458 2806 1522 2851 Qui
1540 2806 1599 2849 test.
1619 2814 1674 2839 tut.
1692 2811 1755 2841 dar.
1769 2810 1841 2852 poff.

979 2846 1041 2884 tam
1059 2850 1141 2872 enim
1161 2842 1230 2882 hie,
1254 2852 1347 2883 quam
1365 2847 1437 2887 ille,
1460 2849 1627 2880 latitudine
1651 2848 1745 2889 Legis
1767 2861 1846 2884 con-

979 2888 1106 2913 tinetur.
1153 2882 1271 2915 Eadem
1295 2886 1419 2920 ratione
1435 2891 1558 2928 placet,
1583 2891 1670 2929 quod
1689 2889 1842 2932 Ulpianus

977 2923 997 2953 l.
1024 2931 1070 2955 10.
1094 2924 1122 2965 §.
1138 2935 1168 2966 3.
1195 2926 1241 2957 D.
1260 2926 1288 2958 h.
1307 2935 1328 2958 z.
1352 2928 1472 2969 scribit,
1498 2930 1529 2961 Si
1549 2931 1735 2963 testamento
1753 2940 1842 2966 tutor

978 2965 1070 2996 detur
1087 2965 1240 3006 furiosus,
1264 2967 1282 2999 si
1301 2970 1451 3010 quidem,
1476 2970 1556 3003 Cum
1572 2970 1679 3003 furere
1697 2973 1841 3016 desierit3

974 3011 1112 3038 tutorem
1130 3007 1192 3039 ess'e
1209 3009 1294 3041 reste
1317 3011 1423 3043 datum
1435 3035 1444 3051 ,
1467 3011 1637 3044 Proculum
1654 3036 1664 3051 ,
1687 3014 1843 3048 existima-

973 3056 1018 3078 re.
1042 3048 1127 3088 quod
1142 3049 1162 3081 fi
1179 3059 1257 3090 pure
1272 3052 1363 3083 datus
1379 3051 1431 3083 fit:
1454 3061 1567 3092 negare
1583 3052 1751 3088 Proculum
1763 3079 1772 3095 ,
1788 3067 1842 3088 va-

974 3088 1039 3120 lere
1055 3089 1227 3123 dationem.
1251 3091 1312 3124 Sed
1329 3092 1390 3123 effe
1407 3093 1530 3131 verius,
1555 3094 1637 3133 quod
1654 3096 1682 3126 ἀ
1699 3097 1841 3139 Pompo-

973 3131 1042 3162 nius
1056 3132 1100 3162 ait
1113 3154 1123 3170 ‚
1147 3133 1234 3164 redte
1254 3135 1360 3164 datum
1380 3134 1498 3172 videri,
1522 3134 1551 3166 dt
1570 3143 1645 3167 tunc
1661 3135 1731 3170 fore
1755 3148 1842 3171 tuto-

973 3180 1058 3211 rem,
1080 3182 1153 3205 cum
1177 3174 1284 3213 sapere
1313 3174 1459 3213 coeperit.
1482 3176 1557 3214 quid
1579 3176 1598 3208 si
1616 3175 1706 3211 furor
1722 3179 1759 3212 fit
1777 3189 1852 3213 tant

972 3220 1039 3255 tus,
1051 3222 1085 3247 ut
1102 3215 1170 3248 tolli
1190 3215 1467 3255 nequeatPadnuc
1481 3216 1552 3256 jure
1568 3218 1658 3252 datiis
1675 3221 1720 3253 est
1738 3229 1843 3254 tutor:

1786 3264 1837 3295 scil
