2052 3487
487 189 802 226 Pssonanitiun
850 190 977 238 Jutus
1027 192 1207 231 Ctvttts
1253 195 1343 233 Lte.
1385 197 1457 234 IV.

89 277 264 312 victoriatus
279 276 457 320 appellatur,
479 276 538 319 lege
555 278 655 310 Clodia
665 278 815 320 percuffus
829 278 887 321 est3
903 291 954 314 an-

90 327 137 353 tea
153 322 228 352 enim
243 321 288 352 hic
301 328 437 351 nummus
454 327 491 349 ex
508 319 627 360 illyrico
644 320 782 352 advettus
797 325 899 354 mercis
914 323 953 355 lo-

88 372 119 394 co
137 364 304 395 habebatur.
346 359 507 400 Amplius,
523 361 670 394 Volutius
686 362 883 404 Maecianus,
906 365 952 404 is,

87 413 184 445 quem
208 403 285 435 Divi
313 401 436 434 Fratres
458 401 478 432 l.
499 411 547 443 17.
571 401 614 435 D.
638 405 672 435 cle
690 404 760 446 jure
776 410 953 445 patronatus

86 452 207 477 vocant
238 444 325 477 suurn
352 443 514 483 amicum,
548 444 578 476 &
597 445 672 485 Juris
705 445 809 477 civilis
837 454 952 488 praeter

85 495 230 519 veterem
246 486 276 518 ἃς
293 485 457 517 fundatam
472 485 618 525 peritiam
628 487 722 518 anxie
738 487 951 528 diligentem?

84 528 133 567 is,
164 529 312 569 inquam,
338 524 486 558 Volufius
506 525 684 560 Maecianus
700 552 711 568 ,
741 528 952 569 Distributione

86 571 121 601 de
146 569 201 610 affe
226 569 306 601 infit.
349 566 534 600 Victorinus
549 578 629 601 nunc
652 572 829 602 tantumdem
852 572 951 610 valet,

82 619 230 654 quantum
252 609 407 652 quinarius
436 608 527 649 olim,
558 620 593 642 ac
615 612 787 653 peregrinus
816 622 952 644 nummus

84 655 141 684 loco
167 653 266 684 mercis
286 675 295 690 ,
320 656 354 683 ut
374 659 453 682 nunc
472 653 715 684 tetradrachmum
738 652 775 688 ὅ)
791 654 927 686 drachma
940 677 950 693 ,

83 695 250 726 habebatur.
293 691 394 734 igitur
423 691 524 733 liquet
541 716 553 733 ,
584 694 747 733 Veteres,
784 695 951 737 peregrina

82 736 218 777 pecunia
241 744 301 776 pro
322 733 438 766 Sticho
464 734 538 766 data
556 758 567 774 ,
605 745 672 767 non
698 736 867 777 pecuniam
891 745 950 777 pro

80 786 190 810 merce
207 800 216 815 ,
250 776 302 808 sed
324 784 464 808 mercem
483 785 543 816 pro
561 786 690 815 merce,
723 778 827 808 datam
850 779 952 810 credi-

82 817 158 851 disse
177 829 185 850 :
217 818 247 849 ἀ
269 819 343 850 ideo
366 817 454 849 hunc
478 818 679 850 contractum
703 819 801 860 magis
819 827 879 859 pro
904 828 950 851 re-

81 869 150 893 rum
171 860 430 900 pei-mutatione,
454 868 549 900 quam
566 869 626 901 pro
641 860 808 900 emptione
826 860 857 892 &
874 870 950 893 ven-

80 902 205 934 ditione
221 900 388 942 accepiffe.
427 900 516 943 Quid
531 902 562 933 id
578 902 616 933 ad
635 901 787 934 Celsum?
809 901 945 943 inquies.

80 952 156 975 num
178 943 262 983 apud
287 952 361 974 eum
390 942 453 974 ulla
484 941 615 984 vestigia
644 943 820 984 peregrinae
848 952 946 984 pecu-

82 984 160 1022 niae,
186 993 224 1016 an
241 984 330 1025 quod
355 984 385 1016 in
403 984 571 1024 peregrina
586 985 633 1024 Jus
650 984 729 1023 fuit,
763 984 827 1016 hoc
849 993 885 1015 ut
907 985 946 1017 ad

82 1026 243 1068 publicam
262 1026 292 1058 &
310 1026 451 1058 usitatam
466 1026 636 1066 pecuniam
654 1025 879 1066 transferatur,
901 1035 946 1057 ra·

1812 203 1855 248 63

996 282 1122 316 tionum
1140 283 1369 326 consequentia
1385 287 1549 322 efficitur?
1567 296 1632 321 non
1645 286 1741 330 puto.
1768 289 1858 331 Quid

995 333 1073 365 ergo
1090 325 1108 357 ⁴?
1141 325 1234 358 Celso
1251 327 1334 358 male
1352 327 1414 360 esse
1435 339 1476 361 ex
1499 330 1562 362 levi
1586 332 1727 362 vulnere.
1772 332 1856 364 Scri*

995 371 1085 405 ptum
1103 375 1171 399 erat
1185 390 1196 406 ,
1225 369 1290 399 dedi
1305 370 1358 400 tibi
1365 376 1412 410 pe.
1425 377 1486 411 pte.
1508 377 1542 403 ut
1561 374 1632 403 mihi
1648 373 1780 404 Stichum
1802 375 1854 404 da-

993 415 1055 443 rei-3
1079 409 1148 447 vel,
1171 409 1235 440 dedi
1257 411 1308 441 tihi
1322 416 1389 452 peg.
1409 418 1473 453 pec.
1497 414 1615 445 utmihi
1630 413 1691 448 &a
1724 413 1857 446 Utrum-

994 457 1057 488 que
1080 449 1165 481 idem
1191 450 1341 490 valebat,
1369 460 1405 484 ut
1427 454 1551 485 constat
1577 464 1619 486 ex
1641 454 1738 487 Notis
1759 455 1856 487 Vete-

993 498 1081 529 rum;
1103 490 1134 522 δε
1156 491 1304 531 volebat,
1328 494 1393 524 dedi
1415 495 1469 524 tibi
1480 497 1662 537 peregrinam
1680 498 1855 538 pecuniam,

994 535 1028 561 ut
1045 532 1115 562 mihi
1137 531 1200 566 δῆθε.
1243 532 1304 564 Sed
1321 533 1555 574 imprudentior
1574 536 1758 577 Librarius,
1779 546 1855 569 cum

994 572 1199 604 arbitraretur
1216 595 1227 612 ,
1256 573 1406 616 syllabam
1430 584 1551 609 temere
1580 580 1748 619 repetitam
1771 579 1854 618 effe,

994 621 1117 646 tantum
1129 616 1285 655 pecuniam
1302 614 1421 658 scripsit
1438 641 1448 656 ,
1478 617 1591 650 omiss'o
1608 620 1708 652 verbo
1725 623 1854 661 peregri-

992 664 1070 686 nam.
1102 655 1167 687 hoc
1198 656 1352 697 restitue,
1388 658 1418 690 &
1441 659 1525 691 bene
1557 659 1688 692 habebit
1722 661 1854 694 Cetius:

993 697 1092 735 tolle,
1118 698 1147 729 δι
1166 698 1220 729 vix
1238 699 1316 737 erit,
1350 706 1384 731 ut
1400 709 1417 731 a
1434 701 1528 741 culpa
1544 700 1626 739 lata,
1657 702 1776 734 nedum
1802 712 1854 734 ca·

993 737 1112 770 lumnia
1127 762 1138 778 ‚
1170 739 1355 773 excusetur:
1385 742 1438 782 qui
1461 752 1527 774 non
1552 742 1729 782 quaefiverit
1752 745 1852 776 modo

993 779 1026 810 id
1044 781 1131 819 quod
1150 780 1297 813 omnibus
1315 782 1345 814 in
1362 782 1509 815 confesso
1526 782 1610 822 fuit,
1641 786 1777 825 pecunia
1792 795 1853 826 pro

992 820 1104 852 Sticho
1122 821 1214 861 data,
1247 830 1350 855 utrum
1369 825 1493 864 emptio
1514 826 1658 857 venditio
1680 825 1758 858 ess'et
1772 849 1782 866 ,
1814 833 1855 860 an

991 862 1050 893 alia
1069 862 1245 904 obligati03
1269 864 1321 895 sed
1347 865 1377 896 in
1400 866 1488 898 istam
1511 875 1641 908 quoque
1665 866 1854 900 sententiam

990 902 1021 933 se
1040 904 1268 944 procliviorem
1293 906 1427 946 dixerit,
1459 916 1572 939 contra
1590 910 1733 941 omnium
1757 910 1856 950 placi·

990 951 1031 975 ta.
1074 944 1202 976 Idcirco
1221 969 1231 985 ‚
1261 946 1283 979 fi
1302 948 1371 988 quis
1388 949 1477 980 volet
1497 950 1655 990 vulgatam
1679 951 1853 982 restionem

990 986 1091 1024 tueri,
1114 986 1139 1018 is
1156 987 1273 1018 viderit
1289 1010 1299 1026 ‚
1331 998 1371 1020 ne
1389 990 1464 1021 dum
1485 990 1528 1022 illi
1545 992 1678 1024 nimium
1699 991 1850 1031 inservit,
1898 1024 1903 1028 ,

988 1025 1209 1067 jurisconsulti
1226 1027 1345 1063 famam
1362 1039 1399 1062 ac
1414 1030 1511 1064 fidem
1528 1031 1683 1066 offendat.

809 1147 1022 1184 CAPUT
1081 1147 1130 1184 V.

82 1258 114 1283 1.
149 1246 247 1293 Ceffits
271 1245 445 1282 declaratus
461 1252 554 1292 parte
577 1246 677 1281 altera
702 1246 722 1281 l.
741 1246 796 1282 zdt.
822 1246 866 1281 D.
890 1246 924 1281 de
946 1245 1129 1282 condiaione
1148 1257 1243 1282 caua
1269 1244 1344 1283 data
1367 1259 1423 1284 cau
1440 1259 1459 1283 a
1481 1259 1538 1283 non
1551 1248 1697 1295 sequuta.
1750 1261 1780 1285 2.

1810 1248 1852 1290 ἐξ

149 1295 250 1331 Paulo
271 1295 292 1329 l.
309 1303 342 1338 5.
369 1293 399 1342 ᾗ.
422 1305 455 1331 1.
482 1296 528 1330 D.
546 1295 583 1330 de
594 1294 779 1342 praescriptis
798 1296 899 1331 verbis
916 1295 1104 1331 conciliatus.

77 1411 106 1436 1.
130 1402 318 1478 Sequitur
343 1403 441 1435 altera
462 1413 533 1445 pars
550 1404 569 1438 l.
587 1403 642 1435 ult.
666 1402 709 1435 D.
734 1403 767 1433 de
788 1402 940 1449 coizdistz'o-

202 1454 237 1475 ne
259 1444 344 1483 causa
370 1446 440 1477 data
465 1447 552 1486 causa
574 1454 631 1476 non
645 1445 794 1486 sequuta,
823 1453 855 1476 in
879 1453 940 1485 qua

75 1485 187 1518 mirum
204 1485 267 1525 est,
292 1495 348 1518 cur
368 1486 478 1519 Celsus
495 1510 505 1526 ‚
536 1485 703 1527 postquam
727 1486 831 1525 dixit,
866 1486 940 1517 data

75 1528 133 1558 tibi
152 1529 306 1566 pecunia,
331 1536 366 1559 ut
384 1528 461 1560 mihi
480 1528 624 1559 Stichum
649 1529 759 1564 dai-es,
791 1536 856 1572 non
876 1527 938 1558 effe

74 1569 271 1608 emptionem
300 1569 329 1600 ἅ
347 1570 569 1601 venditionem
586 1592 595 1607 ,
627 1568 680 1600 sed
703 1569 936 1609 obligationem

72 1611 118 1640 ol)
135 1619 199 1640 rem
218 1609 282 1640 dati
300 1620 334 1641 re
353 1620 417 1642 non
435 1610 586 1652 sequuta.
619 1611 693 1641 ideo
717 1617 884 1651 opinetur,
917 1609 938 1641 fi

73 1650 199 1681 Stichus
221 1659 364 1684 mortuus
400 1652 459 1691 sit,
498 1663 548 1684 me
573 1651 636 1683 hoc
668 1660 817 1692 repetere
848 1650 937 1691 poffe

73 1692 160 1733 quod
181 1693 302 1723 idcirco
325 1693 382 1724 tibi
399 1694 492 1732 dedi,
517 1702 550 1724 ut
570 1693 645 1725 mihi
664 1692 808 1724 Stichum
827 1694 936 1739 dares:

72 1742 153 1766 nam·
171 1743 188 1763 e
214 1732 337 1764 diverso
361 1735 468 1766 scribit
492 1735 626 1773 Paulus,
650 1734 671 1766 fi
694 1734 750 1765 tibi
770 1734 843 1765 dedi
868 1734 935 1774 scy-

97 1774 155 1805 hos
173 1797 183 1812 ,
215 1782 249 1805 ut
274 1775 352 1806 mihi
377 1775 522 1807 Stichum
545 1777 635 1807 dares
654 1799 663 1815 ‚
692 1775 837 1816 periculo
861 1784 936 1806 meo

97 1815 218 1846 tichum
243 1814 315 1846 fore
331 1839 341 1855 ,
373 1826 410 1847 ac
434 1824 467 1848 te
485 1820 648 1849 dumtaxat
674 1817 798 1857 culpam
819 1816 936 1856 praesti-

72 1863 179 1888 turum
202 1856 220 1886 l.
237 1867 266 1895 5.
292 1856 320 1898 §.
343 1866 369 1889 1.
394 1857 436 1889 D.
453 1860 486 1889 de
500 1859 671 1899 praescriptis
688 1859 792 1888 verbis.
835 1857 937 1899 Quod

71 1898 92 1931 fi
113 1898 179 1936 est3
203 1898 330 1929 videtur
345 1899 456 1930 eadem
479 1899 540 1931 effe
560 1901 640 1931 ratio
661 1898 862 1937 conti-actus,
893 1899 936 1931 do

71 1947 106 1970 ut
132 1940 187 1970 des
207 1962 217 1975 ,
251 1949 321 1978 quae
344 1939 388 1971 est
405 1941 578 1980 emptionis
596 1941 626 1973 &
642 1940 857 1978 venditionis,
881 1941 936 1972 ali-

73 1988 120 2012 ter
139 1989 174 2010 ac
192 1979 299 2011 Celsus
319 1980 463 2012 definivit
481 1983 510 2013 α’.
536 1983 554 2013 l.
572 1982 626 2013 ult.
662 1981 724 2013 Sed
749 1981 934 2019 videamus,

71 2031 113 2053 ne
138 2020 260 2061 infignis
290 2021 468 2053 differentia
492 2022 528 2055 fit
552 2024 636 2054 inter
661 2029 833 2063 utrumque
857 2031 935 2054 con-

72 2063 203 2094 tratrum
224 2074 230 2092 ε
263 2064 385 2102 emptio
412 2065 496 2095 enim
523 2065 556 2096 <Sc
578 2064 724 2095 venditio
747 2062 932 2103 perficitur,

70 2103 158 2136 finini
178 2113 214 2133 ac
231 2105 269 2134 de
296 2114 328 2134 re
352 2105 380 2135 dt
401 2106 504 2146 pretio
526 2106 697 2137 convenit:
721 2105 751 2136 ἃ.
776 2106 873 2144 ideo,
896 2105 932 2137 fi-

71 2155 113 2175 ve
136 2145 208 2182 :inid
228 2146 333 2176 datum
353 2145 408 2183 sit,
439 2145 503 2178 five
530 2146 606 2178 nihil
624 2147 732 2178 datum
755 2145 809 2185 fit,
831 2147 933 2179 modo

72 2186 255 2217 consensum
278 2186 332 2225 fit,
358 2188 480 2225 emptio
501 2187 531 2219 ἃ.
551 2189 696 2219 venditio
714 2188 851 2227 dicitur,
875 2187 932 2219 sta-

73 2229 194 2264 timque
214 2230 370 2268 competit
387 2229 470 2260 actio
496 2239 535 2260 ex
557 2237 669 2270 empto
688 2230 718 2260 δι
742 2229 875 2260 vendito
893 2230 932 2261 ad

73 2270 378 2300 consummationem
402 2270 467 2310 ejus
492 2271 700 2303 conti-attus:
731 2271 769 2302 ad
794 2271 858 2302 dati
883 2280 934 2302 au-

74 2317 139 2340 tem
163 2310 386 2349 repetitionem
405 2321 509 2352 neque
532 2313 584 2344 illa
611 2312 795 2352 competit,
827 2321 932 2352 neque

73 2351 237 2382 condictio
263 2352 305 2381 ob
328 2352 450 2384 causam
476 2354 539 2384 dati
566 2353 656 2385 causa
681 2363 745 2385 non
763 2351 894 2394 sequuta
910 2354 930 2385 l.

76 2401 123 2424 12.
150 2392 181 2422 C.
209 2394 241 2422 a'e
265 2393 456 2425 contrahenda
478 2397 624 2435 emptione.
649 2396 668 2426 l.
687 2405 715 2437 3.
744 2394 762 2425 l.
789 2404 817 2434 7.
844 2395 864 2427 l.
887 2404 932 2434 14.

75 2433 107 2464 C.
133 2435 165 2463 de
181 2436 362 2474 rtycina‘t-nda
386 2437 558 2467 venditione.
604 2436 647 2468 At
663 2436 865 2474 contractus,
889 2437 932 2467 do

73 2482 109 2505 ut
125 2476 199 2512 des,
233 2477 360 2508 demum
385 2476 597 2516 proficiscitur
620 2487 687 2510 are
698 2479 775 2509 data
795 2488 805 2516 3
836 2487 933 2518 atque

74 2516 148 2547 indt-
167 2517 256 2547 datur
279 2517 362 2548 aetio
380 2518 501 2550 incerta
520 2517 707 2559 praescriptis
732 2519 857 2558 verbis3
881 2520 931 2550 da-

74 2563 125 2588 tur
141 2558 234 2588 etiam
260 2558 420 2590 condit-:tio
442 2560 486 2591 ob
504 2569 571 2591 rem
599 2561 663 2592 dati
685 2570 719 2592 re
740 2569 806 2592 non
825 2562 934 2601 lequu-

74 2603 122 2628 ta:
146 2599 196 2630 illa
210 2608 302 2639 urget
322 2601 503 2632 contractus
519 2601 827 2634 consummationem
845 2613 854 2633 :
878 2601 934 2633 ista

75 2638 139 2669 dati
168 2641 420 2681 repetitionem,
450 2642 480 2674 δ(
507 2642 590 2675 hanc
614 2653 679 2675 non
706 2650 827 2674 tantum
845 2651 932 2682 tum,

78 2687 148 2709 curn
173 2689 204 2711 tu
224 2680 319 2714 ceffiis
336 2683 430 2722 dare,
454 2683 508 2715 sed
532 2685 562 2716 ἃ
579 2692 665 2723 tum,
699 2694 773 2716 cum
799 2693 851 2715 me
867 2684 933 2715 dati

78 2721 213 2759 poenitet
235 2723 299 2763 lg.
323 2724 351 2766 §.
371 2734 400 2757 2.
426 2723 462 2759 e?
483 2735 514 2767 3,
537 2727 604 2757 item
625 2726 645 2757 l.
661 2737 691 2767 5.
717 2726 759 2757 D.
783 2727 815 2756 de
837 2726 929 2756 condi·

79 2758 168 2790 ἐῖιυηε
192 2766 275 2802 causa
304 2766 373 2797 data
400 2768 486 2803 caula
510 2777 568 2798 non
586 2767 724 2808 sequuta.
772 2765 854 2797 Haec
878 2775 934 2797 cur

79 2808 143 2846 tam
164 2802 269 2834 xarit?
292 2807 364 2845 quia
382 2808 536 2847 quidquid
562 2809 591 2839 in
617 2809 782 2849 emptione
810 2808 840 2839 δὲ
859 2817 932 2853 ven-

77 2842 199 2873 ditione
222 2846 310 2875 datur
330 2847 401 2887 post
423 2847 607 2880 consensum
634 2850 673 2881 de
697 2859 729 2880 re
751 2849 781 2880 &
806 2850 933 2889 pretio,

78 2883 170 2914 datur
195 2883 334 2922 perfetta
354 2889 517 2929 emptione
540 2890 569 2921 &
598 2891 787 2923 venditione
807 2901 814 2922 :
847 2891 934 2921 deni-

78 2933 141 2963 que
161 2923 291 2969 solvitur
309 2928 391 2964 quafi
416 2931 582 2963 debitum:
616 2932 646 2963 &
670 2932 744 2964 ideo
761 2941 866 2972 neque
883 2932 934 2962 da-

77 2966 99 2995 ti
119 2966 269 3003 repetitio
289 2966 333 2997 est
349 2990 358 3005 ,
392 2969 421 3000 &
446 2979 566 3003 tantum
584 2973 666 3004 attio
686 2983 726 3004 ex
751 2982 862 3014 empto
878 2980 932 3004 aut

75 3008 211 3037 vendito
232 3009 389 3048 competit
413 3011 451 3042 ad
468 3014 739 3053 complementum
762 3015 827 3054 ejus
855 3023 931 3045 con-

76 3047 200 3078 tractus.
229 3056 260 3079 at
280 3050 331 3089 qui
355 3051 386 3080 in
409 3054 572 3085 contractu
590 3078 600 3093 ,
623 3057 666 3087 do
687 3063 722 3086 ut
740 3056 795 3087 des
810 3078 820 3093 ‚
851 3056 904 3086 dat
921 3079 930 3094 ‚

74 3097 181 3127 neque
206 3090 348 3121 debitum
373 3091 426 3122 dat
444 3115 453 3130 ,
481 3102 583 3133 neque
607 3104 640 3127 ut
665 3096 694 3128 se
714 3097 856 3138 obliget,
878 3105 932 3128 aut

74 3129 205 3161 liberet:
228 3129 279 3162 sed
297 3140 332 3162 ut
350 3132 482 3164 alterum
499 3134 672 3177 obstringat
686 3137 740 3169 fibi
757 3149 765 3168 :
796 3138 931 3178 proinde

75 3179 231 3211 apparet,
262 3173 304 3204 illi
334 3182 448 3213 praeter
471 3175 628 3208 actionem
652 3178 842 3219 praescriptis
866 3189 933 3211 ver·

75 3211 122 3243 bis
148 3213 185 3242 ad
210 3213 241 3245 id
258 3216 345 3255 quod
370 3216 525 3255 interest,
556 3219 651 3250 etiam
674 3220 738 3252 dati
755 3220 930 3253 condictio-

73 3261 146 3285 nem
167 3251 229 3285 effe
245 3279 255 3294 ‚
287 3255 350 3287 sive
374 3258 446 3297 quia
467 3267 515 3290 res
532 3260 661 3299 sequuta
683 3270 749 3293 non
770 3262 836 3301 est,
869 3261 932 3294 five

76 3295 147 3334 quia
163 3305 235 3328 eum
252 3297 315 3330 dati
333 3299 472 3338 poenitet
493 3300 512 3331 l.
530 3310 559 3342 3.
584 3301 611 3342 §v
624 3312 652 3337 2,
672 3302 714 3336 1),
733 3304 766 3335 de
780 3302 930 3338 candiato-

984 1409 1020 1432 ηε
1044 1401 1132 1438 causa
1153 1402 1223 1433 data
1245 1402 1331 1440 caula
1354 1413 1411 1435 non
1426 1403 1564 1446 sequuta.
1608 1403 1718 1438 Fuerit
1746 1407 1825 1438 tanti
1841 1428 1851 1445 ‚

985 1451 1050 1483 quo
1075 1452 1125 1474 res
1150 1443 1266 1475 clarior
1291 1443 1346 1476 fiat
1362 1468 1372 1484 ‚
1404 1447 1444 1477 de
1467 1454 1602 1488 utraque
1627 1448 1692 1487 ejus
1718 1447 1852 1480 astionis

983 1483 1073 1515 causa
1096 1485 1192 1525 paulo
1219 1485 1392 1518 distinctius
1419 1487 1541 1519 dixisse.
1585 1487 1675 1520 Prior
1693 1488 1781 1520 causa
1809 1499 1852 1521 ex

982 1534 1043 1566 qua
1060 1526 1225 1557 condictio
1243 1527 1287 1558 ob
1305 1536 1371 1559 reni
1391 1528 1456 1560 dati
1472 1529 1674 1570 indulgetur,
1695 1530 1760 1569 est,
1778 1532 1851 1571 quia

981 1576 1030 1598 res
1054 1566 1183 1606 sequuta
1202 1578 1266 1599 non
1285 1569 1329 1600 est
1345 1592 1353 1608 ,
1384 1569 1449 1601 five
1467 1580 1539 1602 cum
1560 1570 1662 1611 poffet
1680 1571 1785 1612 sequi,
1814 1571 1851 1603 fi-

981 1617 1022 1638 ve
1045 1616 1120 1639 cum
1139 1618 1203 1639 non
1227 1610 1329 1650 posset
1346 1617 1480 1650 propter
1503 1621 1623 1643 moram
1644 1621 1698 1643 aut
1721 1614 1850 1654 culpam

981 1657 1066 1680 tuam
1083 1661 1090 1680 z
1126 1649 1155 1681 ἃ
1173 1651 1230 1682 illo
1249 1652 1378 1691 quidem
1394 1653 1464 1683 casu
1481 1676 1490 1690 ,
1521 1663 1560 1684 ne
1581 1663 1643 1695 ego
1658 1676 1668 1693 ,
1701 1654 1789 1694 cujus
1814 1662 1848 1685 tu.

979 1690 1077 1722 fidem
1100 1690 1182 1722 fallis
1200 1714 1210 1731 ,
1243 1694 1393 1724 damnum
1418 1695 1518 1734 patiar
1541 1704 1597 1736 per
1621 1703 1672 1733 te,
1705 1696 1755 1726 cui
1781 1704 1851 1727 rem

980 1740 1084 1763 meam
1110 1733 1203 1772 dedi,
1226 1741 1262 1765 ut
1283 1734 1359 1766 mihi
1380 1743 1466 1766 tuum
1491 1735 1601 1774 dares,
1625 1745 1697 1767 cum
1714 1746 1779 1768 non
1802 1747 1851 1768 es·

980 1772 1044 1805 scm
1065 1773 1226 1814 obligatus
1243 1775 1300 1806 tibi
1317 1786 1324 1807 :
1362 1775 1428 1807 hoc
1446 1784 1554 1808 autem
1574 1776 1645 1808 casu
1662 1778 1740 1809 mihi
1759 1778 1851 1810 datur

979 1814 1145 1849 condictio
1162 1827 1170 1848 ε
1201 1816 1274 1856 quia
1290 1840 1300 1855 ,
1333 1825 1407 1848 cum
1434 1818 1528 1859 culpa
1553 1824 1605 1850 tua
1625 1826 1679 1850 aut
1696 1829 1786 1851 mora
1801 1818 1851 1851 fae

981 1855 1066 1887 ctum
1091 1855 1154 1895 est,
1176 1866 1217 1888 ne
1238 1863 1352 1889 contra
1371 1858 1468 1898 poffis
1491 1860 1585 1899 dare,
1617 1869 1684 1892 non
1702 1861 1851 1902 iniquum

981 1896 1026 1927 est
1042 1919 1051 1935 ,
1081 1895 1104 1928 fi
1127 1906 1198 1929 eam
1225 1898 1282 1930 tibi
1304 1900 1415 1938 potius
1433 1923 1443 1939 ,
1474 1909 1569 1940 quam
1594 1901 1671 1933 mihi
1695 1902 1850 1942 imputes.

981 1937 1142 1969 Caeterum
1174 1938 1197 1970 fi
1222 1948 1258 1970 ea
1286 1948 1337 1971 res
1360 1949 1453 1981 quam
1476 1942 1555 1973 mihi
1585 1943 1659 1974 dare
1689 1943 1851 1983 debuisti,

978 1986 1095 2019 praeter
1111 1986 1198 2011 tuam
1224 1980 1352 2021 culpam
1377 1990 1432 2013 aut
1454 1992 1577 2015 moram
1595 1984 1690 2025 periit
1708 1984 1850 2016 fortuito

979 2020 1050 2051 casu
1067 2030 1077 2059 3
1102 2027 1178 2052 tunc
1195 2044 1205 2060 ,
1239 2022 1312 2063 quia
1328 2031 1387 2063 per
1404 2030 1436 2055 te
1459 2033 1524 2056 non
1541 2024 1600 2056 stat
1617 2048 1626 2063 ,
1659 2035 1724 2066 quo
1746 2027 1850 2058 minus

978 2071 1048 2093 eam
1070 2061 1148 2093 mihi
1165 2063 1239 2102 des,
1263 2072 1372 2104 neque
1389 2064 1472 2097 adeo
1493 2064 1539 2097 est
1557 2089 1568 2105 ,
1599 2068 1686 2107 quod
1711 2068 1851 2109 impute-

977 2110 1029 2134 tur
1053 2102 1139 2142 tibi,
1172 2105 1338 2136 condictio
1360 2105 1458 2137 cess'at
1481 2107 1542 2138 hac
1570 2116 1610 2139 ex
1640 2110 1740 2140 causa.
1784 2109 1850 2141 Sed

977 2145 1041 2175 dati
1072 2144 1236 2176 condictio
1268 2146 1346 2178 mihi
1382 2147 1474 2179 datur
1504 2158 1570 2180 non
1604 2156 1728 2181 tantum
1754 2158 1849 2189 tum,

977 2194 1075 2226 quum
1096 2193 1129 2216 tu
1145 2185 1242 2218 cessas
1261 2188 1353 2226 dare3
1379 2198 1489 2220 verum
1515 2190 1608 2222 etiarn
1632 2197 1718 2227 tum,
1749 2201 1847 2232 quum

977 2237 1029 2259 me
1049 2227 1207 2267 poetiitet,
1233 2231 1287 2269 qui
1307 2238 1373 2261 rem
1395 2230 1469 2262 dedi
1493 2232 1572 2271 tibi,
1599 2240 1633 2263 ut
1658 2232 1734 2264 mihi
1755 2234 1848 2265 aliam

976 2269 1090 2307 dai-es;
1122 2277 1228 2309 neque
1248 2271 1302 2302 hic
1322 2268 1451 2303 interest
1470 2295 1480 2311 ,
1511 2280 1618 2304 utrum
1643 2272 1765 2306 steterit
1789 2283 1847 2315 per

977 2317 1008 2341 te
1024 2333 1033 2348 ‚
1058 2319 1123 2349 quo
1137 2312 1239 2343 minus
1258 2312 1335 2344 mihi
1353 2313 1460 2351 dares,
1487 2323 1525 2344 an
1542 2322 1600 2355 per
1618 2322 1650 2345 te
1669 2324 1733 2346 non
1753 2315 1847 2347 stete-

977 2352 1036 2382 rit:
1060 2360 1131 2382 nam
1150 2352 1226 2383 mihi
1245 2352 1361 2385 sufficit
1375 2377 1385 2393 ‚
1420 2354 1662 2387 condictionem
1687 2364 1793 2397 neque
1812 2358 1846 2389 in

975 2392 1043 2424 hoc
1056 2415 1066 2431 ‚
1091 2402 1195 2434 neque
1214 2394 1244 2425 in
1263 2395 1319 2426 illo
1336 2417 1346 2433 ,
1376 2393 1445 2426 casu
1470 2396 1531 2427 ulla
1556 2396 1755 2437 obligatione
1773 2398 1846 2430 mea

976 2434 1124 2465 inhiberi.
1166 2433 1266 2475 Igitur
1283 2435 1304 2467 si
1323 2445 1372 2466 res
1390 2445 1461 2476 quae
1481 2437 1555 2468 mihi
1576 2438 1678 2470 danda
1703 2437 1785 2478 fuit,
1807 2438 1844 2471 fi-

976 2485 1017 2507 ne
1034 2485 1122 2507 mora
1140 2484 1193 2506 aut
1210 2477 1304 2517 culpa
1321 2484 1374 2508 tua
1391 2478 1485 2517 periit
1508 2478 1646 2510 fortuito
1664 2479 1755 2519 casu,
1787 2478 1845 2512 etsi

977 2526 1034 2558 pei·
1053 2525 1084 2548 te
1107 2526 1171 2548 non
1194 2516 1316 2549 steterit
1334 2541 1343 2556 ,
1375 2527 1440 2558 quo
1463 2519 1657 2552 minus-cam
1678 2522 1787 2561 dares,
1813 2523 1844 2553 δε

978 2560 1061 2589 adeo
1085 2558 1161 2588 mihi
1186 2559 1352 2599 condifitio
1377 2561 1554 2602 denegetur
1582 2571 1622 2602 ex
1647 2562 1753 2603 priore
1771 2573 1843 2595 cau-

976 2598 1022 2637 sa,
1046 2598 1168 2630 scilicet
1186 2599 1257 2639 quia
1281 2610 1332 2632 res
1349 2600 1480 2641 sequuta
1497 2611 1562 2634 non
1581 2603 1643 2642 est,
1676 2611 1782 2637 tamen
1800 2615 1843 2637 ex

976 2639 1068 2671 causa
1090 2640 1291 2680 poenitentiae
1307 2651 1371 2673 non
1391 2643 1618 2684 denegabitur:
1653 2653 1689 2677 ut
1708 2646 1791 2678 clare
1808 2648 1843 2678 li-

976 2689 1055 2723 quet
1088 2691 1129 2713 ex
1160 2682 1183 2713 l.
1209 2694 1239 2722 5.
1266 2691 1315 2724 pr.
1342 2683 1379 2718 &³
1409 2683 1439 2725 ἕ.
1458 2687 1511 2717 ult.
1538 2685 1580 2717 D.
1610 2687 1653 2717 de¹
1666 2687 1842 2719 condictione

976 2724 1062 2763 causa
1082 2724 1153 2756 data
1177 2725 1262 2760 causa
1287 2735 1344 2756 non
1360 2725 1498 2767 sequuta.
1541 2728 1649 2768 Atque
1672 2728 1737 2760 hoc
1767 2729 1839 2762 Cel-

976 2764 1024 2796 sus
1042 2765 1111 2796 vult
1128 2766 1159 2797 in
1176 2767 1204 2796 al.
1221 2766 1239 2796 l.
1258 2766 1315 2797 uit.
1340 2775 1412 2798 cum
1430 2767 1519 2807 infit,
1549 2768 1593 2800 Et
1611 2771 1670 2801 ideo
1686 2793 1696 2809 ‚
1724 2769 1749 2807 li
1767 2780 1841 2802 mor-

978 2811 1047 2837 tuus
1062 2804 1101 2846 est
1120 2807 1256 2845 Stichus,
1279 2808 1538 2850 repeterepoffam,
1560 2812 1637 2852 quoti
1654 2812 1713 2842 ideo
1728 2814 1780 2843 tihi
1792 2813 1839 2842 cie-

975 2849 1007 2879 di
1027 2870 1037 2886 ,
1069 2854 1103 2878 ut
1131 2848 1203 2880 mihi
1227 2848 1358 2880 Stichum
1390 2852 1498 2882 dares:
1530 2851 1658 2892 respicit
1687 2854 1770 2884 enim
1799 2853 1838 2883 ad

976 2889 1189 2922 condictionis
1215 2891 1337 2931 partem
1361 2891 1446 2924 illam
1468 2901 1539 2933 quae
1563 2895 1751 2934 poenitentia
1769 2893 1841 2924 niti-

976 2938 1045 2969 tur,
1070 2939 1167 2971 atque
1182 2941 1222 2963 ex
1242 2933 1302 2963 hae
1318 2931 1405 2965 usum
1425 2935 1560 2966 invenit.
1601 2934 1671 2972 Sic,
1691 2934 1711 2966 si
1729 2944 1777 2966 res
1795 2933 1839 2965 se-

975 2979 1049 3003 cuta
1076 2982 1140 3004 non
1163 2972 1208 3005 fit.
1252 2973 1340 3015 Quid
1362 2974 1383 3006 fi
1408 2975 1514 3007 secuta
1544 2975 1607 3014 fit,
1643 2976 1694 3006 sed
1727 2976 1837 3014 aliter,

975 3023 1068 3054 quam
1085 3015 1251 3054 oportuit,
1275 3023 1309 3046 ut
1324 3016 1364 3055 fi,
1387 3025 1460 3048 cum
1478 3018 1604 3057 propria
1621 3016 1722 3047 danda
1738 3014 1837 3055 esset,

974 3056 1075 3087 aliena
1092 3056 1164 3087 data
1179 3055 1215 3087 iit
1232 3079 1243 3095 ‚
1265 3065 1319 3088 aut
1336 3059 1464 3098 propria
1482 3058 1629 3098 quidem,
1662 3056 1714 3088 sed
1733 3059 1757 3088 is
1783 3062 1838 3098 qui

974 3097 1072 3128 debet
1091 3098 1166 3128 dare
1183 3120 1192 3136 ‚
1224 3107 1288 3129 non
1308 3107 1421 3130 caveat
1438 3109 1496 3139 pro
1513 3099 1672 3129 evictione
1688 3097 1706 3129 ,9
1734 3098 1776 3130 Et
1794 3109 1836 3131 eo

975 3138 1064 3177 casu,
1088 3147 1281 3179 quamquam
1300 3139 1404 3171 secuta
1420 3150 1469 3171 res
1486 3138 1547 3177 est,
1577 3147 1683 3171 tamen
1701 3141 1774 3186 quia
1793 3139 1836 3172 se-

975 3189 1048 3211 cuta
1071 3180 1115 3211 est
1130 3181 1240 3220 aliter,
1263 3190 1356 3221 quam
1375 3181 1538 3220 oportuit,
1569 3181 1769 3220 poenitentiae
1789 3183 1836 3214 lo-

975 3231 1030 3254 cus
1047 3222 1127 3259 erit,
1150 3222 1180 3254 &
1198 3231 1238 3254 ex
1256 3232 1293 3254 ea
1317 3221 1481 3253 condictio
1503 3221 1629 3254 dabitur
1652 3232 1693 3254 ex
1711 3222 1836 3255 senten-

976 3264 1019 3294 tia
1045 3262 1139 3296 Celsi.
1181 3262 1269 3305 Quid
1291 3273 1368 3304 ergo
1389 3261 1434 3294 est
1450 3262 1467 3294 ἵ)
1496 3271 1628 3304 apparet
1645 3287 1655 3303 ,
1688 3263 1836 3296 differen-

976 3305 1033 3337 tias
1050 3305 1224 3346 emptionis
1244 3305 1272 3337 ὅ(
1291 3304 1535 3345 permutationis
1554 3305 1585 3337 in
1609 3307 1635 3338 a.
1652 3306 1671 3337 l.
1690 3306 1743 3338 ult.
1771 3313 1835 3377 treis

1787 3355 1802 3377 a
1829 3361 1837 3365 ,
