2036 3495
126 143 202 183 434-

136 224 219 258 datis
238 222 270 254 ὅτ
293 218 407 253 creatis
431 217 451 248 l.
472 220 518 251 18.
544 214 577 246 C.
603 214 637 244 de
658 212 754 253 excas.
778 215 834 242 tut.
866 210 897 241 &
926 208 1011 241 alibi.

139 265 215 299 Nec
230 263 293 296 alio
308 259 413 304 pergit
428 259 492 289 hoc
507 256 526 288 l.
544 259 573 287 6.
593 255 627 286 C.
645 254 673 286 b.
691 259 713 285 t.
736 252 850 285 Matris
862 254 955 292 pietas
969 252 1013 282 in-

133 306 250 350 struere
272 311 298 335 te
308 299 416 344 potest,
440 307 509 340 quos
528 302 635 328 tutores
647 294 712 336 filio
737 300 786 326 tuo
806 299 903 335 petere
924 293 1013 323 debes.

140 348 215 381 Fuit
231 347 294 378 lioc
316 340 502 381 disputanti,
527 338 581 378 qui
598 346 709 380 petant
733 343 878 374 tutores,
900 342 1014 365 notan-

142 389 235 422 dum:
259 394 294 417 ut
314 381 508 422 intelligatur
523 379 646 418 statim,
670 378 825 418 pupillum
843 375 942 417 ipsum
960 373 1016 406 fibi

143 437 279 462 tutorem
298 432 409 466 petere
426 432 492 454 non
517 420 613 461 poss'e.
637 427 726 452 certe
750 419 897 450 observat
916 416 1016 457 GaJ'us

142 473 162 503 Ζ.
180 471 234 502 ult.
256 469 299 498 D.
321 467 355 496 de
377 462 542 505 rizanumzjffl
564 461 687 493 vindict.
711 459 832 492 curiose
854 458 1016 495 causatus,

143 507 365 554 perabsurdum
390 505 462 537 fore
480 529 490 545 ‚
520 505 551 536 in
576 502 728 545 eligendo
751 510 861 533 tutore
888 499 1016 532 firmum

142 550 243 583 videri
260 548 323 581 esse
341 547 450 588 pupilli
466 545 620 587 judicium
640 544 728 584 cujus
745 544 777 574 in
795 542 943 574 omnibus
967 549 1017 572 re-

142 595 201 625 bus
219 599 253 623 ut
268 588 428 634 infirmum
444 588 596 629 judicium
615 592 722 617 tutore
735 585 866 616 auctore
887 583 1017 624 regitur.

143 634 207 667 Sed
225 631 356 665 rationis
378 630 441 669 est,
464 631 505 661 de
528 627 726 660 nominando
751 626 781 657 ὅ(
799 626 943 666 petendo
971 631 1020 654 tu·

145 684 216 708 tore
236 683 300 706 non
325 672 423 712 quaeri
451 669 616 702 consilium
641 669 671 700 ὅ(
691 668 892 699 voluntatem
915 664 1018 706 pupil-

145 717 177 750 li.
201 725 262 748 nec
280 715 394 747 dubito
406 736 415 753 ‚
440 713 517 753 quin
533 712 656 742 idcirco
673 716 761 740 tutor
779 708 901 739 dicatur
918 705 1019 747 pupil-

145 759 184 792 lis
200 757 264 790 dari
282 755 390 788 invitis
414 755 444 786 ὅ(
466 752 685 793 ignorantibus
700 750 720 781 l.
746 759 777 790 5.
800 748 837 784 ὃ
858 753 888 780 6.
914 748 960 779 D.
987 748 1020 777 de

146 806 238 833 tutor.
259 799 320 829 dat.
345 798 380 828 ab
396 796 450 827 bis.
473 795 515 825 sic
537 801 650 830 certo,
673 799 740 822 non
763 790 826 822 effe
849 788 880 821 in
907 787 1021 830 pupilli

145 841 307 883 potestate
323 846 387 870 non
405 837 508 867 dicam
526 843 564 866 an
587 834 704 866 habeat
721 855 731 871 ,
754 830 807 863 sed
831 841 872 863 ne
891 831 1021 871 quidem

148 891 242 925 quem
260 880 394 917 habeat,
419 885 573 909 tutorem.
613 874 714 916 Igitur
737 872 848 914 pupilli
882 872 937 912 ipsi
960 871 1022 911 (sic

146 924 275 956 tandem
293 919 472 960 concludo)
489 926 557 950 non
574 924 688 960 petunt
704 914 761 947 fibi
787 922 945 946 tutorem:
970 912 1024 943 sed

147 966 184 998 iis
207 971 347 995 tutorem
363 967 479 1002 petunt
496 958 560 992 alii.

189 1004 284 1048 Qui?
306 1001 510 1034 Modestinus
533 1002 552 1032 l.
574 1009 603 1031 2.
624 999 653 1030 b.
669 1003 692 1030 t.
717 999 782 1036 ait,
807 996 961 1037 quosdam
988 1004 1030 1026 ex

149 1048 320 1080 voluntate
337 1052 467 1086 petere:
490 1044 558 1075 aliis
574 1040 700 1073 necesse
716 1039 776 1071 effe
792 1061 802 1079 ,
825 1046 948 1079 petere.
979 1035 1030 1067 Ex

148 1089 319 1122 voluntate
344 1092 451 1118 autem
474 1091 587 1126 petere
608 1090 786 1124 cognatos,
814 1080 917 1121 qualis
936 1078 1032 1110 amita

151 1132 171 1163 l.
185 1141 215 1171 5.
236 1130 270 1161 C.
287 1130 316 1159 d.
335 1134 357 1159 t.
383 1128 461 1159 item
480 1133 610 1167 patruus
625 1124 642 1155 l.
663 1132 710 1156 10.
731 1123 765 1153 C.
783 1122 811 1153 d.
827 1127 850 1153 t.
873 1121 1033 1153 Praeterea

151 1173 215 1211 ait,
239 1180 278 1202 ex
297 1169 443 1201 volutate
460 1175 583 1200 tutores
597 1173 708 1207 petere
725 1163 780 1204 qui
799 1161 968 1194 secundum
986 1159 1033 1191 af-

151 1213 312 1246 finitatem
336 1211 405 1242 sunt
435 1209 606 1241 familiares
628 1213 795 1249 parentum
822 1203 1034 1236 masculorum

153 1256 184 1287 <St
200 1254 417 1286 foeminarum.
441 1252 536 1282 etiam
556 1248 663 1291 posse,
686 1247 810 1288 inquit,
833 1246 955 1277 amicos
978 1253 1033 1284 pa-

152 1304 302 1334 rentum,
325 1295 483 1335 (quorum
500 1291 647 1324 meminit
670 1297 801 1331 quoque
819 1287 839 1318 l.
861 1297 912 1326 44.
934 1285 978 1318 D.
999 1286 1035 1316 de

152 1343 246 1379 negot.
268 1334 388 1378 gestis.)
417 1335 448 1366 ἂ
474 1335 665 1366 educatores
697 1330 835 1372 ipsorum
862 1335 1035 1370 puerorum

153 1387 277 1421 petere.
324 1378 373 1409 An
393 1377 422 1407 &
438 1376 601 1413 creditor,
624 1373 731 1404 futura
754 1373 782 1403 ei
805 1371 860 1401 lite
879 1379 951 1401 cum
978 1377 1034 1409 pu-

152 1420 261 1461 pillo‘?
285 1417 491 1450 Modestinus
506 1418 534 1448 d.
553 1416 573 1447 l.
596 1425 625 1447 2.
648 1414 722 1455 §.3
739 1413 766 1444 h.
785 1418 808 1443 t.
831 1411 873 1444 fic
895 1410 984 1442 finit:
1004 1409 1037 1441 Si

155 1462 270 1503 aliquis
296 1460 347 1491 vel
371 1459 533 1496 creditor,
570 1456 623 1487 vel
648 1454 840 1496 legatarius,
865 1453 918 1484 vel
940 1452 1037 1491 alius,

155 1502 361 1536 necessariam
385 1499 502 1530 babeat
533 1496 681 1529 adversus
710 1493 866 1536 pupillum
891 1492 1037 1534 persecu-

157 1546 298 1577 tionem:
315 1542 378 1583 ipse
396 1541 526 1582 quidem
546 1548 611 1570 non
631 1544 721 1579 petet
737 1544 879 1568 tutorem
894 1534 1036 1577 pupillo,

156 1587 210 1619 sed
227 1594 284 1617 eos
302 1584 355 1623 qui
371 1589 483 1623 petere
501 1581 630 1622 poss'unt
642 1603 651 1617 ‚
675 1577 802 1620 rogabit
816 1585 949 1619 petere,
963 1579 1039 1618 (pu-

155 1635 210 1666 to,
229 1625 339 1668 pupilli
359 1624 511 1665 nomine)
528 1623 580 1654 vel
594 1621 616 1654 fi
636 1621 667 1652 hi
683 1620 888 1662 neglexerint
905 1626 1039 1660 petere,

156 1677 237 1702 tunc
253 1666 413 1699 accedens
431 1666 472 1697 ad
496 1663 683 1697 praesidem,
716 1662 782 1693 hoc
806 1660 907 1701 ipsum
933 1660 1043 1699 dicet;

157 1718 196 1743 ut
211 1709 388 1742 constituto
407 1717 500 1740 more
521 1706 670 1747 legitimo
688 1703 870 1745 (Antonius
898 1700 1043 1740 Augusti-

156 1755 220 1785 ‘nus
246 1751 294 1783 lib.
312 1749 394 1792 fing.
423 1748 475 1781 Ad
495 1746 696 1787 Modestinum
717 1744 857 1787 mavult,
888 1742 1043 1784 constituto

159 1800 257 1826 tutore
279 1790 425 1833 legitimo)
456 1799 493 1821 ea
515 1788 665 1821 adversus
680 1786 850 1828 pupillum
874 1792 1044 1816 moveatur

160 1834 355 1878 persecutio.
379 1831 493 1864 Sensus
515 1830 581 1869 est,
602 1829 623 1862 fi
643 1828 806 1860 neceffarii
823 1826 1045 1868 neglexerint,

161 1875 291 1919 pupillo
311 1881 453 1906 tutorem
471 1870 781 1913 petere3postquam
799 1868 954 1900 admoniti
964 1866 1047 1906 sunt,

161 1926 200 1950 ut
222 1923 356 1958 petant;
379 1915 496 1946 deinde
513 1914 603 1955 quod
619 1911 746 1944 neceffe
762 1910 826 1949 est,
850 1909 950 1941 adibit
965 1908 1047 1941 Prae-

164 1968 270 1992 torem
290 1957 455 1994 creditor,
479 1956 509 1987 &
526 1954 630 1993 dicet,
653 1960 786 1995 rogatos
809 1961 827 1982 a
850 1951 881 1983 se
907 1950 969 1982 esse
993 1959 1048 1981 ne-

164 2000 333 2037 cessarios,
357 2005 391 2029 ut
410 1997 536 2038 pupillo
554 2004 694 2027 tutorem
703 1998 861 2034 ‘peterent
877 1992 916 2023 ad
938 1992 1048 2024 litem:

166 2044 197 2075 ἂ
213 2042 286 2082 quia
301 2041 333 2072 id
350 2040 583 2080 neglexerunt,
605 2044 659 2068 aut
675 2034 859 2068 recusarunt
879 2034 1002 2065 idcirco
1017 2031 1048 2064 se

167 2091 300 2125 petere3
323 2088 357 2113 ut
374 2079 410 2111 L.
434 2078 541 2111 Titius
558 2078 683 2120 pupillo
706 2077 745 2108 ad
768 2076 859 2108 litem
882 2076 976 2107 detur
1000 2082 1048 2106 tu·

169 2135 233 2159 tor.
278 2122 373 2156 Hoc:
395 2121 417 2153 fi
434 2121 572 2161 pupillus
590 2120 706 2151 habeat
721 2116 924 2150 neceffarios.
949 2116 1047 2157 quid,

168 2167 192 2201 fi
210 2173 275 2199 non
294 2162 534 2196 habeat?hune
551 2161 717 2193 articulum
738 2158 949 2200 non‘attingit
970 2156 1047 2189 Mo-

170 2208 322 2241 destinus.
368 2205 489 2237 Verum
512 2203 595 2244 Imp.
615 2202 798 2234 Antoninus
821 2200 842 2231 l.
865 2209 895 2240 4.
921 2199 955 2230 C.
975 2199 1003 2230 h.
1023 2203 1046 2230 t.

172 2252 213 2283 de
237 2260 278 2282 eo
302 2247 467 2279 consultus
485 2254 503 2276 a
525 2244 671 2276 Domino
696 2243 857 2284 quodam,
880 2241 909 2272 ei
934 2239 976 2272 sic
1002 2250 1050 2271 re-

170 2291 300 2323 scribit:
333 2290 366 2320 Sz'
381 2287 458 2329 filiis
476 2286 624 2323 debitoris:
639 2286 685 2316 tui
706 2294 765 2316 non
777 2283 855 2323 sunt
885 2281 1049 2323 neceffiiril,

173 2334 226 2374 qui
248 2338 355 2364 tutores
376 2333 496 2371 petant,
515 2333 596 2368 potes
620 2326 665 2362 ἔθ’
680 2326 737 2368 ipse
761 2333 865 2356 curare
880 2347 890 2363 ‚
920 2330 954 2355 ut
977 2325 1051 2355 cicci-

168 2375 274 2416 picint‚
295 2381 346 2414 per
360 2380 430 2413 quos
446 2370 568 2411 legitime
584 2369 788 2409 defendantur.
831 2366 950 2398 Praeter
968 2365 1052 2397 hanc

172 2417 331 2453 formam,
353 2413 400 2445 est
417 2412 446 2444 ἃ
463 2412 522 2443 alia
547 2410 625 2442 scitu
651 2410 765 2451 digna,
788 2416 883 2448 quam
906 2406 1053 2448 suppedi-

172 2464 223 2490 tat
242 2454 395 2496 Ulpianus
418 2453 438 2485 l.
456 2463 485 2494 3.
526 2477 532 2484 .
553 2459 581 2483 2.
598 2451 642 2483 D.
659 2452 692 2482 de
709 2451 825 2482 tutelis:
846 2449 869 2481 fi
885 2449 985 2480 tutori
1003 2447 1053 2479 fu-

177 2507 248 2530 tura
264 2497 300 2529 fit
325 2497 360 2527 lis
379 2504 453 2527 cum
475 2494 530 2526 suo
546 2493 691 2535 pupillo;
714 2500 767 2524 aut
788 2492 860 2523 vice
886 2490 974 2522 versa
996 2498 1054 2530 pu-

177 2540 259 2580 pillo
276 2547 346 2569 cum
363 2538 416 2568 suo
433 2535 632 2568 tutorezhos
650 2534 735 2566 enim
754 2533 848 2574 ponit
865 2531 961 2564 casus.
973 2531 1055 2563 Ver-

176 2582 220 2613 ba
235 2587 341 2611 autem
356 2577 504 2617 Ulpiani,
526 2576 548 2609 fi
564 2577 634 2617 quis
650 2576 807 2616 requirat,
831 2574 903 2605 taiia
917 2573 1006 2606 sunt:
1022 2573 1057 2604 Si

178 2621 307 2666 pupillus
320 2619 468 2660 pupilla-ue
481 2628 545 2650 cuin
555 2615 633 2659 justo
651 2624 765 2655 tutore,
789 2622 905 2646 tutorve
926 2624 992 2646 cum
1013 2623 1056 2645 eo-

180 2673 247 2696 rum
263 2671 317 2703 quo
335 2661 412 2691 litem
435 2669 517 2699 agere
539 2660 625 2697 vult,
664 2657 701 2693 ἐξ
726 2663 843 2689 curator
857 2658 890 2688 in
913 2665 974 2687 eam
998 2664 1058 2686 rem

178 2706 314 2748 petitur:
336 2707 437 2731 utrum
456 2699 520 2738 ipsis
537 2700 718 2740 poscentibus
741 2700 849 2737 datur,
871 2706 911 2728 an
933 2705 1001 2728 vero
1019 2695 1057 2730 ὅ)

182 2741 373 2785 adversario?
395 2740 437 2772 Et
446 2742 596 2780 sciendum
612 2739 651 2781 est
667 2764 677 2779 ‚
693 2738 760 2779 five
776 2744 867 2781 agant
879 2761 890 2777 ,
906 2736 971 2777 five
995 2746 1059 2769 cori-

183 2788 363 2821 veniuntur,
377 2783 442 2814 deiri
457 2781 532 2812 bunc
547 2789 707 2814 curatorem
718 2780 814 2823 poffe:
832 2781 879 2821 sed
894 2789 953 2812 non
964 2779 1060 2817 alias,

185 2839 275 2873 quam
289 2825 318 2865 fi
341 2824 397 2865 ipse
418 2827 514 2869 pem!
543 2824 589 2853 cui
612 2824 676 2855 dan·
701 2833 767 2855 eum
791 2827 908 2864 oportet.
938 2822 1061 2862 denique

184 2868 300 2912 Caffius
322 2867 370 2898 lib.
395 2868 424 2896 6.
440 2861 574 2904 scrzpfit‚
604 2865 688 2896 talem
720 2871 883 2897 curatorem
919 2863 1060 2894 neminem

184 2913 252 2945 dari
263 2908 356 2951 pom,
380 2903 436 2944 nisi
449 2908 628 2952 Prcflerttein:
652 2915 741 2946 neque
763 2908 883 2947 cuique,
913 2903 969 2943 nisi
987 2911 1061 2945 prae·

176 2956 259 2996 seim
284 2950 320 2985 ὅθ
341 2946 509 2990 postulanti,
532 2952 630 2987 itaque
659 2947 770 2985 infanti
792 2958 848 2979 non
866 2945 958 2989 potest
983 2945 1061 2977 dari.

186 2997 262 3027 idem
281 2993 321 3023 Ca
346 3001 392 3021 ius
416 2990 458 3020 ait
472 3010 482 3027 ,
499 2985 527 3026 fi
549 2986 677 3027 pupillus
693 2994 853 3020 curatorem
872 2992 982 3029 poscere
1003 2995 1061 3018 non

185 3037 271 3071 vult,
294 3043 349 3075 quo
365 3032 464 3062 minus
485 3038 551 3061 cum
568 3038 597 3059 eo
613 3033 737 3069 agatur,
761 3032 822 3072 cogi
838 3039 901 3061 eam
918 3041 936 3062 a
954 3030 1062 3061 Praezo.

185 3088 217 3109 re
243 3073 373 3114 debuiffe.
416 3071 519 3115 Quod
551 3070 595 3101 est
620 3069 871 3109 observandum3
900 3079 997 3112 atque
1020 3079 1062 3101 eo

187 3119 304 3158 magis:
328 3114 400 3154 quia
417 3114 492 3144 inde
507 3120 659 3152 apparet,
674 3109 831 3152 pupillum
846 3111 876 3142 in
893 3110 1061 3152 propofito

186 3158 289 3191 videri
327 3165 459 3195 quoque
498 3154 663 3185 volentem
701 3160 813 3193 petere
850 3160 1030 3184 curatorem
1048 3163 1059 3192 ;

188 3209 306 3242 quum,
329 3204 364 3227 ut
386 3196 485 3242 nolit,
511 3205 529 3226 a
544 3194 686 3226 Praetore
703 3194 827 3235 cogitur
843 3201 964 3234 petere.
976 3192 1061 3225 Huic

186 3239 403 3276 observationi
421 3246 518 3270 etiam
538 3237 597 3270 alia
614 3236 757 3270 accedit:
778 3236 866 3277 quod
889 3226 1061 3270 Tribonia-

547 127 892 161 GERARDI
956 119 1220 155 Noonr
1277 116 1494 154 Cor-iit.

1055 216 1114 240 nus
1139 208 1221 255 iii-d.
1240 209 1260 240 l.
1277 218 1307 251 3.
1328 209 1359 252 §.
1384 219 1412 241 2.
1437 217 1496 254 pro
1513 212 1608 241 tutore
1631 211 1685 250 qui
1704 212 1828 254 pupillo
1844 210 1884 246 ad
1901 211 1936 247 li⁴

1056 259 1123 296 teni
1140 251 1218 282 olim
1245 258 1312 282 erat
1334 251 1521 283 necessarius
1538 273 1547 288 ,
1578 260 1619 282 ex
1635 253 1702 293 jure
1728 263 1818 286 novo
1837 254 1936 296 subje-

1057 300 1102 324 cit
1118 297 1293 324 curatorem.
1315 302 1450 332 eamque
1466 292 1680 333 conjeeturam
1696 293 1761 334 ipse
1774 297 1862 337 juvat
1878 297 1935 331 Ui-

1057 335 1168 381 pia-nus
1192 335 1223 366 in
1253 333 1370 376 Fragm.
1395 333 1452 365 Tit.
1477 343 1522 365 x1.
1547 333 1577 376 §.
1610 341 1659 374 24.
1694 336 1832 370 Moribus
1887 341 1936 372 in·

1059 385 1171 416 quiens
1184 399 1194 416 ,
1215 381 1294 407 tutor
1308 379 1397 407 dcitur
1409 375 1525 407 mulieri
1535 376 1684 417 pupillove
1719 380 1751 410 ui
1765 389 1830 411 cum
1845 363 1938 412 {utare

1050 421 1106 458 Juo
1121 418 1180 457 lege
1203 424 1256 448 aut
1271 417 1398 459 legitimo
1409 418 1521 459 judicio
1546 427 1630 458 agere
1655 428 1697 450 vu
1711 425 1741 459 t,
1764 427 1798 452 ut
1819 422 1937 454 auctore

1059 469 1088 490 eo
1106 464 1184 505 agat.
1227 457 1316 501 Quid
1341 459 1363 491 ss
1379 468 1419 490 ex
1437 459 1502 490 hoc
1525 458 1719 501 Fragmento
1738 462 1834 502 poffit
1856 473 1936 504 prae-

1060 509 1149 549 terea
1172 509 1204 531 in
1221 502 1248 531 d.
1263 499 1294 542 §.
1317 511 1347 532 2.
1365 501 1385 531 i.
1401 510 1432 542 3.
1455 501 1548 532 alicui
1568 501 1743 542 suspectum
1760 502 1830 535 fieri
1853 504 1920 537 hoc

1060 544 1138 574 licem
1160 551 1261 583 agere:
1284 540 1494 580 existimanti,
1517 540 1693 583 Ulpianum
1716 544 1865 584 scripfiffe
1900 528 1940 579 lt:

1058 594 1095 626 ge
1111 592 1212 625 agere,
1236 591 1290 630 aut
1305 584 1429 624 legitimo
1451 584 1563 623 judicio
1585 594 1679 626 agere.
1723 571 1940 627 Sequens'io-

1062 634 1118 656 cus
1137 624 1202 671 est,
1227 634 1279 664 qui
1299 634 1341 656 ex
1363 625 1547 656 neceffitate
1564 634 1675 665 petant
1695 633 1830 660 tutores.
1860 628 1940 661 Ta-

1062 668 1107 714 les
1124 673 1168 696 ait
1185 665 1408 704 Modestinus,
1430 664 1493 696 ess'e
1510 673 1643 698 matrem
1662 667 1691 699 &
1708 668 1855 703 libertos.
1880 670 1943 703 hos

1060 717 1129 749 Jure
1148 707 1293 745 obsequii
1318 707 1337 738 l.
1356 715 1384 737 2.
1411 706 1444 737 C.
1463 707 1491 737 b.
1508 712 1531 738 t.
1567 707 1653 740 illam
1677 710 1787 742 officio
1814 713 1944 753 pietatis

1063 750 1082 780 i.
1101 752 1131 780 (i.
1149 748 1169 779 ἰ.
1187 752 1217 794 8.
1235 747 1272 782 &²
1288 757 1318 785 9.
1344 748 1377 778 C.
1392 748 1454 778 eod.
1469 748 1516 778 tit.
1558 747 1697 781 Primum
1718 753 1863 785 nominat
1877 763 1944 786 ma-

1064 799 1167 829 trem;
1190 798 1285 837 eique
1302 788 1322 821 fi
1347 798 1413 820 non
1441 795 1531 830 petat
1552 788 1624 822 filiis
1649 798 1793 831 tutores,
1815 803 1944 834 poenam

1064 832 1238 864 denunciat
1254 840 1296 865 ex
1313 830 1457 871 Epistola
1474 829 1517 861 D.
1534 830 1661 864 Severi:
1681 833 1769 872 cuius
1788 833 1858 867 haec
1876 836 1946 868 sunt

1066 874 1164 904 verba
1187 873 1207 904 l.
1232 882 1260 903 2.
1280 872 1309 913 §.
1334 882 1364 904 2.
1389 873 1437 903 D.
1461 872 1491 903 h.
1516 880 1538 903 τ.
1563 871 1665 904 Divus
1694 874 1820 907 Severus
1843 877 1947 918 Cuspio

1067 914 1190 954 Rufino.
1233 913 1358 945 Omnem
1376 922 1422 944 me
1436 913 1578 944 rationem
1593 915 1726 946 adhibere
1737 917 1948 954 subveniendis

1066 955 1209 1002 pupillis,
1232 965 1296 986 cum
1314 956 1351 985 ad
1365 965 1465 986 curam
1478 955 1627 995 publicam
1650 959 1818 998 pertineat,
1842 960 1950 1001 liquere

1072 999 1204 1028 omnibus
1219 996 1301 1028 volo.-
1324 995 1362 1030 ὃ
1378 997 1439 1027 ideo
1454 1005 1517 1037 quae
1531 1001 1623 1028 mater
1637 998 1684 1029 vel
1701 1008 1759 1031 non
1771 1002 1889 1040 petierit
1905 1007 1951 1033 tu-

1073 1045 1148 1070 tores
1164 1039 1276 1083 idoneos
1287 1035 1362 1077 filiis
1375 1038 1435 1076 suis
1451 1038 1498 1069 vei
1508 1039 1655 1079 prioribus
1669 1042 1814 1081 excusatis
1829 1041 1953 1084 rejeffls·

1072 1089 1109 1111 ve
1130 1089 1188 1111 non
1212 1077 1360 1127 oonfqliim
1384 1079 1507 1110 aliorum
1533 1082 1651 1112 nomina
1675 1082 1801 1122 dederit,
1817 1084 1872 1125 jus
1894 1093 1953 1116 non

1074 1122 1175 1153 babeat
1188 1121 1434 1152 vindicandorum
1444 1119 1504 1158 fibi
1519 1122 1657 1153 bonorum
1670 1122 1955 1165 intestatorumfilio-

1076 1164 1151 1194 rum.
1197 1161 1278 1195 Haec
1293 1161 1405 1193 Severi
1421 1160 1566 1203 Epistola
1587 1163 1619 1195 in
1635 1163 1653 1195 l.
1670 1173 1700 1204 4.
1714 1171 1763 1206 pr.
1780 1165 1809 1207 ὃ.
1826 1177 1857 1199 2.
1876 1166 1953 1207 &³4-

1076 1205 1104 1236 b.
1121 1211 1143 1235 t.
1163 1203 1199 1249 &
1225 1204 1244 1235 l.
1262 1213 1290 1235 2.
1309 1203 1339 1246 §.
1365 1212 1416 1244 23.
1441 1204 1489 1235 D.
1511 1204 1562 1235 Ad
1580 1205 1735 1239 Senatusc.
1754 1206 1875 1240 Tertull.
1899 1218 1957 1250 ge-

1076 1246 1175 1292 nerali
1192 1245 1353 1292 vocabulo
1371 1245 1482 1285 placiti
1492 1244 1680 1287 Principalis
1692 1247 1891 1282 Constitutio
1909 1251 1957 1282 in-

1079 1288 1248 1334 dignatur,
1273 1287 1303 1318 ἃ
1326 1296 1357 1318 in
1376 1286 1396 1318 l.
1415 1295 1462 1318 10.
1481 1286 1559 1319 cde
1574 1287 1696 1328 legitim.
1716 1289 1839 1323 heredib.
1862 1291 1958 1330 Lex,

1079 1329 1109 1360 δι
1126 1337 1157 1360 in
1180 1328 1200 1359 l.
1220 1330 1297 1374 unic.
1319 1328 1388 1359 Cod.
1410 1326 1515 1359 Theoti.
1535 1328 1634 1368 prisca
1658 1328 1741 1363 Lex.
1785 1331 1938 1365 intererit

1077 1369 1120 1402 sin
1146 1369 1196 1400 ula
1211 1368 1366 1409 Epistolae
1384 1368 1482 1400 verba
1500 1370 1693 1402 examinare.
1944 1356 1957 1373 ⁹

1151 1411 1294 1458 rincipio
1305 1410 1349 1442 ait
1360 1421 1367 1441 :
1378 1408 1452 1456 Quae
1466 1416 1559 1441 mater
1572 1419 1630 1442 non
1641 1413 1760 1452 petierit
1776 1418 1884 1446 tutores
1900 1415 1960 1447 ido-

1078 1461 1143 1498 neos
1153 1451 1230 1492 filus
1246 1453 1318 1491 suis.
1349 1450 1504 1497 ‘Epistola
1520 1460 1649 1491 poenam
1665 1452 1724 1485 soli
1740 1454 1878 1487 minatur
1893 1465 1959 1488 rna-

1075 1502 1137 1533 tu,
1157 1499 1282 1525 tutores
1300 1492 1373 1523 filiis
1388 1500 1454 1523 non
1473 1492 1608 1532 petenti.
1629 1492 1694 1524 sola
1709 1495 1824 1535 igitur,
1847 1496 1870 1528 fi
1891 1506 1962 1530 non

1079 1534 1210 1610 petierit
1232 1541 1374 1572 tutores,
1404 1532 1574 1564 severitate
1597 1531 1751 1573 Epistolae
1774 1538 1961 1569 coercetur.

1097 1584 1127 1608 ta
1152 1585 1193 1607 ex
1210 1575 1317 1607 verbis
1333 1573 1504 1616 Epistolae:
1527 1572 1581 1606 sed
1605 1576 1841 1617 contemplatio
1864 1578 1965 1618 pieta·

1083 1619 1123 1651 tis
1145 1617 1250 1650 movit
1263 1614 1528 1656 Jureconsuitos‚
1553 1622 1589 1647 ut
1610 1615 1666 1648 sub
1691 1618 1801 1650 matris
1824 1619 1967 1659 appella-

1083 1661 1175 1692 tione
1195 1660 1292 1690 etiam
1309 1659 1413 1690 aviam
1430 1657 1514 1697 quasi
1530 1666 1571 1688 ex
1585 1665 1695 1690 mente
1711 1658 1865 1700 Epistolae
1874 1670 1965 1693 com-

1084 1700 1325 1744 prehenderent
1339 1700 1359 1731 l.
1375 1709 1404 1731 2.
1422 1698 1452 1741 §.
1469 1703 1519 1733 28.
1538 1699 1586 1730 D.
1602 1699 1655 1731 Aa
1671 1700 1823 1734 Senatusc.
1843 1701 1970 1736 Tertult.

1085 1744 1138 1776 Ad
1155 1752 1249 1775 avum
1263 1750 1334 1773 eam
1353 1741 1533 1787 extendere
1551 1740 1614 1772 ausi
1634 1750 1701 1774 non
1719 1741 1829 1775 fuere:
1846 1745 1969 1784 credo,

1087 1784 1313 1817 intercedente
1330 1783 1485 1824 dignitate
1503 1781 1665 1822 sexus;ne
1680 1783 1855 1816 foeminino
1873 1795 1972 1817 voca·

1089 1827 1168 1859 bulo
1185 1835 1252 1858 mas
1268 1824 1447 1866 defignatus
1465 1824 1741 1865 videreturzquod
1757 1826 1895 1858 Veteres
1914 1837 1971 1859 no-

1089 1867 1180 1900 iuiffe
1203 1866 1346 1908 pluribus
1369 1865 1526 1906 exemplis
1549 1865 1656 1905 evici,
1679 1866 1770 1908 supra
1792 1867 1848 1899 sub
1876 1867 1972 1901 Titu-

1090 1910 1124 1942 Io
1135 1933 1144 1948 ,
1160 1910 1212 1941 De
1229 1907 1443 1949 testamentaria
1460 1906 1560 1938 tutela.
1604 1907 1766 1940 Caeterum
1784 1908 1972 1951 Principes,

1092 1961 1111 1983 e
1135 1950 1324 1997 retpublica
1354 1948 1417 1981 effe
1438 1948 1672 1990 intelligentes,
1701 1950 1828 1991 longius
1849 1951 1971 1993 porrigi

1094 1992 1332 2033 providentiam
1357 1991 1574 2031 pupillorum,
1597 1991 1685 2031 quod
1709 1991 1749 2023 de
1772 2000 1873 2024 matre
1890 2002 1972 2024 con·

1092 2034 1193 2066 stituit
1216 2032 1384 2073 Epistola,
1409 2041 1474 2064 non
1501 2032 1540 2064 ad
1558 2033 1662 2063 aviam
1687 2040 1830 2070 tanturn,
1855 2034 1906 2066 sed
1929 2035 1971 2066 ad
2035 2039 2036 2043 ’

1094 2084 1189 2107 avum
1206 2083 1338 2115 quoque
1358 2073 1553 2105 transtulere.
1578 2074 1598 2105 l.
1616 2075 1694 2105 unic.
1720 2074 1789 2106 Cod.
1814 2075 1917 2106 Tbeod.
1941 2077 1972 2107 h.

1092 2123 1112 2150 t.
1125 2118 1190 2149 imo
1206 2117 1292 2147 idem
1311 2124 1393 2146 onus
1409 2115 1538 2147 tandem
1556 2114 1738 2156 imposuere
1756 2116 1905 2149 omnibus
1916 2117 1973 2158 qui
2011 2123 2015 2131 ¹

1091 2159 1128 2190 ad
1154 2156 1265 2198 pupilli
1288 2156 1515 2196 successionem
1539 2157 1591 2189 vel
1615 2157 1655 2188 ab
1677 2156 1828 2189 intestato
1851 2159 1904 2190 vel
1930 2168 1971 2190 cx

1090 2199 1315 2273 sugisbtitutione
1347 2205 1505 2230 vocantur
1535 2197 1555 2230 l.
1581 2208 1629 2231 10.
1658 2198 1691 2230 C.
1719 2199 1753 2231 de
1781 2199 1900 2242 legitim.
1921 2200 1971 2232 he-

1090 2251 1120 2274 re
1136 2265 1269 2322 Tenes,
1303 2282 1357 2323 qui
1383 2281 1523 2327 debeant
1546 2280 1674 2322 pupillis
1696 2288 1822 2314 tutores
1844 2289 1967 2324 petere.

1095 2325 1242 2358 nondum
1259 2333 1275 2355 a
1292 2333 1357 2364 quo
1374 2333 1432 2355 eos
1450 2330 1516 2364 peti
1534 2331 1697 2363 oporteat.
1743 2322 1897 2365 Ulpianus
1912 2322 1970 2353 ἀλ.

1096 2377 1125 2399 2.
1153 2366 1182 2409 §.
1207 2376 1257 2407 23.
1282 2368 1326 2397 ait
1350 2364 1622 2401 Constitutionem
1656 2365 1745 2405 loqui
1771 2365 1900 2405 quidem
1931 2365 1995 2396 de,

1095 2408 1301 2447 Praetore3ut
1320 2415 1395 2448 puta
1414 2406 1563 2445 scriptam
1581 2407 1619 2438 ad
1636 2405 1787 2446 Cuspium
1802 2404 1972 2444 Rufinum,

1099 2459 1195 2495 quem
1213 2449 1387 2481 Praetorem
1404 2447 1518 2486 fuisse,
1540 2448 1698 2487 conjicio:
1719 2446 1771 2477 sed
1795 2445 1825 2478 se
1843 2454 1975 2488 putare,

1098 2499 1194 2536 etiam
1211 2490 1319 2522 locum
1331 2489 1449 2522 habere
1464 2491 1495 2521 in
1513 2488 1698 2528 provinciis.
1719 2487 1889 2526 videlicet,
1901 2488 1975 2528 quia

1099 2541 1207 2565 omnia
1230 2532 1441 2573 provincialia
1463 2530 1615 2562 desideria
1638 2537 1709 2568 quae
1732 2528 1845 2561 Romae
1867 2530 1974 2560 varios

1096 2574 1220 2616 iudices
1243 2573 1365 2605 habent
1379 2595 1389 2611 ‚
1413 2573 1451 2604 ad
1469 2571 1611 2602 officium
1629 2569 1796 2602 Praesidum
1813 2570 1978 2611 pertinent

1099 2616 1119 2647 l.
1140 2624 1188 2647 10.
1209 2624 1256 2647 11.
1276 2614 1312 2648 δ’
1331 2623 1377 2645 12.
1395 2614 1444 2644 D.
1460 2614 1494 2643 de
1508 2610 1582 2652 offic.
1602 2609 1722 2649 Praeficl.
1738 2612 1757 2643 l.
1777 2620 1806 2652 7.
1823 2612 1852 2654 §.
1868 2622 1896 2643 2.
1914 2613 1975 2645 Ag.

1101 2656 1178 2700 65⁹9.
1189 2656 1237 2686 D.
1253 2656 1286 2685 de
1300 2655 1372 2696 offic.
1389 2653 1525 2693 Procons.
1550 2651 1706 2692 Ulpianus
1722 2660 1828 2685 tamen
1844 2653 1885 2685 de
1894 2653 1978 2685 Prae-

1101 2696 1217 2729 fidibus
1235 2696 1266 2727 in
1283 2697 1310 2727 d.
1328 2696 1347 2727 l.
1369 2703 1397 2726 2.
1416 2694 1445 2736 §.
1463 2704 1512 2734 23.
1529 2694 1607 2725 nihil
1625 2693 1793 2726 manifeste
1809 2695 1976 2733 exprimit:

1101 2738 1166 2770 fine
1183 2737 1304 2776 dubio,
1327 2738 1400 2777 quia
1417 2736 1465 2767 his
1489 2734 1647 2766 Oratione
1665 2733 1742 2766 Divi
1765 2735 1869 2767 Marci
1894 2736 1976 2767 clire-

1102 2780 1155 2812 Cto
1168 2779 1217 2820 jus
1233 2786 1301 2810 erat
1319 2778 1413 2811 dandi
1431 2783 1554 2809 tutores
1566 2777 1684 2816 ,idque
1693 2776 1857 2809 constabat
1873 2778 1978 2809 omni-

1101 2822 1172 2853 bus.
1200 2829 1310 2853 verum
1326 2820 1369 2851 ait
1385 2827 1520 2851 matrem
1542 2818 1665 2859 puniri,
1687 2818 1806 2851 etiamsi
1830 2828 1848 2849 a
1873 2818 1979 2860 Magi-

1102 2862 1249 2896 stratibus
1276 2861 1518 2901 municipalibus
1549 2869 1615 2891 non
1648 2866 1741 2900 ‘petat
1770 2866 1892 2892 tutores
1907 2870 1916 2891 ε
1947 2861 1980 2892 dt

1102 2903 1255 2944 praefatur
1269 2926 1279 2941 ,
1302 2904 1453 2944 quoniam
1472 2901 1502 2933 &
1524 2900 1761 2942 Magistratibus
1778 2902 1977 2941 municipali-

1102 2947 1163 2977 bus
1186 2946 1280 2976 dandi
1298 2945 1462 2977 neceffitas
1483 2943 1671 2983 injungitur,
1694 2943 1806 2975 eadem
1825 2943 1979 2974 videlicet

1103 2987 1147 3019 D.
1174 2987 1280 3018 Marci
1308 2986 1481 3018 Oratione:
1512 2994 1576 3016 non
1603 2985 1724 3017 directo
1751 2985 1901 3024 quidem;
1925 2982 1977 3015 sed

1103 3030 1233 3061 demum
1251 3028 1271 3060 fi
1288 3037 1304 3059 a
1323 3027 1507 3060 Praefidibus
1527 3027 1594 3067 jufli
1616 3025 1694 3066 fint,
1717 3035 1790 3058 cum
1814 3035 1879 3058 non
1904 3023 1976 3057 sunt

1102 3079 1226 3111 magnae
1241 3069 1353 3111 pupilli
1375 3068 1559 3101 facultates.

1144 3111 1261 3144 Incidit
1292 3112 1387 3153 igitur
1411 3118 1513 3142 mater
1538 3109 1567 3152 in
1597 3117 1743 3150 poenam3
1771 3107 1793 3140 fi
1818 3107 1889 3140 filiis
1914 3107 1974 3139 suis

1101 3153 1321 3200 impuberibus
1337 3161 1402 3184 non
1419 3151 1549 3192 petierit
1565 3159 1699 3183 tutores.
1721 3158 1782 3181 nec
1797 3149 1893 3181 essem
1917 3149 1976 3181 sol-

1101 3195 1227 3232 Iicitus,
1250 3203 1337 3227 utros
1361 3192 1494 3233 intelligi
1521 3200 1712 3233 oporteret,
1735 3191 1914 3231 legitimos,
1937 3200 1976 3222 an

1102 3236 1278 3278 naturales,
1310 3242 1410 3270 matre
1441 3234 1584 3274 utrisque
1615 3243 1656 3267 ex
1692 3231 1975 3305 Senatuscon‘siilto

1931 3283 1977 3304 er-

2023 879 2036 978 'i
