2036 3495
169 85 239 129 336

753 75 1063 111 GLRARDI

1123 69 1356 109 Noonr

172 174 354 216 rreceffariam
369 171 436 202 haic
452 169 491 200 rei
507 170 700 206 occupaturus
717 161 767 204 eft.
810 162 935 195 Proinde
951 170 1042 192 venas
1077 159 1206 201 forsitan
1221 162 1306 193 etiam
1322 161 1379 193 haec
1401 162 1517 204 dejicere
1527 163 1644 202 poterit.
1686 161 1752 206 Qui
1766 165 1869 205 potest
1879 166 1896 199 ‘4‘
1919 170 1955 199 ut

171 225 283 258 quoque
302 213 545 254 lapidicinarum,
572 206 609 241 ὅ)
625 205 787 247 hujusmodi
804 203 982 235 metallorum
996 203 1041 232 iri-

171 259 282 298 qztirere
293 253 415 295 poterit:
431 259 495 291 ergo
512 248 548 283 ὅ)
565 248 633 279 auri
642 270 651 285 ,
669 245 706 280 ἐξ)
722 247 856 286 argenti,
873 243 908 278 &³
919 242 1042 284 sulphu-

170 300 230 336 ris,
256 295 292 330 &9
316 298 397 330 aris,
421 291 457 325 ἐξ
472 291 568 331 ferri,
592 288 628 322 δ’
652 293 816 318 caeterorum
833 286 974 325 fodinas,
996 283 1044 327 vel

174 348 247 380 quas
258 333 469 377 paterfamilias
484 328 631 371 instituit,
647 337 773 360 exercere
782 328 908 368 poterit,
924 325 970 356 vel
986 326 1044 365 ipse

174 378 341 419 instituere,
355 373 378 410 fi
395 373 466 405 nihil
484 371 671 412 agricultum
686 369 805 400 nocebit.
829 367 870 399 Et
883 366 908 405 fi
921 366 996 406 forte
1012 367 1044 396 in

174 420 223 451 hoc
238 419 310 459 quod
325 414 471 456 instituit,
490 415 557 454 plus
574 412 684 443 reditus
696 410 753 449 fit,
776 419 864 451 quam
881 410 912 439 iri
930 407 1042 445 vineis,

173 461 219 492 vol
233 457 354 499 arbustis
364 480 373 496 ,
388 456 434 488 vel
449 455 577 492 olivetis,
593 463 654 495 quae
661 452 809 492 fuerunt:
818 448 944 489 forsitan
958 449 1045 479 etiam

172 504 229 534 [πρε
244 501 361 542 dejicere
373 498 497 539 poterit,
506 494 649 537 siquiaem
666 494 692 523 ei
702 494 881 534 permittitur
898 489 1045 522 meliorare

164 544 377 585 proprietatem.
393 539 421 581 ὃ.
432 542 463 570 6.
479 538 512 568 Si
527 544 622 568 tamen
636 544 696 577 quae
712 532 840 581 instituit
855 530 1045 572 usufruetua·

170 587 249 623 rias,
274 589 326 615 aut
343 582 442 613 soelzlm
459 584 644 619 corrumpant
662 585 747 616 agrz,
770 580 821 606 aut
839 582 979 614 magnum
994 578 1044 612 ap-

165 631 306 669 paratum
314 623 378 662 sint
393 620 585 660 deficieratura
595 642 605 658 ,
621 619 754 658 opificum
763 618 863 660 forte,
878 611 923 645 vel
939 613 1043 654 legulo-

168 677 254 706 rum,
277 676 338 708 quae
353 674 409 695 non
421 658 664 704 poteftsustinere
676 658 902 700 proprietarius:
926 664 982 684 non
997 655 1043 700 rii·

170 710 284 741 debitur
303 708 363 738 viri
388 706 453 736 liom'
476 701 713 741 arbitr-atztfrai.
757 698 846 740 Quid
863 697 915 728 hic
936 693 1044 742 Ulpia-

169 750 254 783 nus?
277 749 415 780 Primum
438 745 499 782 ait,
527 742 701 775 fructuario
725 740 787 772 esse
809 740 855 780 jus
873 762 882 778 ,
905 737 1046 781 lapidici-

170 802 243 830 nas,
267 791 315 822 vel
333 787 561 823 cretifodinas,
583 783 634 815 vel
650 782 882 818 arenifodinas,
906 777 1045 810 institue-

170 843 226 873 τες
250 832 270 862 {i
286 840 356 871 quae
375 831 405 860 in
422 828 524 860 fundo
540 826 666 857 idonea:
687 823 749 855 effe
767 822 903 864 possint,
926 818 1044 851 etiamsi

170 875 266 907 nullae
292 872 351 904 fint
377 880 393 902 a
420 870 553 901 domino
579 866 748 898 institutae:
771 873 831 895 nec
850 866 955 894 tamen
980 861 1045 891 hoc

170 916 293 956 semper
310 914 356 954 jus
373 910 454 950 esse3
479 907 570 947 sedfi
585 918 641 939 non
657 908 846 949 agripartem
862 902 1046 949 neceffariarrz

173 958 240 989 buit
255 956 296 986 rei
309 961 503 995 occupaturus
517 949 566 992 esi.
591 950 729 987 scilicet,
746 947 818 988 quia
834 945 925 992 aliter
941 942 1045 975 existi-

167 997 327 1031 mantibus
339 1019 349 1034 ,
372 1004 438 1027 non
458 995 620 1025 videretur
637 990 737 1021 fundo
749 1012 758 1028 ,
783 987 863 1019 salva
880 995 946 1026 ejus
971 993 1045 1031 con-

170 1040 293 1072 ditione
304 1060 313 1077 ,
325 1037 356 1068 id
369 1035 431 1073 est,
447 1035 525 1066 boni
537 1034 595 1065 viri
611 1029 836 1069 arbit1·atu,uti
849 1027 923 1059 frui.
948 1025 1047 1058 Dein·

167 1081 209 1113 de
227 1077 411 1112 hincinfert
426 1075 602 1118 Ulpianus,
619 1073 705 1114 quod
715 1070 821 1113 potest
832 1078 962 1116 quoque
980 1066 1045 1098 fru-

166 1123 302 1154 &uarius
319 1129 414 1152 venas
433 1117 670 1160 lapidicinarum
689 1115 718 1145 ὅ(
736 1113 916 1158 hujusmodi
934 1108 1045 1141 metal-

166 1164 273 1196 lorum
288 1162 458 1202 inquirere.
490 1166 642 1199 praeteiea
659 1154 765 1197 potest
781 1163 845 1184 auri
858 1176 878 1198 ,Ι
891 1152 919 1183 ἃ
937 1159 1046 1191 argen-

166 1206 214 1245 ti,
239 1205 269 1236 &
287 1203 459 1244 sulphuriS,
482 1201 512 1231 δι
530 1199 618 1237 aeris,
643 1199 672 1229 δι
689 1197 785 1234 ferri,
809 1193 939 1240 fodinas
956 1200 1045 1238 eiter-

168 1256 264 1285 cere,
279 1244 301 1276 fi
318 1254 393 1286 quas
408 1240 652 1283 paterfamilias,
668 1239 699 1270 id
717 1237 761 1269 est
775 1260 784 1276 ‚
800 1241 1044 1277 proprietarius,

167 1287 316 1320 instituit.
341 1285 431 1326 quod
446 1280 468 1315 fi
483 1283 508 1314 is
523 1282 623 1314 nullas
638 1279 804 1317 exercuit3
818 1277 923 1308 adhuc
941 1273 1045 1316 potest

170 1327 237 1370 ipse
254 1336 354 1359 novas
373 1324 552 1357 instituere:
576 1323 705 1363 utique,
728 1319 750 1354 ἢ
771 1318 845 1350 nihil
860 1316 1048 1359 agricultum

169 1371 291 1402 nocebit.
313 1368 355 1400 fic
372 1367 456 1399 enini
475 1365 576 1397 rursus
592 1363 708 1396 definit
723 1360 877 1402 Ulpianus
887 1369 899 1405 :-
920 1359 949 1389 ἃ
966 1357 1047 1402 hanc

169 1411 259 1443 addit
274 1409 396 1441 causam
413 1416 483 1449 quae
507 1406 661 1437 verissima
678 1403 740 1434 cst:
764 1402 852 1442 quod
872 1409 899 1430 ei
918 1404 1048 1443 permit-

170 1455 250 1485 titur
271 1451 437 1483 meliorare
462 1447 709 1488 proprietatem:
733 1444 827 1480 dum,
853 1440 894 1471 sic
912 1448 1046 1480 opinor,

169 1495 237 1535 ejus
254 1492 439 1532 qualitatem
463 1498 529 1519 non
549 1488 715 1518 immutet:
739 1484 804 1514 hoc
823 1491 901 1513 vero
919 1490 984 1512 non
1001 1479 1047 1511 fa-

169 1537 237 1572 cit,
261 1542 302 1564 ex
326 1529 518 1572 agricultura
541 1536 611 1568 quae
636 1526 718 1564 fuit,
746 1524 826 1556 nihil
849 1520 1046 1560 informans,

167 1575 347 1608 tollensve:
365 1579 399 1602 ut
413 1569 434 1602 si
450 1578 556 1609 neque
573 1569 697 1605 vineas,
717 1575 822 1606 neque
833 1563 954 1595 arbusta
968 1587 977 1602 ,
995 1571 1047 1594 ne-

170 1625 234 1657 que
259 1614 380 1646 oliveta
406 1620 477 1652 quae
498 1610 641 1648 fuerint,
665 1607 802 1648 dejiciat.
843 1605 1048 1648 Quamquam

169 1658 236 1689 lioc
261 1663 392 1695 quoque
413 1650 486 1684 casu
502 1674 512 1690 ,
535 1651 555 1683 [i
581 1660 652 1692 quae
679 1649 819 1681 instituat
841 1646 1047 1684 fructuarius,

168 1705 316 1739 magnum
332 1701 516 1736 apparatum
533 1692 591 1724 fint
607 1691 818 1724 desideratura
827 1712 841 1728 „
852 1688 939 1719 forte
955 1686 1048 1728 opifi-

168 1749 260 1778 cum,
271 1738 323 1770 vel
339 1736 516 1777 regulorum
528 1758 537 1773 ,
548 1742 649 1773 eaque
664 1731 811 1771 sustinere
828 1737 965 1770 nequeat
976 1738 1046 1770 pro·

169 1780 357 1822 primarius,
383 1786 449 1809 non
472 1777 600 1807 videtur
618 1773 758 1814 Ulpiano
782 1771 970 1803 fructuarius
994 1771 1049 1801 bo-

168 1824 201 1854 ni
214 1821 271 1853 viri
292 1820 442 1851 arbitratu
460 1818 506 1849 uti
524 1814 597 1848 frui.
620 1815 683 1847 fine
699 1814 798 1845 dubio
812 1812 1046 1844 convenienter

168 1863 245 1896 huic
261 1858 449 1894 Columellae
460 1883 469 1898 ,
484 1859 532 1889 lib.
557 1867 578 1889 t.
599 1856 644 1888 De
661 1866 690 1887 re
704 1853 812 1896 rustica
825 1877 834 1893 ,
851 1864 875 1884 e.
897 1863 923 1884 1.
938 1853 1047 1898 'dicen-

170 1907 230 1942 tiS,
255 1903 318 1947 Qui
328 1900 462 1943 stadium
483 1899 683 1941 agricolationi
700 1898 825 1934 dederit,
850 1892 1048 1937 autiquiffima

160 1948 239 1985 sciat
257 1948 313 1976 licet
321 1944 378 1982 filii
393 1942 582 1980 advommla‚
595 1939 780 1981 prudentiam
797 1938 855 1975 rei,
872 1936 1048 1975 facultatem

168 1987 367 2029 impendendi,
390 1984 571 2015 volantatem
589 1981 703 2019 agendi.
726 1978 815 2010 Idem
832 1977 915 2016 effe,
940 1976 1048 2018 Ulpia·

171 2039 230 2061 nus
246 2028 310 2066 ait,
333 2025 354 2058 fi
371 2034 441 2066 quae
459 2023 593 2055 instituit
608 2020 816 2058 fructuarius,
841 2020 959 2051 coelum
976 2028 1046 2050 cor-

168 2076 317 2111 rumpant
332 2068 410 2106 agri.
448 2065 532 2098 Nam
548 2065 577 2096 ὃ(
599 2063 700 2095 Varro
716 2063 766 2093 lib.
786 2070 811 2092 1.
832 2059 880 2092 De
895 2069 924 2091 re
938 2059 1047 2099 rustica

169 2122 194 2143 c.
212 2123 241 2152 5.
263 2108 458 2151 Utilzffimus,
483 2107 605 2147 inquit,
629 2106 653 2135 z's
671 2103 709 2140 esl
726 2112 814 2144 ager,
835 2103 887 2144 qui
897 2101 1045 2141 salubrior

171 2151 230 2192 cll,
254 2161 342 2192 quam
362 2150 434 2188 alii,
457 2150 533 2190 quod
554 2147 593 2178 ibi
608 2144 731 2186 frullus
754 2151 867 2183 certus,
892 2149 1047 2184 contraque

169 2195 202 2225 iri
215 2192 357 2234 pestilenti
373 2191 520 2222 calamitas
531 2188 663 2230 quamvis
679 2186 816 2226 inferaci
834 2194 902 2227 agro
917 2184 1045 2216 colonum

169 2235 208 2267 ad
216 2232 339 2275 fructus
357 2231 503 2272 pervenire
527 2239 584 2261 non
602 2230 724 2269 patitur.
770 2226 888 2258 Etenim
908 2227 957 2257 uti
971 2226 1044 2257 ratio

170 2286 239 2308 cum
255 2284 317 2306 orco
332 2273 469 2309 habetur,
492 2271 531 2302 iln·
547 2279 603 2301 rton
616 2270 695 2300 modo
706 2267 829 2308 frufius
843 2266 881 2309 eft
899 2268 1044 2306 incertus,

164 2318 220 2359 sed
241 2317 329 2347 etiam
349 2314 502 2345 colentium
518 2313 593 2343 vita.
637 2309 756 2353 Quare,
771 2308 800 2347 fi
814 2309 975 2349 salubritas
990 2318 1047 2339 norz

171 2356 212 2399 cst
222 2381 232 2397 ,
247 2356 362 2388 cultura
376 2364 433 2386 non
448 2353 529 2385 aliud
542 2350 581 2393 esi
591 2375 600 2390 ‚
616 2361 704 2393 quam
719 2351 780 2382 alea
796 2351 904 2382 domini
918 2352 1004 2388 vitae,
1014 2359 1048 2381 ac

171 2401 214 2432 rei
229 2397 395 2434 familiaris.
420 2392 522 2431 Sic‚fi
537 2391 740 2431 fructuarius,
757 2391 904 2423 institutis
923 2401 941 2422 a
954 2391 983 2423 se
998 2390 1047 2423 fo·

173 2440 274 2478 dinis,
292 2438 368 2470 nihil
385 2434 604 2478 principaliter
620 2441 737 2466 noceat
753 2433 964 2473 agi-icuiturae.
998 2433 1047 2464 An

171 2483 258 2514 idem
274 2480 434 2516 dicemus,
456 2477 478 2509 si
496 2477 623 2515 vineas,
648 2476 697 2506 vel
713 2474 854 2512 arbusta,
881 2475 932 2506 vel
949 2474 1047 2505 olive-

172 2532 225 2560 ta,
250 2530 319 2562 quae
339 2518 488 2557 fuerunt,
513 2518 591 2549 velit
616 2516 780 2558 dejicere?
804 2514 857 2547 sed
874 2525 939 2547 non
955 2523 1047 2556 puto.

172 2572 239 2596 non
255 2564 340 2594 enim
358 2561 470 2593 dubito
482 2583 491 2599 ,
515 2559 590 2599 quin
609 2557 650 2590 fic
668 2558 769 2597 palam
792 2557 828 2588 sit
850 2557 1049 2598 agriculturae

172 2605 350 2637 nociturus.
383 2602 470 2640 quod
488 2609 561 2632 eum
579 2599 686 2631 facere
710 2598 862 2639 prohibet
884 2597 1048 2638 Ulpianus.

172 2645 260 2679 Nam
274 2644 313 2675 ad
332 2644 553 2683 agriculturam
571 2642 678 2672 omnia
703 2641 771 2671 haec
794 2639 973 2680 pertinere,
996 2640 1047 2671 vel

173 2688 258 2721 Cato
283 2683 420 2716 ostendit
436 2706 445 2721 ‚
476 2683 522 2714 De
543 2692 573 2713 re
590 2680 700 2724 mistica
717 2691 742 2712 c.
768 2690 793 2712 1.
814 2681 976 2719 Praedz'am,
1001 2681 1047 2712 in-

173 2728 307 2767 quiens,
322 2726 397 2766 qaod
410 2725 534 2763 primum
548 2723 617 2762 fiet,
634 2722 661 2762 fi
675 2732 718 2754 me
733 2723 864 2763 rogabis,
880 2720 924 2760 fic
940 2723 1045 2754 dicam.

173 2770 224 2803 De
238 2767 368 2799 omnious
381 2766 459 2805 agris
474 2766 631 2806 optimoque
645 2765 701 2795 loco
709 2762 739 2802 fi
752 2764 852 2795 emeris
860 2764 967 2805 jugera
982 2762 1049 2805 agri

173 2818 308 2846 centum,
329 2807 417 2837 vinea
432 2803 470 2845 eft
483 2807 593 2844 prima,
609 2805 633 2842 si
649 2808 717 2837 vino
733 2805 820 2837 multo
835 2803 902 2843 fiet,
918 2805 1047 2845 secundo

176 2855 276 2886 hortus
290 2849 439 2889 irriguas,
455 2846 693 2886 tertiosaliltum,
709 2852 812 2888 quarto
827 2847 948 2885 oletum,
963 2847 1047 2888 quin-

175 2902 203 2927 to
216 2896 354 2936 pratum,
367 2891 445 2926 lexto
462 2893 578 2926 campus
593 2888 826 2927 frumentarius,
836 2889 958 2928 septimo
967 2886 1048 2926 silva

176 2937 276 2968 caedua
286 2956 296 2971 ‚
318 2929 418 2961 ostavo
432 2926 584 2973 arbustum
591 2950 600 2965 ,
615 2938 687 2959 nono
699 2928 857 2970 glandaria
866 2927 955 2967 silva.
987 2928 1049 2960 Ve-

174 2986 246 3012 rum
269 2975 400 3010 demus,
426 2979 444 3001 e
467 2969 600 3001 metallis
624 2970 755 3009 majores
781 2969 892 3009 sperari
910 2970 1049 3009 reditus;

176 3025 271 3061 quam
289 3024 307 3046 e
321 3013 442 3051 vineis,
458 3009 605 3046 olivetis,
625 3018 677 3040 aut
692 3010 832 3042 arbustis.
855 3020 892 3043 an
911 3012 986 3043 ideo
1004 3011 1048 3042 (li-

175 3067 305 3094 cemus,
321 3053 514 3094 deJ'ecturum
532 3060 569 3082 ea
585 3049 788 3081 fructuarium
800 3051 816 3082 ‘2’
840 3061 1048 3093 nequaquam,

177 3099 278 3140 Atqui
293 3095 451 3136 Ulpianus
467 3094 496 3125 d.
515 3093 534 3124 l.
554 3101 599 3133 13.
610 3091 638 3133 ἓ.
649 3101 678 3131 5.
691 3091 730 3121 D.
744 3093 776 3121 cle
787 3093 940 3131 alafracta
951 3117 959 3131 ,
975 3092 1048 3131 Etsi

171 3143 270 3184 sorte,
287 3136 408 3177 inquit,
425 3137 456 3167 in
472 3136 521 3166 hoc
535 3133 608 3175 quod
625 3130 752 3173 instituit
765 3155 773 3170 ‚
786 3132 853 3171 plus
869 3136 976 3164 reditus
987 3134 1046 3173 six,

176 3191 265 3225 quam
273 3181 305 3213 in
313 3179 425 3218 vineis,
440 3176 487 3209 vel
502 3172 624 3216 arbustis
633 3197 644 3215 ,
658 3173 705 3206 vel
714 3172 824 3206 olivetis
834 3175 1045 3215 quaesitorum,-

1085 203 1170 249 enim
1181 211 1366 249 praeteream
1377 226 1386 242 ,
1395 204 1474 246 spem
1490 203 1636 244 (auctore
1645 203 1783 244 Seneca,
1798 206 1889 247 Epist.
1901 210 1954 248 x.)

1084 250 1188 274 incerti
1201 245 1269 290 imni
1282 254 1383 276 nomen
1399 245 1468 286 effe:
1492 245 1580 286 quis:
1593 244 1647 277 nisi
1662 244 1792 284 stultus,
1814 256 1865 278 aut
1879 248 1955 280 insa·-

1085 293 1160 323 nus,
1177 294 1285 317 vineas
1302 287 1353 318 vel
1368 286 1509 324 arbusta,
1523 287 1573 317 vel
1589 287 1725 324 oliveta,
1741 288 1874 320 metallis
1890 298 1958 321 mu-

1086 333 1154 372 tet,
1177 328 1298 367 magnis
1315 327 1486 368 praesertim
1504 327 1651 368 impensis
1676 337 1753 368 quas
1773 337 1818 359 eae
1835 328 1956 361 fodinae

1086 366 1288 407 desiderant,
1321 368 1377 401 nifi
1401 380 1440 401 cx
1464 369 1510 401 his
1534 369 1667 409 majores
1690 368 1793 409 speret
1820 371 1956 411 reditus,

1088 416 1180 447 quam
1198 418 1238 440 ex
1255 410 1375 449 vineis,
1391 411 1522 443 arbustis
1533 433 1543 450 ,
1566 419 1620 442 aut
1636 410 1788 442 olivetis?
1812 420 1907 443 nemo
1924 422 1958 443 u·

1087 458 1157 494 iius.
1181 459 1246 481 non
1264 452 1349 483 enim
1365 447 1486 484 fodinae
1502 454 1541 483 ad
1556 453 1773 484 amoenitatem
1785 475 1794 491 ‚
1818 453 1848 483 in
1864 461 1958 492 quam

1087 489 1237 561 imcpensae
1252 492 1348 538 etiam
1364 493 1464 525 stultae
1482 493 1511 525 ἃ
1527 494 1635 526 inanes
1653 493 1840 534 plerumque
1857 492 1956 534 fiunt,

1088 530 1117 561 se
1160 532 1198 562 ad
1224 533 1411 577 utilitatem,
1435 534 1624 567 referuntur.
1672 533 1827 574 Ulpianus
1852 542 1958 567 tamen

1087 580 1154 604 non
1172 580 1306 613 patitur,
1335 575 1540 615 fructuarium
1556 576 1682 608 metalla
1698 575 1880 616 instituere,
1904 575 1958 609 nifi

1087 611 1108 644 fi
1123 622 1188 645 non
1203 613 1239 645 sit
1258 616 1458 649 neceffariam
1484 619 1549 659 agri
1567 625 1688 658 partem
1707 617 1782 649 huic
1799 618 1843 649 rei
1860 627 1957 649 occu-

1086 660 1235 694 paturuS,
1258 665 1363 697 neque
1379 659 1578 699 agriculturae
1602 664 1777 691 nociturus.
1822 658 1919 700 igitur
1935 658 1959 691 si

1087 695 1125 727 ad
1144 694 1313 736 Ulpianum
1329 698 1520 739 spectamus,
1543 709 1606 732 non
1634 697 1732 732 debet
1746 699 1956 739 fructuarius,
1996 727 2000 731 .

1089 745 1155 776 quo
1171 746 1216 784 cx-
1230 740 1365 772 metallis
1382 741 1515 782 majores
1531 742 1671 773 inveniat
1689 741 1808 773 reditus
1828 765 1837 781 ,
1863 751 1958 781 quam

1089 787 1130 809 ex
1153 779 1359 826 agricultura,
1382 783 1434 814 vel
1452 783 1578 821 vineas,
1602 784 1652 814 vel
1672 782 1812 820 arbusta,
1835 783 1886 814 vel
1904 782 1961 813 oli-

1089 827 1164 850 veta
1188 821 1344 868 dejicere:
1368 825 1441 864 quia
1459 833 1521 855 non
1539 823 1637 855 debet
1654 824 1780 855 metalla
1797 823 1960 855 instituere

1088 860 1141 901 spe
1165 870 1293 902 maioris
1319 865 1486 904 utilitatis;
1507 864 1563 896 nifi
1579 865 1627 896 his
1645 874 1709 895 non
1728 863 1764 895 fit
1783 872 1960 904 occupatu-

1088 911 1140 949 rus
1156 903 1357 937 neceffariam
1373 906 1437 948 agri
1454 914 1577 946 partem
1588 929 1598 944 ,
1613 915 1673 937 nec
1688 906 1889 946 agriculturae
1904 915 1960 936 no-

1089 951 1219 976 citurus.
1256 944 1333 978 Etsi
1352 957 1418 980 rem
1437 954 1600 988 putamus:
1625 950 1713 987 quod
1730 945 1960 988 fructuariojtis

1089 984 1153 1024 est,
1176 985 1354 1019 constituto
1375 989 1404 1020 ei
1422 998 1486 1021 non
1508 988 1673 1027 dominio,
1698 987 1786 1027 quod
1807 986 1910 1020 fructu
1927 988 1961 1019 li·

1089 1027 1169 1058 bero
1187 1035 1283 1068 atque
1302 1028 1429 1062 infinito
1447 1029 1612 1069 censetur;
1631 1028 1683 1060 sed
1703 1028 1882 1068 usufruetu,
1899 1029 1962 1061 hoc

1090 1067 1153 1107 est,
1176 1067 1280 1101 fructu
1298 1071 1352 1112 qui
1369 1071 1423 1104 usu
1440 1074 1630 1109 coercetur,
1646 1071 1676 1102 ὅ(
1693 1071 1768 1102 ideo
1785 1071 1961 1111 proprieta-

1088 1111 1126 1141 rii
1151 1111 1251 1142 modo
1275 1120 1312 1144 ac
1337 1114 1382 1144 rei
1401 1113 1589 1145 conditione
1619 1111 1904 1144 circumscribitur:
1926 1118 1962 1144 ut
2008 1145 2011 1147 .

1087 1152 1128 1199 de
1145 1152 1266 1198 domi-ni
1283 1154 1439 1193 utilitate,
1456 1165 1496 1186 eo
1514 1155 1617 1186 invito
1629 1178 1638 1193 ,
1657 1152 1822 1194 disponat,
1846 1153 1875 1186 ἃ
1890 1153 1962 1186 alie-

1087 1202 1120 1224 ni
1146 1192 1237 1224 fundi
1262 1195 1349 1227 usum
1369 1196 1466 1227 faciat
1490 1196 1585 1227 alium
1604 1219 1614 1232 ‚
1638 1204 1732 1236 quam
1762 1195 1790 1227 ei
1815 1195 1962 1227 dominus

1088 1234 1268 1281 conceflit‘?
1292 1236 1399 1278 Atque
1417 1237 1481 1268 hoc
1496 1235 1647 1268 Neratius
1663 1237 1693 1268 iii
1712 1236 1826 1268 domus
1843 1232 1962 1269 usufru-

1089 1277 1142 1308 ctu
1160 1276 1308 1317 indigitat
1324 1277 1344 1309 l.
1361 1288 1411 1318 44.
1431 1278 1477 1309 De
1494 1276 1668 1318 asafrattu:
1692 1287 1752 1309 nec
1779 1279 1803 1310 is
1820 1284 1962 1317 tantum,

1090 1317 1143 1349 sed
1167 1315 1324 1357 Ulpianus
1351 1328 1483 1360 quoque
1498 1319 1517 1350 l.
1537 1328 1565 1360 7.
1584 1319 1614 1361 §⁴
1632 1319 1685 1350 alt.
1705 1318 1741 1353 δέ’
1758 1318 1776 1350 l.
1795 1324 1822 1353 8.
1842 1318 1884 1350 D.
1901 1321 1962 1351 eod.

1090 1360 1138 1390 tit.
1169 1358 1262 1390 Adeo
1286 1362 1414 1399 quoties
1439 1361 1478 1392 de
1501 1359 1661 1392 fructuarii
1682 1361 1750 1401 jure
1767 1359 1964 1400 disputatur,

1090 1408 1264 1440 numquam
1287 1403 1458 1441 quaeritur,
1482 1410 1617 1441 quantos
1638 1402 1793 1442 percipiat
1817 1401 1961 1441 fruetus,

1091 1441 1197 1487 scd-an
1213 1449 1269 1472 eos
1285 1451 1365 1482 quos
1382 1443 1531 1483 percipit,
1541 1443 1579 1474 ad
1596 1443 1640 1474 rei
1657 1443 1878 1474 conditionem
1894 1452 1963 1483 per-

1091 1483 1197 1523 cipiat.
1223 1481 1273 1513 An
1288 1483 1371 1515 alind
1388 1484 1451 1525 agit
1468 1482 1621 1524 Ulpianus
1637 1484 1714 1524 l.13.
1731 1483 1759 1525 ἕ.
1771 1484 1826 1515 alt.
1842 1483 1885 1515 D.
1901 1484 1961 1516 eod.

1091 1527 1137 1555 tit.
1170 1523 1308 1569 scribens
1327 1548 1336 1562 ,
1359 1524 1381 1556 fi
1408 1526 1523 1557 domus
1547 1523 1739 1557 ususfructus
1763 1524 1884 1566 legatus
1907 1524 1963 1564 sit,

1090 1565 1297 1597 fructuarium
1319 1566 1385 1597 illic
1410 1566 1572 1597 meritoria
1599 1563 1708 1597 facere
1734 1575 1799 1597 non
1824 1566 1963 1606 debere;

1091 1616 1152 1639 nec
1168 1607 1300 1638 domum
1316 1616 1372 1648 per
1388 1608 1551 1639 coenacula
1567 1607 1798 1646 dividere3nec
1814 1607 1963 1640 balneum

1090 1649 1136 1680 ibi
1153 1647 1279 1687 facere3
1303 1647 1358 1680 etfi
1375 1649 1523 1681 balneum
1541 1648 1577 1680 fit
1593 1650 1625 1680 iti
1644 1648 1765 1688 domo,
1785 1648 1887 1680 usibus
1905 1649 1962 1681 do·

1090 1689 1214 1722 minicis
1238 1688 1364 1721 solitum
1389 1700 1502 1722 vacare
1526 1690 1556 1722 in
1581 1691 1691 1723 intima
1715 1697 1804 1731 parte
1828 1691 1967 1729 domus,

1091 1732 1143 1763 vel
1161 1733 1245 1763 inter
1259 1731 1367 1763 diaetas
1384 1741 1544 1770 amoenas,
1559 1741 1624 1763 non
1643 1730 1749 1770 recte,
1772 1740 1833 1763 nec
1849 1741 1888 1763 ex
1906 1731 1965 1763 bo-

1090 1773 1121 1805 ni
1140 1773 1196 1804 viri
1213 1772 1366 1804 arbitratu
1380 1772 1555 1811 faciurum,
1579 1772 1600 1805 fi
1624 1772 1654 1804 id
1677 1772 1783 1804 locare
1807 1773 1963 1812 coeperit,

1090 1823 1125 1846 ut
1150 1814 1278 1855 publice
1296 1814 1403 1846 lavet?
1426 1814 1487 1847 Sed
1507 1824 1555 1847 res
1573 1820 1680 1850 certa:
1703 1813 1732 1845 ἀ
1750 1813 1871 1854 subjicit
1887 1813 1964 1846 Pau-

1090 1857 1137 1888 lus
1161 1856 1180 1887 l.
1206 1865 1251 1894 14.
1269 1854 1310 1886 D.
1329 1857 1387 1888 eod,
1414 1857 1460 1887 tit.
1495 1856 1578 1887 Licet
1603 1856 1692 1887 multo
1719 1856 1815 1886 azimis
1831 1864 1866 1886 ex
1883 1865 1915 1886 ea
1932 1863 1963 1886 re

1082 1896 1220 1938 frulium
1239 1897 1384 1938 percipiat.
1408 1896 1449 1928 fic
1468 1896 1640 1928 Florentiae
1666 1897 1790 1928 editur:
1815 1896 1867 1927 sed
1892 1895 1963 1928 scri-

1092 1940 1153 1978 bo,
1168 1937 1341 1978 fruCtUrm
1365 1939 1397 1969 id
1412 1938 1455 1969 est
1469 1961 1477 1977 ‚
1495 1938 1673 1977 fraiftuum:
1690 1938 1856 1976 quomodo
1873 1936 1963 1970 estin

1090 1981 1156 2011 aliis
1173 1980 1271 2012 libris.
1304 1979 1397 2018 Scio,
1423 1979 1611 2021 Dionysium
1630 1978 1895 2017 Gothosredum,
1920 1977 1961 2010 V.

1091 2021 1149 2053 CL.
1176 2021 1215 2053 ad
1240 2023 1268 2052 d.
1291 2021 1311 2052 l.
1333 2030 1376 2062 13.
1402 2021 1430 2062 ᾗ.
1448 2031 1477 2060 5.
1504 2022 1548 2051 lit.
1568 2020 1605 2052 E.
1629 2021 1760 2052 domum
1787 2019 1927 2058 separare
1942 2027 1960 2051 a

1089 2063 1218 2094 fundo:
1240 2062 1271 2093 &
1294 2061 1315 2093 fi
1340 2062 1431 2093 fundi
1456 2060 1648 2092 ususfructus
1673 2060 1734 2099 fit,
1766 2060 1962 2100 existimare,

1090 2113 1162 2135 eum
1178 2103 1228 2134 vel
1244 2103 1356 2134 formae
1376 2103 1554 2134 mutatione
1573 2103 1738 2134 meliorem
1754 2111 1770 2133 a
1786 2101 1960 2133 fructuario

1089 2144 1158 2177 fieri
1175 2143 1280 2186 posse:
1305 2143 1325 2175 fi
1346 2145 1481 2182 domus;
1503 2153 1566 2175 non
1584 2142 1691 2183 poffe:
1707 2143 1874 2183 alteroque
1890 2143 1962 2174 calu

1087 2195 1220 2217 annonae
1237 2185 1382 2224 utilitati,
1399 2185 1500 2216 altero
1518 2184 1603 2216 urbis
1619 2185 1730 2216 decori
1745 2182 1891 2216 adversus
1903 2185 1963 2215 rui-

1087 2237 1143 2260 nas
1162 2226 1293 2259 confuli.
1336 2226 1399 2258 Sed
1416 2235 1452 2257 ea
1469 2224 1670 2257 Gothofi·edi
1693 2224 1849 2257 sententia
1872 2225 1962 2256 mini-

1088 2278 1141 2301 me
1175 2277 1249 2301 vera
1272 2267 1327 2300 est.
1379 2267 1519 2300 Primum
1539 2291 1549 2306 ,
1580 2267 1669 2307 quod
1695 2265 1873 2307 periculum
1897 2265 1961 2298 est:

1089 2320 1129 2342 ne
1149 2310 1222 2342 urbs
1244 2310 1341 2341 ruinis
1362 2308 1581 2347 deformetur3
1604 2308 1624 2340 si
1643 2307 1829 2340 fruetuarius
1848 2307 1960 2339 aediurn

1089 2352 1262 2392 parietibus
1277 2351 1331 2391 qui
1347 2350 1441 2382 rudes
1457 2349 1556 2381 ess'ent
1568 2373 1577 2388 ,
1594 2356 1714 2381 novum
1726 2348 1911 2386 tectorium,
1929 2348 1960 2380 id

1090 2390 1155 2432 est,
1167 2402 1283 2424 novam
1299 2391 1577 2430 incrustationem,
1593 2391 1671 2422 velit
1687 2390 1880 2431 imponere?
1897 2388 1961 2421 Ne-

1089 2442 1143 2475 gat
1153 2442 1259 2466 tamen
1272 2433 1441 2470 Neratius,
1458 2432 1614 2464 facturum
1632 2432 1661 2464 id
1680 2430 1730 2462 suo
1744 2430 1812 2471 jure
1827 2429 1960 2463 fructua-

1091 2478 1169 2507 rium
1185 2477 1212 2506 d.
1229 2475 1248 2507 l.
1264 2485 1315 2515 44.
1332 2474 1374 2506 D.
1392 2475 1450 2506 eod.
1468 2475 1514 2505 tit.
1546 2473 1608 2505 Sed
1624 2473 1654 2504 ἃ
1669 2472 1689 2504 fi
1705 2473 1852 2504 balneum
1868 2473 1898 2504 in
1915 2473 1959 2504 in-

1092 2517 1168 2548 tima
1192 2517 1291 2549 domo
1315 2514 1441 2547 solitum
1464 2514 1501 2546 fit
1516 2524 1629 2545 vacare
1653 2513 1822 2546 dominicis
1841 2513 1958 2552 usibus,

1092 2567 1188 2598 atque
1212 2559 1244 2589 id
1268 2558 1375 2589 locare
1401 2556 1536 2597 coeperit
1552 2555 1757 2593 fructuarius,
1783 2563 1816 2586 ut
1833 2555 1959 2596 publice

1091 2600 1196 2638 lavet3
1213 2607 1265 2630 aut
1282 2599 1302 2630 ii
1319 2598 1350 2629 in
1368 2598 1467 2629 domo
1482 2596 1672 2635 diversoria,
1690 2597 1739 2628 vel
1756 2597 1813 2628 alia
1829 2597 1958 2628 merito—

1090 2642 1134 2672 ria
1150 2640 1259 2672 facere
1279 2640 1373 2672 velit:
1398 2639 1467 2678 quis
1492 2646 1630 2676 metuat,
1655 2648 1695 2669 ne
1712 2637 1754 2669 fic
1771 2638 1858 2669 ruina
1875 2637 1956 2669 urbis

1090 2682 1223 2723 dignitas
1247 2679 1472 2713 deformetur?
1494 2678 1619 2710 Tamen
1641 2679 1710 2710 haec
1726 2680 1756 2710 &
1772 2678 1880 2711 similia
1895 2678 1959 2710 fru-

1090 2722 1212 2754 Ctuario
1229 2722 1437 2753 concedenda
1452 2719 1533 2758 effe,
1550 2718 1703 2762 Ulpianus
1720 2728 1815 2762 negat
1829 2721 1857 2752 d.
1874 2720 1893 2751 l.
1907 2728 1955 2761 13.

1089 2764 1185 2806 §.ult.
1209 2772 1269 2795 nec
1285 2764 1375 2794 aliam
1393 2762 1437 2794 ob
1454 2762 1575 2793 causam
1588 2785 1597 2800 ,
1614 2771 1708 2802 quam
1727 2762 1815 2801 quod
1831 2771 1893 2793 non
1909 2771 1955 2792 re-

1091 2806 1139 2837 cte
1153 2828 1161 2843 ‚
1177 2814 1237 2836 nec
1252 2814 1292 2835 ex
1306 2803 1382 2835 boni
1400 2804 1455 2834 viri
1472 2804 1642 2841 arbitratu,
1658 2802 1694 2835 fit
1709 2802 1855 2835 facturus.
1878 2801 1957 2835 Nori

1088 2847 1184 2887 igitur
1203 2847 1307 2887 placet
1324 2844 1523 2876 Gothofi-edi
1550 2844 1723 2882 sententia,
1747 2851 1896 2883 quantum
1911 2852 1958 2874 at-

1091 2890 1173 2919 tinet.
1188 2888 1226 2919 ad
1243 2887 1358 2918 urbana
1376 2886 1501 2927 praedi'a.
1544 2885 1617 2918 Nec
1641 2884 1801 2917 venustior
1815 2884 1859 2916 est
1873 2885 1957 2915 circa

1091 2928 1214 2961 rustica.
1248 2928 1324 2967 quid
1347 2928 1431 2959 enim
1454 2936 1590 2958 annonae
1614 2936 1686 2958 cum
1711 2925 1884 2966 lapidicinis
1900 2932 1956 2956 aut

1090 2969 1225 3002 metallis
1248 2969 1288 3000 de
1311 2968 1424 3009 quibus
1447 2968 1590 3009 loquitur
1612 2967 1765 3007 Ulpianus
1779 2966 1842 3006 (1.1.
1861 2974 1906 3005 13.
1924 2965 1955 3006 §-

1089 3022 1120 3052 5.
1146 3020 1218 3043 cum
1244 3010 1417 3051 praesertim
1442 3019 1507 3042 non
1526 3010 1578 3041 liic
1594 3016 1712 3050 quaerat
1728 3005 1895 3046 Ulpianus,
1919 3016 1956 3037 u-

1091 3061 1174 3084 trum
1190 3052 1384 3094 lapidicinae,
1401 3050 1723 3086 autmetailifodinae,
1739 3041 1850 3086 poffint
1864 3044 1957 3092 afru-

1091 3094 1211 3126 &uario
1236 3093 1383 3125 converti
1408 3093 1439 3123 in
1462 3102 1554 3133 agros
1572 3091 1710 3122 fertiles:
1734 3086 1835 3132 sedan
1853 3096 1955 3134 vincte

1091 3136 1141 3167 vel
1159 3135 1282 3167 arbusta
1299 3135 1350 3166 vel
1366 3133 1486 3165 oliveta
1499 3133 1636 3172 poffinta
1652 3128 1819 3161 fruetuario
1839 3128 1953 3168 dejici,

1090 3186 1125 3210 ut
1143 3186 1239 3211 venas
1254 3175 1494 3218 lapidicinarum
1511 3175 1540 3207 δι
1556 3168 1730 3212 hujusmodi
1754 3169 1953 3241 metallortprp
