2036 3495
319 129 375 164 A»
404 128 491 164 Lu.
522 126 653 164 XXVI.
680 126 780 162 Tm.
814 125 910 162 tht.
939 125 989 162 De
1016 128 1196 163 auetoritate
1215 126 1256 168 δ’
1272 127 1413 176 consensu
1430 136 1562 167 tutorum
1582 130 1649 173 &a

133 212 185 251 Ad
213 217 349 249 formam
373 217 613 259 interponenda:
640 214 837 247 auctoritatis
864 214 960 254 perti-

93 262 166 292 net:
197 266 232 290 ut
262 266 349 290 tutor
374 267 442 292 eam
473 260 658 298 interponat
679 265 758 297 pure
775 278 785 294 ‚
817 265 881 287 non
905 255 960 287 sub

90 300 298 337 conditione;
321 299 376 331 etfi
391 299 615 332 conditionalis
636 297 671 329 fit
694 296 876 329 contractus
895 296 911 328 l.
930 301 959 331 8.

90 343 140 374 D.
157 342 184 373 h.
202 347 224 372 ι.
249 350 401 382 practerea
428 341 494 372 vult
516 338 613 379 Gaius
642 339 661 369 l.
680 348 710 376 9.
732 339 760 380 §.
777 348 807 378 5.
829 338 876 370 D.
899 338 958 383 eorl.

89 383 136 415 tit.
160 388 232 414 eum
261 381 448 420 observare,
477 389 511 412 ut
541 379 643 411 statim
674 379 796 420 inipso
825 386 958 420 negotio

88 423 223 464 praesens
255 423 365 455 auctor
386 422 461 454 fiat:
484 422 514 453 &
532 422 635 452 addit:
657 420 728 461 post
753 428 878 460 tempus
903 427 957 465 aut

87 474 145 505 per
162 463 325 505 epistolam
345 462 558 503 interpositam
575 463 640 502 ejus
666 462 886 493 auctoritatem
911 469 955 491 ni-

86 506 130 537 hil
155 515 259 547 agere.
285 506 416 545 primum
440 504 537 544 igitur
566 511 699 542 oportet
728 510 868 534 tutorem
893 501 955 533 effe

84 548 289 587 prael'entern:
310 546 405 576 talem
427 553 533 576 autem
550 543 686 583 Julianus
709 544 728 575 l.
752 553 799 589 ¹4·
824 544 871 574 D.
888 543 915 574 b.
933 548 954 574 t.

83 597 148 620 non
166 588 265 619 minus
281 587 406 623 animo,
430 595 522 627 quam
540 595 698 625 corpore,
723 584 864 615 aestimat.
888 593 953 615 non

83 631 167 660 enirn
193 628 325 660 multum
359 627 510 666 interest,
543 634 648 658 utrum
677 625 815 657 abfuerit
845 632 952 672 tutor,

82 679 155 702 cum
179 669 342 710 negotium
360 668 621 707 contraheretur;
645 676 682 699 an
705 666 836 707 praesens
860 675 950 713 igno-

82 710 216 749 raverit,
232 710 325 749 quale
341 709 429 741 esset.
474 708 550 741 Non
570 709 666 750 magis
684 708 768 739 valet
783 708 871 753 quod
888 717 951 748 agi-

81 750 196 784 turrfi
213 751 329 782 invitus
345 758 487 782 retentus
505 750 541 782 fit
559 755 614 790 per
633 751 716 788 vim,
733 748 822 795 aut'li
840 751 950 781 somno

80 801 133 825 aut
149 793 265 824 morbo
287 792 437 823 comitiali
463 796 654 832 occupatus,
677 798 812 836 tacuerit
837 790 855 821 l.
878 799 902 820 i.
921 790 950 831 ὃ.

83 843 110 866 1.
131 835 177 865 D.
196 834 222 864 b.
239 839 262 864 t.
303 833 420 865 Coecus
439 840 541 865 tamen
560 839 666 870 tutor,
690 831 711 863 fi
730 831 852 872 pupillo
873 840 950 870 prae-

81 875 149 907 sens
167 875 222 912 sit,
245 875 355 906 auctor
372 874 439 906 fieri
457 873 562 915 potest
583 874 601 904 l.
626 877 671 905 16.
697 874 741 904 D.
758 873 786 903 b.
804 878 825 903 t.
870 872 949 918 Illud

82 918 121 948 ad
139 915 274 947 formam
299 916 540 956 interponenda:
555 915 750 947 auctoritatis
767 922 947 960 non‘perti-

82 966 156 995 net;
186 964 220 988 ut
243 958 357 988 tutoris
378 957 596 989 auCtoritatem
624 956 770 987 exaudiat
791 963 849 1001 qur·
875 963 947 985 cum

80 996 204 1040 pupillo
225 998 499 1036 contraxit,forte
516 998 680 1037 emptione
693 995 849 1042 autnfimili
871 1005 947 1027 con·

80 1040 181 1072 tractu
199 1039 252 1080 qui
275 1040 369 1070 etiam
390 1039 472 1071 inter
487 1038 630 1070 absentes
648 1036 810 1076 perficitur·
832 1045 889 1077 per
916 1047 947 1068 e·

80 1081 237 1122 pistolam.
261 1079 375 1112 sufficit
390 1080 490 1119 enirn,
514 1087 653 1111 tutorem
672 1079 794 1119 pupillo
811 1077 945 1119 praesen-

81 1131 145 1154 tem
173 1120 283 1160 suiffe,
306 1122 336 1152 ἀ
358 1121 442 1153 hunc
467 1123 581 1153 tutoris
604 1121 791 1152 auctoritate
816 1119 946 1151 consen-

81 1163 146 1196 sisse
161 1163 179 1193 i.
195 1172 224 1199 9·
247 1162 275 1204 §.
292 1163 345 1193 ult.
366 1163 411 1194 D.
426 1163 454 1194 h.
472 1168 494 1194 t.
524 1161 631 1204 Quid,
655 1162 676 1194 fi
695 1161 854 1202 stipulatio
871 1170 945 1192 con-

82 1204 247 1236 trahatur?
277 1205 319 1234 ait
342 1203 452 1236 Paulus
469 1227 479 1243 ,
508 1203 626 1235 etiamsi
649 1213 713 1235 non
736 1204 946 1244 interrogatus

78 1254 167 1278 tutor
182 1246 290 1277 auctor
304 1243 379 1284 fiat,
402 1245 466 1286 ejus
482 1245 702 1277 auctoritatem
726 1244 849 1282 valere3
872 1252 945 1276 cum

78 1288 183 1325 dicit,
207 1285 236 1317 se
259 1286 392 1326 probare
407 1287 439 1318 id
455 1289 542 1326 quod
558 1287 677 1326 agitur:
705 1285 772 1331 hoc
790 1285 875 1331 enim
899 1295 945 1317 es-

78 1328 129 1366 se,
152 1327 312 1359 auCtorem
328 1325 394 1358 fieri
416 1327 435 1358 l.
457 1337 487 1368 3.
510 1328 557 1358 D.
580 1328 609 1357 d.
633 1333 654 1357 t.
697 1326 847 1358 Similiter
863 1334 946 1372 quac-

76 1368 165 1401 ficum
182 1367 263 1406 fuit,
286 1376 324 1398 an
342 1374 544 1405 tutorem,ut
564 1368 707 1400 videatur
724 1367 833 1398 auctor
854 1367 942 1406 fieri,

73 1409 251 1451 adfignare‚
274 1408 339 1440 hoc
357 1408 418 1449 est,
443 1407 654 1449 subscribere,
677 1416 846 1451 oporteat:
869 1417 942 1441 cum

757 1507 1115 1552 Trrutus.

1809 146 1876 181 441

1005 216 1035 247 in
1050 214 1173 257 scriptis
1191 215 1272 249 facta
1289 217 1334 250 est
1358 218 1441 251 inter
1460 220 1598 261 pupillos
1617 228 1757 260 paternae
1781 223 1874 257 here„

1003 257 1110 288 ditatis
1133 257 1268 290 divisio?
1291 269 1328 290 ca
1350 261 1482 299 quaestio
1506 263 1697 303 proponitur
1718 264 1737 296 l.
1755 274 1804 297 20.
1821 267 1870 300 D.

1000 297 1029 329 h.
1047 304 1069 330 t.
1095 298 1124 329 ὅτ
1142 297 1312 339 respondet
1331 300 1495 341 Scaevola,
1517 303 1538 334 si
1554 312 1642 335 tutor
1664 305 1774 337 auctor
1796 305 1873 339 fuis-

1002 338 1066 377 set,
1095 348 1160 370 non
1192 340 1295 371 minus
1320 341 1461 374 standum
1492 344 1551 376 effe
1575 345 1744 385 divisioni,
1782 348 1870 387 quod

1000 386 1065 411 non
1084 380 1283 424 adsignaffet‚
1307 382 1337 413 id
1359 383 1422 421 est,
1447 386 1533 425 quod
1557 395 1621 418 non
1646 386 1867 429 adscripfil'set‚

999 421 1052 451 vel
1074 430 1138 452 non
1164 421 1407 462 lubscripfiffet:
1432 432 1467 455 ut
1491 427 1614 467 optime
1643 429 1695 460 hie
1715 432 1870 472 interpre-

999 468 1082 492 tatur
1097 484 1107 500 ,
1144 463 1173 494 ἃ.
1201 462 1258 495 suis
1288 464 1367 495 locis
1393 466 1508 505 probat
1531 467 1728 503 Theodorus
1751 471 1869 504 Marci-

999 502 1057 534 lius
1073 504 1112 534 ad
1128 502 1218 541 Perfit
1227 504 1286 543 sat.
1312 513 1343 545 5.
1366 507 1442 546 vers.
1469 511 1517 541 81.
1542 509 1676 551 Adfigna
1696 514 1800 544 Marce
1822 520 1868 546 ta·

999 544 1094 575 hellas.
1122 546 1153 575 in
1180 545 1270 577 Notis
1285 554 1319 588 p.
1351 551 1418 586 142.
1463 548 1525 580 Sed
1550 552 1648 582 redeo
1673 555 1711 585 ad
1734 553 1864 595 Gajum.

996 585 1042 624 is,
1066 594 1179 626 praeter
1203 586 1377 627 superiora,
1401 588 1505 621 adhuc
1529 593 1678 632 requirit,
1702 603 1736 626 ut
1760 596 1867 628 aueto-

995 627 1068 657 ritas
1088 627 1309 668 interponatur
1325 629 1427 661 statim
1444 631 1474 662 in
1497 631 1565 671 ipso
1588 635 1730 674 negotio.
1776 630 1878 679 Quid‘

992 675 1098 699 autem
1125 668 1160 699 fit
1182 669 1283 700 statim
1301 694 1310 709 ,
1340 672 1478 703 declarat
1507 672 1657 707 Donatus
1681 678 1718 707 ad
1739 676 1867 710 Teren-

994 710 1090 748 tium,
1114 709 1277 741 Phormion.
1300 711 1356 743 αᾶ.
1374 722 1405 753 5.
1420 713 1466 754 sc.
1485 723 1514 755 3.
1536 725 1567 747 v.
1586 725 1615 756 7.
1638 716 1679 748 fic
1696 719 1778 750 enim
1796 718 1867 751 scri-

994 750 1051 782 bit.
1096 751 1231 789 Statim,
1255 759 1409 792 perpetuo,
1439 755 1586 796 «equaliter
1602 780 1612 797 ,
1644 757 1681 793 ὃ)
1705 759 1786 799 quafi
1807 770 1865 792 uno

986 789 1080 831 statu.
1123 791 1269 824 Nonius:
1298 794 1424 833 Statim,
1457 798 1579 837 inquit,
1606 801 1750 839 produtffla
1770 803 1865 840 prima

983 832 1099 872 syllaba
1112 855 1120 869 ,
1143 842 1161 864 α
1171 831 1278 879 stando
1290 836 1504 875 perseveranter
1528 838 1565 873 ὅ)
1580 841 1727 881 aequaliter
1743 841 1864 883 fignifi-

992 879 1047 904 cat.
1074 873 1151 915 Quo
1169 876 1254 906 leniu
1271 878 1366 908 etiam
1388 878 1525 917 Cicero,
1550 880 1638 914 Orat.
1656 883 1708 914 De
1725 884 1863 925 Aruspic.

991 915 1127 955 responfis
1140 939 1149 953 ‚
1174 916 1269 947 Haud
1280 916 1371 958 potest
1383 922 1569 959 gravioribus
1586 932 1604 953 a
1620 933 1662 954 me
1675 926 1771 956 verbis
1792 926 1862 957 vul-

991 957 1106 987 nerari:
1127 966 1213 997 quam
1235 956 1273 997 eft
1288 957 1393 999 statim
1409 962 1440 991 in
1454 961 1539 1000 fafto
1562 964 1618 1004 ἱρή)
1638 966 1674 996 ab
1697 966 1744 997 illo
1767 967 1863 1007 conse·

991 996 1053 1042 {lus
1069 997 1105 1032 ὅ)
1123 1000 1296 1031 trucidatus.
1340 1000 1403 1032 Sed
1421 1002 1485 1033 hoc
1501 1004 1579 1036 olim
1599 1005 1628 1036 &
1646 1007 1780 1046 pulchre
1803 1009 1863 1041 ob-

990 1038 1124 1070 servavit
1142 1040 1327 1072 Franciscus
1344 1041 1549 1076 Robortellus
1566 1045 1612 1077 lib.
1630 1057 1658 1078 2.
1676 1048 1821 1080 Annotat.
1836 1059 1862 1081 cc.

992 1084 1038 1113 18.
1080 1079 1153 1112 Nec
1169 1081 1289 1113 obstat:
1311 1084 1400 1123 quod
1419 1085 1571 1125 Ulpianus
1596 1088 1615 1119 l.
1635 1097 1684 1126 25.
1703 1089 1732 1130 §.
1756 1101 1786 1129 4.
1812 1091 1861 1124 D.

988 1122 1022 1151 de
1036 1122 1101 1162 adq.
1120 1122 1209 1153 hered.
1236 1124 1279 1154 :tit
1294 1146 1304 1162 ,
1328 1123 1463 1157 Tutoris
1479 1128 1700 1162 auctoritatem
1718 1132 1863 1172 interpo-

989 1163 1020 1193 ni
1034 1162 1157 1203 perfebio
1171 1165 1290 1205 negorio.
1312 1164 1395 1197 Nam
1407 1190 1417 1205 ,
1440 1167 1459 1199 si
1477 1176 1544 1200 rem
1563 1168 1699 1211 spectes,
1723 1181 1788 1204 non
1804 1182 1864 1214 po-

988 1203 1047 1234 test
1063 1214 1078 1234 a
1095 1210 1202 1236 tutore
1218 1207 1387 1246 approbari
1398 1210 1565 1250 negotium
1578 1235 1587 1249 ,
1598 1211 1651 1243 nili
1669 1212 1862 1252 perfectum.

987 1245 1031 1276 ita
1049 1244 1179 1284 sufficit,
1205 1248 1333 1286 probari
1350 1248 1450 1280 statim
1478 1251 1509 1282 in
1532 1252 1598 1291 ipso
1622 1255 1774 1294 negotio,
1806 1256 1861 1288 vel

989 1287 1019 1317 in
1036 1285 1123 1318 facto
1141 1287 1208 1327 ipso
1224 1310 1233 1325 ‚
1257 1289 1437 1329 aequaliter,
1462 1291 1491 1322 δι
1512 1293 1761 1332 perseveranter.
1803 1295 1860 1328 Ul-

987 1328 1099 1367 pianus
1120 1330 1150 1364 in
1167 1328 1230 1361 fine
1252 1330 1272 1360 l.
1296 1338 1320 1361 1.
1346 1331 1394 1362 D.
1419 1333 1453 1363 de
1469 1333 1663 1372 solutionibus
1685 1335 1726 1367 fic
1751 1338 1858 1377 expri-

988 1369 1063 1408 mit,
1087 1370 1125 1402 In
1147 1380 1177 1403 re
1190 1371 1325 1414 prasenti
1331 1394 1342 1412 ,
1365 1372 1416 1405 hoc
1430 1371 1488 1414 est,
1505 1372 1613 1415 statim
1626 1383 1712 1419 atque
1723 1379 1858 1419 solutum

985 1408 1034 1451 el}-

1165 1509 1234 1553 IX,

322 1601 456 1651 Quando
471 1612 510 1637 ex
521 1599 612 1647 fabio
627 1602 735 1637 tutoris
751 1602 802 1637 vel
815 1607 964 1641 curatoris
980 1606 1110 1642 minores
1126 1617 1218 1653 agere
1236 1607 1290 1643 vel
1302 1609 1459 1645 conveniri
1467 1607 1592 1658 pqffim.

71 1695 195 1772 Hic
211 1695 339 1728 Titulus
357 1696 402 1728 est
422 1697 661 1738 quodammodo
677 1696 802 1738 sequela
818 1697 940 1739 Tituli,

187 1737 238 1770 De
255 1738 524 1770 administratione
540 1745 682 1770 tutorum
699 1739 729 1771 ἀ
747 1748 939 1773 curatorum.

71 1780 171 1810 docet
193 1779 298 1817 enim,
323 1780 450 1819 quando
473 1780 613 1811 minores
636 1780 721 1821 (quo
739 1781 868 1813 nomine
884 1791 940 1822 pu·

71 1820 183 1860 pillum
200 1820 293 1851 etiarn
312 1820 487 1858 contineri,
511 1821 630 1854 indicat
648 1829 788 1853 tutorum
805 1819 835 1854 &
852 1828 938 1854 cura·

73 1869 178 1892 torum
197 1861 398 1901 conjunctio:
423 1869 457 1892 ut
474 1862 538 1892 inl.
566 1872 593 1903 3.
613 1862 648 1896 ὅ)
665 1862 682 1893 l.
702 1872 732 1902 4.
749 1863 819 1894 Cb.
834 1864 877 1904 t.)
898 1873 939 1895 ex

71 1901 176 1940 facto,
206 1902 235 1933 id
260 1902 323 1938 est,
347 1912 387 1933 ex
411 1902 697 1942 administratione,
721 1911 863 1936 tutorum
888 1906 938 1937 vel

72 1951 252 1974 curatorum
264 1966 274 1980 ‚
296 1941 383 1974 finita
400 1943 498 1975 tutela
515 1944 566 1975 vel
583 1953 778 1985 cura‚agere
795 1946 844 1976 vel
862 1954 939 1978 con-

70 1985 170 2015 veniri
188 1984 314 2024 possint.
356 1983 404 2015 Ita
421 1993 484 2016 non
512 1988 640 2025 quaerit,
671 1986 939 2025 quemadmodum

70 2025 175 2057 minor
193 2035 233 2056 ex
249 2026 415 2057 contractu
431 2034 528 2065 quem
553 2025 617 2066 ipse
642 2027 810 2058 celebrarit
831 2027 938 2059 auito-

70 2067 162 2098 ritate
193 2074 246 2097 aut
270 2065 423 2098 consensu
448 2066 563 2098 tutoris
588 2068 805 2107 curatorisve,
845 2078 938 2109 agere

72 2107 123 2138 vel
133 2108 302 2138 conveniri
315 2107 408 2148 poffit
417 2107 505 2139 finita
515 2108 613 2140 tutela
631 2109 680 2140 vel
691 2118 772 2140 cura.
784 2119 853 2141 nam
864 2119 937 2142 cum

72 2148 138 2188 ipse
161 2147 224 2179 hoc
241 2150 340 2180 modo
358 2149 508 2180 creditori
524 2148 560 2180 fit
576 2149 733 2190 obligatus
746 2151 814 2190 jure
831 2151 936 2191 civili,

72 2190 102 2221 &
130 2190 201 2220 vice
224 2189 311 2220 versa
337 2190 517 2221 debitorem
539 2189 593 2221 fibi
613 2191 787 2231 obligatum
812 2199 938 2223 teneat:

70 2239 136 2262 non
154 2230 199 2262 est
216 2230 365 2268 dubium,
387 2231 461 2271 quin
477 2230 542 2270 ipse
558 2231 651 2271 possit
676 2232 793 2264 direfta
816 2232 939 2265 actione

70 2281 164 2312 agere
181 2272 210 2303 &
225 2272 402 2303 conveniri.
445 2270 506 2303 Sed
523 2272 586 2303 alio
603 2273 671 2303 exie
689 2272 831 2304 Titulus.
854 2283 937 2314 quae-

71 2316 112 2344 rit
128 2316 267 2353 quippe;
290 2322 327 2344 an
346 2312 482 2353 pupillus
500 2315 646 2345 minorve
662 2312 750 2345 finita
769 2314 867 2346 tutela
883 2322 937 2346 aut

68 2363 142 2385 cura
163 2363 255 2394 agere
270 2362 323 2385 aut
338 2354 502 2385 conveniri
520 2354 612 2393 possit
630 2363 669 2386 ex
686 2355 772 2386 fatto
781 2356 937 2396 gestoque

69 2403 87 2425 a
108 2402 215 2426 tutore
231 2403 285 2426 nut
300 2403 448 2427 curatore
462 2394 540 2436 ipso.
564 2395 700 2433 Movet,
724 2398 810 2437 quod
825 2406 842 2428 a
857 2396 936 2428 Pau-

69 2434 104 2465 lo
122 2436 269 2467 traditum
287 2436 304 2467 l.
324 2445 370 2468 11.
390 2437 436 2477 D.
455 2438 488 2467 de
503 2437 585 2478 oblig.
604 2436 640 2473 ἐξ
655 2436 710 2468 att.
725 2446 936 2478 quaecumque

72 2477 223 2515 gerimus,
247 2486 320 2509 cum
336 2486 378 2509 ex
394 2477 502 2509 nostro
517 2477 683 2509 contractu
700 2479 855 2519 originem
878 2488 938 2510 tra-

72 2516 171 2554 hunt,
193 2518 245 2548 nili
265 2527 305 2549 ex
321 2518 426 2550 nostra
442 2518 573 2559 persona
590 2519 796 2560 obligationis
813 2521 937 2553 initium

67 2555 215 2594 sumunt,
230 2559 350 2591 inanem
369 2560 473 2592 astum
491 2559 630 2592 nostrum
649 2561 795 2600 efficereg
813 2561 843 2593 ἀ
861 2562 936 2594 ideo

67 2606 174 2638 neque
191 2597 345 2638 stipulari,
366 2610 471 2640 neque
488 2610 611 2639 emere,
637 2603 795 2640 vendere,
811 2610 937 2635 contra-

67 2638 162 2676 here,
186 2646 221 2670 ut
236 2638 315 2671 alter
331 2640 383 2672 suo
401 2643 531 2674 nomine
548 2650 638 2683 agat,
663 2650 721 2674 nos
739 2642 836 2684 posse.
861 2643 936 2676 Por-

66 2689 103 2712 ro
120 2678 275 2720 Ulpianus
292 2680 310 2711 l.
332 2689 375 2713 11.
392 2682 420 2723 §.
436 2687 465 2715 6.
486 2685 533 2714 D.
555 2685 587 2714 de
598 2684 681 2725 pign.
699 2683 755 2715 αὲἶ.
782 2694 837 2724 per
857 2685 935 2717 libe-

67 2729 151 2759 ram,
180 2721 282 2760 inquit
301 2743 310 2759 ‚
339 2723 504 2761 personam
528 2725 671 2764 pignoris
702 2726 932 2766 obligationem

66 2762 162 2794 nobis
178 2771 241 2793 non
260 2761 380 2801 semper
397 2764 529 2803 adquiri.
553 2766 582 2796 &
599 2765 663 2797 hoc
678 2766 759 2797 adeo
778 2769 932 2806 procede-

65 2810 119 2841 τες
142 2810 176 2834 ut
195 2812 234 2834 ne
251 2811 307 2843 per
324 2811 462 2836 tutorem
480 2806 606 2845 quidem
623 2814 676 2838 aut
692 2814 932 2847 procuratorem

64 2844 255 2884 plerumque
271 2844 475 2884 adquiratur:
500 2847 529 2877 &
553 2848 627 2879 ideo
651 2849 715 2888 ipse
738 2848 864 2879 actione
887 2852 932 2890 pi-

60 2885 228 2927 gneratitia
244 2888 461 2917 conveniatur.
503 2886 575 2919 Una
590 2889 740 2929 exceptio
758 2890 787 2920 in
807 2898 931 2921 mutuo.

61 2935 133 2958 nam
148 2927 291 2966 quamvis
310 2935 366 2967 per
385 2928 507 2968 regulas
527 2929 602 2968 juris
620 2939 684 2960 non
702 2930 788 2962 recte
804 2937 930 2962 contra-

60 2967 173 2999 hamus
196 2967 305 3006 alteri,
339 2976 444 3000 tamen
470 2972 603 3009 pecunia
625 2978 738 3002 mutuo
760 2974 831 3002 data
854 2972 931 3003 alte·

58 3010 122 3041 rius
138 3009 268 3039 nomine
286 3009 335 3040 vel
354 3008 455 3040 nostra
472 3011 522 3042 vel
539 3012 624 3052 ejus,
643 3012 671 3042 ei
691 3013 928 3045 condictionem

58 3050 251 3090 adquirimus
266 3049 284 3080 I.
300 3059 329 3085 9·
353 3049 380 3091 §.
403 3055 430 3084 8.
454 3051 500 3082 D.
518 3053 550 3082 de
565 3055 620 3084 reb.
639 3053 712 3083 cred.
730 3053 748 3083 l.
769 3057 834 3084 126.
850 3053 868 3095 §
898 3064 926 3086 2.

56 3089 99 3122 D.
114 3092 146 3121 de
160 3092 238 3122 verb.
256 3091 341 3132 ohlig.
352 3092 446 3123 etiam
464 3091 620 3125 affionem
641 3094 902 3135 hypothecariam
916 3118 925 3134 ,

56 3130 139 3172 quafi
154 3141 271 3172 genere
290 3132 429 3171 quodam
454 3134 635 3165 acceffionis
660 3143 700 3165 ex
726 3144 811 3166 nova
832 3136 923 3174 Justi-

54 3173 138 3204 niani
163 3172 401 3204 Constitutione
425 3174 456 3205 in
479 3175 499 3205 l.
526 3185 554 3206 2.
580 3175 613 3207 C.
645 3175 703 3206 Per
723 3185 795 3217 quas
811 3178 921 3217 person.

55 3214 327 3288 Apfaretijgitur,
348 3215 472 3257 pupillo
488 3223 542 3249 aut
566 3217 683 3250 minori
699 3225 756 3257 per
779 3225 920 3255 tutorem

122 3263 175 3286 om.
234 3278 243 3289 .

983 1702 1221 1744 curatoremve.
1240 1702 1413 1738 secundum
1441 1707 1517 1747 juris
1548 1708 1688 1750 regulam
1719 1717 1785 1743 non
1803 1711 1857 1745 ad·

983 1743 1064 1782 quiri
1096 1743 1269 1790 actionem.
1318 1744 1537 1780 Nihilominus
1562 1751 1658 1782 certis
1687 1760 1728 1783 ex
1759 1753 1857 1786 causis

982 1783 1140 1816 astionem
1166 1785 1226 1818 illis
1258 1787 1353 1827 quaeri
1370 1811 1380 1827 ,
1414 1788 1572 1822 Onelimae
1596 1792 1722 1824 cuidam
1745 1793 1855 1826 rescri-

982 1824 1301 1871 bunt-Diocletianus
1325 1828 1355 1859 &
1376 1829 1592 1872 Maximianus
1614 1831 1633 1863 l.
1657 1833 1710 1864 ult.
1734 1834 1766 1865 C.
1787 1835 1854 1867 lm„

981 1864 1107 1905 Certis,
1131 1867 1278 1908 inquam,
1303 1879 1343 1900 ex
1363 1870 1476 1903 caufisi
1498 1872 1530 1904 id
1548 1872 1607 1910 est,
1635 1875 1670 1905 ut
1686 1874 1854 1909 Accurfius

980 1908 1130 1953 exponit,
1142 1917 1214 1940 cum
1231 1911 1262 1940 in
1281 1919 1346 1942 rem
1364 1913 1474 1953 pupilli
1491 1913 1652 1945 contrahit
1669 1922 1775 1955 tutor,
1787 1926 1855 1950 non

981 1956 1011 1978 in
1030 1948 1123 1993 suam.
1167 1951 1210 1982 At
1234 1956 1273 1982 ne
1297 1951 1339 1982 fic
1360 1954 1489 1993 quidem
1511 1955 1539 1986 ei
1563 1955 1681 1987 directa
1703 1959 1855 1997 quaeritur

980 1988 1079 2020 afi'tio:
1109 1999 1148 2021 ne
1172 1990 1228 2022 fiat
1258 2000 1371 2024 contra
1394 1995 1516 2036 regulas
1541 1996 1634 2036 juris:
1673 1996 1724 2029 sed
1755 1999 1855 2036 utilis.

981 2029 1054 2075 Sic:
1075 2030 1095 2062 fi
1118 2039 1206 2063 tutor
1222 2033 1274 2065 vel
1292 2039 1419 2066 curator
1435 2043 1543 2068 mutua
1567 2038 1640 2068 data
1665 2039 1731 2078 ejus
1757 2049 1856 2080 pecu-

980 2079 1031 2117 nia
1047 2072 1279 2119 cujus-negotia
1294 2075 1506 2117 administrat,
1524 2078 1589 2118 ipse
1606 2078 1768 2119 stipulatus
1782 2080 1855 2114 fue-

980 2113 1114 2158 rit,·vel
1138 2122 1168 2145 tn
1193 2124 1310 2146 nomen
1338 2116 1423 2149 suum
1448 2121 1561 2151 emerit
1584 2120 1721 2159 praedia3
1743 2122 1852 2162 placet

985 2152 1122 2193 Ulpiano
1137 2155 1155 2185 l.
1179 2165 1205 2186 2.
1223 2155 1264 2187 D.
1283 2157 1312 2188 b.
1329 2163 1349 2188 t.
1372 2159 1400 2190 el
1424 2160 1511 2199 quus
1530 2161 1665 2200 pecunia
1688 2161 1767 2202 fuit,
1792 2166 1853 2196 uti-

983 2194 1043 2226 lem
1061 2195 1126 2226 dari
1142 2196 1302 2228 actionem
1318 2199 1357 2230 ad
1375 2208 1440 2231 rem
1461 2201 1681 2234 vindicandam
1707 2205 1758 2236 vel
1781 2214 1852 2237 mu-

980 2243 1065 2267 tuam
1088 2239 1256 2275 pecuniam
1281 2240 1481 2281 exigendam.
1505 2243 1656 2283 idemque
1681 2244 1852 2279 confirmae

979 2276 1159 2310 Alexander
1179 2279 1198 2309 l.
1218 2281 1246 2311 2.
1269 2280 1301 2311 C.
1324 2283 1350 2312 d.
1373 2288 1395 2313 t.
1436 2282 1586 2315 Similiter
1613 2283 1719 2316 scribit
1742 2285 1852 2328 Ulpia-

979 2327 1036 2348 nus
1061 2317 1081 2364 1.
1097 2329 1128 2359 5.
1152 2319 1179 2361 §.
1196 2329 1225 2356 9.
1245 2320 1285 2352 D.
1303 2322 1337 2352 de
1354 2329 1459 2362 pecun.
1478 2323 1590 2364 eonstit.
1613 2325 1643 2356 se
1658 2332 1768 2366 putare
1782 2351 1793 2368 ,
1815 2330 1851 2362 Si

980 2365 1078 2404 tutori
1095 2361 1204 2400 pupilli
1226 2362 1275 2392 vel
1293 2365 1430 2402 curatori
1457 2363 1565 2397 furiosi
1590 2367 1640 2398 vel
1663 2368 1851 2403 adolescen-

979 2407 1018 2430 tis
1035 2401 1076 2431 ita
1093 2401 1320 2441 constituatur,
1344 2403 1422 2435 solvi
1441 2406 1565 2446 pupillo
1587 2408 1638 2439 vel
1661 2406 1781 2443 furioso
1796 2412 1850 2445 vel

978 2440 1186 2486 adolescenti:
1211 2443 1357 2475 utilitatis
1373 2448 1471 2486 gratia
1489 2448 1622 2480 dandam
1639 2450 1782 2491 pupillo,
1794 2455 1847 2485 vel

979 2481 1102 2513 furioso
1118 2483 1168 2514 vel
1184 2484 1378 2517 adolescenti
1402 2488 1511 2520 utilem
1530 2489 1699 2523 actionem.
1719 2491 1845 2526 Eodem

980 2524 1079 2568 modo
1097 2522 1281 2564 rescriptum
1307 2526 1325 2557 1.
1342 2536 1373 2566 4.
1391 2527 1424 2558 C.
1440 2530 1468 2559 b'.
1485 2531 1504 2561 t.
1523 2530 1678 2572 minorem
1696 2541 1737 2565 ex
1759 2535 1845 2566 locas

980 2571 1069 2595 tione
1094 2566 1285 2610 praediorum
1308 2566 1454 2607 suorum,
1489 2578 1583 2610 quarn
1608 2579 1696 2605 tutor
1718 2580 1772 2606 aut
1794 2584 1847 2606 cu·

979 2613 1064 2651 rator
1081 2605 1179 2644 fecit,
1198 2607 1285 2646 poss'e
1301 2617 1413 2649 agere,
1438 2610 1555 2651 sed,ut
1574 2612 1793 2654 dixi,attione
1811 2625 1845 2646 u·

980 2646 1024 2677 tili
1042 2655 1082 2677 ex
1099 2656 1210 2679 eorum
1227 2650 1404 2681 contractu.

1017 2686 1044 2718 E
1068 2687 1192 2720 diverso
1219 2689 1451 2724 transferuntur
1480 2702 1611 2735 quoque
1635 2696 1665 2726 in
1689 2696 1841 2735 pupillum

976 2726 1064 2759 finita
1089 2730 1189 2761 tutela
1206 2730 1366 2764 actiones:
1390 2732 1410 2764 si
1436 2741 1523 2766 tutor
1541 2736 1624 2767 bona
1639 2736 1701 2766 fide
1716 2745 1843 2769 contra-

977 2769 1071 2800 xerit.
1095 2771 1233 2811 exempli
1253 2773 1401 2812 gratia‚fi
1419 2776 1450 2806 in
1467 2782 1532 2807 rem
1550 2777 1678 2807 minoris
1696 2777 1841 2816 profecta

976 2808 1012 2840 fit
1030 2812 1184 2850 pecunia,
1208 2812 1275 2853 ejus
1291 2815 1421 2847 nomine
1438 2818 1535 2848 tutori
1552 2817 1600 2847 vel
1616 2818 1754 2848 curatori
1777 2828 1842 2850 mu-

977 2857 1030 2881 tua
1048 2851 1136 2890 data;
1159 2854 1202 2883 ait
1223 2854 1421 2895 Alexander,
1444 2859 1558 2889 merito
1580 2856 1714 2888 dandam
1731 2859 1762 2889 in
1787 2861 1845 2891 mii

975 2900 1086 2924 norem
1104 2893 1166 2925 effe
1183 2894 1380 2934 personalem
1399 2898 1555 2929 astionem
1571 2896 1590 2926 l.
1611 2905 1639 2936 3.
1659 2897 1691 2927 C.
1706 2898 1734 2928 b.
1752 2905 1772 2929 t.
1795 2900 1843 2932 Si-

975 2932 1091 2964 militer
1107 2934 1213 2966 scribit
1229 2935 1381 2977 Ulpianus
1399 2939 1417 2969 l.
1436 2949 1464 2975 4·
1479 2937 1508 2977 §.
1527 2945 1550 2966 ι.
1570 2935 1608 2966 D.
1632 2937 1665 2967 de
1682 2939 1766 2970 ε-υἰὲἳ.
1808 2941 1840 2974 Si

973 2973 1145 3014 impuberis
1166 2978 1296 3010 nomine
1321 2987 1409 3010 tutor
1432 2977 1635 3015 vendiderit,
1675 2980 1838 3014 evittione

971 3013 1095 3055 secuta,
1119 3016 1309 3058 Papinianus
1326 3020 1379 3051 lib.
1396 3028 1424 3058 3.
1448 3017 1680 3057 Responsorum
1702 3021 1761 3061 ait,
1786 3024 1839 3055 da-

970 3056 995 3087 ri
1026 3056 1057 3088 in
1082 3067 1154 3090 eum
1180 3060 1267 3099 cuius
1293 3060 1389 3090 tutela
1410 3057 1495 3098 gesta
1519 3057 1573 3096 fit,
1609 3060 1718 3092 utilem
1744 3064 1842 3096 actio-²

969 3105 1052 3129 nem.
1077 3099 1106 3130 ὄι
1123 3100 1248 3140 adjicit,
1273 3101 1302 3130 in
1329 3101 1359 3129 id
1382 3100 1528 3136 demum,
1552 3101 1638 3138 quod
1663 3104 1840 3137 rationibus

966 3138 1032 3176 ejus
1051 3142 1287 3181 acceptolatum
1311 3139 1364 3169 est.
1405 3138 1467 3170 Sed
1496 3149 1532 3170 ea
1554 3141 1707 3184 sententia
1731 3144 1840 3186 Ulpia-

965 3188 1008 3209 no
1039 3180 1202 3221 displicet:
1240 3178 1449 3217 existimanti,
1480 3189 1575 3221 magis
1603 3186 1702 3215 teneri
1728 3187 1757 3217 in
1791 3196 1839 3218 [οε

963 3228 1047 3262 tum,
1082 3222 1102 3255 li
1128 3230 1220 3255 tutor
1242 3220 1397 3293 {giffrido
1422 3229 1489 3255 non
1505 3221 1558 3255 fit:
1581 3222 1641 3256 hac
1663 3226 1767 3259 addita
1790 3237 1836 3258 ra-

1778 3276 1836 3300 tro-
