2052 3487
1757 134 1828 167 2⁹2,

268 275 921 367 GERARDI
1027 273 1595 355 NooDT.

548 420 842 490 Jurisconsulti
880 424 929 475 &
966 424 1307 486 Antecefforis‚

48 556 899 675 DIOCLE

53 836 903 950 MAXIM

960 557 1825 666 TIANUS

955 732 1828 941 ΤΙΑΝΠΞ,

856 1018 1016 1052 SIVE

378 1128 456 1178 De
502 1124 827 1175 Transafflone
876 1125 925 1175 &
972 1124 1183 1174 Paffione
1232 1126 1488 1175 Criminum

466 1255 754 1297 LIBER
812 1253 1421 1296 SINGULARIS.

775 1426 1026 1465 CAPUT
1087 1427 1114 1464 1.

58 1534 305 1572 Transactionem
329 1533 409 1568 inter
434 1528 639 1577 accifiztorem
665 1528 706 1571 &⁹
732 1542 815 1566 reum
832 1529 964 1577 fabiam
990 1530 1024 1566 de
1050 1530 1216 1565 omittenda
1235 1531 1442 1577 fiujuscunque
1466 1533 1629 1578 criminis,
1652 1533 1723 1580 five
1749 1533 1834 1582 capi·

126 1584 220 1626 talis,
240 1580 310 1624 sive
333 1581 484 1623 alterius,
519 1579 708 1626 accusatione
729 1607 740 1623 ‚
774 1581 894 1626 legibus
919 1580 1150 1615 Pandeeiarum
1177 1576 1219 1618 {5⁹
1243 1579 1357 1614 Codicis
1380 1593 1471 1627 neque
1495 1583 1620 1626 valere,
1645 1594 1739 1630 neque
1759 1590 1834 1630 pro-

125 1633 204 1669 bari.
231 1632 301 1677 quin
325 1631 453 1666 crimine
472 1628 612 1676 censeri:
647 1636 822 1675 tantumque
844 1641 895 1664 reo
913 1655 924 1673 ,
950 1626 984 1674 fi
1009 1629 1041 1663 in
1053 1626 1213 1676 sanguine
1233 1627 1314 1675 fiat,
1340 1630 1405 1676 ejus
1433 1632 1556 1666 veniam
1584 1631 1665 1668 dari.

51 1743 347 1786 gli-{ffi'gstgssl‘ssigna
361 1752 410 1775 res
429 1742 474 1775 est
491 1742 759 1776 animadversione
776 1744 921 1776 omnium

292 1956 367 1986 nus3
391 1955 462 1980 cum
486 1950 516 1979 in
541 1950 559 1980 ί.
581 1954 627 1984 18.
651 1949 683 1980 C.
708 1949 740 1979 de
754 1948 924 1980 transafflo-

55 1989 140 2020 nibus
161 1987 289 2021 Valenti
309 1991 338 2020 in
356 1990 424 2020 haec
441 1989 615 2021 rescribunt
634 1989 740 2021 verba.

92 2030 187 2070 Impp.
213 2029 409 2062 Diocletianus
432 2031 469 2065 &²
490 2030 697 2063 Maximianus
715 2031 786 2063 AA.
804 2030 840 2066 ὅ)
864 2030 923 2063 CC.

169 2069 298 2102 Valenti.

96 2110 265 2152 Transigere
280 2112 326 2142 vel
339 2112 447 2152 pacisci
462 2113 495 2143 cle
512 2114 630 2144 crimine
650 2114 785 2153 capitali,
809 2119 923 2153 excepto

94 2153 261 2191 adulterio,
287 2155 462 2194 prohibitum
491 2164 548 2185 non
576 2152 639 2194 eft.-
671 2155 704 2186 in
732 2155 797 2186 aliis
826 2162 924 2186 autem

89 2194 212 2236 publicis
235 2195 402 2226 criminibus
420 2217 429 2233 ,
458 2205 532 2236 quae
547 2196 705 2237 sanguinis
723 2203 839 2237 poenam
865 2206 923 2227 non

96 2237 250 2276 ingerunt,
275 2235 431 2278 transigere
445 2246 502 2268 non
522 2237 603 2275 licet,
625 2238 700 2269 ciera
712 2236 786 2278 falfi
809 2237 924 2278 accusa-

99 2277 213 2308 tionem.
238 2277 269 2307 S.
288 2287 316 2317 3.
340 2278 448 2309 calend.
473 2278 611 2319 Septemb.
635 2278 708 2310 AA.
732 2278 804 2320 Coff.

59 2315 139 2350 Non
160 2317 205 2349 est
227 2318 312 2349 enim
332 2342 340 2357 ‚
371 2319 505 2359 opinor,
530 2320 696 2360 quisquam
719 2320 817 2352 hodie
834 2319 926 2360 Juris-

57 2357 240 2396 consultus,
262 2361 433 2398 maximus,
457 2361 624 2399 minimus3
648 2361 743 2401 quin,
765 2360 786 2393 fi
807 2362 928 2393 incidat

56 2399 89 2431 in
116 2399 180 2431 hoc
208 2398 405 2432 Diocletiani
429 2401 459 2433 &
486 2401 672 2434 Maximiani
704 2403 833 2443 Caput,
871 2401 926 2434 fibi

59 2441 194 2480 aliisque
218 2441 420 2482 persuadeat,
444 2442 509 2474 dari
534 2445 696 2476 communi
723 2444 927 2476 humanitatis

59 2480 185 2514 affectui
203 2506 213 2522 ,
244 2484 282 2515 acl
307 2483 349 2514 sui
381 2483 657 2516 conservationem
687 2487 816 2527 egregie
839 2486 927 2517 incli-

59 2524 171 2562 nanti,
194 2533 236 2555 ne
261 2525 469 2564 prohibeatur
494 2524 559 2556 fieri
579 2527 748 2558 transafitio
775 2528 859 2558 inter
879 2536 927 2558 ac-

61 2564 236 2596 cusatorem
261 2566 290 2597 &
316 2575 404 2597 reum
424 2568 464 2597 de
482 2567 615 2599 admistis
632 2576 704 2599 ante
723 2569 927 2606 criminibus,

62 2612 127 2636 non
149 2607 276 2645 quidem
300 2608 465 2646 omnibus,
491 2608 542 2639 sed
560 2609 672 2641 mortis
695 2610 844 2641 naturalis
860 2618 928 2650 poe-

65 2651 136 2676 nam
158 2647 395 2687 ingerentibus:
419 2649 469 2688 &‚
493 2649 515 2680 fi
531 2649 604 2688 fiat,
631 2657 665 2681 ut
688 2651 770 2682 inter
797 2660 852 2683 eos
875 2651 928 2692 qui

66 2684 242 2730 transegere
257 2711 266 2727 ‚
289 2689 505 2730 (quamquam
528 2690 620 2722 fuere
637 2700 767 2733 quoque
791 2693 845 2732 qui
863 2692 930 2723 lon-

66 2733 134 2770 gius
171 2730 253 2766 porri
279 2739 368 2762 erent
401 2731 669 2773 miserationem)
708 2734 835 2774 optimo
863 2734 931 2773 jure

65 2767 215 2812 servetur.
290 2780 397 2803 antum
419 2773 610 2814 ambigitur,
643 2782 747 2806 utrum
774 2784 810 2806 ea
834 2782 932 2805 trans-

65 2807 149 2854 actio
167 2809 337 2854 accusatori
361 2813 460 2853 (nam
486 2816 526 2845 de
542 2824 599 2846 reo
618 2825 791 2856 numquam
810 2816 932 2846 dubita-

66 2849 162 2894 tum)
185 2857 278 2881 etiam
296 2860 368 2883 ante
385 2855 522 2887 delatum
539 2857 582 2886 rei
607 2866 725 2889 nomen
750 2857 933 2896 factamque

66 2898 98 2921 1n
114 2898 233 2921 crimen
249 2889 506 2933 subscriptionem
522 2905 705 2938 competat3
726 2907 765 2930 an
782 2899 932 2936 demum,

63 2929 231 2972 postquam
256 2941 423 2973 utrumque
439 2935 557 2968 fastum
581 2938 635 2969 est.

104 2971 167 3003 Sed
191 2982 253 3014 ego
278 2972 507 3015 Imperatorum
524 3000 534 3015 ‚
563 2977 760 3012 Diocletiani
781 2980 810 3011 ἃ
830 2978 933 3010 Maxi-

65 3013 161 3047 miani
182 3037 191 3052 ,
221 3015 318 3046 verba
335 3039 345 3055 ,
378 3016 408 3047 ὅ(
433 3025 502 3057 quae
525 3027 678 3058 praeterea
703 3030 762 3062 pro
791 3020 821 3051 se
851 3021 933 3059 quis-

65 3063 128 3094 que
156 3056 293 3096 attulit,
325 3058 461 3091 multum
491 3065 678 3103 attenteque
711 3061 934 3095 consideravi:

99 3246 175 3281 Tom.
198 3247 226 3281 Ι.

53 1769 93 1827 ρξ’
232 1785 270 1824 >23
293 1784 409 1823 quibus
428 1785 472 1815 est
488 1784 623 1816 studium
637 1809 647 1824 ‚
670 1785 921 1825 Jurisprudentia

54 1828 96 1870 333
135 1817 184 1865 D
230 1825 270 1867 gg(-
293 1825 387 1864 paulo
420 1824 553 1857 castiore
586 1827 624 1857 ad
658 1826 776 1866 ingenii
812 1826 920 1857 lumen

54 1872 95 1911 23<
231 1870 269 1908 χε
290 1866 468 1905 procedere
485 1889 494 1902 ,
525 1866 599 1907 quid
625 1866 681 1898 fibi
700 1867 799 1898 velint
817 1866 921 1907 Impe-

53 1909 271 1953 233323325223
293 1914 414 1938 ratores
427 1930 437 1945 ‚
467 1906 689 1940 Diocletianus
707 1908 735 1938 &
756 1907 925 1940 Maximia-

963 1750 1071 1782 neque
1093 1748 1198 1774 tamen
1221 1743 1313 1782 potui
1343 1752 1492 1785 umquam
1514 1754 1532 1776 a
1559 1751 1633 1777 meo
1657 1741 1754 1786 genio
1776 1742 1835 1778 im«

964 1792 1108 1824 petram,
1132 1785 1177 1814 uti
1194 1784 1425 1825 existimarem,
1450 1787 1713 1825 transactionem,
1738 1795 1837 1825 quan-

963 1825 1148 1864 documque
1177 1823 1259 1855 inter
1290 1825 1508 1859 accusatorem
1539 1828 1569 1859 ἀ
1603 1836 1691 1860 reum
1720 1826 1837 1859 factam

967 1866 1008 1897 de
1034 1864 1213 1896 omittenda
1243 1867 1275 1896 in
1306 1865 1395 1898 causa
1427 1866 1582 1909 sanguinis
1613 1868 1837 1908 accusatione,

968 1905 1063 1938 Civili
1086 1905 1161 1945 Jure
1178 1905 1308 1939 valere:
1340 1908 1406 1940 imo
1429 1908 1553 1951 semper
1575 1910 1721 1949 credidi,
1745 1916 1836 1949 eam,

966 1949 1109 1988 quamvis
1131 1947 1268 1979 maxime
1292 1949 1333 1980 de
1350 1950 1478 1991 capitali
1497 1951 1649 1989 crimine,
1673 1959 1770 1992 atque
1785 1960 1838 1983 an·

965 1995 1017 2027 te,
1040 1989 1090 2019 vel
1114 1987 1203 2028 post,
1226 1989 1365 2022 delatum
1392 1992 1436 2023 rei
1459 2001 1600 2033 nomen,
1632 1992 1838 2033 secutamque

966 2030 997 2060 in
1030 2030 1150 2061 crimen
1182 2029 1472 2072 subscriptionem,
1503 2034 1739 2073 intervenerit,
1770 2043 1838 2066 non

966 2071 1063 2112 magis
1094 2071 1339 2104 transactionem
1365 2073 1474 2106 baberi
1491 2098 1501 2113 ‚
1531 2084 1625 2114 quam
1650 2075 1672 2107 fi
1697 2074 1779 2107 fasta
1802 2075 1840 2107 fit

966 2113 1007 2144 de
1036 2112 1168 2144 crimine
1201 2122 1266 2144 non
1297 2116 1449 2154 capitali:
1487 2116 1675 2157 postremo,
1715 2124 1839 2149 tanturn

966 2152 1088 2192 abesse,
1114 2161 1147 2184 ut
1163 2163 1312 2195 umquam
1339 2156 1460 2197 legibus
1480 2158 1644 2189 censeatur
1669 2158 1840 2189 transactio

967 2195 1007 2226 de
1030 2195 1257 2236 qualicumque
1285 2195 1470 2238 interposita
1495 2199 1644 2237 crimine3
1668 2206 1703 2231 ut
1726 2200 1744 2231 e
1761 2208 1840 2231 con-

969 2237 1064 2267 trario
1088 2236 1135 2267 his
1158 2246 1222 2268 non
1240 2239 1340 2269 modo
1363 2248 1536 2280 numquam
1559 2240 1756 2280 approbari,
1787 2240 1840 2282 seq

968 2287 1074 2317 neque
1100 2286 1237 2318 peccato
1265 2288 1397 2318 vacare,
1422 2281 1642 2323 intelligatur;
1670 2291 1707 2313 ac
1731 2281 1840 2314 saltem

969 2319 1152 2359 Principum
1185 2319 1381 2353 humanitate
1411 2321 1613 2363 affequatur,
1645 2330 1705 2362 ut,
1744 2322 1765 2354 fi
1798 2332 1840 2354 eo

969 2360 1135 2402 contingat
1158 2361 1189 2392 in
1217 2362 1351 2394 crimine
1373 2364 1461 2402 quod
1485 2365 1617 2395 naturali
1641 2371 1747 2396 morte
1771 2365 1842 2396 vin-

970 2402 1097 2434 dicetur
1111 2424 1122 2441 ,
1146 2411 1212 2434 non
1235 2404 1368 2443 perinde
1386 2406 1415 2435 in
1436 2413 1492 2436 reo
1509 2427 1519 2443 ,
1550 2413 1647 2445 atque
1664 2406 1693 2437 in
1717 2405 1842 2437 accusa-

970 2450 1069 2481 tore,
1103 2444 1263 2482 puniatur.
1314 2443 1392 2476 Hoc
1426 2445 1598 2478 Veteribus
1630 2446 1739 2478 sedisse
1767 2447 1843 2487 Jure

970 2483 1201 2517 Pandectarum
1220 2486 1249 2517 &
1271 2485 1421 2524 Codicis,
1444 2488 1552 2518 multis
1570 2487 1664 2520 rebus
1680 2490 1841 2528 cognovi:

970 2534 1077 2566 neque
1101 2525 1177 2557 mihi
1196 2528 1360 2565 occurrit,
1384 2537 1441 2559 cur
1457 2528 1496 2559 ab
1521 2528 1567 2560 his
1585 2530 1692 2570 excipi
1709 2529 1844 2562 Diocle-

971 2570 1091 2598 tianum
1108 2567 1137 2598 δι
1155 2567 1388 2600 Maximianum
1406 2577 1583 2609 oporteret.
1626 2570 1768 2612 Proinde
1787 2571 1843 2604 fic-

971 2617 1005 2639 ut
1029 2617 1094 2640 non
1119 2607 1213 2639 facile
1238 2609 1301 2640 huc
1327 2610 1511 2642 devenerim
1527 2634 1537 2649 ,
1568 2619 1602 2643 ut
1634 2612 1711 2644 mihi
1745 2620 1846 2645 trans-

972 2649 1054 2680 aCtio
1080 2649 1229 2689 paffiove
1249 2673 1258 2688 ,
1291 2649 1311 2681 fi
1337 2654 1465 2691 quando
1492 2652 1546 2684 fiat
1563 2654 1603 2684 de
1627 2655 1756 2695 capitali
1782 2655 1843 2686 cri-

973 2692 1078 2728 mine,
1102 2691 1154 2722 vel
1177 2691 1304 2723 illorum
1330 2691 1563 2732 Imperatorum
1582 2696 1686 2727 verbis
1704 2695 1846 2736 adJ'uvari

973 2732 1144 2763 videatur:
1176 2733 1219 2763 ita
1245 2732 1307 2764 ess'e
1337 2735 1472 2773 pretium
1501 2745 1609 2776 operae
1639 2737 1814 2769 existimavi
1833 2761 1844 2777 ,

973 2773 1112 2811 veteris,
1136 2771 1187 2804 sed
1206 2774 1363 2814 pulchrae,
1388 2785 1448 2806 nec
1466 2776 1536 2808 satis
1553 2779 1736 2817 extricatae‚
1761 2789 1843 2818 qute-

975 2813 1084 2845 stionis
1103 2837 1112 2853 ,
1136 2815 1166 2845 in
1190 2823 1279 2846 tanto
1297 2815 1556 2850 Dostiffimorum
1578 2818 1745 2852 hominum
1763 2820 1843 2852 diffi-

976 2855 1031 2886 dio
1046 2878 1056 2893 ,
1087 2863 1271 2896 argumenta
1294 2867 1365 2897 quae
1388 2858 1493 2891 habeo
1510 2881 1520 2895 ,
1551 2861 1654 2901 aliqua
1679 2871 1750 2893 cum
1768 2870 1843 2893 cura

977 2896 1006 2927 ἃ
1031 2896 1193 2937 diligentia
1215 2897 1392 2931 adscribere
1410 2910 1417 2930 :
1447 2899 1536 2934 simul
1554 2902 1707 2934 Studiofis
1728 2903 1844 2934 artium

975 2937 1127 2978 principis
1157 2939 1280 2979 planam
1310 2941 1485 2974 monstrare
1517 2944 1599 2976 viam
1631 2953 1691 2982 qua
1715 2944 1844 2976 tandem

974 2979 1071 3010 liceat
1095 2981 1133 3011 ad
1160 2989 1265 3013 veram
1288 2983 1314 3013 d.
1339 2984 1358 3015 l.
1381 2989 1427 3018 18.
1459 2984 1493 3015 C.
1519 2986 1553 3016 de
1577 2983 1845 3024 transactionibus,

974 3020 1007 3051 id
1025 3020 1089 3058 est,
1114 3021 1177 3053 loci
1200 3030 1273 3054 toto
1300 3022 1376 3064 Jure
1400 3025 1623 3065 celeberrimi,
1655 3025 1846 3060 sententiam

974 3061 1060 3094 bona
1075 3061 1140 3095 fide
1157 3064 1304 3098 evadere.

1136 3254 1223 3289 an
1767 3266 1842 3300 CA,
