2052 3487
214 111 283 153 156

206 196 373 238 pascerent,-
395 191 476 234 quasi
499 199 556 220 non
572 188 622 219 hoc
638 185 729 227 ipsum
750 185 783 216 in
805 183 863 215 illis
884 184 1009 216 maxime
1022 188 1077 224 pu·

212 239 350 268 mendum
373 237 428 276 est,
452 233 522 273 qaia
539 236 630 261 artem
645 228 778 268 nequitiae
794 227 978 269 delegerant,
1001 227 1077 256 unae

214 281 308 310 vitam
325 279 490 315 transigant
502 296 510 309 ,
543 271 579 305 δὲ’
601 270 667 300 inde
682 270 709 305 le
726 268 830 313 volant
843 272 977 314 pascere,
1000 268 1077 298 unde

215 319 361 360 offendant
378 326 440 347 eam
463 325 481 345 a
500 323 555 354 qao
572 320 665 342 omnes
680 313 852 350 pascunt-ar.
899 311 951 340 Sic
972 309 1077 349 Augu-

213 362 320 391 stinus.
343 359 444 394 adde,
468 355 576 386 auctor
597 353 756 389 incertus,
789 350 854 382 sive
877 351 902 382 is
921 350 957 382 sit
976 350 1078 391 Chry-

211 400 366 432 sostomus
382 422 391 436 ,
431 396 494 428 live
523 396 624 433 alius,
661 394 692 424 in
720 392 915 424 Matt'naeum
938 401 1008 432 cap.
1028 400 1077 423 21.

211 441 336 473 Homil.
352 444 403 479 r38.
422 447 499 469 tom.
516 446 539 467 1.
558 445 648 476 oper.
668 433 890 475 Chryl'ostomi
913 443 983 474 pag.
1004 442 1075 473 907.

212 482 276 526 Qui
293 475 388 513 autem
405 485 549 520 comparat
567 487 645 515 rem,
678 483 711 507 ut
728 476 807 507 illam
823 476 912 516 ipsam
934 475 1079 516 integram

213 527 250 560 ἐπ”
271 525 452 554 immutatam
477 521 569 551 dando
595 519 725 549 lucretur
743 540 754 556 ,
784 517 830 547 ille
855 514 894 557 eft
918 522 1079 554 mercator,

210 567 263 608 qai
282 567 315 596 de
331 564 430 604 templo
449 561 507 593 Dei
534 561 659 602 ejicitur.
683 560 759 590 unae
775 559 865 599 super
888 567 983 589 omnes
1008 567 1079 588 mer-

211 614 318 639 catores
330 606 396 646 plus
420 602 586 635 malecitam
604 600 643 642 est
659 602 823 639 usurarius.
870 598 903 630 Si
929 600 1005 629 enim
1027 599 1079 640 qui

210 659 269 680 rem
294 652 487 687 comparatam
502 645 626 681 vendit,
659 648 799 674 mercator
818 639 876 680 est,
900 640 937 675 &³
961 641 1079 671 maledi·

210 690 291 722 etus.-
314 694 423 730 qztanto
448 688 540 728 magis
561 683 729 716 maledictus
753 683 808 713 erit
826 706 835 722 ‚
864 683 914 724 qni
929 692 987 713 non
1005 692 1078 713 com-

207 737 343 771 paratam
358 731 528 770 pecuniam‚
549 727 594 761 secl
611 736 628 757 a
648 725 709 756 Deo
727 726 864 757 donatam
875 722 951 763 fibi,
975 724 1079 770 dat-ad

209 772 353 810 usuram?
377 772 505 802 Secundo
517 793 525 808 ,
569 770 618 798 uia
635 772 774 798 mercator
793 767 842 797 dat
860 775 942 804 rem,
967 771 1000 795 ut
1013 775 1079 806 jam

209 815 288 846 illam
306 824 363 845 non
381 818 504 853 repetat:
528 810 550 850 il
565 820 578 839 e
595 815 692 840 autem
706 806 1075 849 pofiqztamfoeneraverit‚

210 855 246 891 &²
269 857 322 892 lica
345 857 449 885 iterum
477 853 577 892 repetit
593 875 602 889 ,
635 850 672 884 {5⁹
695 851 790 881 aliena
817 849 892 880 tollit
917 858 982 879 cum
998 849 1074 886 suis.

209 892 282 929 Nec
313 904 433 927 tantum
463 893 575 933 privati
601 892 748 923 homines
781 891 820 922 ab
845 890 940 922 usuris
963 889 1078 921 abhor-

208 948 324 970 ruere:
359 937 410 968 sed
435 935 567 967 Nicaenn
598 942 729 973 quoque
757 931 935 973 Synodus:
967 941 1076 971 quam-

208 989 301 1019 quam
325 988 390 1010 non
418 979 448 1009 in
477 976 626 1007 omnibus
655 985 707 1006 eas
737 974 926 1014 improbat,
965 972 1019 1004 sed
1045 973 1076 1004 in

210 1022 352 1054 Clericis.
371 1029 442 1051 nam
460 1019 498 1049 de
521 1018 566 1050 his
583 1017 724 1057 loquitur
741 1025 764 1046 c.
781 1016 918 1056 quoniam
936 1018 1015 1054 catis.
1030 1023 1076 1053 14.

205 1060 303 1104 quast.
320 1074 348 1101 4.
377 1061 484 1092 Verba
501 1059 664 1096 Canonis,
687 1057 708 1089 si
733 1058 804 1097 quis
830 1056 995 1088 recensere
1022 1065 1077 1087 ve-

207 1106 264 1141 lit,
288 1101 429 1144 apposui.
456 1111 491 1132 ea
510 1101 608 1132 verba
633 1099 703 1130 sunt
718 1122 728 1138 ,
760 1097 908 1145 Quoniam
923 1097 1008 1128 multi
1024 1097 1077 1128 cte-

206 1148 285 1184 rtet,
317 1145 451 1176 avaritia
477 1144 564 1183 causa
591 1142 690 1181 turpia
708 1140 790 1171 lucra
801 1139 966 1179 festantes,
999 1139 1079 1169 obliti

197 1187 273 1228 fient
299 1186 397 1218 divini
416 1185 549 1225 praecepti
565 1206 574 1221 ,
605 1192 659 1224 quo
677 1181 788 1213 dictam
804 1179 860 1221 est:
892 1180 1078 1224 [Qaeipeca-

205 1231 285 1260 niam
304 1232 388 1266 sua-m
403 1236 461 1257 nen
479 1227 555 1257 dedit
572 1227 609 1256 ad
626 1223 764 1264 usuram]
783 1223 966 1262 foenerances
981 1244 990 1259 ‚
1014 1231 1077 1252 cen-

205 1270 317 1309 zefimar
334 1270 478 1310 exigunt‚·
494 1265 604 1307 statuit
631 1267 680 1296 hoc
689 1265 828 1306 sanctum
849 1263 1019 1301 concilium,
1043 1268 1076 1293 ut

198 1311 228 1351 fi
254 1315 318 1353 qais
341 1313 481 1341 inventas
499 1309 596 1349 fuerit
620 1305 680 1347 post
699 1308 773 1337 hanc
797 1305 991 1345 definitionem
1006 1314 1074 1337 usa-

205 1364 254 1385 ras
270 1353 414 1392 accipere,
438 1350 484 1381 vel
501 1360 538 1380 ex
558 1349 682 1390 quolibet
706 1348 760 1378 tali
783 1349 893 1387 negocio
912 1347 1009 1386 turpia
1033 1346 1075 1376 lu-

204 1405 255 1426 cra
269 1394 392 1431 lectari,
415 1393 462 1424 vet
478 1393 564 1422 etiam
578 1391 687 1431 species
693 1390 914 1429 frumentorum
933 1389 970 1418 ad
986 1387 1074 1423 sescu-

198 1437 283 1478 plum
313 1437 381 1466 dare
397 1459 406 1473 ,
439 1434 530 1465 onmis
551 1433 604 1473 qai
627 1431 684 1462 tale
707 1430 819 1472 aliquid
840 1434 960 1460 conatus
982 1429 1076 1467 faerit

205 1480 243 1510 aa
260 1475 399 1518 quaestum
417 1499 426 1514 ,
455 1475 613 1516 dejiciatur
629 1482 655 1509 a,
664 1472 736 1503 clero
751 1495 761 1510 ,
794 1470 831 1505 &⁹
853 1471 965 1502 alienus
982 1472 1017 1501 ab
1033 1480 1076 1500 ec·

203 1517 355 1557 clefiastico
389 1518 530 1547 habeatur
557 1515 668 1552 gradu.
718 1512 917 1544 Constitutio
951 1511 1076 1553 Synodi

203 1570 269 1593 non
289 1558 483 1600 generaliter
502 1556 531 1588 ὅς
552 1557 583 1587 in
604 1565 671 1587 rem
698 1555 862 1595 loquitur:
886 1553 938 1585 sed
958 1553 1075 1593 specia-

202 1602 275 1635 liter
294 1601 334 1632 de
357 1599 510 1631 Clericis:
534 1606 632 1637 atque
655 1597 703 1628 his
726 1596 781 1628 ubi
807 1601 980 1627 numeratae
1008 1595 1075 1635 qui·

203 1643 278 1676 dem
303 1641 448 1683 pecuniae
473 1639 662 1672 centesimas
679 1662 689 1677 ,
719 1637 850 1679 frugum
873 1646 951 1668 vero
974 1634 1073 1667 sescu-

202 1685 289 1727 plas,
311 1682 484 1724 prohibet;
509 1680 614 1713 usuras
633 1687 760 1719 vetare,
785 1678 993 1711 existimanda
1017 1677 1073 1708 est.

202 1735 276 1760 nam
307 1725 393 1757 hunc
426 1724 560 1757 modurn
591 1721 692 1754 usuris
724 1728 864 1761 utroque
891 1721 923 1751 in
956 1729 1074 1761 genere

201 1769 254 1810 (in
279 1774 419 1808 utroque
438 1774 547 1797 autem
570 1763 640 1796 fere
657 1762 763 1795 usuras
787 1761 925 1803 praestari
946 1785 955 1799 ‚
988 1760 1076 1801 supra

201 1809 287 1851 dixi)
310 1815 434 1841 tantum
452 1808 543 1848 quod
563 1804 730 1838 definierat
748 1804 827 1844 Imp.
847 1801 1076 1843 Constantinus

203 1852 223 1884 l.
242 1862 269 1884 1.
294 1851 364 1883 Cod.
384 1849 489 1881 Theoti.
507 1849 540 1879 de
555 1847 669 1882 usuris.-
693 1854 765 1885 quae
787 1844 833 1877 est
857 1845 1000 1885 ejusdem
1024 1853 1075 1874 an-

201 1895 235 1926 ni
261 1894 316 1935 qui
343 1892 409 1932 eJus
436 1890 556 1932 Synodi
577 1888 648 1919 fuit.
675 1888 763 1928 quod
783 1887 868 1918 bene
891 1884 1075 1918 observavit

204 1935 265 1968 Vir
288 1933 514 1969 Dofflffimm,
545 1930 685 1971 Jacobus
705 1927 945 1961 Gothofredus.
989 1926 1075 1958 Lon-

228 1979 274 2009 ius
289 1975 432 2017 perrexit
456 1974 534 2012 Irnp.
571 1971 719 2008 Basilius,
749 1970 878 2014 auq’ffise
898 1969 964 2009 ejus
987 1967 1074 2007 filio,

203 1988 319 2050 {eone
345 2015 542 2055 Philosopho
559 2037 569 2050 ,
606 2013 735 2045 Novella
755 2012 814 2051 εἰη)
833 2021 883 2052 ss3·
909 2009 1076 2050 exstatque

207 2058 406 2093 Constitutio
434 2058 517 2097 apud
550 2054 852 2093 Harmenopulum,
889 2052 1076 2092 Promptaar.

205 2103 254 2133 lib.
275 2111 303 2143 3.
328 2101 374 2131 tit.
395 2109 423 2140 7.
449 2106 642 2137 Quamquam
661 2096 686 2126 is
702 2095 770 2126 filio
793 2094 952 2126 adscribit.
978 2094 1076 2124 verba

206 2143 277 2174 haec
296 2141 384 2179 sunt,
408 2139 473 2178 Etsi
493 2139 635 2180 majorum
651 2135 810 2177 nostrorum
821 2136 966 2177 plerisque
980 2135 1076 2170 viliam

206 2183 246 2225 eft
264 2185 442 2215 tolerandam
458 2181 508 2222 effe
526 2179 866 2218 murorumsolutionem
878 2201 888 2216 ,
912 2177 994 2217 forte
1007 2183 1074 2216 pro-

204 2233 268 2267 pter
284 2225 457 2255 creditorum
479 2219 618 2261 molestias
635 2220 671 2254 &²
687 2220 864 2250 incommoda
880 2243 889 2256 ,
912 2228 962 2248 ⁷205
980 2223 1077 2248 tamen

206 2273 240 2299 ut
262 2264 360 2306 ‘nostra
383 2262 549 2304 Christiana
575 2261 719 2301 republica
740 2261 830 2301 plane
853 2261 1022 2300 indignam,
1047 2269 1077 2290 a·

207 2309 385 2349 ‘versandam
405 2305 441 2340 ὅ)
458 2305 650 2336 execrandam
673 2303 850 2341 censuimus,
875 2308 1015 2342 tanquam
1027 2301 1078 2341 ju-

207 2360 238 2382 re
265 2350 365 2382 divino
394 2345 590 2378 interdictam.
620 2345 735 2385 ideoque
760 2341 857 2384 tustra
880 2348 961 2373 vetat
969 2344 1077 2381 sereni·

209 2400 254 2423 tas
266 2415 276 2430 ‚
297 2400 333 2421 ne
348 2389 482 2429 cuiquam
497 2388 609 2418 omnino
625 2387 658 2416 in
673 2385 730 2416 ullo
748 2387 858 2426 negotio
874 2384 958 2415 liceat
973 2384 1078 2421 usuras

208 2436 333 2475 accipere
347 2455 358 2472 ‚
390 2436 424 2462 ut
455 2439 489 2461 ne
512 2429 581 2460 cium
602 2428 670 2469 juri
683 2427 831 2468 servando
846 2424 1005 2467 studiosius
1027 2426 1078 2457 ad-

811 94 1124 130 GEnARn1
1175 90 1408 127 Noonr

1120 181 1190 214 disti
1208 181 1308 219 sumus
1326 205 1335 222 ‚
1366 183 1455 224 legem
1479 181 1538 213 Dei
1556 181 1698 213 violemus
1713 192 1721 214 :
1737 192 1739 194 ·
1747 182 1801 223 sed
1825 183 1860 218 ὅ)
1873 182 1899 223 fi
1920 187 1984 228 qair-

1120 224 1167 255 τοι
1191 225 1338 255 tantillum
1356 226 1478 265 ceperit,
1502 225 1571 261 lorti
1593 225 1758 264 imputator.
1805 224 1985 260 Posteriori-

1121 266 1179 297 bus
1202 275 1333 306 quoque
1352 266 1564 298 Pontificibus
1585 265 1724 306 placuit,
1757 265 1859 297 usuras
1882 269 1983 301 omni-

1121 307 1180 338 bus
1199 307 1372 348 prohibere
1387 331 1396 346 ,
1421 308 1505 347 quasi
1521 307 1722 338 detestabiles
1737 307 1806 347 jure
1824 308 1985 350 Utriusque

1121 347 1273 387 foederis,
1289 349 1319 380 &
1336 350 1454 380 veteris
1475 349 1505 380 ὅτ.
1523 350 1600 381 novi
1624 355 1674 379 tot.
1700 350 1744 380 tit.
1763 347 1805 379 X.
1831 350 1863 379 cle
1879 352 1987 390 alaris..

1121 390 1311 422 addiderunt
1336 392 1365 422 ἀ
1395 400 1529 432 poenas,
1567 400 1684 430 easque
1718 391 1908 431 graviffimas
1926 415 1934 430 ‚
1964 392 1985 425 fi

1122 433 1192 472 quis
1223 440 1335 463 contra
1364 431 1672 471 feciffeldiceretur.
1705 432 1809 468 voluit
1842 434 1927 464 enim
1954 434 1989 473 in

1123 475 1265 505 concilio
1290 473 1491 505 Lateranenfi
1518 474 1699 505 Alexander
1718 472 1778 510 Ill,
1803 483 1843 504 ne
1861 473 1985 507 usurarii

1122 514 1278 546 manifesti
1299 517 1337 546 ad
1353 517 1618 547 communionem
1643 515 1747 546 altaris
1763 515 1984 554 admittantur,

1123 566 1183 587 nec
1217 556 1452 596 Christianam,
1491 557 1512 588 si
1539 559 1569 588 in
1598 557 1662 588 hoc
1687 564 1826 597 peccato
1850 556 1986 588 decesse-

1121 600 1203 637 rint,
1227 598 1417 639 sepulturum
1441 599 1622 639 accipiant:
1646 598 1715 630 fere
1732 607 1798 638 quo
1819 599 1917 629 modo
1933 597 1985 630 Ci-

1122 649 1199 671 cero
1221 640 1268 670 lib.
1290 649 1319 671 2.
1344 639 1391 671 De
1407 641 1514 682 legibus
1540 641 1714 680 opinatur,·
1749 638 1843 670 Donis
1858 641 1939 680 impii
1952 649 1987 672 m

1115 681 1234 722 placare
1250 682 1377 712 audeant
1394 681 1490 712 Deos:
1516 681 1667 713 Platonem
1690 682 1813 712 audiant
1831 705 1840 720 ,
1874 683 1927 722 qai
1941 684 1999 711 vet*

1120 728 1163 753 tat
1182 723 1329 761 dubitari,
1353 722 1462 764 quasit
1480 731 1571 754 mente
1584 724 1711 760 saturus
1732 722 1833 762 Deus,
1857 732 1922 753 cum
1940 723 1988 753 vir

1120 773 1200 795 nemo
1231 766 1319 794 bonus
1348 767 1383 795 ab
1410 766 1531 805 improbo
1550 771 1585 804 se
1611 766 1714 795 deviari
1740 765 1820 795 velit.
1864 764 1926 795 Sed
1953 773 1987 796 ut

1122 805 1187 837 hoc
1200 814 1326 847 agamus
1345 829 1354 844 ‚
1387 814 1539 846 praeterea
1563 807 1666 837 voluit
1691 805 1891 845 Alexander,
1915 815 1988 838 eum

1123 847 1177 887 qui
1212 858 1228 878 a
1262 847 1459 879 foeneratore
1488 848 1677 878 oblationes
1704 850 1894 887 acceperit,
1935 848 1988 881 vel.

1122 898 1196 920 eum
1224 888 1409 920 Christianae
1441 890 1609 921 tradiderit
1634 889 1801 930 sepulturae
1820 912 1828 927 ‚
1860 889 1889 920 ἀ
1916 897 1987 929 quae

1121 931 1305 970 acceperit,
1329 932 1482 967 reddere3
1506 932 1555 969 &,
1580 932 1686 962 donec
1709 931 1748 961 ad
1766 931 1929 961 arbitrium
1947 929 1987 961 E-

1121 972 1243 1012 piscopi
1281 973 1324 1003 sui
1354 971 1547 1012 satisfaciat,
1588 973 1627 1003 ab
1659 972 1756 1003 officii
1785 971 1827 1002 sui
1859 981 1987 1003 manere

1121 1015 1319 1044 executione
1343 1012 1518 1053 suspensum
1546 1024 1570 1044 c.
1589 1015 1658 1055 qaia
1674 1011 1705 1044 z‘n
1723 1015 1852 1044 omnibus
1868 1012 1908 1044 X.
1927 1012 1989 1045 eod-v

1121 1057 1165 1086 tz't.
1190 1054 1252 1086 Sed
1277 1056 1307 1086 dt
1333 1054 1509 1095 Gregorius
1537 1053 1692 1087 Decimus
1711 1055 1795 1094 juffit
1812 1078 1822 1093 ,
1853 1064 1893 1086 ue
1917 1056 1989 1095 quis

1121 1096 1362 1128 manifestorum
1392 1096 1602 1128 usurariorum
1628 1096 1825 1128 testamentis
1848 1095 1987 1128 intersit:

1120 1146 1173 1168 aut
1196 1147 1253 1169 eos
1286 1139 1325 1169 ad
1359 1137 1576 1169 confeffiones
1603 1139 1775 1176 admittat,
1808 1136 1872 1168 five
1902 1137 1987 1178 ipsos

1120 1178 1283 1218 abl'olvat3
1308 1178 1363 1210 nisi
1381 1182 1421 1211 de
1442 1179 1537 1210 usuris
1560 1179 1791 1217 satisfecerint,
1816 1179 1868 1210 vel
1890 1179 1930 1210 de
1947 1177 1989 1210 sa-

1120 1219 1303 1252 tisfactione
1329 1230 1388 1261 pro
1416 1220 1536 1251 suarum
1561 1221 1680 1252 viribus
1706 1220 1898 1251 facultatum
1918 1221 1988 1252 ido—

1120 1271 1211 1293 neam
1232 1261 1379 1302 praestent
1401 1264 1608 1294 cautionem:
1643 1261 1829 1294 testamenta
1855 1271 1988 1302 quoque

1120 1302 1361 1335 manifestorum
1387 1303 1598 1335 usurariorum
1622 1304 1714 1335 aliter
1737 1304 1821 1335 sacta
1843 1313 1910 1335 non
1935 1301 1988 1334 vass

1119 1345 1185 1377 lei-e
1202 1369 1212 1384 ,
1245 1344 1296 1377 sed
1320 1345 1381 1376 effe
1404 1346 1491 1376 irrita
1517 1344 1584 1386 ipso
1612 1346 1681 1385 jure
1703 1355 1728 1376 c.
1755 1355 1932 1386 quamquam
1956 1345 1988 1376 in

1119 1387 1206 1417 Sexto
1228 1388 1287 1418 eod.
1311 1389 1358 1418 tit.
1383 1387 1431 1418 Ad
1451 1387 1520 1417 haec
1543 1387 1690 1418 decrevit
1712 1386 1865 1418 Clemens
1883 1385 1923 1418 V,
1947 1387 1989 1417 de

1119 1427 1274 1459 sententia
1302 1427 1432 1460 Consilii
1456 1427 1622 1459 Vienensis
1653 1438 1677 1460 c.
1703 1429 1782 1459 unic.
1815 1428 1987 1460 Clementin-

1118 1471 1178 1501 eod.
1203 1471 1247 1500 tit.
1281 1479 1355 1501 eum
1381 1470 1434 1510 qui
1459 1469 1669 1510 pertinaciter
1693 1469 1850 1501 affirmare
1872 1468 1987 1510 praesu-

1118 1519 1209 1549 mat,
1243 1510 1346 1542 usuras
1363 1520 1517 1542 exercere
1542 1520 1606 1542 non
1633 1510 1695 1542 ess'e
1718 1518 1908 1552 peccatum,
1932 1520 1987 1542 ve-

1117 1553 1165 1584 lut
1188 1552 1376 1584 haereticum
1400 1552 1597 1592 puniendum
1615 1551 1688 1584 esse.
1732 1552 1810 1584 Inde
1826 1552 1987 1584 increbuit

1117 1593 1275 1625 sententia
1307 1593 1578 1632 existimantium,
1617 1596 1721 1625 usuras
1750 1594 1789 1625 ad
1815 1601 1988 1635 peccatum

1118 1636 1293 1674 accedere,
1318 1636 1522 1676 damnarique
1537 1635 1626 1675 jure,
1657 1644 1730 1666 cum
1750 1635 1861 1667 divino
1876 1659 1886 1675 ,
1919 1644 1991 1668 tum

1118 1678 1271 1716 naturali,
1297 1686 1358 1708 nec
1375 1677 1496 1708 Summi
1512 1676 1891 1717 Pontificisindulgentia
1913 1687 1988 1717 pro-
2020 1687 2022 1689 ’

1119 1718 1186 1750 bari
1204 1718 1302 1758 posse.
1326 1718 1357 1750 in
1377 1727 1438 1758 qua
1456 1717 1631 1757 sententia,
1656 1727 1696 1748 ne
1720 1718 1799 1749 alios
1822 1718 1987 1758 adferam,

1120 1759 1164 1791 est
1183 1760 1326 1792 Andreas
1348 1761 1489 1792 Alciatus
1513 1759 1561 1790 lib.
1578 1763 1609 1791 6.
1634 1758 1757 1801 Parerg.
1775 1770 1799 1790 c.
1813 1769 1861 1791 20.
1887 1761 2001 1798 etiarn(

1119 1801 1262 1833 Didacus
1289 1800 1524 1832 Couvarruvias
1551 1800 1599 1832 lib.
1616 1810 1645 1841 3.
1671 1799 1745 1831 Var.
1771 1801 1883 1833 reatus.
1915 1812 1939 1833 c.
1960 1803 1995 1837 1.¹s

1118 1853 1149 1874 n.
1166 1853 1195 1882 5.
1228 1843 1265 1877 ἐξ
1288 1847 1314 1876 8,
1342 1844 1370 1873 ἃ
1398 1843 1511 1880 addit,
1543 1841 1607 1872 hoc
1633 1841 1888 1883 frequentissimo
1919 1852 1993 1875 om⁶

1118 1886 1206 1916 nium
1227 1883 1381 1916 consensu
1404 1891 1593 1915 annotatum
1611 1882 1673 1914 esse
1695 1885 1727 1915 in
1750 1885 1877 1925 &saper
1892 1894 1932 1916 eo.
1956 1886 1990 1916 de

1118 1927 1225 1966 usuris.
1252 1926 1402 1966 idemque
1424 1926 1488 1957 ess'e'
1514 1926 1544 1956 in
1564 1924 1712 1966 Principe
1731 1925 1882 1964 seculari,
1906 1926 1936 1958 ὅ(
1955 1927 1989 1959 in

1120 1977 1323 2008 quacumque
1342 1967 1592 2005 consuetudine,
1625 1975 1801 2007 utcumque
1819 1969 1989 2000 immemo-

1119 2010 1197 2041 riali.
1225 2010 1319 2049 eique
1337 2007 1500 2040 sententiae
1519 2007 1548 2038 se
1566 2017 1697 2048 quoque
1720 2008 1903 2041 adscribunt
1923 2009 1989 2041 Lu·
2027 2039 2032 2044 .

1120 2051 1254 2082 dovicus
1279 2050 1421 2090 Molina,
1447 2049 1493 2081 De
1504 2048 1624 2090 justitia
1642 2049 1678 2084 ξεῖ
1696 2050 1784 2092 jure,
1817 2058 1883 2082 tom.
1901 2061 1930 2083 2.
1952 2053 1987 2082 de

1119 2092 1313 2123 contractibus
1336 2094 1406 2131 disp.
1425 2102 1495 2131 304.
1520 2101 1549 2122 n.
1572 2101 1618 2128 19.
1642 2092 1826 2123 Franciscus
1851 2092 1990 2124 Hotma-

1119 2143 1177 2165 nus
1196 2157 1206 2171 ‚
1243 2133 1328 2172 Disp.
1353 2133 1399 2163 De
1413 2133 1526 2173 faenore
1556 2142 1580 2163 c.
1608 2141 1633 2164 1.
1664 2133 1702 2167 δ’)
1724 2144 1748 2165 c.
1766 2143 1796 2175 3.
1825 2133 1989 2165 Antonius

1119 2174 1222 2206 Faber
1238 2198 1247 2213 ,
1279 2174 1326 2205 De
1347 2176 1491 2206 erroribus
1512 2174 1765 2215 Pragmaticoram
1785 2183 1816 2215 p.
1838 2184 1864 2206 1.
1887 2176 1987 2207 decad.

1123 2226 1171 2249 10.
1202 2226 1289 2247 error.
1320 2225 1347 2247 1.
1375 2226 1404 2246 n.
1432 2225 1457 2246 1¹.
1490 2215 1520 2246 dt
1542 2225 1645 2255 nuper
1661 2217 1711 2247 vir
1734 2217 1870 2255 doctus,
1901 2217 1988 2258 quis-

1120 2259 1189 2297 quis
1212 2257 1257 2289 est
1274 2281 1284 2296 ,
1315 2266 1435 2289 nomen
1457 2258 1542 2288 enim
1573 2256 1661 2288 suum
1683 2267 1748 2289 non
1771 2259 1898 2297 edidit,
1931 2258 1988 2299 qui

1122 2299 1251 2331 Gallico
1282 2298 1429 2330 sermone
1458 2297 1577 2337 scripsit
1607 2298 1665 2329 Les
1697 2298 1756 2330 loix
1785 2300 1884 2330 civiles
1913 2301 1987 2331 dans

1120 2342 1183 2372 lem
1208 2342 1289 2372 orare
1312 2341 1452 2380 nazarei,
1481 2340 1552 2372 livr.
1573 2347 1600 2371 1.
1630 2340 1694 2372 titr.
1714 2345 1745 2374 6.
1763 2347 1834 2383 pag.
1852 2351 1924 2382 271.
1949 2339 1987 2376 δέ’

1121 2382 1246 2424 ὦς’[ίηᾳ.
1270 2388 1337 2415 tom.
1359 2391 1386 2413 1.

941 2559 1155 2596 CAPUT
1213 2558 1263 2595 V.

208 2662 370 2699 Summam
397 2657 451 2704 effe
477 2659 626 2693 rationem
650 2656 750 2705 zgfurae
776 2670 840 2704 qutae
867 2670 905 2693 ex
932 2670 1018 2693 mora
1042 2657 1208 2704 praestatar
1227 2685 1236 2700 ‚
1263 2656 1335 2701 sive
1360 2658 1403 2692 ad
1426 2657 1533 2692 damni
1558 2660 1809 2701 reparationem,
1840 2655 1910 2701 five
1931 2666 1988 2702 pro

280 2720 381 2756 poma.
408 2720 474 2742 eam
492 2705 615 2752 usuram
636 2734 645 2749 ,
681 2708 776 2742 libera
803 2708 974 2753 republica,
1016 2720 1064 2743 tae
1088 2707 1286 2755 stipulatione
1312 2718 1369 2741 non
1386 2705 1485 2752 fuisse
1508 2706 1672 2746 debitam,
1705 2718 1741 2740 ne
1766 2707 1797 2740 in
1822 2706 1905 2740 home
1924 2707 1988 2751 qai·

283 2760 349 2794 dem
367 2755 444 2801 fidei
465 2757 599 2800 judiciis.
630 2763 750 2791 mutata
777 2757 952 2801 republica,
989 2757 1162 2792 Labeonem
1196 2756 1313 2802 aliquid
1344 2755 1469 2801 tentaffe
1502 2757 1533 2789 in
1555 2755 1729 2797 societate,
1763 2767 1819 2789 non
1853 2755 1985 2796 (ἰῐνεεῖο,

270 2809 328 2858 fid
343 2805 404 2853 sal)
430 2804 525 2839 colore
552 2806 616 2850 ejas
642 2806 718 2849 quod
742 2805 887 2853 interest:
913 2807 1035 2841 Deinde
1062 2806 1220 2850 Principes
1247 2803 1356 2851 usuras
1381 2816 1419 2839 ex
1445 2816 1532 2838 mora
1559 2803 1684 2848 Jztdicis
1710 2802 1808 2848 officio
1823 2801 1986 2850 permisiffb

279 2860 313 2892 in
337 2856 473 2890 omnibus
502 2854 584 2887 bona
597 2851 673 2898 fidei
690 2854 827 2899 judiciis.
857 2866 947 2891 verus
966 2856 1125 2902 Pomponii
1129 2852 1242 2900 sensas
1267 2854 1289 2890 l.
1308 2857 1365 2889 60.
1393 2855 1437 2890 D.
1468 2854 1531 2889 Pro
1550 2850 1635 2899 socio
1652 2877 1665 2895 ,
1696 2855 1736 2887 ab
1760 2853 1832 2887 aliIs
1855 2853 1986 2887 nondam

280 2900 522 2948 animadversas.

294 3019 365 3043 uam
383 3009 471 3041 recte
491 3031 501 3046 ,
529 3006 629 3039 fuerit
646 3009 744 3046 tanti,
774 3009 871 3048 paulo
895 3009 1078 3050 diligentius

210 3013 291 3104 Q
313 3049 512 3092 inquisivisse.
536 3049 557 3081 fi
582 3050 667 3081 enim
690 3057 753 3081 tam
782 3049 933 3090 flagitiosa
963 3061 1010 3082 res
1034 3051 1079 3084 est

312 3093 376 3125 five
399 3092 505 3124 foenus
531 3090 593 3123 sive
613 3090 721 3129 usura,
754 3090 774 3122 fi
792 3091 1013 3123 exsecratione
1031 3094 1077 3124 di-

208 3143 270 3174 gna
289 3143 352 3166 tam
369 3135 455 3173 dira,
480 3143 574 3174 quarn
592 3140 643 3164 tot
658 3132 793 3174 insignes
813 3132 843 3164 ἃ
859 3133 1000 3173 praeclari
1019 3133 1075 3164 ho-

207 3175 308 3207 mines
331 3185 347 3206 a
375 3183 426 3207 tot
450 3183 538 3208 retro
563 3174 675 3207 seculis
703 3174 836 3214 publice
862 3174 1077 3214 privatimque

207 3225 272 3258 prae
298 3215 328 3248 se
345 3217 487 3250 tulerunt
502 3240 514 3258 ,
546 3217 576 3250 δι
600 3215 706 3249 adhuc
722 3225 786 3258 prae
802 3214 833 3248 se
852 3216 979 3249 ferunt:
1002 3224 1076 3256 pro-

1122 3008 1212 3041 fedo
1241 3008 1414 3041 abhorrere
1439 3009 1478 3041 ab
1504 3018 1540 3039 ea
1563 3007 1662 3040 debet
1686 3005 1826 3051 quisquis
1852 3013 1916 3036 non
1941 3004 1986 3036 di-

1121 3061 1191 3082 cam
1209 3050 1396 3082 modestiam
1409 3074 1417 3089 ,
1441 3050 1493 3082 sed
1510 3049 1540 3081 se
1556 3056 1648 3081 amat.
1671 3048 1713 3080 fin
1731 3048 1817 3078 licita
1832 3046 1876 3077 est
1895 3045 1984 3077 Gen-

1122 3093 1200 3124 tium
1214 3094 1283 3133 jure
1303 3116 1313 3131 ,
1344 3101 1450 3132 neque
1470 3091 1590 3123 Divina
1612 3089 1841 3122 constitutione
1862 3089 1983 3118 vetita:

1120 3135 1170 3165 cui
1190 3135 1234 3166 rei
1256 3134 1372 3172 fuerit,
1397 3142 1524 3175 turpem
1548 3129 1846 3177 atque—improbam
1865 3129 1983 3160 habere

1123 3185 1190 3207 rem
1208 3200 1218 3213 ,
1248 3176 1287 3208 ad
1315 3184 1521 3207 communem
1546 3173 1634 3206 usum
1651 3177 1814 3204 inventam
1832 3180 1842 3208 ;
1874 3171 1904 3201 ὅς
1923 3178 1983 3209 qua

1121 3216 1289 3250 hominum
1307 3217 1560 3256 commercium,
1582 3222 1662 3255 pace
1684 3212 1715 3245 &
1732 3211 1839 3250 bello,
1871 3212 1903 3243 in
1920 3219 1983 3283 nicai-
