<?xml version="1.0" encoding="UTF-8"?>
<!DOCTYPE html PUBLIC "-//W3C//DTD XHTML 1.0 Transitional//EN"
    "http://www.w3.org/TR/xhtml1/DTD/xhtml1-transitional.dtd">
<html xmlns="http://www.w3.org/1999/xhtml" xml:lang="en" lang="en">
 <head>
  <title>
</title>
<meta http-equiv="Content-Type" content="text/html;charset=utf-8" />
  <meta name='ocr-system' content='tesseract 3.04.00' />
  <meta name='ocr-capabilities' content='ocr_page ocr_carea ocr_par ocr_line ocrx_word'/>
</head>
<body>
  <div class='ocr_page' id='page_1' title='image "./gerardinoodtnovi00nood_0982.png"; bbox 0 0 2036 3495; ppageno 0'>
   <div class='ocr_carea' id='block_1_1' title="bbox 1008 75 1046 115">
    <p class='ocr_par' dir='ltr' id='par_1_1' title="bbox 1008 75 1046 115">
     <span class='ocr_line' id='line_1_1' title="bbox 1008 75 1046 115; baseline 0 0"><span class='ocrx_word' id='word_1_1' title='bbox 1008 75 1046 115; x_wconf 69' lang='lat' dir='ltr'>N</span> 
     </span>
    </p>
   </div>
   <div class='ocr_carea' id='block_1_2' title="bbox 130 168 1050 3176">
    <p class='ocr_par' dir='ltr' id='par_1_2' title="bbox 171 168 1050 1078">
     <span class='ocr_line' id='line_1_2' title="bbox 173 168 1044 219; baseline -0.016 -6"><span class='ocrx_word' id='word_1_2' title='bbox 173 178 325 212; x_wconf 72' lang='lat' dir='ltr'>con-simili</span> <span class='ocrx_word' id='word_1_3' title='bbox 357 175 558 219; x_wconf 74' lang='lat' dir='ltr'>&#39;providentia</span> <span class='ocrx_word' id='word_1_4' title='bbox 583 174 666 205; x_wconf 81' lang='lat' dir='ltr'>inter</span> <span class='ocrx_word' id='word_1_5' title='bbox 690 182 744 204; x_wconf 86' lang='lat' dir='ltr'>cos</span> <span class='ocrx_word' id='word_1_6' title='bbox 781 180 861 212; x_wconf 87' lang='lat' dir='ltr'>opus</span> <span class='ocrx_word' id='word_1_7' title='bbox 883 178 948 200; x_wconf 92' lang='lat' dir='ltr'>non</span> <span class='ocrx_word' id='word_1_8' title='bbox 973 168 1044 200; x_wconf 83' lang='lat' dir='ltr'>fuit.</span> 
     </span>
     <span class='ocr_line' id='line_1_3' title="bbox 176 210 1047 259; baseline -0.016 -5"><span class='ocrx_word' id='word_1_9' title='bbox 176 222 308 259; x_wconf 84' lang='lat' dir='ltr'>nescio,</span> <span class='ocrx_word' id='word_1_10' title='bbox 337 229 374 250; x_wconf 86' lang='lat' dir='ltr'>aii</span> <span class='ocrx_word' id='word_1_11' title='bbox 400 218 462 248; x_wconf 89' lang='lat' dir='ltr'>hoc</span> <span class='ocrx_word' id='word_1_12' title='bbox 485 215 631 255; x_wconf 79' lang='lat' dir='ltr'>indigitet</span> <span class='ocrx_word' id='word_1_13' title='bbox 660 215 811 255; x_wconf 81' lang='lat' dir='ltr'>Ulpianus</span> <span class='ocrx_word' id='word_1_14' title='bbox 837 212 854 242; x_wconf 72' lang='lat' dir='ltr'>l.</span> <span class='ocrx_word' id='word_1_15' title='bbox 884 221 913 247; x_wconf 88' lang='lat'>9.</span> <span class='ocrx_word' id='word_1_16' title='bbox 937 210 967 251; x_wconf 55' lang='grc' dir='ltr'>ἓ.</span> <span class='ocrx_word' id='word_1_17' title='bbox 993 210 1047 257; x_wconf 60' lang='lat' dir='ltr'>ult.</span> 
     </span>
     <span class='ocr_line' id='line_1_4' title="bbox 174 254 1046 296; baseline -0.015 -2"><span class='ocrx_word' id='word_1_18' title='bbox 174 263 217 294; x_wconf 89' lang='lat' dir='ltr'>D.</span> <span class='ocrx_word' id='word_1_19' title='bbox 237 264 265 294; x_wconf 81' lang='lat' dir='ltr'>b.</span> <span class='ocrx_word' id='word_1_20' title='bbox 281 268 302 291; x_wconf 72' lang='grc' dir='ltr'>τ.</span> <span class='ocrx_word' id='word_1_21' title='bbox 326 261 364 291; x_wconf 85' lang='lat' dir='ltr'>ab</span> <span class='ocrx_word' id='word_1_22' title='bbox 382 260 439 290; x_wconf 88' lang='lat' dir='ltr'>hac</span> <span class='ocrx_word' id='word_1_23' title='bbox 464 256 554 288; x_wconf 82' lang='lat' dir='ltr'>causa</span> <span class='ocrx_word' id='word_1_24' title='bbox 570 254 750 291; x_wconf 77' lang='lat' dir='ltr'>confessus,</span> <span class='ocrx_word' id='word_1_25' title='bbox 774 260 926 296; x_wconf 82' lang='lat' dir='ltr'>quantum</span> <span class='ocrx_word' id='word_1_26' title='bbox 948 261 1046 291; x_wconf 75' lang='lat' dir='ltr'>conji-</span> 
     </span>
     <span class='ocr_line' id='line_1_5' title="bbox 176 292 1047 342; baseline -0.014 -7"><span class='ocrx_word' id='word_1_27' title='bbox 176 305 245 341; x_wconf 88' lang='lat' dir='ltr'>cio,</span> <span class='ocrx_word' id='word_1_28' title='bbox 269 302 354 342; x_wconf 81' lang='lat' dir='ltr'>quod</span> <span class='ocrx_word' id='word_1_29' title='bbox 379 301 461 330; x_wconf 88' lang='lat' dir='ltr'>inter</span> <span class='ocrx_word' id='word_1_30' title='bbox 484 297 586 328; x_wconf 88' lang='lat' dir='ltr'>virum</span> <span class='ocrx_word' id='word_1_31' title='bbox 611 297 641 328; x_wconf 69' lang='grc' dir='ltr'>ἀ</span> <span class='ocrx_word' id='word_1_32' title='bbox 666 304 801 339; x_wconf 82' lang='lat' dir='ltr'>uxorein</span> <span class='ocrx_word' id='word_1_33' title='bbox 823 300 935 325; x_wconf 85' lang='lat' dir='ltr'>mortis</span> <span class='ocrx_word' id='word_1_34' title='bbox 960 292 1047 336; x_wconf 81' lang='lat' dir='ltr'>causa</span> 
     </span>
     <span class='ocr_line' id='line_1_6' title="bbox 177 336 1048 379; baseline -0.014 -2"><span class='ocrx_word' id='word_1_35' title='bbox 177 344 365 377; x_wconf 73' lang='lat' dir='ltr'>donationes</span> <span class='ocrx_word' id='word_1_36' title='bbox 382 346 522 379; x_wconf 75' lang='lat' dir='ltr'>receptae</span> <span class='ocrx_word' id='word_1_37' title='bbox 537 337 624 369; x_wconf 78' lang='lat' dir='ltr'>stitit:</span> <span class='ocrx_word' id='word_1_38' title='bbox 648 338 679 369; x_wconf 85' lang='lat' dir='ltr'>id</span> <span class='ocrx_word' id='word_1_39' title='bbox 697 336 760 376; x_wconf 84' lang='lat' dir='ltr'>est,</span> <span class='ocrx_word' id='word_1_40' title='bbox 784 342 1048 379; x_wconf 79' lang='lat' dir='ltr'>interpretatione</span> 
     </span>
     <span class='ocr_line' id='line_1_7' title="bbox 177 374 1048 425; baseline -0.013 -9"><span class='ocrx_word' id='word_1_41' title='bbox 177 381 476 425; x_wconf 66' lang='lat' dir='ltr'>Jui·isconsult0rum</span> <span class='ocrx_word' id='word_1_42' title='bbox 495 379 565 410; x_wconf 85' lang='lat' dir='ltr'>sunt</span> <span class='ocrx_word' id='word_1_43' title='bbox 580 386 721 419; x_wconf 80' lang='lat' dir='ltr'>receptae</span> <span class='ocrx_word' id='word_1_44' title='bbox 737 387 777 409; x_wconf 81' lang='lat' dir='ltr'>ex</span> <span class='ocrx_word' id='word_1_45' title='bbox 793 384 902 408; x_wconf 89' lang='lat' dir='ltr'>mente</span> <span class='ocrx_word' id='word_1_46' title='bbox 919 374 1048 406; x_wconf 88' lang='lat' dir='ltr'>Oratio-</span> 
     </span>
     <span class='ocr_line' id='line_1_8' title="bbox 176 415 1047 459; baseline -0.014 -1"><span class='ocrx_word' id='word_1_47' title='bbox 176 426 239 458; x_wconf 81' lang='lat' dir='ltr'>nis:</span> <span class='ocrx_word' id='word_1_48' title='bbox 263 422 432 458; x_wconf 69' lang='lat' dir='ltr'>videlicet,</span> <span class='ocrx_word' id='word_1_49' title='bbox 456 420 529 459; x_wconf 86' lang='lat' dir='ltr'>quia</span> <span class='ocrx_word' id='word_1_50' title='bbox 550 420 601 459; x_wconf 90' lang='lat' dir='ltr'>(in</span> <span class='ocrx_word' id='word_1_51' title='bbox 625 421 642 451; x_wconf 91' lang='lat' dir='ltr'>l.</span> <span class='ocrx_word' id='word_1_52' title='bbox 667 429 712 452; x_wconf 92' lang='lat'>10.</span> <span class='ocrx_word' id='word_1_53' title='bbox 735 419 777 451; x_wconf 82' lang='lat' dir='ltr'>{ic</span> <span class='ocrx_word' id='word_1_54' title='bbox 793 418 963 449; x_wconf 86' lang='lat' dir='ltr'>commode</span> <span class='ocrx_word' id='word_1_55' title='bbox 980 415 1047 447; x_wconf 91' lang='lat' dir='ltr'>sub-</span> 
     </span>
     <span class='ocr_line' id='line_1_9' title="bbox 173 458 1049 508; baseline -0.01 -11"><span class='ocrx_word' id='word_1_56' title='bbox 173 467 239 508; x_wconf 75' lang='lat' dir='ltr'>jicit</span> <span class='ocrx_word' id='word_1_57' title='bbox 256 462 372 501; x_wconf 79' lang='lat' dir='ltr'>Gaius)</span> <span class='ocrx_word' id='word_1_58' title='bbox 395 462 428 492; x_wconf 88' lang='lat' dir='ltr'>in</span> <span class='ocrx_word' id='word_1_59' title='bbox 456 460 521 492; x_wconf 83' lang='lat' dir='ltr'>hoc</span> <span class='ocrx_word' id='word_1_60' title='bbox 550 469 676 501; x_wconf 87' lang='lat' dir='ltr'>tempus</span> <span class='ocrx_word' id='word_1_61' title='bbox 702 459 842 492; x_wconf 80' lang='lat' dir='ltr'>excurrit</span> <span class='ocrx_word' id='word_1_62' title='bbox 866 468 931 500; x_wconf 80' lang='lat' dir='ltr'>quo</span> <span class='ocrx_word' id='word_1_63' title='bbox 953 458 1002 489; x_wconf 87' lang='lat' dir='ltr'>vir</span> <span class='ocrx_word' id='word_1_64' title='bbox 1019 458 1049 488; x_wconf 70' lang='grc' dir='ltr'>δε</span> 
     </span>
     <span class='ocr_line' id='line_1_10' title="bbox 175 501 1049 543; baseline -0.011 -4"><span class='ocrx_word' id='word_1_65' title='bbox 175 516 256 538; x_wconf 87' lang='lat' dir='ltr'>uxor</span> <span class='ocrx_word' id='word_1_66' title='bbox 274 503 335 535; x_wconf 80' lang='lat' dir='ltr'>ess&#39;e</span> <span class='ocrx_word' id='word_1_67' title='bbox 352 501 506 534; x_wconf 85' lang='lat' dir='ltr'>desinunt.</span> <span class='ocrx_word' id='word_1_68' title='bbox 548 503 590 534; x_wconf 86' lang='lat' dir='ltr'>At</span> <span class='ocrx_word' id='word_1_69' title='bbox 605 503 648 534; x_wconf 92' lang='lat' dir='ltr'>nil</span> <span class='ocrx_word' id='word_1_70' title='bbox 666 511 747 543; x_wconf 90' lang='lat' dir='ltr'>opus</span> <span class='ocrx_word' id='word_1_71' title='bbox 764 508 972 541; x_wconf 80' lang='lat' dir='ltr'>argument03</span> <span class='ocrx_word' id='word_1_72' title='bbox 996 505 1049 538; x_wconf 88' lang='lat' dir='ltr'>pa-</span> 
     </span>
     <span class='ocr_line' id='line_1_11' title="bbox 174 542 1050 585; baseline -0.009 -6"><span class='ocrx_word' id='word_1_73' title='bbox 174 549 237 580; x_wconf 87' lang='lat' dir='ltr'>lam</span> <span class='ocrx_word' id='word_1_74' title='bbox 261 546 321 577; x_wconf 82' lang='lat' dir='ltr'>huc</span> <span class='ocrx_word' id='word_1_75' title='bbox 343 552 442 576; x_wconf 84' lang='lat' dir='ltr'>eunte</span> <span class='ocrx_word' id='word_1_76' title='bbox 471 542 610 584; x_wconf 84' lang='lat' dir='ltr'>Ulpiano</span> <span class='ocrx_word' id='word_1_77' title='bbox 635 543 654 575; x_wconf 86' lang='lat' dir='ltr'>l.</span> <span class='ocrx_word' id='word_1_78' title='bbox 670 553 717 585; x_wconf 85' lang='lat'>32.</span> <span class='ocrx_word' id='word_1_79' title='bbox 741 543 770 585; x_wconf 87' lang='lat'>§.</span> <span class='ocrx_word' id='word_1_80' title='bbox 791 546 836 574; x_wconf 90' lang='lat'>16.</span> <span class='ocrx_word' id='word_1_81' title='bbox 859 542 888 573; x_wconf 85' lang='lat' dir='ltr'>h.</span> <span class='ocrx_word' id='word_1_82' title='bbox 905 546 939 580; x_wconf 54' lang='lat' dir='ltr'>t„</span> <span class='ocrx_word' id='word_1_83' title='bbox 952 547 1050 580; x_wconf 89' lang='lat' dir='ltr'>atque</span> 
     </span>
     <span class='ocr_line' id='line_1_12' title="bbox 173 581 1048 627; baseline -0.01 -7"><span class='ocrx_word' id='word_1_84' title='bbox 173 598 215 620; x_wconf 85' lang='lat' dir='ltr'>ex</span> <span class='ocrx_word' id='word_1_85' title='bbox 228 585 416 618; x_wconf 66' lang='lat' dir='ltr'>auctoritate</span> <span class='ocrx_word' id='word_1_86' title='bbox 433 584 611 626; x_wconf 79' lang='lat' dir='ltr'>Papiniani:</span> <span class='ocrx_word' id='word_1_87' title='bbox 628 592 663 616; x_wconf 91' lang='lat' dir='ltr'>ut</span> <span class='ocrx_word' id='word_1_88' title='bbox 678 586 711 616; x_wconf 89' lang='lat' dir='ltr'>in</span> <span class='ocrx_word' id='word_1_89' title='bbox 729 585 804 616; x_wconf 93' lang='lat' dir='ltr'>loco</span> <span class='ocrx_word' id='word_1_90' title='bbox 822 583 957 615; x_wconf 86' lang='lat' dir='ltr'>dicetur.</span> <span class='ocrx_word' id='word_1_91' title='bbox 1000 581 1048 627; x_wconf 75' lang='lat' dir='ltr'>ln-</span> 
     </span>
     <span class='ocr_line' id='line_1_13' title="bbox 174 622 1048 668; baseline -0.01 -6"><span class='ocrx_word' id='word_1_92' title='bbox 174 630 266 662; x_wconf 86' lang='lat' dir='ltr'>terim</span> <span class='ocrx_word' id='word_1_93' title='bbox 288 627 348 665; x_wconf 83' lang='lat' dir='ltr'>(sic</span> <span class='ocrx_word' id='word_1_94' title='bbox 367 627 469 667; x_wconf 85' lang='lat' dir='ltr'>pergit</span> <span class='ocrx_word' id='word_1_95' title='bbox 488 626 640 667; x_wconf 83' lang='lat' dir='ltr'>Ulpianus</span> <span class='ocrx_word' id='word_1_96' title='bbox 661 626 679 656; x_wconf 86' lang='lat' dir='ltr'>l.</span> <span class='ocrx_word' id='word_1_97' title='bbox 701 627 768 665; x_wconf 82' lang='lat'>11.)</span> <span class='ocrx_word' id='word_1_98' title='bbox 791 634 839 657; x_wconf 87' lang='lat' dir='ltr'>res</span> <span class='ocrx_word' id='word_1_99' title='bbox 863 633 928 668; x_wconf 79' lang='lat' dir='ltr'>non</span> <span class='ocrx_word' id='word_1_100' title='bbox 948 622 1048 654; x_wconf 85' lang='lat' dir='ltr'>statim</span> 
     </span>
     <span class='ocr_line' id='line_1_14' title="bbox 173 664 1049 709; baseline -0.01 -7"><span class='ocrx_word' id='word_1_101' title='bbox 173 670 255 702; x_wconf 88' lang='lat' dir='ltr'>fiunt</span> <span class='ocrx_word' id='word_1_102' title='bbox 271 670 354 709; x_wconf 75' lang='lat' dir='ltr'>ejus,</span> <span class='ocrx_word' id='word_1_103' title='bbox 377 668 430 699; x_wconf 71' lang='lat' dir='ltr'>fied</span> <span class='ocrx_word' id='word_1_104' title='bbox 447 676 523 700; x_wconf 92' lang='lat' dir='ltr'>tunc</span> <span class='ocrx_word' id='word_1_105' title='bbox 547 667 675 699; x_wconf 88' lang='lat' dir='ltr'>demum</span> <span class='ocrx_word' id='word_1_106' title='bbox 701 676 774 699; x_wconf 91' lang='lat' dir='ltr'>cum</span> <span class='ocrx_word' id='word_1_107' title='bbox 799 675 885 697; x_wconf 85' lang='lat' dir='ltr'>mors</span> <span class='ocrx_word' id='word_1_108' title='bbox 910 664 1049 696; x_wconf 83' lang='lat' dir='ltr'>insecuta</span> 
     </span>
     <span class='ocr_line' id='line_1_15' title="bbox 173 706 1048 749; baseline -0.009 -6"><span class='ocrx_word' id='word_1_109' title='bbox 173 712 231 743; x_wconf 85' lang='lat' dir='ltr'>est.</span> <span class='ocrx_word' id='word_1_110' title='bbox 254 710 361 748; x_wconf 80' lang='lat' dir='ltr'>addit3</span> <span class='ocrx_word' id='word_1_111' title='bbox 385 710 470 748; x_wconf 89' lang='lat' dir='ltr'>quod</span> <span class='ocrx_word' id='word_1_112' title='bbox 500 709 607 740; x_wconf 89' lang='lat' dir='ltr'>medio</span> <span class='ocrx_word' id='word_1_113' title='bbox 630 707 725 749; x_wconf 80' lang='lat' dir='ltr'>igitur</span> <span class='ocrx_word' id='word_1_114' title='bbox 750 715 896 746; x_wconf 88' lang='lat' dir='ltr'>ternpore</span> <span class='ocrx_word' id='word_1_115' title='bbox 919 706 1048 736; x_wconf 87' lang='lat' dir='ltr'>demum</span> 
     </span>
     <span class='ocr_line' id='line_1_16' title="bbox 174 746 1046 792; baseline -0.01 -7"><span class='ocrx_word' id='word_1_116' title='bbox 174 759 319 785; x_wconf 83' lang='lat' dir='ltr'>remanet</span> <span class='ocrx_word' id='word_1_117' title='bbox 332 753 417 790; x_wconf 82' lang='lat' dir='ltr'>apud</span> <span class='ocrx_word' id='word_1_118' title='bbox 436 759 507 782; x_wconf 88' lang='lat' dir='ltr'>eum</span> <span class='ocrx_word' id='word_1_119' title='bbox 526 751 579 790; x_wconf 90' lang='lat' dir='ltr'>qui</span> <span class='ocrx_word' id='word_1_120' title='bbox 596 748 738 780; x_wconf 89' lang='lat' dir='ltr'>donavit.</span> <span class='ocrx_word' id='word_1_121' title='bbox 783 747 843 780; x_wconf 93' lang='lat' dir='ltr'>Vel</span> <span class='ocrx_word' id='word_1_122' title='bbox 861 746 1046 792; x_wconf 33' lang='lat' dir='ltr'>hoc&#39;recte‚</span> 
     </span>
     <span class='ocr_line' id='line_1_17' title="bbox 175 787 1047 834; baseline -0.01 -8"><span class='ocrx_word' id='word_1_123' title='bbox 175 795 207 826; x_wconf 70' lang='grc' dir='ltr'>ἃ</span> <span class='ocrx_word' id='word_1_124' title='bbox 223 792 379 834; x_wconf 86' lang='lat' dir='ltr'>potestate</span> <span class='ocrx_word' id='word_1_125' title='bbox 395 790 575 830; x_wconf 83' lang='lat' dir='ltr'>Orationis,</span> <span class='ocrx_word' id='word_1_126' title='bbox 600 791 789 822; x_wconf 80' lang='lat' dir='ltr'>donationes</span> <span class='ocrx_word' id='word_1_127' title='bbox 805 788 889 820; x_wconf 81' lang='lat' dir='ltr'>intei-</span> <span class='ocrx_word' id='word_1_128' title='bbox 906 797 1004 818; x_wconf 76' lang='lat' dir='ltr'>vnum</span> <span class='ocrx_word' id='word_1_129' title='bbox 1017 787 1047 818; x_wconf 72' lang='grc' dir='ltr'>δι</span> 
     </span>
     <span class='ocr_line' id='line_1_18' title="bbox 174 829 1047 872; baseline -0.009 -5"><span class='ocrx_word' id='word_1_130' title='bbox 174 844 310 867; x_wconf 81' lang='lat' dir='ltr'>uxorein</span> <span class='ocrx_word' id='word_1_131' title='bbox 327 832 553 872; x_wconf 78' lang='lat' dir='ltr'>improbantis:</span> <span class='ocrx_word' id='word_1_132' title='bbox 577 832 661 863; x_wconf 88' lang='lat' dir='ltr'>inter</span> <span class='ocrx_word' id='word_1_133' title='bbox 682 831 756 863; x_wconf 87' lang='lat' dir='ltr'>alias</span> <span class='ocrx_word' id='word_1_134' title='bbox 782 837 871 862; x_wconf 83' lang='lat' dir='ltr'>certe</span> <span class='ocrx_word' id='word_1_135' title='bbox 898 829 1047 870; x_wconf 81' lang='lat' dir='ltr'>personas</span> 
     </span>
     <span class='ocr_line' id='line_1_19' title="bbox 173 871 1046 917; baseline -0.01 -8"><span class='ocrx_word' id='word_1_136' title='bbox 173 878 255 908; x_wconf 85' lang='lat' dir='ltr'>inter·</span> <span class='ocrx_word' id='word_1_137' title='bbox 279 883 354 914; x_wconf 88' lang='lat' dir='ltr'>quas</span> <span class='ocrx_word' id='word_1_138' title='bbox 377 873 462 904; x_wconf 86' lang='lat' dir='ltr'>licita</span> <span class='ocrx_word' id='word_1_139' title='bbox 479 873 522 905; x_wconf 84' lang='lat' dir='ltr'>est</span> <span class='ocrx_word' id='word_1_140' title='bbox 545 874 697 910; x_wconf 87' lang='lat' dir='ltr'>donatio,</span> <span class='ocrx_word' id='word_1_141' title='bbox 723 882 788 904; x_wconf 86' lang='lat' dir='ltr'>non</span> <span class='ocrx_word' id='word_1_142' title='bbox 813 871 858 903; x_wconf 90' lang='lat' dir='ltr'>est</span> <span class='ocrx_word' id='word_1_143' title='bbox 880 871 941 902; x_wconf 87' lang='lat' dir='ltr'>ita:</span> <span class='ocrx_word' id='word_1_144' title='bbox 971 873 1046 917; x_wconf 81' lang='lat' dir='ltr'>quin</span> 
     </span>
     <span class='ocr_line' id='line_1_20' title="bbox 174 911 1045 958; baseline -0.006 -12"><span class='ocrx_word' id='word_1_145' title='bbox 174 915 277 958; x_wconf 82' lang='lat' dir='ltr'>potest</span> <span class='ocrx_word' id='word_1_146' title='bbox 301 916 383 945; x_wconf 81' lang='lat' dir='ltr'>inter</span> <span class='ocrx_word' id='word_1_147' title='bbox 413 915 469 946; x_wconf 86' lang='lat' dir='ltr'>has</span> <span class='ocrx_word' id='word_1_148' title='bbox 495 915 670 946; x_wconf 88' lang='lat' dir='ltr'>dominium</span> <span class='ocrx_word' id='word_1_149' title='bbox 688 913 788 945; x_wconf 89' lang='lat' dir='ltr'>statim</span> <span class='ocrx_word' id='word_1_150' title='bbox 807 911 959 956; x_wconf 73' lang='lat' dir='ltr'>transire:</span> <span class='ocrx_word' id='word_1_151' title='bbox 994 916 1045 941; x_wconf 81' lang='lat' dir='ltr'>nili</span> 
     </span>
     <span class='ocr_line' id='line_1_21' title="bbox 173 952 1045 994; baseline -0.008 -6"><span class='ocrx_word' id='word_1_152' title='bbox 173 958 216 991; x_wconf 88' lang='lat' dir='ltr'>fic</span> <span class='ocrx_word' id='word_1_153' title='bbox 231 956 286 988; x_wconf 87' lang='lat' dir='ltr'>fiat</span> <span class='ocrx_word' id='word_1_154' title='bbox 304 954 415 987; x_wconf 83' lang='lat' dir='ltr'>mortis</span> <span class='ocrx_word' id='word_1_155' title='bbox 437 956 527 987; x_wconf 86' lang='lat' dir='ltr'>causa</span> <span class='ocrx_word' id='word_1_156' title='bbox 551 956 704 994; x_wconf 78' lang='lat' dir='ltr'>donati03</span> <span class='ocrx_word' id='word_1_157' title='bbox 729 964 762 986; x_wconf 88' lang='lat' dir='ltr'>ut</span> <span class='ocrx_word' id='word_1_158' title='bbox 785 954 961 985; x_wconf 87' lang='lat' dir='ltr'>dominium</span> <span class='ocrx_word' id='word_1_159' title='bbox 991 952 1045 994; x_wconf 85' lang='lat' dir='ltr'>de-</span> 
     </span>
     <span class='ocr_line' id='line_1_22' title="bbox 171 992 1048 1032; baseline -0.011 0"><span class='ocrx_word' id='word_1_160' title='bbox 171 1007 260 1032; x_wconf 85' lang='lat' dir='ltr'>nium</span> <span class='ocrx_word' id='word_1_161' title='bbox 284 1004 390 1029; x_wconf 85' lang='lat' dir='ltr'>morte</span> <span class='ocrx_word' id='word_1_162' title='bbox 414 997 580 1030; x_wconf 86' lang='lat' dir='ltr'>donatoris</span> <span class='ocrx_word' id='word_1_163' title='bbox 605 996 816 1030; x_wconf 77' lang='lat' dir='ltr'>transferatur</span> <span class='ocrx_word' id='word_1_164' title='bbox 841 995 861 1026; x_wconf 92' lang='lat' dir='ltr'>l.</span> <span class='ocrx_word' id='word_1_165' title='bbox 888 1002 917 1026; x_wconf 83' lang='lat'>2.</span> <span class='ocrx_word' id='word_1_166' title='bbox 941 992 983 1024; x_wconf 91' lang='lat' dir='ltr'>D.</span> <span class='ocrx_word' id='word_1_167' title='bbox 1014 994 1048 1023; x_wconf 82' lang='lat' dir='ltr'>de</span> 
     </span>
     <span class='ocr_line' id='line_1_23' title="bbox 172 1038 469 1078; baseline -0.003 -6"><span class='ocrx_word' id='word_1_168' title='bbox 172 1046 256 1072; x_wconf 73' lang='lat' dir='ltr'>mort.</span> <span class='ocrx_word' id='word_1_169' title='bbox 275 1038 352 1078; x_wconf 81' lang='lat' dir='ltr'>caus.</span> <span class='ocrx_word' id='word_1_170' title='bbox 373 1039 469 1071; x_wconf 71' lang='lat' dir='ltr'>donat.</span> 
     </span>
    </p>

    <p class='ocr_par' dir='ltr' id='par_1_3' title="bbox 170 1077 1048 1525">
     <span class='ocr_line' id='line_1_24' title="bbox 217 1077 1045 1121; baseline -0.008 -9"><span class='ocrx_word' id='word_1_171' title='bbox 217 1081 336 1113; x_wconf 82' lang='lat' dir='ltr'>Eadem</span> <span class='ocrx_word' id='word_1_172' title='bbox 354 1080 478 1112; x_wconf 87' lang='lat' dir='ltr'>ratione</span> <span class='ocrx_word' id='word_1_173' title='bbox 495 1080 727 1121; x_wconf 86' lang='lat' dir='ltr'>placuit,inter</span> <span class='ocrx_word' id='word_1_174' title='bbox 743 1078 843 1110; x_wconf 86' lang='lat' dir='ltr'>virum</span> <span class='ocrx_word' id='word_1_175' title='bbox 862 1077 891 1109; x_wconf 89' lang='lat'>&amp;</span> <span class='ocrx_word' id='word_1_176' title='bbox 910 1082 1045 1107; x_wconf 77' lang='lat' dir='ltr'>uxorem</span> 
     </span>
     <span class='ocr_line' id='line_1_25' title="bbox 173 1116 1045 1157; baseline -0.009 -3"><span class='ocrx_word' id='word_1_177' title='bbox 173 1124 282 1155; x_wconf 77' lang='lat' dir='ltr'>valere</span> <span class='ocrx_word' id='word_1_178' title='bbox 298 1120 504 1154; x_wconf 86' lang='lat' dir='ltr'>donationem</span> <span class='ocrx_word' id='word_1_179' title='bbox 522 1121 652 1153; x_wconf 92' lang='lat' dir='ltr'>divortii</span> <span class='ocrx_word' id='word_1_180' title='bbox 669 1120 753 1152; x_wconf 87' lang='lat' dir='ltr'>causa</span> <span class='ocrx_word' id='word_1_181' title='bbox 773 1119 887 1151; x_wconf 74' lang='lat' dir='ltr'>faciam</span> <span class='ocrx_word' id='word_1_182' title='bbox 907 1118 925 1148; x_wconf 87' lang='lat' dir='ltr'>l.</span> <span class='ocrx_word' id='word_1_183' title='bbox 946 1126 992 1148; x_wconf 93' lang='lat'>11.</span> <span class='ocrx_word' id='word_1_184' title='bbox 1015 1116 1045 1157; x_wconf 88' lang='lat'>§.</span> 
     </span>
     <span class='ocr_line' id='line_1_26' title="bbox 172 1159 1048 1204; baseline -0.01 -8"><span class='ocrx_word' id='word_1_185' title='bbox 172 1165 228 1196; x_wconf 79' lang='lat' dir='ltr'>ult.</span> <span class='ocrx_word' id='word_1_186' title='bbox 251 1164 297 1195; x_wconf 87' lang='lat' dir='ltr'>D.</span> <span class='ocrx_word' id='word_1_187' title='bbox 314 1163 341 1194; x_wconf 84' lang='lat' dir='ltr'>h.</span> <span class='ocrx_word' id='word_1_188' title='bbox 359 1169 381 1194; x_wconf 72' lang='lat' dir='ltr'>t.</span> <span class='ocrx_word' id='word_1_189' title='bbox 405 1171 477 1196; x_wconf 88' lang='lat' dir='ltr'>nam</span> <span class='ocrx_word' id='word_1_190' title='bbox 497 1163 548 1195; x_wconf 75' lang='lat' dir='ltr'>vel</span> <span class='ocrx_word' id='word_1_191' title='bbox 565 1162 606 1195; x_wconf 88' lang='lat' dir='ltr'>fic</span> <span class='ocrx_word' id='word_1_192' title='bbox 623 1162 768 1194; x_wconf 87' lang='lat' dir='ltr'>desinunt</span> <span class='ocrx_word' id='word_1_193' title='bbox 792 1160 854 1192; x_wconf 77' lang='lat' dir='ltr'>effe</span> <span class='ocrx_word' id='word_1_194' title='bbox 871 1159 1048 1204; x_wconf 41' lang='lat' dir='ltr'>tales2ma-</span> 
     </span>
     <span class='ocr_line' id='line_1_27' title="bbox 172 1200 1046 1238; baseline -0.011 0"><span class='ocrx_word' id='word_1_195' title='bbox 172 1205 260 1238; x_wconf 81' lang='lat' dir='ltr'>xime</span> <span class='ocrx_word' id='word_1_196' title='bbox 275 1212 381 1236; x_wconf 90' lang='lat' dir='ltr'>autem</span> <span class='ocrx_word' id='word_1_197' title='bbox 401 1205 485 1237; x_wconf 87' lang='lat' dir='ltr'>usum</span> <span class='ocrx_word' id='word_1_198' title='bbox 506 1205 578 1237; x_wconf 87' lang='lat' dir='ltr'>talis</span> <span class='ocrx_word' id='word_1_199' title='bbox 594 1204 728 1236; x_wconf 81' lang='lat' dir='ltr'>donatio</span> <span class='ocrx_word' id='word_1_200' title='bbox 745 1202 870 1234; x_wconf 84' lang='lat' dir='ltr'>invenit</span> <span class='ocrx_word' id='word_1_201' title='bbox 895 1209 925 1230; x_wconf 87' lang='lat' dir='ltr'>in</span> <span class='ocrx_word' id='word_1_202' title='bbox 943 1200 1046 1230; x_wconf 87' lang='lat' dir='ltr'>divor-</span> 
     </span>
     <span class='ocr_line' id='line_1_28' title="bbox 174 1242 1046 1288; baseline -0.01 -10"><span class='ocrx_word' id='word_1_203' title='bbox 174 1246 222 1278; x_wconf 81' lang='lat' dir='ltr'>&#39;tio</span> <span class='ocrx_word' id='word_1_204' title='bbox 239 1247 325 1277; x_wconf 91' lang='lat' dir='ltr'>bona</span> <span class='ocrx_word' id='word_1_205' title='bbox 342 1247 442 1286; x_wconf 84' lang='lat' dir='ltr'>gratia</span> <span class='ocrx_word' id='word_1_206' title='bbox 457 1247 477 1278; x_wconf 88' lang='lat' dir='ltr'>l.</span> <span class='ocrx_word' id='word_1_207' title='bbox 492 1250 542 1278; x_wconf 88' lang='lat'>60.</span> <span class='ocrx_word' id='word_1_208' title='bbox 560 1245 589 1287; x_wconf 86' lang='lat'>§.</span> <span class='ocrx_word' id='word_1_209' title='bbox 611 1255 637 1276; x_wconf 84' lang='grc' dir='ltr'>ι.</span> <span class='ocrx_word' id='word_1_210' title='bbox 651 1244 775 1285; x_wconf 56' lang='lat' dir='ltr'>&amp;seqq</span> <span class='ocrx_word' id='word_1_211' title='bbox 804 1243 841 1274; x_wconf 95' lang='lat' dir='ltr'>D.</span> <span class='ocrx_word' id='word_1_212' title='bbox 857 1242 886 1272; x_wconf 78' lang='lat' dir='ltr'>d.</span> <span class='ocrx_word' id='word_1_213' title='bbox 904 1245 924 1288; x_wconf 62' lang='grc' dir='ltr'>ζ.</span> <span class='ocrx_word' id='word_1_214' title='bbox 949 1248 1046 1286; x_wconf 80' lang='lat' dir='ltr'>atque</span> 
     </span>
     <span class='ocr_line' id='line_1_29' title="bbox 171 1280 1043 1327; baseline -0.011 -7"><span class='ocrx_word' id='word_1_215' title='bbox 171 1288 206 1320; x_wconf 85' lang='lat' dir='ltr'>in</span> <span class='ocrx_word' id='word_1_216' title='bbox 223 1288 282 1319; x_wconf 87' lang='lat' dir='ltr'>bac</span> <span class='ocrx_word' id='word_1_217' title='bbox 300 1296 431 1327; x_wconf 85' lang='lat' dir='ltr'>quoquc</span> <span class='ocrx_word' id='word_1_218' title='bbox 457 1296 524 1319; x_wconf 89' lang='lat' dir='ltr'>turn</span> <span class='ocrx_word' id='word_1_219' title='bbox 541 1287 688 1324; x_wconf 80' lang='lat' dir='ltr'>demum3</span> <span class='ocrx_word' id='word_1_220' title='bbox 711 1285 732 1317; x_wconf 88' lang='lat' dir='ltr'>fi</span> <span class='ocrx_word' id='word_1_221' title='bbox 749 1285 804 1316; x_wconf 88' lang='lat' dir='ltr'>fiat</span> <span class='ocrx_word' id='word_1_222' title='bbox 828 1283 880 1314; x_wconf 88' lang='lat' dir='ltr'>sub</span> <span class='ocrx_word' id='word_1_223' title='bbox 905 1280 973 1321; x_wconf 84' lang='lat' dir='ltr'>ipso</span> <span class='ocrx_word' id='word_1_224' title='bbox 999 1281 1043 1311; x_wconf 85' lang='lat' dir='ltr'>di-</span> 
     </span>
     <span class='ocr_line' id='line_1_30' title="bbox 171 1322 1045 1369; baseline -0.01 -9"><span class='ocrx_word' id='word_1_225' title='bbox 171 1329 270 1361; x_wconf 84' lang='lat' dir='ltr'>vortii</span> <span class='ocrx_word' id='word_1_226' title='bbox 288 1337 454 1369; x_wconf 86' lang='lat' dir='ltr'>tempore:</span> <span class='ocrx_word' id='word_1_227' title='bbox 479 1337 546 1360; x_wconf 91' lang='lat' dir='ltr'>non</span> <span class='ocrx_word' id='word_1_228' title='bbox 568 1337 609 1359; x_wconf 87' lang='lat' dir='ltr'>ex</span> <span class='ocrx_word' id='word_1_229' title='bbox 626 1327 826 1368; x_wconf 87' lang='lat' dir='ltr'>cogitatione</span> <span class='ocrx_word' id='word_1_230' title='bbox 852 1322 1045 1363; x_wconf 80' lang='lat' dir='ltr'>quandoque</span> 
     </span>
     <span class='ocr_line' id='line_1_31' title="bbox 170 1363 1044 1408; baseline -0.011 -6"><span class='ocrx_word' id='word_1_231' title='bbox 170 1369 269 1402; x_wconf 87' lang='lat' dir='ltr'>futuri</span> <span class='ocrx_word' id='word_1_232' title='bbox 286 1368 415 1401; x_wconf 83' lang='lat' dir='ltr'>divortii</span> <span class='ocrx_word' id='word_1_233' title='bbox 438 1370 457 1400; x_wconf 91' lang='lat' dir='ltr'>l.</span> <span class='ocrx_word' id='word_1_234' title='bbox 477 1379 524 1401; x_wconf 87' lang='lat'>12.</span> <span class='ocrx_word' id='word_1_235' title='bbox 550 1369 595 1400; x_wconf 90' lang='lat' dir='ltr'>D.</span> <span class='ocrx_word' id='word_1_236' title='bbox 612 1370 639 1400; x_wconf 79' lang='lat' dir='ltr'>d.</span> <span class='ocrx_word' id='word_1_237' title='bbox 658 1374 680 1398; x_wconf 76' lang='lat' dir='ltr'>t.</span> <span class='ocrx_word' id='word_1_238' title='bbox 726 1367 768 1399; x_wconf 88' lang='lat' dir='ltr'>Et</span> <span class='ocrx_word' id='word_1_239' title='bbox 788 1374 893 1397; x_wconf 86' lang='lat' dir='ltr'>tamen</span> <span class='ocrx_word' id='word_1_240' title='bbox 913 1364 962 1394; x_wconf 79' lang='lat' dir='ltr'>vel</span> <span class='ocrx_word' id='word_1_241' title='bbox 977 1363 1022 1408; x_wconf 71' lang='lat' dir='ltr'>iic</span> <span class='ocrx_word' id='word_1_242' title='bbox 1035 1385 1044 1400; x_wconf 94' lang='lat'>‚</span> 
     </span>
     <span class='ocr_line' id='line_1_32' title="bbox 172 1403 1045 1452; baseline -0.011 -9"><span class='ocrx_word' id='word_1_243' title='bbox 172 1419 282 1443; x_wconf 87' lang='lat' dir='ltr'>morte</span> <span class='ocrx_word' id='word_1_244' title='bbox 298 1410 401 1442; x_wconf 82' lang='lat' dir='ltr'>secuta</span> <span class='ocrx_word' id='word_1_245' title='bbox 420 1418 509 1451; x_wconf 86' lang='lat' dir='ltr'>putat</span> <span class='ocrx_word' id='word_1_246' title='bbox 528 1408 683 1450; x_wconf 85' lang='lat' dir='ltr'>Ulpianus</span> <span class='ocrx_word' id='word_1_247' title='bbox 700 1408 718 1438; x_wconf 89' lang='lat' dir='ltr'>l.</span> <span class='ocrx_word' id='word_1_248' title='bbox 731 1418 776 1444; x_wconf 67' lang='grc' dir='ltr'>η.</span> <span class='ocrx_word' id='word_1_249' title='bbox 799 1415 863 1438; x_wconf 91' lang='lat' dir='ltr'>non</span> <span class='ocrx_word' id='word_1_250' title='bbox 881 1406 987 1452; x_wconf 29' lang='lat' dir='ltr'>videri·</span> <span class='ocrx_word' id='word_1_251' title='bbox 1001 1403 1045 1434; x_wconf 89' lang='lat' dir='ltr'>fa-</span> 
     </span>
     <span class='ocr_line' id='line_1_33' title="bbox 173 1446 1045 1491; baseline -0.009 -7"><span class='ocrx_word' id='word_1_252' title='bbox 173 1453 239 1484; x_wconf 69' lang='lat' dir='ltr'>cias</span> <span class='ocrx_word' id='word_1_253' title='bbox 260 1461 310 1483; x_wconf 89' lang='lat' dir='ltr'>res</span> <span class='ocrx_word' id='word_1_254' title='bbox 326 1450 479 1486; x_wconf 86' lang='lat' dir='ltr'>mulieris:</span> <span class='ocrx_word' id='word_1_255' title='bbox 501 1449 574 1491; x_wconf 89' lang='lat' dir='ltr'>quia</span> <span class='ocrx_word' id='word_1_256' title='bbox 588 1449 719 1482; x_wconf 88' lang='lat' dir='ltr'>donatio</span> <span class='ocrx_word' id='word_1_257' title='bbox 741 1448 820 1480; x_wconf 65' lang='lat' dir='ltr'>facta</span> <span class='ocrx_word' id='word_1_258' title='bbox 837 1447 880 1479; x_wconf 89' lang='lat' dir='ltr'>est</span> <span class='ocrx_word' id='word_1_259' title='bbox 898 1455 928 1478; x_wconf 89' lang='lat' dir='ltr'>in</span> <span class='ocrx_word' id='word_1_260' title='bbox 950 1446 1045 1477; x_wconf 79' lang='lat' dir='ltr'>alium</span> 
     </span>
     <span class='ocr_line' id='line_1_34' title="bbox 171 1492 288 1525; baseline -0.017 0"><span class='ocrx_word' id='word_1_261' title='bbox 171 1492 288 1525; x_wconf 85' lang='lat' dir='ltr'>casum.</span> 
     </span>
    </p>

    <p class='ocr_par' dir='ltr' id='par_1_4' title="bbox 168 1527 1048 2184">
     <span class='ocr_line' id='line_1_35' title="bbox 214 1527 1048 1573; baseline -0.008 -9"><span class='ocrx_word' id='word_1_262' title='bbox 214 1534 334 1565; x_wconf 84' lang='lat' dir='ltr'>Praeter</span> <span class='ocrx_word' id='word_1_263' title='bbox 359 1533 428 1563; x_wconf 83' lang='lat' dir='ltr'>haec</span> <span class='ocrx_word' id='word_1_264' title='bbox 453 1533 497 1563; x_wconf 86' lang='lat' dir='ltr'>ait</span> <span class='ocrx_word' id='word_1_265' title='bbox 522 1531 636 1564; x_wconf 83' lang='lat' dir='ltr'>Paulus</span> <span class='ocrx_word' id='word_1_266' title='bbox 661 1531 679 1563; x_wconf 87' lang='lat' dir='ltr'>l.</span> <span class='ocrx_word' id='word_1_267' title='bbox 706 1539 758 1573; x_wconf 78' lang='grc'>43.</span> <span class='ocrx_word' id='word_1_268' title='bbox 786 1531 830 1562; x_wconf 93' lang='lat' dir='ltr'>D.</span> <span class='ocrx_word' id='word_1_269' title='bbox 855 1530 883 1561; x_wconf 83' lang='lat' dir='ltr'>d.</span> <span class='ocrx_word' id='word_1_270' title='bbox 906 1533 926 1559; x_wconf 79' lang='lat' dir='ltr'>t.</span> <span class='ocrx_word' id='word_1_271' title='bbox 950 1527 1048 1572; x_wconf 73' lang='lat' dir='ltr'>etiarn-</span> 
     </span>
     <span class='ocr_line' id='line_1_36' title="bbox 171 1567 1046 1617; baseline -0.009 -11"><span class='ocrx_word' id='word_1_272' title='bbox 171 1575 260 1617; x_wconf 78' lang='lat' dir='ltr'>polse</span> <span class='ocrx_word' id='word_1_273' title='bbox 291 1575 374 1605; x_wconf 87' lang='lat' dir='ltr'>inter</span> <span class='ocrx_word' id='word_1_274' title='bbox 403 1573 504 1605; x_wconf 87' lang='lat' dir='ltr'>virum</span> <span class='ocrx_word' id='word_1_275' title='bbox 531 1573 562 1604; x_wconf 70' lang='grc' dir='ltr'>ἀ</span> <span class='ocrx_word' id='word_1_276' title='bbox 587 1581 721 1605; x_wconf 84' lang='lat' dir='ltr'>uxorem</span> <span class='ocrx_word' id='word_1_277' title='bbox 744 1572 952 1615; x_wconf 71' lang='lat' dir='ltr'>donationem</span> <span class='ocrx_word' id='word_1_278' title='bbox 979 1567 1046 1598; x_wconf 89' lang='lat' dir='ltr'>fieri</span> 
     </span>
     <span class='ocr_line' id='line_1_37' title="bbox 172 1613 1046 1655; baseline -0.008 -8"><span class='ocrx_word' id='word_1_279' title='bbox 172 1616 256 1649; x_wconf 85' lang='lat' dir='ltr'>exilii</span> <span class='ocrx_word' id='word_1_280' title='bbox 275 1614 381 1646; x_wconf 86' lang='lat' dir='ltr'>causa:</span> <span class='ocrx_word' id='word_1_281' title='bbox 405 1614 435 1645; x_wconf 75' lang='grc' dir='ltr'>δι</span> <span class='ocrx_word' id='word_1_282' title='bbox 466 1613 595 1655; x_wconf 85' lang='lat' dir='ltr'>quidem</span> <span class='ocrx_word' id='word_1_283' title='bbox 614 1613 884 1653; x_wconf 81' lang='lat' dir='ltr'>quemadmodum</span> <span class='ocrx_word' id='word_1_284' title='bbox 912 1620 942 1642; x_wconf 88' lang='lat' dir='ltr'>in</span> <span class='ocrx_word' id='word_1_285' title='bbox 973 1618 1046 1641; x_wconf 86' lang='lat' dir='ltr'>cau·</span> 
     </span>
     <span class='ocr_line' id='line_1_38' title="bbox 171 1651 1045 1695; baseline -0.011 -5"><span class='ocrx_word' id='word_1_286' title='bbox 171 1658 233 1690; x_wconf 86' lang='lat' dir='ltr'>sain</span> <span class='ocrx_word' id='word_1_287' title='bbox 249 1656 396 1688; x_wconf 86' lang='lat' dir='ltr'>divortii:</span> <span class='ocrx_word' id='word_1_288' title='bbox 419 1655 484 1687; x_wconf 85' lang='lat' dir='ltr'>hoc</span> <span class='ocrx_word' id='word_1_289' title='bbox 511 1662 602 1687; x_wconf 86' lang='lat' dir='ltr'>notat</span> <span class='ocrx_word' id='word_1_290' title='bbox 627 1654 782 1695; x_wconf 84' lang='lat' dir='ltr'>Ulpianus</span> <span class='ocrx_word' id='word_1_291' title='bbox 805 1654 834 1684; x_wconf 85' lang='lat' dir='ltr'>d.</span> <span class='ocrx_word' id='word_1_292' title='bbox 852 1653 873 1684; x_wconf 77' lang='grc' dir='ltr'>Ζ.</span> <span class='ocrx_word' id='word_1_293' title='bbox 893 1661 935 1692; x_wconf 82' lang='lat'>13.</span> <span class='ocrx_word' id='word_1_294' title='bbox 964 1651 991 1692; x_wconf 55' lang='grc' dir='ltr'>ᾗ.</span> <span class='ocrx_word' id='word_1_295' title='bbox 1019 1659 1045 1681; x_wconf 79' lang='lat'>1.</span> 
     </span>
     <span class='ocr_line' id='line_1_39' title="bbox 170 1691 1045 1741; baseline -0.01 -10"><span class='ocrx_word' id='word_1_296' title='bbox 170 1698 285 1741; x_wconf 89' lang='lat' dir='ltr'>procul</span> <span class='ocrx_word' id='word_1_297' title='bbox 305 1698 405 1729; x_wconf 89' lang='lat' dir='ltr'>dubio</span> <span class='ocrx_word' id='word_1_298' title='bbox 422 1696 601 1737; x_wconf 71' lang='lat' dir='ltr'>significaris</span> <span class='ocrx_word' id='word_1_299' title='bbox 626 1706 695 1728; x_wconf 88' lang='lat' dir='ltr'>earn</span> <span class='ocrx_word' id='word_1_300' title='bbox 721 1695 923 1726; x_wconf 84' lang='lat' dir='ltr'>donationem</span> <span class='ocrx_word' id='word_1_301' title='bbox 944 1691 1045 1738; x_wconf 81' lang='lat' dir='ltr'>solum</span> 
     </span>
     <span class='ocr_line' id='line_1_40' title="bbox 169 1731 1042 1780; baseline -0.008 -10"><span class='ocrx_word' id='word_1_302' title='bbox 169 1740 297 1775; x_wconf 83' lang='lat' dir='ltr'>valere,</span> <span class='ocrx_word' id='word_1_303' title='bbox 319 1737 340 1770; x_wconf 88' lang='lat' dir='ltr'>fi</span> <span class='ocrx_word' id='word_1_304' title='bbox 364 1737 419 1770; x_wconf 84' lang='lat' dir='ltr'>fiat</span> <span class='ocrx_word' id='word_1_305' title='bbox 434 1738 488 1770; x_wconf 88' lang='lat' dir='ltr'>sub</span> <span class='ocrx_word' id='word_1_306' title='bbox 509 1737 610 1777; x_wconf 88' lang='lat' dir='ltr'>ipsum</span> <span class='ocrx_word' id='word_1_307' title='bbox 635 1737 722 1769; x_wconf 89' lang='lat' dir='ltr'>exilii</span> <span class='ocrx_word' id='word_1_308' title='bbox 742 1743 882 1775; x_wconf 84' lang='lat' dir='ltr'>tempus:</span> <span class='ocrx_word' id='word_1_309' title='bbox 905 1737 977 1780; x_wconf 76' lang='lat' dir='ltr'>quia</span> <span class='ocrx_word' id='word_1_310' title='bbox 1000 1731 1042 1778; x_wconf 75' lang='lat' dir='ltr'>fic</span> 
     </span>
     <span class='ocr_line' id='line_1_41' title="bbox 170 1775 1042 1822; baseline -0.009 -10"><span class='ocrx_word' id='word_1_311' title='bbox 170 1782 301 1813; x_wconf 88' lang='lat' dir='ltr'>demum</span> <span class='ocrx_word' id='word_1_312' title='bbox 317 1780 403 1811; x_wconf 85' lang='lat' dir='ltr'>valet</span> <span class='ocrx_word' id='word_1_313' title='bbox 420 1779 554 1811; x_wconf 87' lang='lat' dir='ltr'>donatio</span> <span class='ocrx_word' id='word_1_314' title='bbox 576 1777 706 1811; x_wconf 83' lang='lat' dir='ltr'>divortii</span> <span class='ocrx_word' id='word_1_315' title='bbox 729 1777 836 1822; x_wconf 37' lang='lat' dir='ltr'>causa·</span> <span class='ocrx_word' id='word_1_316' title='bbox 873 1775 977 1807; x_wconf 87' lang='lat' dir='ltr'>Alicui</span> <span class='ocrx_word' id='word_1_317' title='bbox 997 1782 1042 1804; x_wconf 90' lang='lat' dir='ltr'>vi-</span> 
     </span>
     <span class='ocr_line' id='line_1_42' title="bbox 170 1812 1043 1862; baseline -0.011 -7"><span class='ocrx_word' id='word_1_318' title='bbox 170 1824 282 1855; x_wconf 87' lang='lat' dir='ltr'>deatur</span> <span class='ocrx_word' id='word_1_319' title='bbox 299 1821 363 1853; x_wconf 88' lang='lat' dir='ltr'>tale</span> <span class='ocrx_word' id='word_1_320' title='bbox 377 1820 424 1860; x_wconf 75' lang='lat' dir='ltr'>ius</span> <span class='ocrx_word' id='word_1_321' title='bbox 442 1819 504 1852; x_wconf 81' lang='lat' dir='ltr'>effe</span> <span class='ocrx_word' id='word_1_322' title='bbox 520 1821 688 1852; x_wconf 84' lang='lat' dir='ltr'>subnixum</span> <span class='ocrx_word' id='word_1_323' title='bbox 710 1819 905 1851; x_wconf 77' lang='lat' dir='ltr'>humanitate</span> <span class='ocrx_word' id='word_1_324' title='bbox 930 1815 959 1846; x_wconf 68' lang='grc' dir='ltr'><strong>ἃ</strong></span> <span class='ocrx_word' id='word_1_325' title='bbox 979 1812 1043 1862; x_wconf 66' lang='lat' dir='ltr'>side</span> 
     </span>
     <span class='ocr_line' id='line_1_43' title="bbox 170 1855 1044 1904; baseline -0.01 -9"><span class='ocrx_word' id='word_1_326' title='bbox 170 1863 358 1904; x_wconf 71' lang='lat' dir='ltr'>coniugibus</span> <span class='ocrx_word' id='word_1_327' title='bbox 384 1861 507 1903; x_wconf 84' lang='lat' dir='ltr'>semper</span> <span class='ocrx_word' id='word_1_328' title='bbox 533 1861 664 1893; x_wconf 81' lang='lat' dir='ltr'>honesta</span> <span class='ocrx_word' id='word_1_329' title='bbox 682 1860 712 1892; x_wconf 76' lang='grc' dir='ltr'>δι</span> <span class='ocrx_word' id='word_1_330' title='bbox 739 1860 876 1904; x_wconf 45' lang='lat' dir='ltr'>decora:-</span> <span class='ocrx_word' id='word_1_331' title='bbox 897 1865 958 1889; x_wconf 91' lang='lat' dir='ltr'>nec</span> <span class='ocrx_word' id='word_1_332' title='bbox 979 1855 1044 1896; x_wconf 85' lang='lat' dir='ltr'>ipse</span> 
     </span>
     <span class='ocr_line' id='line_1_44' title="bbox 169 1900 1043 1944; baseline -0.01 -8"><span class='ocrx_word' id='word_1_333' title='bbox 169 1906 254 1938; x_wconf 86' lang='lat' dir='ltr'>hanc</span> <span class='ocrx_word' id='word_1_334' title='bbox 277 1905 437 1935; x_wconf 84' lang='lat' dir='ltr'>rationem</span> <span class='ocrx_word' id='word_1_335' title='bbox 462 1902 595 1935; x_wconf 89' lang='lat' dir='ltr'>omnino</span> <span class='ocrx_word' id='word_1_336' title='bbox 618 1901 780 1943; x_wconf 88' lang='lat' dir='ltr'>improbo.</span> <span class='ocrx_word' id='word_1_337' title='bbox 804 1900 912 1932; x_wconf 86' lang='lat' dir='ltr'>malim</span> <span class='ocrx_word' id='word_1_338' title='bbox 937 1904 1043 1944; x_wconf 79' lang='lat' dir='ltr'>tamen</span> 
     </span>
     <span class='ocr_line' id='line_1_45' title="bbox 168 1938 1043 1987; baseline -0.011 -9"><span class='ocrx_word' id='word_1_339' title='bbox 168 1947 205 1980; x_wconf 81' lang='lat' dir='ltr'>id</span> <span class='ocrx_word' id='word_1_340' title='bbox 223 1952 334 1987; x_wconf 85' lang='lat' dir='ltr'>petere</span> <span class='ocrx_word' id='word_1_341' title='bbox 354 1945 448 1983; x_wconf 90' lang='lat' dir='ltr'>inde,</span> <span class='ocrx_word' id='word_1_342' title='bbox 473 1945 559 1983; x_wconf 86' lang='lat' dir='ltr'>quod</span> <span class='ocrx_word' id='word_1_343' title='bbox 584 1943 833 1984; x_wconf 85' lang='lat' dir='ltr'>deportatione,</span> <span class='ocrx_word' id='word_1_344' title='bbox 855 1940 917 1972; x_wconf 83' lang='lat' dir='ltr'>sive</span> <span class='ocrx_word' id='word_1_345' title='bbox 944 1938 1043 1970; x_wconf 88' lang='lat' dir='ltr'>exilio</span> 
     </span>
     <span class='ocr_line' id='line_1_46' title="bbox 170 1983 1044 2028; baseline -0.011 -8"><span class='ocrx_word' id='word_1_346' title='bbox 170 1987 318 2028; x_wconf 84' lang='lat' dir='ltr'>conjugis</span> <span class='ocrx_word' id='word_1_347' title='bbox 336 1986 455 2025; x_wconf 85' lang='lat' dir='ltr'>nuptiae</span> <span class='ocrx_word' id='word_1_348' title='bbox 470 1985 642 2017; x_wconf 81' lang='lat' dir='ltr'>subtilitate</span> <span class='ocrx_word' id='word_1_349' title='bbox 655 1983 729 2025; x_wconf 83' lang='lat' dir='ltr'>juris</span> <span class='ocrx_word' id='word_1_350' title='bbox 752 1984 916 2028; x_wconf 81' lang='lat' dir='ltr'>solvuntur</span> <span class='ocrx_word' id='word_1_351' title='bbox 931 2003 943 2027; x_wconf 80' lang='lat'>⁹.</span> <span class='ocrx_word' id='word_1_352' title='bbox 965 1987 1044 2011; x_wconf 87' lang='lat' dir='ltr'>tam-</span> 
     </span>
     <span class='ocr_line' id='line_1_47' title="bbox 170 2019 1045 2069; baseline -0.011 -9"><span class='ocrx_word' id='word_1_353' title='bbox 170 2038 268 2069; x_wconf 83' lang='lat' dir='ltr'>quam</span> <span class='ocrx_word' id='word_1_354' title='bbox 285 2029 368 2060; x_wconf 85' lang='lat' dir='ltr'>inter·</span> <span class='ocrx_word' id='word_1_355' title='bbox 390 2026 538 2068; x_wconf 86' lang='lat' dir='ltr'>personas</span> <span class='ocrx_word' id='word_1_356' title='bbox 555 2027 690 2066; x_wconf 79' lang='lat' dir='ltr'>impares</span> <span class='ocrx_word' id='word_1_357' title='bbox 707 2023 874 2057; x_wconf 89' lang='lat' dir='ltr'>connubio</span> <span class='ocrx_word' id='word_1_358' title='bbox 888 2031 960 2061; x_wconf 83' lang='lat' dir='ltr'>Juris</span> <span class='ocrx_word' id='word_1_359' title='bbox 977 2019 1045 2067; x_wconf 80' lang='lat' dir='ltr'>sub-</span> 
     </span>
     <span class='ocr_line' id='line_1_48' title="bbox 170 2063 1047 2111; baseline -0.01 -10"><span class='ocrx_word' id='word_1_360' title='bbox 170 2070 290 2102; x_wconf 80' lang='lat' dir='ltr'>tilitate</span> <span class='ocrx_word' id='word_1_361' title='bbox 313 2068 458 2100; x_wconf 86' lang='lat' dir='ltr'>sublato:</span> <span class='ocrx_word' id='word_1_362' title='bbox 480 2067 556 2099; x_wconf 85' lang='lat' dir='ltr'>licet</span> <span class='ocrx_word' id='word_1_363' title='bbox 581 2067 703 2100; x_wconf 83' lang='lat' dir='ltr'>mulieri</span> <span class='ocrx_word' id='word_1_364' title='bbox 727 2076 768 2098; x_wconf 89' lang='lat' dir='ltr'>eo</span> <span class='ocrx_word' id='word_1_365' title='bbox 793 2063 863 2096; x_wconf 85' lang='lat' dir='ltr'>casu</span> <span class='ocrx_word' id='word_1_366' title='bbox 884 2069 1047 2111; x_wconf 87' lang='lat' dir='ltr'>permitta-</span> 
     </span>
     <span class='ocr_line' id='line_1_49' title="bbox 171 2107 1045 2151; baseline -0.01 -9"><span class='ocrx_word' id='word_1_367' title='bbox 171 2118 242 2151; x_wconf 87' lang='lat' dir='ltr'>tur,</span> <span class='ocrx_word' id='word_1_368' title='bbox 265 2110 287 2143; x_wconf 83' lang='lat' dir='ltr'><strong>fi</strong></span> <span class='ocrx_word' id='word_1_369' title='bbox 305 2110 403 2149; x_wconf 84' lang='lat' dir='ltr'>velit,</span> <span class='ocrx_word' id='word_1_370' title='bbox 426 2111 566 2142; x_wconf 87' lang='lat' dir='ltr'>animum</span> <span class='ocrx_word' id='word_1_371' title='bbox 590 2109 699 2141; x_wconf 86' lang='lat' dir='ltr'>uxoris</span> <span class='ocrx_word' id='word_1_372' title='bbox 722 2107 861 2140; x_wconf 84' lang='lat' dir='ltr'>retinere</span> <span class='ocrx_word' id='word_1_373' title='bbox 881 2114 950 2146; x_wconf 79' lang='lat' dir='ltr'>Jure</span> <span class='ocrx_word' id='word_1_374' title='bbox 972 2112 1045 2145; x_wconf 86' lang='lat' dir='ltr'>gen-</span> 
     </span>
     <span class='ocr_line' id='line_1_50' title="bbox 171 2158 262 2184; baseline -0.011 0"><span class='ocrx_word' id='word_1_375' title='bbox 171 2158 262 2184; x_wconf 83' lang='lat' dir='ltr'>tium.</span> 
     </span>
    </p>

    <p class='ocr_par' dir='ltr' id='par_1_5' title="bbox 172 2187 1047 2563">
     <span class='ocr_line' id='line_1_51' title="bbox 213 2187 1046 2235; baseline -0.013 -10"><span class='ocrx_word' id='word_1_376' title='bbox 213 2192 311 2225; x_wconf 89' lang='lat' dir='ltr'>Utilis</span> <span class='ocrx_word' id='word_1_377' title='bbox 328 2192 359 2224; x_wconf 85' lang='lat'>&amp;</span> <span class='ocrx_word' id='word_1_378' title='bbox 375 2199 448 2234; x_wconf 88' lang='lat' dir='ltr'>apta</span> <span class='ocrx_word' id='word_1_379' title='bbox 472 2187 616 2223; x_wconf 82' lang='lat' dir='ltr'>Orationi</span> <span class='ocrx_word' id='word_1_380' title='bbox 640 2190 703 2222; x_wconf 82' lang='lat' dir='ltr'>fuit</span> <span class='ocrx_word' id='word_1_381' title='bbox 727 2188 868 2235; x_wconf 83' lang='lat' dir='ltr'>superior</span> <span class='ocrx_word' id='word_1_382' title='bbox 891 2187 1046 2218; x_wconf 87' lang='lat' dir='ltr'>Veterum</span> 
     </span>
     <span class='ocr_line' id='line_1_52' title="bbox 172 2225 1046 2272; baseline -0.011 -6"><span class='ocrx_word' id='word_1_383' title='bbox 172 2234 374 2267; x_wconf 85' lang='lat' dir='ltr'>observatio:</span> <span class='ocrx_word' id='word_1_384' title='bbox 396 2234 450 2265; x_wconf 87' lang='lat' dir='ltr'>sed</span> <span class='ocrx_word' id='word_1_385' title='bbox 464 2243 531 2264; x_wconf 91' lang='lat' dir='ltr'>non</span> <span class='ocrx_word' id='word_1_386' title='bbox 549 2234 651 2265; x_wconf 89' lang='lat' dir='ltr'>minus</span> <span class='ocrx_word' id='word_1_387' title='bbox 668 2239 740 2271; x_wconf 86' lang='lat' dir='ltr'>apta</span> <span class='ocrx_word' id='word_1_388' title='bbox 755 2238 814 2261; x_wconf 85' lang='lat' dir='ltr'>erit</span> <span class='ocrx_word' id='word_1_389' title='bbox 832 2229 964 2269; x_wconf 87' lang='lat' dir='ltr'>sequens</span> <span class='ocrx_word' id='word_1_390' title='bbox 982 2225 1046 2272; x_wconf 76' lang='lat' dir='ltr'>Ne·</span> 
     </span>
     <span class='ocr_line' id='line_1_53' title="bbox 173 2268 1045 2316; baseline -0.01 -9"><span class='ocrx_word' id='word_1_391' title='bbox 173 2275 244 2307; x_wconf 82' lang='lat' dir='ltr'>ratii</span> <span class='ocrx_word' id='word_1_392' title='bbox 261 2276 344 2316; x_wconf 88' lang='lat' dir='ltr'>apud</span> <span class='ocrx_word' id='word_1_393' title='bbox 368 2274 500 2307; x_wconf 84' lang='lat' dir='ltr'>Paulum</span> <span class='ocrx_word' id='word_1_394' title='bbox 526 2274 545 2305; x_wconf 90' lang='lat' dir='ltr'>l.</span> <span class='ocrx_word' id='word_1_395' title='bbox 566 2278 614 2306; x_wconf 85' lang='lat'>26.</span> <span class='ocrx_word' id='word_1_396' title='bbox 637 2273 666 2315; x_wconf 86' lang='lat'>§.</span> <span class='ocrx_word' id='word_1_397' title='bbox 687 2282 712 2304; x_wconf 92' lang='lat'>1.</span> <span class='ocrx_word' id='word_1_398' title='bbox 738 2272 785 2303; x_wconf 91' lang='lat' dir='ltr'>D.</span> <span class='ocrx_word' id='word_1_399' title='bbox 801 2271 827 2302; x_wconf 86' lang='lat' dir='ltr'>h.</span> <span class='ocrx_word' id='word_1_400' title='bbox 847 2276 868 2302; x_wconf 70' lang='lat' dir='ltr'>t.</span> <span class='ocrx_word' id='word_1_401' title='bbox 911 2268 960 2315; x_wconf 73' lang='lat' dir='ltr'>Ex</span> <span class='ocrx_word' id='word_1_402' title='bbox 979 2275 1045 2305; x_wconf 87' lang='lat' dir='ltr'>qui-</span> 
     </span>
     <span class='ocr_line' id='line_1_54' title="bbox 174 2309 1047 2349; baseline -0.011 -1"><span class='ocrx_word' id='word_1_403' title='bbox 174 2317 234 2349; x_wconf 86' lang='lat' dir='ltr'>bus</span> <span class='ocrx_word' id='word_1_404' title='bbox 248 2316 345 2348; x_wconf 78' lang='lat' dir='ltr'>causis</span> <span class='ocrx_word' id='word_1_405' title='bbox 369 2317 451 2348; x_wconf 89' lang='lat' dir='ltr'>inter</span> <span class='ocrx_word' id='word_1_406' title='bbox 473 2316 574 2347; x_wconf 87' lang='lat' dir='ltr'>virum</span> <span class='ocrx_word' id='word_1_407' title='bbox 593 2315 623 2346; x_wconf 69' lang='grc' dir='ltr'>ἃ</span> <span class='ocrx_word' id='word_1_408' title='bbox 642 2322 776 2346; x_wconf 89' lang='lat' dir='ltr'>uxorem</span> <span class='ocrx_word' id='word_1_409' title='bbox 802 2310 957 2343; x_wconf 81' lang='lat' dir='ltr'>concessae</span> <span class='ocrx_word' id='word_1_410' title='bbox 978 2309 1047 2340; x_wconf 82' lang='lat' dir='ltr'>sunt</span> 
     </span>
     <span class='ocr_line' id='line_1_55' title="bbox 174 2351 1044 2398; baseline -0.011 -9"><span class='ocrx_word' id='word_1_411' title='bbox 174 2358 388 2397; x_wconf 82' lang='lat' dir='ltr'>donationes,</span> <span class='ocrx_word' id='word_1_412' title='bbox 411 2367 451 2390; x_wconf 87' lang='lat' dir='ltr'>ex</span> <span class='ocrx_word' id='word_1_413' title='bbox 471 2357 582 2389; x_wconf 85' lang='lat' dir='ltr'>iisdem</span> <span class='ocrx_word' id='word_1_414' title='bbox 606 2356 636 2388; x_wconf 87' lang='lat'>&amp;</span> <span class='ocrx_word' id='word_1_415' title='bbox 657 2356 741 2386; x_wconf 84' lang='lat' dir='ltr'>inter</span> <span class='ocrx_word' id='word_1_416' title='bbox 758 2352 922 2398; x_wconf 82' lang='lat' dir='ltr'>socerum,</span> <span class='ocrx_word' id='word_1_417' title='bbox 945 2351 971 2382; x_wconf 66' lang='lat' dir='ltr'>&lt;Si</span> <span class='ocrx_word' id='word_1_418' title='bbox 992 2358 1044 2391; x_wconf 90' lang='lat' dir='ltr'>ge—</span> 
     </span>
     <span class='ocr_line' id='line_1_56' title="bbox 175 2389 1045 2437; baseline -0.01 -7"><span class='ocrx_word' id='word_1_419' title='bbox 175 2407 288 2431; x_wconf 83' lang='lat' dir='ltr'>nerum</span> <span class='ocrx_word' id='word_1_420' title='bbox 306 2422 315 2437; x_wconf 89' lang='lat'>,</span> <span class='ocrx_word' id='word_1_421' title='bbox 346 2408 502 2431; x_wconf 89' lang='lat' dir='ltr'>nurumve</span> <span class='ocrx_word' id='word_1_422' title='bbox 531 2396 693 2429; x_wconf 77' lang='lat' dir='ltr'>concess‘as</span> <span class='ocrx_word' id='word_1_423' title='bbox 718 2394 792 2427; x_wconf 87' lang='lat' dir='ltr'>esse.</span> <span class='ocrx_word' id='word_1_424' title='bbox 834 2393 922 2436; x_wconf 87' lang='lat' dir='ltr'>Quid</span> <span class='ocrx_word' id='word_1_425' title='bbox 947 2389 1045 2436; x_wconf 58' lang='lat' dir='ltr'>indef?</span> 
     </span>
     <span class='ocr_line' id='line_1_57' title="bbox 174 2437 1047 2481; baseline -0.008 -11"><span class='ocrx_word' id='word_1_426' title='bbox 174 2439 240 2481; x_wconf 85' lang='lat' dir='ltr'>ipse</span> <span class='ocrx_word' id='word_1_427' title='bbox 258 2440 391 2478; x_wconf 85' lang='lat' dir='ltr'>Paulus,</span> <span class='ocrx_word' id='word_1_428' title='bbox 424 2439 512 2480; x_wconf 79' lang='lat' dir='ltr'>Ergo</span> <span class='ocrx_word' id='word_1_429' title='bbox 524 2463 534 2478; x_wconf 79' lang='lat'><strong>‚</strong></span> <span class='ocrx_word' id='word_1_430' title='bbox 557 2437 781 2478; x_wconf 87' lang='lat' dir='ltr'>inquit,socer</span> <span class='ocrx_word' id='word_1_431' title='bbox 797 2444 917 2477; x_wconf 88' lang='lat' dir='ltr'>genero</span> <span class='ocrx_word' id='word_1_432' title='bbox 935 2440 1047 2466; x_wconf 86' lang='lat' dir='ltr'>mortis</span> 
     </span>
     <span class='ocr_line' id='line_1_58' title="bbox 174 2475 1045 2518; baseline -0.009 -6"><span class='ocrx_word' id='word_1_433' title='bbox 174 2479 266 2512; x_wconf 89' lang='lat' dir='ltr'>causa</span> <span class='ocrx_word' id='word_1_434' title='bbox 289 2481 339 2512; x_wconf 86' lang='lat' dir='ltr'>vel</span> <span class='ocrx_word' id='word_1_435' title='bbox 364 2481 490 2513; x_wconf 75' lang='lat' dir='ltr'>divortii</span> <span class='ocrx_word' id='word_1_436' title='bbox 507 2480 660 2512; x_wconf 87' lang='lat' dir='ltr'>donabit:</span> <span class='ocrx_word' id='word_1_437' title='bbox 684 2478 737 2510; x_wconf 92' lang='lat' dir='ltr'>sed</span> <span class='ocrx_word' id='word_1_438' title='bbox 760 2477 790 2509; x_wconf 83' lang='lat'>&amp;</span> <span class='ocrx_word' id='word_1_439' title='bbox 810 2485 908 2518; x_wconf 89' lang='lat' dir='ltr'>gener</span> <span class='ocrx_word' id='word_1_440' title='bbox 934 2475 1045 2507; x_wconf 84' lang='lat' dir='ltr'>socero</span> 
     </span>
     <span class='ocr_line' id='line_1_59' title="bbox 173 2519 918 2563; baseline -0.005 -9"><span class='ocrx_word' id='word_1_441' title='bbox 173 2521 288 2554; x_wconf 85' lang='lat' dir='ltr'>mortis</span> <span class='ocrx_word' id='word_1_442' title='bbox 303 2521 362 2552; x_wconf 78' lang='lat' dir='ltr'>suae</span> <span class='ocrx_word' id='word_1_443' title='bbox 379 2523 428 2554; x_wconf 84' lang='lat' dir='ltr'>vel</span> <span class='ocrx_word' id='word_1_444' title='bbox 445 2522 575 2554; x_wconf 89' lang='lat' dir='ltr'>divortii</span> <span class='ocrx_word' id='word_1_445' title='bbox 592 2519 692 2553; x_wconf 87' lang='lat' dir='ltr'>causa.</span> <span class='ocrx_word' id='word_1_446' title='bbox 912 2557 918 2563; x_wconf 37' lang='lat'>¹</span> 
     </span>
    </p>

    <p class='ocr_par' dir='ltr' id='par_1_6' title="bbox 130 2555 1047 3176">
     <span class='ocr_line' id='line_1_60' title="bbox 218 2555 1045 2602; baseline -0.01 -8"><span class='ocrx_word' id='word_1_447' title='bbox 218 2562 364 2602; x_wconf 86' lang='lat' dir='ltr'>Sequens</span> <span class='ocrx_word' id='word_1_448' title='bbox 386 2563 476 2594; x_wconf 90' lang='lat' dir='ltr'>locus</span> <span class='ocrx_word' id='word_1_449' title='bbox 502 2563 572 2601; x_wconf 87' lang='lat' dir='ltr'>est,</span> <span class='ocrx_word' id='word_1_450' title='bbox 603 2563 754 2602; x_wconf 82' lang='lat' dir='ltr'>quidnam</span> <span class='ocrx_word' id='word_1_451' title='bbox 782 2561 865 2592; x_wconf 88' lang='lat' dir='ltr'>inter</span> <span class='ocrx_word' id='word_1_452' title='bbox 889 2565 990 2588; x_wconf 86' lang='lat' dir='ltr'>virum</span> <span class='ocrx_word' id='word_1_453' title='bbox 1014 2555 1045 2587; x_wconf 67' lang='grc' dir='ltr'><strong>ἃ</strong></span> 
     </span>
     <span class='ocr_line' id='line_1_61' title="bbox 172 2598 1043 2644; baseline -0.01 -8"><span class='ocrx_word' id='word_1_454' title='bbox 172 2612 310 2636; x_wconf 83' lang='lat' dir='ltr'>uxorem</span> <span class='ocrx_word' id='word_1_455' title='bbox 334 2602 489 2635; x_wconf 80' lang='lat' dir='ltr'>Oratione</span> <span class='ocrx_word' id='word_1_456' title='bbox 511 2603 727 2644; x_wconf 86' lang='lat' dir='ltr'>prohibeatur.</span> <span class='ocrx_word' id='word_1_457' title='bbox 756 2602 816 2633; x_wconf 88' lang='lat' dir='ltr'>ait:</span> <span class='ocrx_word' id='word_1_458' title='bbox 842 2598 972 2640; x_wconf 80' lang='lat' dir='ltr'>Majores</span> <span class='ocrx_word' id='word_1_459' title='bbox 994 2607 1043 2628; x_wconf 82' lang='lat' dir='ltr'>no-</span> 
     </span>
     <span class='ocr_line' id='line_1_62' title="bbox 170 2641 1045 2686; baseline -0.015 -5"><span class='ocrx_word' id='word_1_460' title='bbox 170 2644 229 2686; x_wconf 75' lang='lat' dir='ltr'>stri</span> <span class='ocrx_word' id='word_1_461' title='bbox 244 2647 320 2676; x_wconf 76' lang='lat' dir='ltr'>inter</span> <span class='ocrx_word' id='word_1_462' title='bbox 341 2645 438 2675; x_wconf 76' lang='lat' dir='ltr'>‘virum</span> <span class='ocrx_word' id='word_1_463' title='bbox 454 2644 489 2679; x_wconf 56' lang='grc' dir='ltr'>ὅ*</span> <span class='ocrx_word' id='word_1_464' title='bbox 510 2655 630 2677; x_wconf 83' lang='lat' dir='ltr'>uxorem</span> <span class='ocrx_word' id='word_1_465' title='bbox 647 2643 811 2675; x_wconf 72' lang='lat' dir='ltr'>clamationes</span> <span class='ocrx_word' id='word_1_466' title='bbox 827 2641 1045 2682; x_wconf 75' lang='lat' dir='ltr'>prohibuerunt.</span> 
     </span>
     <span class='ocr_line' id='line_1_63' title="bbox 175 2683 1047 2724; baseline -0.01 -6"><span class='ocrx_word' id='word_1_467' title='bbox 175 2686 289 2718; x_wconf 86' lang='lat' dir='ltr'>Oratio</span> <span class='ocrx_word' id='word_1_468' title='bbox 311 2683 451 2716; x_wconf 88' lang='lat' dir='ltr'>nominat</span> <span class='ocrx_word' id='word_1_469' title='bbox 474 2686 666 2717; x_wconf 87' lang='lat' dir='ltr'>donationes.</span> <span class='ocrx_word' id='word_1_470' title='bbox 689 2684 747 2715; x_wconf 89' lang='lat' dir='ltr'>alia</span> <span class='ocrx_word' id='word_1_471' title='bbox 763 2683 894 2724; x_wconf 85' lang='lat' dir='ltr'>negotia</span> <span class='ocrx_word' id='word_1_472' title='bbox 909 2689 974 2712; x_wconf 90' lang='lat' dir='ltr'>non</span> <span class='ocrx_word' id='word_1_473' title='bbox 993 2689 1047 2724; x_wconf 78' lang='lat' dir='ltr'>no-</span> 
     </span>
     <span class='ocr_line' id='line_1_64' title="bbox 174 2724 1046 2765; baseline -0.011 -5"><span class='ocrx_word' id='word_1_474' title='bbox 174 2728 288 2760; x_wconf 87' lang='lat' dir='ltr'>minat.</span> <span class='ocrx_word' id='word_1_475' title='bbox 332 2725 431 2758; x_wconf 86' lang='lat' dir='ltr'>Licita</span> <span class='ocrx_word' id='word_1_476' title='bbox 448 2725 542 2765; x_wconf 80' lang='lat' dir='ltr'>igitui-</span> <span class='ocrx_word' id='word_1_477' title='bbox 558 2729 641 2758; x_wconf 87' lang='lat' dir='ltr'>inter</span> <span class='ocrx_word' id='word_1_478' title='bbox 658 2727 760 2757; x_wconf 89' lang='lat' dir='ltr'>virum</span> <span class='ocrx_word' id='word_1_479' title='bbox 786 2724 815 2755; x_wconf 77' lang='grc' dir='ltr'>ὄζ</span> <span class='ocrx_word' id='word_1_480' title='bbox 832 2730 963 2755; x_wconf 83' lang='lat' dir='ltr'>uxorem</span> <span class='ocrx_word' id='word_1_481' title='bbox 985 2726 1046 2751; x_wconf 86' lang='lat' dir='ltr'>erit</span> 
     </span>
     <span class='ocr_line' id='line_1_65' title="bbox 174 2761 1044 2809; baseline -0.011 -7"><span class='ocrx_word' id='word_1_482' title='bbox 174 2767 300 2807; x_wconf 80' lang='lat' dir='ltr'>emptio</span> <span class='ocrx_word' id='word_1_483' title='bbox 318 2767 482 2804; x_wconf 80' lang='lat' dir='ltr'>venditio,</span> <span class='ocrx_word' id='word_1_484' title='bbox 506 2768 595 2799; x_wconf 80' lang='lat' dir='ltr'>verbi</span> <span class='ocrx_word' id='word_1_485' title='bbox 612 2767 812 2809; x_wconf 75' lang='lat' dir='ltr'>gratiazquia</span> <span class='ocrx_word' id='word_1_486' title='bbox 829 2773 893 2796; x_wconf 93' lang='lat' dir='ltr'>non</span> <span class='ocrx_word' id='word_1_487' title='bbox 911 2761 956 2794; x_wconf 87' lang='lat' dir='ltr'>est</span> <span class='ocrx_word' id='word_1_488' title='bbox 971 2770 1044 2802; x_wconf 90' lang='lat' dir='ltr'>pro-</span> 
     </span>
     <span class='ocr_line' id='line_1_66' title="bbox 174 2804 1047 2848; baseline -0.01 -6"><span class='ocrx_word' id='word_1_489' title='bbox 174 2810 300 2842; x_wconf 82' lang='lat' dir='ltr'>hibita:</span> <span class='ocrx_word' id='word_1_490' title='bbox 324 2817 385 2840; x_wconf 90' lang='lat' dir='ltr'>nec</span> <span class='ocrx_word' id='word_1_491' title='bbox 408 2807 627 2839; x_wconf 68' lang='lat' dir='ltr'>retraftabitur</span> <span class='ocrx_word' id='word_1_492' title='bbox 649 2807 732 2839; x_wconf 62' lang='lat' dir='ltr'>facta</span> <span class='ocrx_word' id='word_1_493' title='bbox 750 2808 833 2839; x_wconf 92' lang='lat' dir='ltr'>bona</span> <span class='ocrx_word' id='word_1_494' title='bbox 855 2804 928 2837; x_wconf 83' lang='lat' dir='ltr'>fide.</span> <span class='ocrx_word' id='word_1_495' title='bbox 958 2804 1047 2848; x_wconf 83' lang='lat' dir='ltr'>quod</span> 
     </span>
     <span class='ocr_line' id='line_1_67' title="bbox 173 2844 1047 2892; baseline -0.01 -10"><span class='ocrx_word' id='word_1_496' title='bbox 173 2851 199 2885; x_wconf 83' lang='lat' dir='ltr'><strong>fi</strong></span> <span class='ocrx_word' id='word_1_497' title='bbox 225 2851 327 2892; x_wconf 85' lang='lat' dir='ltr'>palam</span> <span class='ocrx_word' id='word_1_498' title='bbox 354 2848 456 2881; x_wconf 72' lang='lat' dir='ltr'>astum</span> <span class='ocrx_word' id='word_1_499' title='bbox 479 2847 518 2879; x_wconf 84' lang='lat' dir='ltr'>sit</span> <span class='ocrx_word' id='word_1_500' title='bbox 534 2870 544 2885; x_wconf 88' lang='lat'>‚</span> <span class='ocrx_word' id='word_1_501' title='bbox 575 2856 609 2878; x_wconf 86' lang='lat' dir='ltr'>ut</span> <span class='ocrx_word' id='word_1_502' title='bbox 632 2849 708 2880; x_wconf 80' lang='lat' dir='ltr'>effet</span> <span class='ocrx_word' id='word_1_503' title='bbox 730 2848 852 2888; x_wconf 84' lang='lat' dir='ltr'>emptio</span> <span class='ocrx_word' id='word_1_504' title='bbox 873 2844 1047 2892; x_wconf 60' lang='lat' dir='ltr'>venditio}</span> 
     </span>
     <span class='ocr_line' id='line_1_68' title="bbox 176 2888 1047 2929; baseline -0.011 -4"><span class='ocrx_word' id='word_1_505' title='bbox 176 2894 282 2925; x_wconf 81' lang='lat' dir='ltr'>exitus</span> <span class='ocrx_word' id='word_1_506' title='bbox 307 2898 412 2922; x_wconf 90' lang='lat' dir='ltr'>autem</span> <span class='ocrx_word' id='word_1_507' title='bbox 441 2890 479 2921; x_wconf 90' lang='lat' dir='ltr'>ad</span> <span class='ocrx_word' id='word_1_508' title='bbox 504 2889 706 2921; x_wconf 85' lang='lat' dir='ltr'>donationem</span> <span class='ocrx_word' id='word_1_509' title='bbox 730 2889 871 2929; x_wconf 66' lang='lat' dir='ltr'>spectet,</span> <span class='ocrx_word' id='word_1_510' title='bbox 903 2894 969 2918; x_wconf 90' lang='lat' dir='ltr'>tum</span> <span class='ocrx_word' id='word_1_511' title='bbox 994 2888 1047 2916; x_wconf 81' lang='lat' dir='ltr'>etii</span> 
     </span>
     <span class='ocr_line' id='line_1_69' title="bbox 173 2930 1047 2972; baseline -0.009 -7"><span class='ocrx_word' id='word_1_512' title='bbox 173 2933 254 2967; x_wconf 79' lang='lat' dir='ltr'>nihil</span> <span class='ocrx_word' id='word_1_513' title='bbox 278 2932 397 2964; x_wconf 59' lang='lat' dir='ltr'>facturn</span> <span class='ocrx_word' id='word_1_514' title='bbox 422 2931 456 2962; x_wconf 86' lang='lat' dir='ltr'>fit</span> <span class='ocrx_word' id='word_1_515' title='bbox 479 2938 591 2961; x_wconf 84' lang='lat' dir='ltr'>contra</span> <span class='ocrx_word' id='word_1_516' title='bbox 610 2930 704 2960; x_wconf 83' lang='lat' dir='ltr'>verba</span> <span class='ocrx_word' id='word_1_517' title='bbox 728 2930 907 2966; x_wconf 83' lang='lat' dir='ltr'>Orationis,</span> <span class='ocrx_word' id='word_1_518' title='bbox 940 2935 1047 2972; x_wconf 79' lang='lat' dir='ltr'>tamen</span> 
     </span>
     <span class='ocr_line' id='line_1_70' title="bbox 172 2970 1046 3014; baseline -0.01 -7"><span class='ocrx_word' id='word_1_519' title='bbox 172 2975 303 3014; x_wconf 68' lang='lat' dir='ltr'>quaesito</span> <span class='ocrx_word' id='word_1_520' title='bbox 318 2973 427 3005; x_wconf 87' lang='lat' dir='ltr'>colore</span> <span class='ocrx_word' id='word_1_521' title='bbox 445 2971 661 3004; x_wconf 80' lang='lat' dir='ltr'>circumventa</span> <span class='ocrx_word' id='word_1_522' title='bbox 678 2970 721 3001; x_wconf 84' lang='lat' dir='ltr'>est</span> <span class='ocrx_word' id='word_1_523' title='bbox 739 2981 827 3003; x_wconf 89' lang='lat' dir='ltr'>mens</span> <span class='ocrx_word' id='word_1_524' title='bbox 845 2971 1046 3012; x_wconf 78' lang='lat' dir='ltr'>eius,proin-</span> 
     </span>
     <span class='ocr_line' id='line_1_71' title="bbox 170 3010 1047 3051; baseline -0.01 -3"><span class='ocrx_word' id='word_1_525' title='bbox 170 3016 213 3047; x_wconf 88' lang='lat' dir='ltr'>de</span> <span class='ocrx_word' id='word_1_526' title='bbox 239 3025 304 3047; x_wconf 90' lang='lat' dir='ltr'>non</span> <span class='ocrx_word' id='word_1_527' title='bbox 322 3015 407 3046; x_wconf 87' lang='lat' dir='ltr'>valet</span> <span class='ocrx_word' id='word_1_528' title='bbox 437 3012 560 3051; x_wconf 89' lang='lat' dir='ltr'>emptio</span> <span class='ocrx_word' id='word_1_529' title='bbox 582 3010 727 3042; x_wconf 87' lang='lat' dir='ltr'>venditio</span> <span class='ocrx_word' id='word_1_530' title='bbox 742 3020 812 3050; x_wconf 82' lang='lat' dir='ltr'>quae</span> <span class='ocrx_word' id='word_1_531' title='bbox 838 3011 883 3043; x_wconf 91' lang='lat' dir='ltr'>est</span> <span class='ocrx_word' id='word_1_532' title='bbox 899 3011 1047 3050; x_wconf 83' lang='lat' dir='ltr'>imagina-</span> 
     </span>
     <span class='ocr_line' id='line_1_72' title="bbox 171 3048 1045 3089; baseline -0.009 0"><span class='ocrx_word' id='word_1_533' title='bbox 171 3058 234 3089; x_wconf 82' lang='lat' dir='ltr'>ria:</span> <span class='ocrx_word' id='word_1_534' title='bbox 261 3065 366 3089; x_wconf 78' lang='lat' dir='ltr'>eoque</span> <span class='ocrx_word' id='word_1_535' title='bbox 385 3054 548 3089; x_wconf 61' lang='lat' dir='ltr'>demerito.</span> <span class='ocrx_word' id='word_1_536' title='bbox 573 3062 607 3085; x_wconf 88' lang='lat' dir='ltr'>re</span> <span class='ocrx_word' id='word_1_537' title='bbox 623 3060 696 3084; x_wconf 86' lang='lat' dir='ltr'>vera</span> <span class='ocrx_word' id='word_1_538' title='bbox 718 3052 850 3083; x_wconf 87' lang='lat' dir='ltr'>donatio</span> <span class='ocrx_word' id='word_1_539' title='bbox 866 3059 977 3083; x_wconf 89' lang='lat' dir='ltr'>contra</span> <span class='ocrx_word' id='word_1_540' title='bbox 1000 3048 1045 3080; x_wconf 92' lang='lat' dir='ltr'>O·</span> 
     </span>
     <span class='ocr_line' id='line_1_73' title="bbox 170 3091 1042 3137; baseline -0.007 -9"><span class='ocrx_word' id='word_1_541' title='bbox 170 3097 325 3130; x_wconf 82' lang='lat' dir='ltr'>rationem</span> <span class='ocrx_word' id='word_1_542' title='bbox 349 3096 440 3128; x_wconf 62' lang='lat' dir='ltr'>safra.</span> <span class='ocrx_word' id='word_1_543' title='bbox 456 3095 499 3127; x_wconf 90' lang='lat' dir='ltr'>lta</span> <span class='ocrx_word' id='word_1_544' title='bbox 514 3094 584 3126; x_wconf 88' lang='lat' dir='ltr'>fere</span> <span class='ocrx_word' id='word_1_545' title='bbox 600 3092 751 3133; x_wconf 87' lang='lat' dir='ltr'>Ulpianus</span> <span class='ocrx_word' id='word_1_546' title='bbox 768 3093 787 3122; x_wconf 86' lang='lat' dir='ltr'>l.</span> <span class='ocrx_word' id='word_1_547' title='bbox 805 3101 837 3137; x_wconf 37' lang='lat'>7..</span> <span class='ocrx_word' id='word_1_548' title='bbox 856 3093 882 3133; x_wconf 84' lang='lat'>§.</span> <span class='ocrx_word' id='word_1_549' title='bbox 901 3096 931 3123; x_wconf 87' lang='lat'>6.</span> <span class='ocrx_word' id='word_1_550' title='bbox 959 3092 1003 3122; x_wconf 90' lang='lat' dir='ltr'>D.</span> <span class='ocrx_word' id='word_1_551' title='bbox 1015 3091 1042 3122; x_wconf 84' lang='lat' dir='ltr'>b.</span> 
     </span>
     <span class='ocr_line' id='line_1_74' title="bbox 130 3132 1042 3176; baseline -0.007 -6"><span class='ocrx_word' id='word_1_552' title='bbox 130 3159 133 3161; x_wconf 98' lang='lat'>-</span> <span class='ocrx_word' id='word_1_553' title='bbox 171 3145 194 3170; x_wconf 70' lang='grc' dir='ltr'>ι.</span> <span class='ocrx_word' id='word_1_554' title='bbox 219 3138 249 3170; x_wconf 90' lang='lat'>&amp;</span> <span class='ocrx_word' id='word_1_555' title='bbox 266 3146 339 3169; x_wconf 88' lang='lat' dir='ltr'>ante</span> <span class='ocrx_word' id='word_1_556' title='bbox 356 3145 427 3170; x_wconf 86' lang='lat' dir='ltr'>eum</span> <span class='ocrx_word' id='word_1_557' title='bbox 443 3137 605 3176; x_wconf 84' lang='lat' dir='ltr'>Julianus:</span> <span class='ocrx_word' id='word_1_558' title='bbox 630 3133 682 3166; x_wconf 90' lang='lat' dir='ltr'>sed</span> <span class='ocrx_word' id='word_1_559' title='bbox 698 3133 805 3174; x_wconf 82' lang='lat' dir='ltr'>(quod</span> <span class='ocrx_word' id='word_1_560' title='bbox 830 3134 914 3164; x_wconf 88' lang='lat' dir='ltr'>idem</span> <span class='ocrx_word' id='word_1_561' title='bbox 939 3132 1042 3164; x_wconf 79' lang='lat' dir='ltr'>obser-</span> 
     </span>
    </p>
   </div>
   <div class='ocr_carea' id='block_1_3' title="bbox 168 3172 1045 3221">
    <p class='ocr_par' dir='ltr' id='par_1_7' title="bbox 168 3172 1045 3221">
     <span class='ocr_line' id='line_1_75' title="bbox 168 3172 1045 3221; baseline -0.008 -8"><span class='ocrx_word' id='word_1_562' title='bbox 168 3187 223 3214; x_wconf 76' lang='lat' dir='ltr'>vat</span> <span class='ocrx_word' id='word_1_563' title='bbox 248 3179 398 3221; x_wconf 78' lang='lat' dir='ltr'>Ulpianus</span> <span class='ocrx_word' id='word_1_564' title='bbox 423 3188 465 3213; x_wconf 83' lang='lat' dir='ltr'>ex</span> <span class='ocrx_word' id='word_1_565' title='bbox 486 3176 642 3212; x_wconf 76' lang='lat' dir='ltr'>sententia</span> <span class='ocrx_word' id='word_1_566' title='bbox 665 3173 833 3211; x_wconf 83' lang='lat' dir='ltr'>Neratii&amp;</span> <span class='ocrx_word' id='word_1_567' title='bbox 850 3214 860 3219; x_wconf 74' lang='lat'>-</span> <span class='ocrx_word' id='word_1_568' title='bbox 875 3172 1045 3214; x_wconf 72' lang='lat' dir='ltr'>Pomponii</span> 
     </span>
    </p>
   </div>
   <div class='ocr_carea' id='block_1_4' title="bbox 167 85 950 135">
    <p class='ocr_par' dir='ltr' id='par_1_8' title="bbox 167 85 950 135">
     <span class='ocr_line' id='line_1_76' title="bbox 167 85 950 135; baseline -0.014 -8"><span class='ocrx_word' id='word_1_569' title='bbox 167 103 236 135; x_wconf 54' lang='grc' dir='ltr'>με</span> <span class='ocrx_word' id='word_1_570' title='bbox 601 85 950 121; x_wconf 70' lang='lat' dir='ltr'>GznARn1</span> 
     </span>
    </p>
   </div>
   <div class='ocr_carea' id='block_1_5' title="bbox 1083 79 1970 3006">
    <p class='ocr_par' dir='ltr' id='par_1_9' title="bbox 1083 79 1970 2173">
     <span class='ocr_line' id='line_1_77' title="bbox 1083 79 1534 116; baseline 0.002 -3"><span class='ocrx_word' id='word_1_571' title='bbox 1083 89 1104 113; x_wconf 91' lang='lat' dir='ltr'>o</span> <span class='ocrx_word' id='word_1_572' title='bbox 1137 86 1159 113; x_wconf 84' lang='lat' dir='ltr'>&#39;o</span> <span class='ocrx_word' id='word_1_573' title='bbox 1193 85 1218 114; x_wconf 78' lang='lat'>1)</span> <span class='ocrx_word' id='word_1_574' title='bbox 1253 89 1276 114; x_wconf 76' lang='lat' dir='ltr'>T</span> <span class='ocrx_word' id='word_1_575' title='bbox 1334 79 1361 115; x_wconf 86' lang='lat' dir='ltr'>C</span> <span class='ocrx_word' id='word_1_576' title='bbox 1394 92 1415 116; x_wconf 86' lang='lat' dir='ltr'>o</span> <span class='ocrx_word' id='word_1_577' title='bbox 1447 86 1473 116; x_wconf 73' lang='lat' dir='ltr'>M</span> <span class='ocrx_word' id='word_1_578' title='bbox 1507 85 1534 114; x_wconf 72' lang='lat' dir='ltr'>M</span> 
     </span>
     <span class='ocr_line' id='line_1_78' title="bbox 1090 167 1959 213; baseline 0.007 -14"><span class='ocrx_word' id='word_1_579' title='bbox 1090 168 1108 199; x_wconf 88' lang='lat' dir='ltr'>l.</span> <span class='ocrx_word' id='word_1_580' title='bbox 1125 177 1154 209; x_wconf 86' lang='lat'>5.</span> <span class='ocrx_word' id='word_1_581' title='bbox 1178 167 1206 209; x_wconf 58' lang='grc' dir='ltr'>ς.</span> <span class='ocrx_word' id='word_1_582' title='bbox 1226 173 1256 208; x_wconf 81' lang='lat'>5.</span> <span class='ocrx_word' id='word_1_583' title='bbox 1278 168 1323 201; x_wconf 90' lang='lat' dir='ltr'>D.</span> <span class='ocrx_word' id='word_1_584' title='bbox 1339 169 1367 201; x_wconf 85' lang='lat' dir='ltr'>h.</span> <span class='ocrx_word' id='word_1_585' title='bbox 1382 169 1428 209; x_wconf 64' lang='lat' dir='ltr'>r.)</span> <span class='ocrx_word' id='word_1_586' title='bbox 1449 177 1519 201; x_wconf 91' lang='lat' dir='ltr'>cum</span> <span class='ocrx_word' id='word_1_587' title='bbox 1537 169 1645 210; x_wconf 87' lang='lat' dir='ltr'>aliquo</span> <span class='ocrx_word' id='word_1_588' title='bbox 1660 171 1864 213; x_wconf 85' lang='lat' dir='ltr'>accipiendus</span> <span class='ocrx_word' id='word_1_589' title='bbox 1881 178 1959 206; x_wconf 82' lang='lat' dir='ltr'>tem-</span> 
     </span>
     <span class='ocr_line' id='line_1_79' title="bbox 1090 211 1958 249; baseline 0.007 -9"><span class='ocrx_word' id='word_1_590' title='bbox 1090 216 1295 248; x_wconf 87' lang='lat' dir='ltr'>peramento:</span> <span class='ocrx_word' id='word_1_591' title='bbox 1317 211 1361 242; x_wconf 89' lang='lat' dir='ltr'>ait</span> <span class='ocrx_word' id='word_1_592' title='bbox 1383 212 1485 249; x_wconf 89' lang='lat' dir='ltr'>enim,</span> <span class='ocrx_word' id='word_1_593' title='bbox 1510 212 1728 244; x_wconf 89' lang='lat' dir='ltr'>venditionem</span> <span class='ocrx_word' id='word_1_594' title='bbox 1751 215 1834 245; x_wconf 88' lang='lat' dir='ltr'>inter</span> <span class='ocrx_word' id='word_1_595' title='bbox 1856 214 1958 246; x_wconf 83' lang='lat' dir='ltr'>vii-um</span> 
     </span>
     <span class='ocr_line' id='line_1_80' title="bbox 1091 249 1962 292; baseline 0.006 -11"><span class='ocrx_word' id='word_1_596' title='bbox 1091 252 1118 281; x_wconf 74' lang='grc' dir='ltr'>ἃ</span> <span class='ocrx_word' id='word_1_597' title='bbox 1137 259 1271 282; x_wconf 86' lang='lat' dir='ltr'>uxorem</span> <span class='ocrx_word' id='word_1_598' title='bbox 1286 249 1400 284; x_wconf 63' lang='lat' dir='ltr'>faeiem</span> <span class='ocrx_word' id='word_1_599' title='bbox 1424 252 1607 284; x_wconf 87' lang='lat' dir='ltr'>donationis</span> <span class='ocrx_word' id='word_1_600' title='bbox 1629 253 1738 292; x_wconf 79' lang='lat' dir='ltr'>causa,</span> <span class='ocrx_word' id='word_1_601' title='bbox 1761 254 1875 286; x_wconf 90' lang='lat' dir='ltr'>nullius</span> <span class='ocrx_word' id='word_1_602' title='bbox 1896 255 1962 286; x_wconf 81' lang='lat' dir='ltr'>effe</span> 
     </span>
     <span class='ocr_line' id='line_1_81' title="bbox 1091 291 1960 331; baseline 0.006 -9"><span class='ocrx_word' id='word_1_603' title='bbox 1091 292 1262 324; x_wconf 87' lang='lat' dir='ltr'>momenti:</span> <span class='ocrx_word' id='word_1_604' title='bbox 1291 291 1313 324; x_wconf 84' lang='lat' dir='ltr'><strong>fi</strong></span> <span class='ocrx_word' id='word_1_605' title='bbox 1338 293 1439 325; x_wconf 90' lang='lat' dir='ltr'>modo</span> <span class='ocrx_word' id='word_1_606' title='bbox 1455 291 1603 331; x_wconf 90' lang='lat' dir='ltr'>maritus,</span> <span class='ocrx_word' id='word_1_607' title='bbox 1632 303 1704 326; x_wconf 86' lang='lat' dir='ltr'>curn</span> <span class='ocrx_word' id='word_1_608' title='bbox 1729 304 1794 327; x_wconf 83' lang='lat' dir='ltr'>non</span> <span class='ocrx_word' id='word_1_609' title='bbox 1825 295 1960 327; x_wconf 83' lang='lat' dir='ltr'>haberet</span> 
     </span>
     <span class='ocr_line' id='line_1_82' title="bbox 1091 332 1959 374; baseline 0.007 -11"><span class='ocrx_word' id='word_1_610' title='bbox 1091 332 1229 364; x_wconf 84' lang='lat' dir='ltr'>animum</span> <span class='ocrx_word' id='word_1_611' title='bbox 1253 333 1439 374; x_wconf 80' lang='lat' dir='ltr'>vendendi,</span> <span class='ocrx_word' id='word_1_612' title='bbox 1472 335 1694 367; x_wconf 88' lang='lat' dir='ltr'>venditionem</span> <span class='ocrx_word' id='word_1_613' title='bbox 1719 335 1841 368; x_wconf 91' lang='lat' dir='ltr'>idcirco</span> <span class='ocrx_word' id='word_1_614' title='bbox 1871 345 1959 368; x_wconf 89' lang='lat' dir='ltr'>coin·</span> 
     </span>
     <span class='ocr_line' id='line_1_83' title="bbox 1091 372 1960 412; baseline 0.005 -7"><span class='ocrx_word' id='word_1_615' title='bbox 1091 380 1218 405; x_wconf 80' lang='lat' dir='ltr'>meritus</span> <span class='ocrx_word' id='word_1_616' title='bbox 1233 372 1288 412; x_wconf 82' lang='lat' dir='ltr'>fit,</span> <span class='ocrx_word' id='word_1_617' title='bbox 1310 383 1344 406; x_wconf 89' lang='lat' dir='ltr'>ut</span> <span class='ocrx_word' id='word_1_618' title='bbox 1358 375 1501 407; x_wconf 83' lang='lat' dir='ltr'>donaret.</span> <span class='ocrx_word' id='word_1_619' title='bbox 1511 377 1676 407; x_wconf 87' lang='lat' dir='ltr'>enimvero</span> <span class='ocrx_word' id='word_1_620' title='bbox 1692 375 1714 408; x_wconf 89' lang='lat' dir='ltr'><strong>fi</strong></span> <span class='ocrx_word' id='word_1_621' title='bbox 1731 386 1804 409; x_wconf 91' lang='lat' dir='ltr'>cum</span> <span class='ocrx_word' id='word_1_622' title='bbox 1819 378 1960 409; x_wconf 80' lang='lat' dir='ltr'>animum</span> 
     </span>
     <span class='ocr_line' id='line_1_84' title="bbox 1092 414 1960 459; baseline 0.006 -15"><span class='ocrx_word' id='word_1_623' title='bbox 1092 415 1253 459; x_wconf 71' lang='lat' dir='ltr'>vendendi</span> <span class='ocrx_word' id='word_1_624' title='bbox 1272 414 1421 455; x_wconf 87' lang='lat' dir='ltr'>haberet,</span> <span class='ocrx_word' id='word_1_625' title='bbox 1444 426 1484 448; x_wconf 88' lang='lat' dir='ltr'>ex</span> <span class='ocrx_word' id='word_1_626' title='bbox 1509 419 1614 457; x_wconf 86' lang='lat' dir='ltr'>pretio</span> <span class='ocrx_word' id='word_1_627' title='bbox 1636 418 1665 448; x_wconf 85' lang='lat' dir='ltr'>ei</span> <span class='ocrx_word' id='word_1_628' title='bbox 1689 418 1825 457; x_wconf 71' lang='lat' dir='ltr'>remitit,</span> <span class='ocrx_word' id='word_1_629' title='bbox 1847 420 1960 450; x_wconf 87' lang='lat' dir='ltr'>vendi-</span> 
     </span>
     <span class='ocr_line' id='line_1_85' title="bbox 1093 457 1959 497; baseline 0.007 -12"><span class='ocrx_word' id='word_1_630' title='bbox 1093 463 1215 486; x_wconf 83' lang='lat' dir='ltr'>tionem</span> <span class='ocrx_word' id='word_1_631' title='bbox 1233 457 1361 495; x_wconf 88' lang='lat' dir='ltr'>quidem</span> <span class='ocrx_word' id='word_1_632' title='bbox 1386 458 1512 497; x_wconf 89' lang='lat' dir='ltr'>valere,</span> <span class='ocrx_word' id='word_1_633' title='bbox 1537 458 1751 491; x_wconf 85' lang='lat' dir='ltr'>remiffionern</span> <span class='ocrx_word' id='word_1_634' title='bbox 1773 468 1877 491; x_wconf 88' lang='lat' dir='ltr'>autem</span> <span class='ocrx_word' id='word_1_635' title='bbox 1904 460 1959 491; x_wconf 86' lang='lat' dir='ltr'>ha-</span> 
     </span>
     <span class='ocr_line' id='line_1_86' title="bbox 1092 497 1961 542; baseline 0.008 -16"><span class='ocrx_word' id='word_1_636' title='bbox 1092 497 1201 541; x_wconf 59' lang='lat' dir='ltr'>etenus</span> <span class='ocrx_word' id='word_1_637' title='bbox 1222 505 1287 527; x_wconf 87' lang='lat' dir='ltr'>non</span> <span class='ocrx_word' id='word_1_638' title='bbox 1312 497 1435 538; x_wconf 90' lang='lat' dir='ltr'>valere,</span> <span class='ocrx_word' id='word_1_639' title='bbox 1466 506 1622 540; x_wconf 86' lang='lat' dir='ltr'>quatenus</span> <span class='ocrx_word' id='word_1_640' title='bbox 1643 498 1725 531; x_wconf 66' lang='lat' dir='ltr'>faeta</span> <span class='ocrx_word' id='word_1_641' title='bbox 1749 500 1795 532; x_wconf 89' lang='lat' dir='ltr'>est</span> <span class='ocrx_word' id='word_1_642' title='bbox 1817 500 1961 542; x_wconf 88' lang='lat' dir='ltr'>locuple-</span> 
     </span>
     <span class='ocr_line' id='line_1_87' title="bbox 1091 538 1962 582; baseline 0.007 -14"><span class='ocrx_word' id='word_1_643' title='bbox 1091 546 1166 569; x_wconf 85' lang='lat' dir='ltr'>tior.</span> <span class='ocrx_word' id='word_1_644' title='bbox 1190 543 1296 577; x_wconf 81' lang='lat' dir='ltr'>iiaque</span> <span class='ocrx_word' id='word_1_645' title='bbox 1310 538 1415 578; x_wconf 84' lang='lat' dir='ltr'>addit,</span> <span class='ocrx_word' id='word_1_646' title='bbox 1437 539 1458 570; x_wconf 83' lang='lat' dir='ltr'>fi</span> <span class='ocrx_word' id='word_1_647' title='bbox 1482 550 1531 572; x_wconf 88' lang='lat' dir='ltr'>res</span> <span class='ocrx_word' id='word_1_648' title='bbox 1554 541 1736 581; x_wconf 88' lang='lat' dir='ltr'>quindecim</span> <span class='ocrx_word' id='word_1_649' title='bbox 1758 542 1848 573; x_wconf 88' lang='lat' dir='ltr'>venit</span> <span class='ocrx_word' id='word_1_650' title='bbox 1871 543 1962 582; x_wconf 84' lang='lat' dir='ltr'>quin-</span> 
     </span>
     <span class='ocr_line' id='line_1_88' title="bbox 1091 580 1960 622; baseline 0.007 -13"><span class='ocrx_word' id='word_1_651' title='bbox 1091 587 1172 619; x_wconf 88' lang='lat' dir='ltr'>que,</span> <span class='ocrx_word' id='word_1_652' title='bbox 1205 587 1292 610; x_wconf 86' lang='lat' dir='ltr'>nunc</span> <span class='ocrx_word' id='word_1_653' title='bbox 1314 586 1420 611; x_wconf 88' lang='lat' dir='ltr'>autem</span> <span class='ocrx_word' id='word_1_654' title='bbox 1443 580 1480 612; x_wconf 86' lang='lat' dir='ltr'>fit</span> <span class='ocrx_word' id='word_1_655' title='bbox 1503 582 1615 613; x_wconf 89' lang='lat' dir='ltr'>decem</span> <span class='ocrx_word' id='word_1_656' title='bbox 1632 605 1642 619; x_wconf 87' lang='lat'>,</span> <span class='ocrx_word' id='word_1_657' title='bbox 1671 583 1813 622; x_wconf 88' lang='lat' dir='ltr'>quinque</span> <span class='ocrx_word' id='word_1_658' title='bbox 1837 591 1960 616; x_wconf 87' lang='lat' dir='ltr'>tantum</span> 
     </span>
     <span class='ocr_line' id='line_1_89' title="bbox 1091 619 1961 664; baseline 0.008 -14"><span class='ocrx_word' id='word_1_659' title='bbox 1091 619 1266 660; x_wconf 73' lang='lat' dir='ltr'>praestanda</span> <span class='ocrx_word' id='word_1_660' title='bbox 1285 619 1369 651; x_wconf 79' lang='lat' dir='ltr'>ess&#39;e:</span> <span class='ocrx_word' id='word_1_661' title='bbox 1393 621 1466 661; x_wconf 87' lang='lat' dir='ltr'>quia</span> <span class='ocrx_word' id='word_1_662' title='bbox 1483 621 1513 652; x_wconf 88' lang='lat' dir='ltr'>in</span> <span class='ocrx_word' id='word_1_663' title='bbox 1532 622 1595 653; x_wconf 91' lang='lat' dir='ltr'>hoc</span> <span class='ocrx_word' id='word_1_664' title='bbox 1618 623 1812 664; x_wconf 84' lang='lat' dir='ltr'>locupletior</span> <span class='ocrx_word' id='word_1_665' title='bbox 1836 624 1961 657; x_wconf 85' lang='lat' dir='ltr'>videtur</span> 
     </span>
     <span class='ocr_line' id='line_1_90' title="bbox 1091 660 1963 705; baseline 0.008 -14"><span class='ocrx_word' id='word_1_666' title='bbox 1091 660 1185 692; x_wconf 67' lang='lat' dir='ltr'>faeta.</span> <span class='ocrx_word' id='word_1_667' title='bbox 1227 660 1276 691; x_wconf 88' lang='lat' dir='ltr'>Sic</span> <span class='ocrx_word' id='word_1_668' title='bbox 1294 661 1462 701; x_wconf 86' lang='lat' dir='ltr'>Ulpianus,</span> <span class='ocrx_word' id='word_1_669' title='bbox 1479 669 1575 702; x_wconf 82' lang='lat' dir='ltr'>atque</span> <span class='ocrx_word' id='word_1_670' title='bbox 1592 672 1631 693; x_wconf 83' lang='lat' dir='ltr'>ex</span> <span class='ocrx_word' id='word_1_671' title='bbox 1648 663 1803 697; x_wconf 87' lang='lat' dir='ltr'>sententia</span> <span class='ocrx_word' id='word_1_672' title='bbox 1818 664 1963 705; x_wconf 85' lang='lat' dir='ltr'>Neratii,</span> 
     </span>
     <span class='ocr_line' id='line_1_91' title="bbox 1090 701 1958 748; baseline 0.008 -16"><span class='ocrx_word' id='word_1_673' title='bbox 1090 708 1187 742; x_wconf 85' lang='lat' dir='ltr'>atque</span> <span class='ocrx_word' id='word_1_674' title='bbox 1215 710 1232 732; x_wconf 92' lang='lat' dir='ltr'>a</span> <span class='ocrx_word' id='word_1_675' title='bbox 1258 701 1461 742; x_wconf 89' lang='lat' dir='ltr'>Pomponio,</span> <span class='ocrx_word' id='word_1_676' title='bbox 1491 711 1526 733; x_wconf 92' lang='lat' dir='ltr'>ut</span> <span class='ocrx_word' id='word_1_677' title='bbox 1553 711 1631 742; x_wconf 86' lang='lat' dir='ltr'>puto</span> <span class='ocrx_word' id='word_1_678' title='bbox 1653 704 1671 735; x_wconf 87' lang='lat' dir='ltr'>l.</span> <span class='ocrx_word' id='word_1_679' title='bbox 1692 715 1742 745; x_wconf 71' lang='lat'>131.</span> <span class='ocrx_word' id='word_1_680' title='bbox 1768 707 1796 748; x_wconf 84' lang='lat'>§.</span> <span class='ocrx_word' id='word_1_681' title='bbox 1813 716 1844 748; x_wconf 86' lang='lat'>3.</span> <span class='ocrx_word' id='word_1_682' title='bbox 1868 707 1904 741; x_wconf 62' lang='grc' dir='ltr'>δὲ’</span> <span class='ocrx_word' id='word_1_683' title='bbox 1925 717 1958 747; x_wconf 79' lang='lat'>4.</span> 
     </span>
     <span class='ocr_line' id='line_1_92' title="bbox 1090 740 1964 785; baseline 0.009 -12"><span class='ocrx_word' id='word_1_684' title='bbox 1090 742 1133 774; x_wconf 94' lang='lat' dir='ltr'>D.</span> <span class='ocrx_word' id='word_1_685' title='bbox 1153 743 1181 774; x_wconf 81' lang='lat' dir='ltr'>h.</span> <span class='ocrx_word' id='word_1_686' title='bbox 1202 748 1224 773; x_wconf 75' lang='grc' dir='ltr'>ι.</span> <span class='ocrx_word' id='word_1_687' title='bbox 1266 740 1373 774; x_wconf 86' lang='lat' dir='ltr'>Locus</span> <span class='ocrx_word' id='word_1_688' title='bbox 1390 741 1415 774; x_wconf 86' lang='lat' dir='ltr'>is</span> <span class='ocrx_word' id='word_1_689' title='bbox 1432 743 1504 784; x_wconf 87' lang='lat' dir='ltr'>quia</span> <span class='ocrx_word' id='word_1_690' title='bbox 1520 742 1564 775; x_wconf 91' lang='lat' dir='ltr'>est</span> <span class='ocrx_word' id='word_1_691' title='bbox 1579 744 1756 785; x_wconf 81' lang='lat' dir='ltr'>obscurior,</span> <span class='ocrx_word' id='word_1_692' title='bbox 1780 748 1885 779; x_wconf 89' lang='lat' dir='ltr'>obiter</span> <span class='ocrx_word' id='word_1_693' title='bbox 1907 758 1964 780; x_wconf 86' lang='lat' dir='ltr'>ex-</span> 
     </span>
     <span class='ocr_line' id='line_1_93' title="bbox 1091 783 1961 830; baseline 0.008 -16"><span class='ocrx_word' id='word_1_694' title='bbox 1091 783 1272 828; x_wconf 81' lang='lat' dir='ltr'>plicandus:</span> <span class='ocrx_word' id='word_1_695' title='bbox 1294 791 1366 828; x_wconf 81' lang='lat' dir='ltr'>cum</span> <span class='ocrx_word' id='word_1_696' title='bbox 1381 793 1422 815; x_wconf 85' lang='lat' dir='ltr'>ex</span> <span class='ocrx_word' id='word_1_697' title='bbox 1443 794 1482 815; x_wconf 88' lang='lat' dir='ltr'>eo</span> <span class='ocrx_word' id='word_1_698' title='bbox 1497 784 1591 817; x_wconf 86' lang='lat' dir='ltr'>etiam</span> <span class='ocrx_word' id='word_1_699' title='bbox 1607 794 1757 826; x_wconf 87' lang='lat' dir='ltr'>appareat</span> <span class='ocrx_word' id='word_1_700' title='bbox 1772 790 1854 820; x_wconf 86' lang='lat' dir='ltr'>ratio</span> <span class='ocrx_word' id='word_1_701' title='bbox 1871 788 1961 830; x_wconf 92' lang='lat' dir='ltr'>supe-</span> 
     </span>
     <span class='ocr_line' id='line_1_94' title="bbox 1090 824 1961 862; baseline 0.008 -7"><span class='ocrx_word' id='word_1_702' title='bbox 1090 825 1181 856; x_wconf 87' lang='lat' dir='ltr'>rioris</span> <span class='ocrx_word' id='word_1_703' title='bbox 1199 824 1413 857; x_wconf 70' lang='lat' dir='ltr'>distinctionis.</span> <span class='ocrx_word' id='word_1_704' title='bbox 1437 827 1540 857; x_wconf 88' lang='lat' dir='ltr'>Ecce:</span> <span class='ocrx_word' id='word_1_705' title='bbox 1563 827 1626 858; x_wconf 92' lang='lat' dir='ltr'>duo</span> <span class='ocrx_word' id='word_1_706' title='bbox 1644 828 1772 859; x_wconf 83' lang='lat' dir='ltr'>vendita</span> <span class='ocrx_word' id='word_1_707' title='bbox 1788 828 1856 860; x_wconf 87' lang='lat' dir='ltr'>sunt</span> <span class='ocrx_word' id='word_1_708' title='bbox 1873 838 1961 862; x_wconf 89' lang='lat' dir='ltr'>man-</span> 
     </span>
     <span class='ocr_line' id='line_1_95' title="bbox 1090 866 1962 911; baseline 0.007 -15"><span class='ocrx_word' id='word_1_709' title='bbox 1090 867 1172 906; x_wconf 88' lang='lat' dir='ltr'>cipia</span> <span class='ocrx_word' id='word_1_710' title='bbox 1192 866 1260 897; x_wconf 87' lang='lat' dir='ltr'>unis</span> <span class='ocrx_word' id='word_1_711' title='bbox 1280 867 1420 911; x_wconf 79' lang='lat' dir='ltr'>quinque</span> <span class='ocrx_word' id='word_1_712' title='bbox 1432 889 1441 904; x_wconf 95' lang='lat'>,</span> <span class='ocrx_word' id='word_1_713' title='bbox 1464 876 1537 899; x_wconf 89' lang='lat' dir='ltr'>cum</span> <span class='ocrx_word' id='word_1_714' title='bbox 1553 867 1668 909; x_wconf 77' lang='lat' dir='ltr'>singula</span> <span class='ocrx_word' id='word_1_715' title='bbox 1685 867 1785 900; x_wconf 77' lang='lat' dir='ltr'>ess&#39;ent</span> <span class='ocrx_word' id='word_1_716' title='bbox 1800 871 1902 910; x_wconf 85' lang='lat' dir='ltr'>quinis</span> <span class='ocrx_word' id='word_1_717' title='bbox 1917 872 1962 902; x_wconf 87' lang='lat' dir='ltr'>di-</span> 
     </span>
     <span class='ocr_line' id='line_1_96' title="bbox 1089 906 1961 947; baseline 0.008 -11"><span class='ocrx_word' id='word_1_718' title='bbox 1089 916 1162 947; x_wconf 81' lang='lat' dir='ltr'>gna.</span> <span class='ocrx_word' id='word_1_719' title='bbox 1188 916 1223 937; x_wconf 87' lang='lat' dir='ltr'>ea</span> <span class='ocrx_word' id='word_1_720' title='bbox 1248 906 1411 938; x_wconf 68' lang='lat' dir='ltr'>aestimatio</span> <span class='ocrx_word' id='word_1_721' title='bbox 1437 907 1520 939; x_wconf 88' lang='lat' dir='ltr'>inter</span> <span class='ocrx_word' id='word_1_722' title='bbox 1543 909 1644 941; x_wconf 91' lang='lat' dir='ltr'>virum</span> <span class='ocrx_word' id='word_1_723' title='bbox 1669 909 1699 941; x_wconf 88' lang='lat'>&amp;</span> <span class='ocrx_word' id='word_1_724' title='bbox 1724 919 1855 942; x_wconf 86' lang='lat' dir='ltr'>uxorem</span> <span class='ocrx_word' id='word_1_725' title='bbox 1879 911 1961 944; x_wconf 72' lang='lat' dir='ltr'>facia</span> 
     </span>
     <span class='ocr_line' id='line_1_97' title="bbox 1090 948 1962 991; baseline 0.006 -12"><span class='ocrx_word' id='word_1_726' title='bbox 1090 948 1275 979; x_wconf 80' lang='lat' dir='ltr'>donationis</span> <span class='ocrx_word' id='word_1_727' title='bbox 1300 949 1400 979; x_wconf 85' lang='lat' dir='ltr'>causa.</span> <span class='ocrx_word' id='word_1_728' title='bbox 1426 957 1549 980; x_wconf 85' lang='lat' dir='ltr'>certum</span> <span class='ocrx_word' id='word_1_729' title='bbox 1575 949 1638 987; x_wconf 80' lang='lat' dir='ltr'>est,</span> <span class='ocrx_word' id='word_1_730' title='bbox 1661 950 1842 991; x_wconf 77' lang='lat' dir='ltr'>hujusmodi</span> <span class='ocrx_word' id='word_1_731' title='bbox 1867 952 1962 983; x_wconf 88' lang='lat' dir='ltr'>dona-</span> 
     </span>
     <span class='ocr_line' id='line_1_98' title="bbox 1090 987 1963 1034; baseline 0.008 -16"><span class='ocrx_word' id='word_1_732' title='bbox 1090 989 1211 1020; x_wconf 82' lang='lat' dir='ltr'>tionem</span> <span class='ocrx_word' id='word_1_733' title='bbox 1229 987 1385 1020; x_wconf 83' lang='lat' dir='ltr'>Oratione</span> <span class='ocrx_word' id='word_1_734' title='bbox 1401 989 1592 1030; x_wconf 87' lang='lat' dir='ltr'>improbari,</span> <span class='ocrx_word' id='word_1_735' title='bbox 1614 991 1665 1023; x_wconf 88' lang='lat' dir='ltr'>sed</span> <span class='ocrx_word' id='word_1_736' title='bbox 1682 1000 1838 1033; x_wconf 88' lang='lat' dir='ltr'>quatenus</span> <span class='ocrx_word' id='word_1_737' title='bbox 1851 1016 1861 1032; x_wconf 93' lang='lat'><strong>‚</strong></span> <span class='ocrx_word' id='word_1_738' title='bbox 1879 1002 1963 1034; x_wconf 83' lang='lat' dir='ltr'>quae·</span> 
     </span>
     <span class='ocr_line' id='line_1_99' title="bbox 1088 1029 1959 1070; baseline 0.007 -10"><span class='ocrx_word' id='word_1_739' title='bbox 1088 1030 1194 1062; x_wconf 78' lang='lat' dir='ltr'>ritur‘?</span> <span class='ocrx_word' id='word_1_740' title='bbox 1232 1029 1301 1061; x_wconf 87' lang='lat' dir='ltr'>finis</span> <span class='ocrx_word' id='word_1_741' title='bbox 1329 1030 1390 1061; x_wconf 89' lang='lat' dir='ltr'>loci</span> <span class='ocrx_word' id='word_1_742' title='bbox 1414 1030 1551 1070; x_wconf 87' lang='lat' dir='ltr'>indicat,</span> <span class='ocrx_word' id='word_1_743' title='bbox 1583 1033 1703 1064; x_wconf 78' lang='lat' dir='ltr'>referre</span> <span class='ocrx_word' id='word_1_744' title='bbox 1729 1043 1771 1065; x_wconf 88' lang='lat' dir='ltr'>ex</span> <span class='ocrx_word' id='word_1_745' title='bbox 1802 1034 1959 1066; x_wconf 88' lang='lat' dir='ltr'>sententia</span> 
     </span>
     <span class='ocr_line' id='line_1_100' title="bbox 1088 1071 1963 1112; baseline 0.006 -9"><span class='ocrx_word' id='word_1_746' title='bbox 1088 1071 1283 1112; x_wconf 81' lang='lat' dir='ltr'>Pomponii3</span> <span class='ocrx_word' id='word_1_747' title='bbox 1314 1080 1438 1110; x_wconf 85' lang='lat' dir='ltr'>utrum,</span> <span class='ocrx_word' id='word_1_748' title='bbox 1461 1081 1534 1104; x_wconf 89' lang='lat' dir='ltr'>cum</span> <span class='ocrx_word' id='word_1_749' title='bbox 1563 1074 1684 1105; x_wconf 87' lang='lat' dir='ltr'>animus</span> <span class='ocrx_word' id='word_1_750' title='bbox 1707 1075 1867 1108; x_wconf 85' lang='lat' dir='ltr'>vendendi</span> <span class='ocrx_word' id='word_1_751' title='bbox 1897 1085 1963 1108; x_wconf 89' lang='lat' dir='ltr'>non</span> 
     </span>
     <span class='ocr_line' id='line_1_101' title="bbox 1090 1111 1960 1153; baseline 0.007 -11"><span class='ocrx_word' id='word_1_752' title='bbox 1090 1111 1186 1149; x_wconf 78' lang='lat' dir='ltr'>effer,</span> <span class='ocrx_word' id='word_1_753' title='bbox 1210 1112 1332 1144; x_wconf 89' lang='lat' dir='ltr'>idcirco</span> <span class='ocrx_word' id='word_1_754' title='bbox 1355 1111 1437 1144; x_wconf 72' lang='lat' dir='ltr'>facia</span> <span class='ocrx_word' id='word_1_755' title='bbox 1455 1112 1490 1145; x_wconf 90' lang='lat' dir='ltr'>fit</span> <span class='ocrx_word' id='word_1_756' title='bbox 1509 1116 1673 1153; x_wconf 76' lang='lat' dir='ltr'>venditio,</span> <span class='ocrx_word' id='word_1_757' title='bbox 1698 1123 1732 1146; x_wconf 90' lang='lat' dir='ltr'>ut</span> <span class='ocrx_word' id='word_1_758' title='bbox 1755 1115 1810 1147; x_wconf 89' lang='lat' dir='ltr'>sub</span> <span class='ocrx_word' id='word_1_759' title='bbox 1828 1126 1865 1148; x_wconf 91' lang='lat' dir='ltr'>ea</span> <span class='ocrx_word' id='word_1_760' title='bbox 1882 1117 1960 1149; x_wconf 84' lang='lat' dir='ltr'>late-</span> 
     </span>
     <span class='ocr_line' id='line_1_102' title="bbox 1089 1154 1962 1199; baseline 0.008 -16"><span class='ocrx_word' id='word_1_761' title='bbox 1089 1161 1140 1184; x_wconf 84' lang='lat' dir='ltr'>ret</span> <span class='ocrx_word' id='word_1_762' title='bbox 1163 1154 1317 1199; x_wconf 80' lang='lat' dir='ltr'>donati0;</span> <span class='ocrx_word' id='word_1_763' title='bbox 1353 1163 1392 1185; x_wconf 83' lang='lat' dir='ltr'>an</span> <span class='ocrx_word' id='word_1_764' title='bbox 1425 1163 1497 1186; x_wconf 89' lang='lat' dir='ltr'>cum</span> <span class='ocrx_word' id='word_1_765' title='bbox 1524 1156 1739 1197; x_wconf 82' lang='lat' dir='ltr'>principaliter</span> <span class='ocrx_word' id='word_1_766' title='bbox 1764 1159 1962 1199; x_wconf 86' lang='lat' dir='ltr'>cogitaretur</span> 
     </span>
     <span class='ocr_line' id='line_1_103' title="bbox 1089 1194 1970 1236; baseline 0.008 -12"><span class='ocrx_word' id='word_1_767' title='bbox 1089 1194 1253 1233; x_wconf 79' lang='lat' dir='ltr'>venditio,</span> <span class='ocrx_word' id='word_1_768' title='bbox 1276 1194 1372 1226; x_wconf 88' lang='lat' dir='ltr'>solum</span> <span class='ocrx_word' id='word_1_769' title='bbox 1396 1196 1498 1227; x_wconf 71' lang='lat' dir='ltr'>aetum</span> <span class='ocrx_word' id='word_1_770' title='bbox 1516 1196 1632 1236; x_wconf 85' lang='lat' dir='ltr'>fuerit,</span> <span class='ocrx_word' id='word_1_771' title='bbox 1657 1206 1691 1228; x_wconf 92' lang='lat' dir='ltr'>ut</span> <span class='ocrx_word' id='word_1_772' title='bbox 1709 1207 1746 1229; x_wconf 87' lang='lat' dir='ltr'>ea</span> <span class='ocrx_word' id='word_1_773' title='bbox 1761 1198 1893 1231; x_wconf 91' lang='lat' dir='ltr'>minoris</span> <span class='ocrx_word' id='word_1_774' title='bbox 1908 1197 1970 1231; x_wconf 62' lang='lat' dir='ltr'>fiea&#39;</span> 
     </span>
     <span class='ocr_line' id='line_1_104' title="bbox 1088 1235 1962 1280; baseline 0.008 -15"><span class='ocrx_word' id='word_1_775' title='bbox 1088 1244 1146 1266; x_wconf 82' lang='lat' dir='ltr'>ret.</span> <span class='ocrx_word' id='word_1_776' title='bbox 1169 1237 1282 1280; x_wconf 81' lang='lat' dir='ltr'>priore</span> <span class='ocrx_word' id='word_1_777' title='bbox 1296 1235 1365 1267; x_wconf 87' lang='lat' dir='ltr'>casu</span> <span class='ocrx_word' id='word_1_778' title='bbox 1389 1244 1479 1277; x_wconf 89' lang='lat' dir='ltr'>putat</span> <span class='ocrx_word' id='word_1_779' title='bbox 1503 1237 1715 1279; x_wconf 81' lang='lat' dir='ltr'>Pomponius,</span> <span class='ocrx_word' id='word_1_780' title='bbox 1739 1240 1962 1274; x_wconf 85' lang='lat' dir='ltr'>venditionem</span> 
     </span>
     <span class='ocr_line' id='line_1_105' title="bbox 1090 1277 1963 1322; baseline 0.008 -15"><span class='ocrx_word' id='word_1_781' title='bbox 1090 1283 1191 1308; x_wconf 86' lang='lat' dir='ltr'>totam</span> <span class='ocrx_word' id='word_1_782' title='bbox 1209 1277 1322 1309; x_wconf 86' lang='lat' dir='ltr'>nullius</span> <span class='ocrx_word' id='word_1_783' title='bbox 1338 1277 1400 1308; x_wconf 81' lang='lat' dir='ltr'>effe</span> <span class='ocrx_word' id='word_1_784' title='bbox 1416 1281 1591 1312; x_wconf 84' lang='lat' dir='ltr'>momenti:</span> <span class='ocrx_word' id='word_1_785' title='bbox 1615 1280 1685 1320; x_wconf 87' lang='lat' dir='ltr'>quia</span> <span class='ocrx_word' id='word_1_786' title='bbox 1701 1280 1917 1322; x_wconf 86' lang='lat' dir='ltr'>principaliter</span> <span class='ocrx_word' id='word_1_787' title='bbox 1932 1291 1963 1314; x_wconf 82' lang='lat' dir='ltr'>a·</span> 
     </span>
     <span class='ocr_line' id='line_1_106' title="bbox 1088 1317 1963 1364; baseline 0.009 -17"><span class='ocrx_word' id='word_1_788' title='bbox 1088 1317 1172 1348; x_wconf 67' lang='lat' dir='ltr'>&amp;um</span> <span class='ocrx_word' id='word_1_789' title='bbox 1191 1317 1255 1356; x_wconf 90' lang='lat' dir='ltr'>est,</span> <span class='ocrx_word' id='word_1_790' title='bbox 1280 1326 1313 1349; x_wconf 90' lang='lat' dir='ltr'>ut</span> <span class='ocrx_word' id='word_1_791' title='bbox 1331 1320 1485 1357; x_wconf 85' lang='lat' dir='ltr'>donetur,</span> <span class='ocrx_word' id='word_1_792' title='bbox 1503 1321 1599 1361; x_wconf 86' lang='lat' dir='ltr'>idque</span> <span class='ocrx_word' id='word_1_793' title='bbox 1615 1323 1652 1352; x_wconf 76' lang='lat' dir='ltr'>ad</span> <span class='ocrx_word' id='word_1_794' title='bbox 1673 1320 1701 1352; x_wconf 71' lang='lat' dir='ltr'>si:</span> <span class='ocrx_word' id='word_1_795' title='bbox 1718 1322 1815 1354; x_wconf 89' lang='lat' dir='ltr'>trahit</span> <span class='ocrx_word' id='word_1_796' title='bbox 1830 1323 1920 1364; x_wconf 90' lang='lat' dir='ltr'>quod</span> <span class='ocrx_word' id='word_1_797' title='bbox 1930 1324 1963 1355; x_wconf 83' lang='lat' dir='ltr'>ei</span> 
     </span>
     <span class='ocr_line' id='line_1_107' title="bbox 1089 1357 1960 1401; baseline 0.009 -13"><span class='ocrx_word' id='word_1_798' title='bbox 1089 1358 1134 1389; x_wconf 90' lang='lat' dir='ltr'>est</span> <span class='ocrx_word' id='word_1_799' title='bbox 1160 1357 1369 1398; x_wconf 86' lang='lat' dir='ltr'>consequens.</span> <span class='ocrx_word' id='word_1_800' title='bbox 1393 1360 1570 1400; x_wconf 81' lang='lat' dir='ltr'>posteriore</span> <span class='ocrx_word' id='word_1_801' title='bbox 1598 1370 1707 1401; x_wconf 82' lang='lat' dir='ltr'>putat,</span> <span class='ocrx_word' id='word_1_802' title='bbox 1739 1372 1808 1395; x_wconf 90' lang='lat' dir='ltr'>eam</span> <span class='ocrx_word' id='word_1_803' title='bbox 1834 1364 1960 1396; x_wconf 88' lang='lat' dir='ltr'>valere:</span> 
     </span>
     <span class='ocr_line' id='line_1_108' title="bbox 1090 1399 1958 1444; baseline 0.008 -15"><span class='ocrx_word' id='word_1_804' title='bbox 1090 1400 1119 1430; x_wconf 82' lang='lat'>&amp;</span> <span class='ocrx_word' id='word_1_805' title='bbox 1136 1399 1296 1437; x_wconf 65' lang='lat' dir='ltr'>causatur,</span> <span class='ocrx_word' id='word_1_806' title='bbox 1325 1410 1390 1431; x_wconf 94' lang='lat' dir='ltr'>non</span> <span class='ocrx_word' id='word_1_807' title='bbox 1415 1400 1477 1432; x_wconf 86' lang='lat' dir='ltr'>ess&#39;e</span> <span class='ocrx_word' id='word_1_808' title='bbox 1498 1410 1564 1433; x_wconf 89' lang='lat' dir='ltr'>turn</span> <span class='ocrx_word' id='word_1_809' title='bbox 1591 1403 1819 1443; x_wconf 69' lang='lat' dir='ltr'>spectandum,</span> <span class='ocrx_word' id='word_1_810' title='bbox 1848 1405 1958 1444; x_wconf 80' lang='lat' dir='ltr'>quanti</span> 
     </span>
     <span class='ocr_line' id='line_1_109' title="bbox 1089 1440 1960 1484; baseline 0.007 -14"><span class='ocrx_word' id='word_1_811' title='bbox 1089 1441 1245 1484; x_wconf 83' lang='lat' dir='ltr'>mancipia</span> <span class='ocrx_word' id='word_1_812' title='bbox 1260 1440 1337 1480; x_wconf 78' lang='lat' dir='ltr'>sint,</span> <span class='ocrx_word' id='word_1_813' title='bbox 1361 1440 1414 1472; x_wconf 86' lang='lat' dir='ltr'>sed</span> <span class='ocrx_word' id='word_1_814' title='bbox 1440 1451 1592 1482; x_wconf 87' lang='lat' dir='ltr'>quantum</span> <span class='ocrx_word' id='word_1_815' title='bbox 1623 1453 1663 1475; x_wconf 83' lang='lat' dir='ltr'>ex</span> <span class='ocrx_word' id='word_1_816' title='bbox 1682 1446 1786 1483; x_wconf 85' lang='lat' dir='ltr'>pretio</span> <span class='ocrx_word' id='word_1_817' title='bbox 1810 1444 1847 1477; x_wconf 83' lang='lat' dir='ltr'>fit</span> <span class='ocrx_word' id='word_1_818' title='bbox 1864 1448 1960 1476; x_wconf 86' lang='lat' dir='ltr'>dona-</span> 
     </span>
     <span class='ocr_line' id='line_1_110' title="bbox 1089 1481 1958 1527; baseline 0.008 -16"><span class='ocrx_word' id='word_1_819' title='bbox 1089 1483 1184 1512; x_wconf 87' lang='lat' dir='ltr'>tionis</span> <span class='ocrx_word' id='word_1_820' title='bbox 1201 1481 1292 1512; x_wconf 85' lang='lat' dir='ltr'>causa</span> <span class='ocrx_word' id='word_1_821' title='bbox 1309 1481 1476 1514; x_wconf 72' lang='lat' dir='ltr'>reniiss&#39;utn.</span> <span class='ocrx_word' id='word_1_822' title='bbox 1499 1484 1606 1523; x_wconf 86' lang='lat' dir='ltr'>itaque</span> <span class='ocrx_word' id='word_1_823' title='bbox 1627 1485 1737 1517; x_wconf 84' lang='lat' dir='ltr'>melius</span> <span class='ocrx_word' id='word_1_824' title='bbox 1753 1485 1814 1517; x_wconf 89' lang='lat' dir='ltr'>dici</span> <span class='ocrx_word' id='word_1_825' title='bbox 1827 1509 1836 1524; x_wconf 95' lang='lat'>,</span> <span class='ocrx_word' id='word_1_826' title='bbox 1852 1495 1887 1517; x_wconf 89' lang='lat' dir='ltr'>ea</span> <span class='ocrx_word' id='word_1_827' title='bbox 1898 1495 1958 1527; x_wconf 89' lang='lat' dir='ltr'>pro</span> 
     </span>
     <span class='ocr_line' id='line_1_111' title="bbox 1089 1522 1961 1565; baseline 0.006 -12"><span class='ocrx_word' id='word_1_828' title='bbox 1089 1523 1236 1562; x_wconf 76' lang='lat' dir='ltr'>portione</span> <span class='ocrx_word' id='word_1_829' title='bbox 1252 1522 1313 1553; x_wconf 79' lang='lat' dir='ltr'>effe</span> <span class='ocrx_word' id='word_1_830' title='bbox 1329 1524 1521 1554; x_wconf 86' lang='lat' dir='ltr'>communia.</span> <span class='ocrx_word' id='word_1_831' title='bbox 1545 1533 1679 1564; x_wconf 81' lang='lat' dir='ltr'>nempe,</span> <span class='ocrx_word' id='word_1_832' title='bbox 1704 1526 1776 1565; x_wconf 88' lang='lat' dir='ltr'>quia</span> <span class='ocrx_word' id='word_1_833' title='bbox 1800 1528 1961 1565; x_wconf 82' lang='lat' dir='ltr'>principa-</span> 
     </span>
     <span class='ocr_line' id='line_1_112' title="bbox 1089 1563 1960 1607; baseline 0.005 -13"><span class='ocrx_word' id='word_1_834' title='bbox 1089 1564 1124 1595; x_wconf 76' lang='lat' dir='ltr'>lis</span> <span class='ocrx_word' id='word_1_835' title='bbox 1142 1563 1350 1607; x_wconf 79' lang='lat' dir='ltr'>contrahendi</span> <span class='ocrx_word' id='word_1_836' title='bbox 1367 1563 1456 1595; x_wconf 83' lang='lat' dir='ltr'>causa</span> <span class='ocrx_word' id='word_1_837' title='bbox 1471 1564 1533 1596; x_wconf 86' lang='lat' dir='ltr'>fuit</span> <span class='ocrx_word' id='word_1_838' title='bbox 1549 1566 1713 1604; x_wconf 79' lang='lat' dir='ltr'>venditio,</span> <span class='ocrx_word' id='word_1_839' title='bbox 1735 1567 1764 1598; x_wconf 72' lang='lat' dir='ltr'>«St</span> <span class='ocrx_word' id='word_1_840' title='bbox 1781 1566 1844 1598; x_wconf 85' lang='lat' dir='ltr'>fine</span> <span class='ocrx_word' id='word_1_841' title='bbox 1861 1567 1960 1599; x_wconf 75' lang='lat' dir='ltr'>dubio&#39;</span> 
     </span>
     <span class='ocr_line' id='line_1_113' title="bbox 1090 1605 1960 1648; baseline 0.005 -12"><span class='ocrx_word' id='word_1_842' title='bbox 1090 1605 1165 1648; x_wconf 33' lang='lat' dir='ltr'>lic—et</span> <span class='ocrx_word' id='word_1_843' title='bbox 1184 1613 1200 1634; x_wconf 90' lang='lat' dir='ltr'>a</span> <span class='ocrx_word' id='word_1_844' title='bbox 1227 1613 1296 1635; x_wconf 84' lang='lat' dir='ltr'>viro</span> <span class='ocrx_word' id='word_1_845' title='bbox 1321 1605 1350 1636; x_wconf 68' lang='grc' dir='ltr'><strong>ἃ</strong></span> <span class='ocrx_word' id='word_1_846' title='bbox 1374 1614 1475 1637; x_wconf 86' lang='lat' dir='ltr'>uxore</span> <span class='ocrx_word' id='word_1_847' title='bbox 1491 1615 1616 1644; x_wconf 65' lang='lat' dir='ltr'>emere,</span> <span class='ocrx_word' id='word_1_848' title='bbox 1640 1606 1659 1638; x_wconf 84' lang='lat' dir='ltr'>fi</span> <span class='ocrx_word' id='word_1_849' title='bbox 1687 1616 1751 1639; x_wconf 87' lang='lat' dir='ltr'>non</span> <span class='ocrx_word' id='word_1_850' title='bbox 1768 1607 1804 1639; x_wconf 84' lang='lat' dir='ltr'>fit</span> <span class='ocrx_word' id='word_1_851' title='bbox 1820 1608 1960 1640; x_wconf 87' lang='lat' dir='ltr'>donandi</span> 
     </span>
     <span class='ocr_line' id='line_1_114' title="bbox 1088 1644 1961 1689; baseline 0.007 -14"><span class='ocrx_word' id='word_1_852' title='bbox 1088 1654 1216 1689; x_wconf 80' lang='lat' dir='ltr'>animus.</span> <span class='ocrx_word' id='word_1_853' title='bbox 1259 1644 1354 1676; x_wconf 87' lang='lat' dir='ltr'>Valet</span> <span class='ocrx_word' id='word_1_854' title='bbox 1373 1646 1467 1687; x_wconf 87' lang='lat' dir='ltr'>igitur</span> <span class='ocrx_word' id='word_1_855' title='bbox 1483 1648 1648 1686; x_wconf 78' lang='lat' dir='ltr'>venditio,</span> <span class='ocrx_word' id='word_1_856' title='bbox 1672 1657 1828 1688; x_wconf 86' lang='lat' dir='ltr'>quatenus</span> <span class='ocrx_word' id='word_1_857' title='bbox 1848 1649 1893 1681; x_wconf 91' lang='lat' dir='ltr'>est</span> <span class='ocrx_word' id='word_1_858' title='bbox 1914 1657 1961 1681; x_wconf 88' lang='lat' dir='ltr'>ta-</span> 
     </span>
     <span class='ocr_line' id='line_1_115' title="bbox 1089 1687 1959 1728; baseline 0.006 -10"><span class='ocrx_word' id='word_1_859' title='bbox 1089 1688 1145 1718; x_wconf 87' lang='lat' dir='ltr'>lis:</span> <span class='ocrx_word' id='word_1_860' title='bbox 1175 1687 1227 1718; x_wconf 84' lang='lat' dir='ltr'>led</span> <span class='ocrx_word' id='word_1_861' title='bbox 1254 1694 1409 1727; x_wconf 88' lang='lat' dir='ltr'>quatenus</span> <span class='ocrx_word' id='word_1_862' title='bbox 1442 1688 1520 1720; x_wconf 84' lang='lat' dir='ltr'>inest</span> <span class='ocrx_word' id='word_1_863' title='bbox 1536 1688 1564 1720; x_wconf 89' lang='lat' dir='ltr'>ei</span> <span class='ocrx_word' id='word_1_864' title='bbox 1586 1689 1719 1721; x_wconf 85' lang='lat' dir='ltr'>donatio</span> <span class='ocrx_word' id='word_1_865' title='bbox 1734 1712 1745 1728; x_wconf 93' lang='lat'>‚</span> <span class='ocrx_word' id='word_1_866' title='bbox 1775 1699 1840 1722; x_wconf 93' lang='lat' dir='ltr'>non</span> <span class='ocrx_word' id='word_1_867' title='bbox 1862 1691 1959 1723; x_wconf 86' lang='lat' dir='ltr'>valet.</span> 
     </span>
     <span class='ocr_line' id='line_1_116' title="bbox 1085 1726 1960 1774; baseline 0.006 -15"><span class='ocrx_word' id='word_1_868' title='bbox 1085 1726 1278 1774; x_wconf 67' lang='lat' dir='ltr'>Indeinfert</span> <span class='ocrx_word' id='word_1_869' title='bbox 1301 1727 1329 1770; x_wconf 83' lang='lat'>§.</span> <span class='ocrx_word' id='word_1_870' title='bbox 1347 1738 1377 1767; x_wconf 71' lang='lat'>4.</span> <span class='ocrx_word' id='word_1_871' title='bbox 1417 1728 1447 1760; x_wconf 92' lang='lat' dir='ltr'>Si</span> <span class='ocrx_word' id='word_1_872' title='bbox 1481 1732 1528 1761; x_wconf 92' lang='lat' dir='ltr'>vir</span> <span class='ocrx_word' id='word_1_873' title='bbox 1551 1731 1642 1762; x_wconf 82' lang='lat' dir='ltr'>uxori</span> <span class='ocrx_word' id='word_1_874' title='bbox 1667 1731 1718 1762; x_wconf 91' lang='lat' dir='ltr'>vel</span> <span class='ocrx_word' id='word_1_875' title='bbox 1745 1740 1859 1763; x_wconf 85' lang='lat' dir='ltr'>contra</span> <span class='ocrx_word' id='word_1_876' title='bbox 1882 1732 1960 1772; x_wconf 86' lang='lat' dir='ltr'>quid</span> 
     </span>
     <span class='ocr_line' id='line_1_117' title="bbox 1084 1769 1962 1813; baseline 0.006 -13"><span class='ocrx_word' id='word_1_877' title='bbox 1084 1769 1265 1801; x_wconf 77' lang='lat' dir='ltr'>vendiderit</span> <span class='ocrx_word' id='word_1_878' title='bbox 1280 1779 1364 1807; x_wconf 24' lang='lat' dir='ltr'>*vero</span> <span class='ocrx_word' id='word_1_879' title='bbox 1388 1770 1511 1810; x_wconf 89' lang='lat' dir='ltr'>pretio,</span> <span class='ocrx_word' id='word_1_880' title='bbox 1536 1772 1565 1803; x_wconf 88' lang='lat'>&amp;</span> <span class='ocrx_word' id='word_1_881' title='bbox 1585 1772 1768 1804; x_wconf 86' lang='lat' dir='ltr'>donationis</span> <span class='ocrx_word' id='word_1_882' title='bbox 1793 1773 1880 1804; x_wconf 88' lang='lat' dir='ltr'>causa</span> <span class='ocrx_word' id='word_1_883' title='bbox 1904 1779 1962 1813; x_wconf 70' lang='lat' dir='ltr'>pa:</span> 
     </span>
     <span class='ocr_line' id='line_1_118' title="bbox 1085 1809 1960 1854; baseline 0.007 -13"><span class='ocrx_word' id='word_1_884' title='bbox 1085 1809 1324 1848; x_wconf 84' lang='lat' dir='ltr'>ciscantur‚Ne</span> <span class='ocrx_word' id='word_1_885' title='bbox 1341 1812 1416 1852; x_wconf 90' lang='lat' dir='ltr'>quid</span> <span class='ocrx_word' id='word_1_886' title='bbox 1430 1812 1579 1844; x_wconf 83' lang='lat' dir='ltr'>venditor</span> <span class='ocrx_word' id='word_1_887' title='bbox 1597 1813 1640 1844; x_wconf 92' lang='lat' dir='ltr'>ob</span> <span class='ocrx_word' id='word_1_888' title='bbox 1657 1822 1725 1845; x_wconf 89' lang='lat' dir='ltr'>eam</span> <span class='ocrx_word' id='word_1_889' title='bbox 1736 1823 1801 1846; x_wconf 89' lang='lat' dir='ltr'>rem</span> <span class='ocrx_word' id='word_1_890' title='bbox 1813 1814 1960 1854; x_wconf 83' lang='lat' dir='ltr'>praestet:</span> 
     </span>
     <span class='ocr_line' id='line_1_119' title="bbox 1086 1851 1958 1896; baseline 0.007 -14"><span class='ocrx_word' id='word_1_891' title='bbox 1086 1852 1190 1883; x_wconf 84' lang='lat' dir='ltr'>verius</span> <span class='ocrx_word' id='word_1_892' title='bbox 1213 1851 1432 1896; x_wconf 31' lang='lat' dir='ltr'>etim-valere</span> <span class='ocrx_word' id='word_1_893' title='bbox 1457 1854 1696 1894; x_wconf 88' lang='lat' dir='ltr'>venditionem,</span> <span class='ocrx_word' id='word_1_894' title='bbox 1720 1854 1771 1886; x_wconf 91' lang='lat' dir='ltr'>sed</span> <span class='ocrx_word' id='word_1_895' title='bbox 1789 1856 1958 1889; x_wconf 88' lang='lat' dir='ltr'>dumtaxat</span> 
     </span>
     <span class='ocr_line' id='line_1_120' title="bbox 1086 1893 1958 1935; baseline 0.006 -11"><span class='ocrx_word' id='word_1_896' title='bbox 1086 1893 1210 1935; x_wconf 62' lang='lat' dir='ltr'>pactum</span> <span class='ocrx_word' id='word_1_897' title='bbox 1227 1893 1291 1925; x_wconf 81' lang='lat' dir='ltr'>effe</span> <span class='ocrx_word' id='word_1_898' title='bbox 1307 1894 1448 1927; x_wconf 86' lang='lat' dir='ltr'>irritum:</span> <span class='ocrx_word' id='word_1_899' title='bbox 1475 1896 1548 1935; x_wconf 88' lang='lat' dir='ltr'>quia</span> <span class='ocrx_word' id='word_1_900' title='bbox 1572 1894 1605 1926; x_wconf 92' lang='lat' dir='ltr'>id</span> <span class='ocrx_word' id='word_1_901' title='bbox 1627 1895 1726 1927; x_wconf 80' lang='lat' dir='ltr'>sorum</span> <span class='ocrx_word' id='word_1_902' title='bbox 1750 1897 1788 1928; x_wconf 85' lang='lat' dir='ltr'>ad</span> <span class='ocrx_word' id='word_1_903' title='bbox 1811 1897 1958 1929; x_wconf 86' lang='lat' dir='ltr'>donatio-</span> 
     </span>
     <span class='ocr_line' id='line_1_121' title="bbox 1086 1934 1958 1977; baseline 0.006 -11"><span class='ocrx_word' id='word_1_904' title='bbox 1086 1943 1160 1966; x_wconf 88' lang='lat' dir='ltr'>nem</span> <span class='ocrx_word' id='word_1_905' title='bbox 1179 1934 1313 1974; x_wconf 67' lang='lat' dir='ltr'>spectat,</span> <span class='ocrx_word' id='word_1_906' title='bbox 1325 1944 1389 1967; x_wconf 91' lang='lat' dir='ltr'>non</span> <span class='ocrx_word' id='word_1_907' title='bbox 1406 1937 1502 1968; x_wconf 90' lang='lat' dir='ltr'>etiam</span> <span class='ocrx_word' id='word_1_908' title='bbox 1519 1936 1662 1969; x_wconf 87' lang='lat' dir='ltr'>venditio</span> <span class='ocrx_word' id='word_1_909' title='bbox 1681 1936 1958 1977; x_wconf 82' lang='lat' dir='ltr'>principaliterce-</span> 
     </span>
     <span class='ocr_line' id='line_1_122' title="bbox 1087 1975 1958 2018; baseline 0.005 -11"><span class='ocrx_word' id='word_1_910' title='bbox 1087 1976 1215 2007; x_wconf 85' lang='lat' dir='ltr'>lebrata.</span> <span class='ocrx_word' id='word_1_911' title='bbox 1240 1975 1325 2007; x_wconf 89' lang='lat' dir='ltr'>Idem</span> <span class='ocrx_word' id='word_1_912' title='bbox 1345 1976 1411 2018; x_wconf 63' lang='lat'>§.15</span> <span class='ocrx_word' id='word_1_913' title='bbox 1437 1978 1587 2015; x_wconf 84' lang='lat' dir='ltr'>dicimus,</span> <span class='ocrx_word' id='word_1_914' title='bbox 1611 1977 1730 2018; x_wconf 88' lang='lat' dir='ltr'>inquit‚</span> <span class='ocrx_word' id='word_1_915' title='bbox 1756 1978 1786 2010; x_wconf 91' lang='lat' dir='ltr'>Si</span> <span class='ocrx_word' id='word_1_916' title='bbox 1811 1979 1958 2011; x_wconf 89' lang='lat' dir='ltr'>donatio-</span> 
     </span>
     <span class='ocr_line' id='line_1_123' title="bbox 1088 2016 1956 2058; baseline 0.006 -9"><span class='ocrx_word' id='word_1_917' title='bbox 1088 2018 1135 2049; x_wconf 90' lang='lat' dir='ltr'>nis</span> <span class='ocrx_word' id='word_1_918' title='bbox 1152 2016 1240 2048; x_wconf 86' lang='lat' dir='ltr'>causa</span> <span class='ocrx_word' id='word_1_919' title='bbox 1258 2017 1338 2058; x_wconf 72' lang='lat' dir='ltr'>pasti</span> <span class='ocrx_word' id='word_1_920' title='bbox 1362 2017 1441 2057; x_wconf 71' lang='lat' dir='ltr'>sint,</span> <span class='ocrx_word' id='word_1_921' title='bbox 1464 2017 1517 2051; x_wconf 87' lang='lat' dir='ltr'>Ne</span> <span class='ocrx_word' id='word_1_922' title='bbox 1538 2018 1710 2058; x_wconf 78' lang='lat' dir='ltr'>fugitivum</span> <span class='ocrx_word' id='word_1_923' title='bbox 1735 2027 1789 2050; x_wconf 88' lang='lat' dir='ltr'>aut</span> <span class='ocrx_word' id='word_1_924' title='bbox 1807 2029 1956 2054; x_wconf 86' lang='lat' dir='ltr'>erronem</span> 
     </span>
     <span class='ocr_line' id='line_1_124' title="bbox 1088 2057 1957 2101; baseline 0.006 -12"><span class='ocrx_word' id='word_1_925' title='bbox 1088 2057 1256 2099; x_wconf 76' lang='lat' dir='ltr'>praestent3</span> <span class='ocrx_word' id='word_1_926' title='bbox 1285 2068 1356 2090; x_wconf 88' lang='lat' dir='ltr'>narn</span> <span class='ocrx_word' id='word_1_927' title='bbox 1381 2058 1519 2101; x_wconf 85' lang='lat' dir='ltr'>integras</span> <span class='ocrx_word' id='word_1_928' title='bbox 1542 2059 1605 2092; x_wconf 81' lang='lat' dir='ltr'>ess&#39;e</span> <span class='ocrx_word' id='word_1_929' title='bbox 1635 2060 1791 2092; x_wconf 90' lang='lat' dir='ltr'>AEdilitias</span> <span class='ocrx_word' id='word_1_930' title='bbox 1814 2061 1957 2094; x_wconf 73' lang='lat' dir='ltr'>actiones</span> 
     </span>
     <span class='ocr_line' id='line_1_125' title="bbox 1090 2099 1958 2143; baseline 0.007 -13"><span class='ocrx_word' id='word_1_931' title='bbox 1090 2101 1119 2131; x_wconf 71' lang='lat' dir='ltr'>(St</span> <span class='ocrx_word' id='word_1_932' title='bbox 1144 2109 1183 2130; x_wconf 85' lang='lat' dir='ltr'>cx</span> <span class='ocrx_word' id='word_1_933' title='bbox 1199 2108 1330 2140; x_wconf 84' lang='lat' dir='ltr'>empto:</span> <span class='ocrx_word' id='word_1_934' title='bbox 1354 2103 1427 2141; x_wconf 77' lang='lat' dir='ltr'>quia</span> <span class='ocrx_word' id='word_1_935' title='bbox 1456 2102 1487 2133; x_wconf 89' lang='lat' dir='ltr'>in</span> <span class='ocrx_word' id='word_1_936' title='bbox 1511 2101 1560 2133; x_wconf 90' lang='lat' dir='ltr'>his</span> <span class='ocrx_word' id='word_1_937' title='bbox 1584 2099 1648 2133; x_wconf 86' lang='lat' dir='ltr'>sola</span> <span class='ocrx_word' id='word_1_938' title='bbox 1670 2109 1802 2143; x_wconf 85' lang='lat' dir='ltr'>apparet</span> <span class='ocrx_word' id='word_1_939' title='bbox 1823 2103 1958 2136; x_wconf 84' lang='lat' dir='ltr'>donatio</span> 
     </span>
     <span class='ocr_line' id='line_1_126' title="bbox 1090 2140 1381 2173; baseline 0.003 -1"><span class='ocrx_word' id='word_1_940' title='bbox 1090 2140 1248 2172; x_wconf 83' lang='lat' dir='ltr'>Oratione</span> <span class='ocrx_word' id='word_1_941' title='bbox 1270 2142 1381 2173; x_wconf 88' lang='lat' dir='ltr'>vetita.</span> 
     </span>
    </p>

    <p class='ocr_par' dir='ltr' id='par_1_10' title="bbox 1087 2180 1959 3006">
     <span class='ocr_line' id='line_1_127' title="bbox 1130 2180 1959 2223; baseline 0.006 -10"><span class='ocrx_word' id='word_1_942' title='bbox 1130 2180 1292 2213; x_wconf 64' lang='lat' dir='ltr'>Hactenus</span> <span class='ocrx_word' id='word_1_943' title='bbox 1317 2183 1438 2223; x_wconf 90' lang='lat' dir='ltr'>liquet,</span> <span class='ocrx_word' id='word_1_944' title='bbox 1461 2181 1669 2215; x_wconf 89' lang='lat' dir='ltr'>donationem</span> <span class='ocrx_word' id='word_1_945' title='bbox 1692 2184 1774 2216; x_wconf 88' lang='lat' dir='ltr'>inter</span> <span class='ocrx_word' id='word_1_946' title='bbox 1796 2184 1897 2217; x_wconf 90' lang='lat' dir='ltr'>virum</span> <span class='ocrx_word' id='word_1_947' title='bbox 1927 2185 1959 2218; x_wconf 74' lang='grc' dir='ltr'>δε</span> 
     </span>
     <span class='ocr_line' id='line_1_128' title="bbox 1089 2222 1956 2266; baseline 0.003 -12"><span class='ocrx_word' id='word_1_948' title='bbox 1089 2232 1223 2254; x_wconf 81' lang='lat' dir='ltr'>uxorem</span> <span class='ocrx_word' id='word_1_949' title='bbox 1248 2222 1404 2256; x_wconf 89' lang='lat' dir='ltr'>Oratione</span> <span class='ocrx_word' id='word_1_950' title='bbox 1427 2223 1601 2264; x_wconf 86' lang='lat' dir='ltr'>prohiberi.</span> <span class='ocrx_word' id='word_1_951' title='bbox 1625 2227 1788 2265; x_wconf 73' lang='lat' dir='ltr'>nondum,</span> <span class='ocrx_word' id='word_1_952' title='bbox 1809 2227 1886 2266; x_wconf 87' lang='lat' dir='ltr'>quid</span> <span class='ocrx_word' id='word_1_953' title='bbox 1905 2227 1956 2259; x_wconf 87' lang='lat' dir='ltr'>illa</span> 
     </span>
     <span class='ocr_line' id='line_1_129' title="bbox 1088 2264 1957 2309; baseline 0.003 -13"><span class='ocrx_word' id='word_1_954' title='bbox 1088 2264 1303 2309; x_wconf 81' lang='lat' dir='ltr'>appellatione</span> <span class='ocrx_word' id='word_1_955' title='bbox 1319 2265 1521 2306; x_wconf 85' lang='lat' dir='ltr'>intelligatur.</span> <span class='ocrx_word' id='word_1_956' title='bbox 1544 2266 1640 2298; x_wconf 83' lang='lat' dir='ltr'>Hanc</span> <span class='ocrx_word' id='word_1_957' title='bbox 1655 2276 1732 2298; x_wconf 80' lang='lat' dir='ltr'>vero</span> <span class='ocrx_word' id='word_1_958' title='bbox 1749 2277 1855 2300; x_wconf 87' lang='lat' dir='ltr'>curam</span> <span class='ocrx_word' id='word_1_959' title='bbox 1873 2267 1957 2306; x_wconf 84' lang='lat' dir='ltr'>suam</span> 
     </span>
     <span class='ocr_line' id='line_1_130' title="bbox 1089 2305 1955 2347; baseline 0.002 -11"><span class='ocrx_word' id='word_1_960' title='bbox 1089 2305 1151 2337; x_wconf 83' lang='lat' dir='ltr'>effe</span> <span class='ocrx_word' id='word_1_961' title='bbox 1175 2306 1275 2337; x_wconf 87' lang='lat' dir='ltr'>voluit</span> <span class='ocrx_word' id='word_1_962' title='bbox 1293 2306 1434 2347; x_wconf 88' lang='lat' dir='ltr'>Julianus</span> <span class='ocrx_word' id='word_1_963' title='bbox 1457 2307 1476 2337; x_wconf 90' lang='lat' dir='ltr'>l.</span> <span class='ocrx_word' id='word_1_964' title='bbox 1507 2316 1533 2339; x_wconf 76' lang='grc' dir='ltr'>ι.</span> <span class='ocrx_word' id='word_1_965' title='bbox 1557 2307 1599 2339; x_wconf 85' lang='grc' dir='ltr'>Ι).</span> <span class='ocrx_word' id='word_1_966' title='bbox 1623 2309 1656 2338; x_wconf 87' lang='lat' dir='ltr'>de</span> <span class='ocrx_word' id='word_1_967' title='bbox 1679 2309 1852 2340; x_wconf 76' lang='lat' dir='ltr'>donationib.</span> <span class='ocrx_word' id='word_1_968' title='bbox 1903 2307 1955 2338; x_wconf 86' lang='lat' dir='ltr'>Sic</span> 
     </span>
     <span class='ocr_line' id='line_1_131' title="bbox 1090 2346 1955 2390; baseline -0.001 -11"><span class='ocrx_word' id='word_1_969' title='bbox 1090 2348 1166 2379; x_wconf 87' lang='lat' dir='ltr'>mibi</span> <span class='ocrx_word' id='word_1_970' title='bbox 1191 2346 1366 2387; x_wconf 85' lang='lat' dir='ltr'>persuadeo</span> <span class='ocrx_word' id='word_1_971' title='bbox 1393 2356 1583 2389; x_wconf 84' lang='lat' dir='ltr'>argumento</span> <span class='ocrx_word' id='word_1_972' title='bbox 1607 2348 1818 2390; x_wconf 79' lang='lat' dir='ltr'>inscriptionis</span> <span class='ocrx_word' id='word_1_973' title='bbox 1842 2349 1955 2387; x_wconf 62' lang='lat' dir='ltr'>praese-2</span> 
     </span>
     <span class='ocr_line' id='line_1_132' title="bbox 1089 2388 1955 2431; baseline 0.001 -12"><span class='ocrx_word' id='word_1_974' title='bbox 1089 2389 1188 2420; x_wconf 87' lang='lat' dir='ltr'>rentis</span> <span class='ocrx_word' id='word_1_975' title='bbox 1209 2388 1322 2428; x_wconf 85' lang='lat' dir='ltr'>Juliani</span> <span class='ocrx_word' id='word_1_976' title='bbox 1346 2389 1461 2421; x_wconf 89' lang='lat' dir='ltr'>librum</span> <span class='ocrx_word' id='word_1_977' title='bbox 1485 2399 1566 2421; x_wconf 80' lang='lat' dir='ltr'>xvri.</span> <span class='ocrx_word' id='word_1_978' title='bbox 1591 2389 1813 2431; x_wconf 78' lang='lat' dir='ltr'>Digestorum:</span> <span class='ocrx_word' id='word_1_979' title='bbox 1833 2389 1862 2420; x_wconf 90' lang='lat' dir='ltr'>in</span> <span class='ocrx_word' id='word_1_980' title='bbox 1889 2398 1955 2428; x_wconf 87' lang='lat' dir='ltr'>quo</span> 
     </span>
     <span class='ocr_line' id='line_1_133' title="bbox 1089 2428 1957 2472; baseline 0 -11"><span class='ocrx_word' id='word_1_981' title='bbox 1089 2439 1161 2461; x_wconf 89' lang='lat' dir='ltr'>eum</span> <span class='ocrx_word' id='word_1_982' title='bbox 1180 2431 1218 2461; x_wconf 89' lang='lat' dir='ltr'>ad</span> <span class='ocrx_word' id='word_1_983' title='bbox 1236 2428 1424 2462; x_wconf 86' lang='lat' dir='ltr'>Orationem</span> <span class='ocrx_word' id='word_1_984' title='bbox 1442 2430 1588 2472; x_wconf 83' lang='lat' dir='ltr'>scripfiss&#39;e</span> <span class='ocrx_word' id='word_1_985' title='bbox 1611 2430 1706 2462; x_wconf 84' lang='lat' dir='ltr'>didici</span> <span class='ocrx_word' id='word_1_986' title='bbox 1723 2440 1764 2462; x_wconf 88' lang='lat' dir='ltr'>ex</span> <span class='ocrx_word' id='word_1_987' title='bbox 1780 2429 1920 2469; x_wconf 88' lang='lat' dir='ltr'>Ulpiano</span> <span class='ocrx_word' id='word_1_988' title='bbox 1936 2431 1957 2462; x_wconf 80' lang='lat' dir='ltr'>l.</span> 
     </span>
     <span class='ocr_line' id='line_1_134' title="bbox 1087 2470 1957 2513; baseline 0 -11"><span class='ocrx_word' id='word_1_989' title='bbox 1087 2481 1116 2512; x_wconf 82' lang='lat'>3.</span> <span class='ocrx_word' id='word_1_990' title='bbox 1133 2472 1162 2513; x_wconf 83' lang='lat'>§.</span> <span class='ocrx_word' id='word_1_991' title='bbox 1182 2471 1236 2502; x_wconf 78' lang='lat' dir='ltr'>ult.</span> <span class='ocrx_word' id='word_1_992' title='bbox 1254 2471 1284 2502; x_wconf 77' lang='grc' dir='ltr'>δι</span> <span class='ocrx_word' id='word_1_993' title='bbox 1300 2471 1367 2512; x_wconf 80' lang='lat' dir='ltr'>iplb</span> <span class='ocrx_word' id='word_1_994' title='bbox 1383 2471 1507 2512; x_wconf 89' lang='lat' dir='ltr'>Juliano</span> <span class='ocrx_word' id='word_1_995' title='bbox 1523 2473 1542 2503; x_wconf 83' lang='lat'>1.</span> <span class='ocrx_word' id='word_1_996' title='bbox 1562 2482 1592 2510; x_wconf 90' lang='lat'>4.</span> <span class='ocrx_word' id='word_1_997' title='bbox 1611 2473 1657 2503; x_wconf 91' lang='lat' dir='ltr'>D.</span> <span class='ocrx_word' id='word_1_998' title='bbox 1675 2472 1703 2502; x_wconf 81' lang='lat' dir='ltr'>b.</span> <span class='ocrx_word' id='word_1_999' title='bbox 1719 2477 1740 2502; x_wconf 77' lang='lat' dir='ltr'>t.</span> <span class='ocrx_word' id='word_1_1000' title='bbox 1782 2470 1844 2503; x_wconf 86' lang='lat' dir='ltr'>Res</span> <span class='ocrx_word' id='word_1_1001' title='bbox 1860 2472 1957 2502; x_wconf 86' lang='lat' dir='ltr'>clare·</span> 
     </span>
     <span class='ocr_line' id='line_1_135' title="bbox 1088 2512 1957 2554; baseline 0.001 -10"><span class='ocrx_word' id='word_1_1002' title='bbox 1088 2522 1159 2552; x_wconf 87' lang='lat' dir='ltr'>ret;</span> <span class='ocrx_word' id='word_1_1003' title='bbox 1181 2512 1201 2544; x_wconf 85' lang='lat' dir='ltr'><strong>fi</strong></span> <span class='ocrx_word' id='word_1_1004' title='bbox 1221 2514 1380 2554; x_wconf 86' lang='lat' dir='ltr'>integrum</span> <span class='ocrx_word' id='word_1_1005' title='bbox 1396 2512 1507 2553; x_wconf 88' lang='lat' dir='ltr'>Juliani</span> <span class='ocrx_word' id='word_1_1006' title='bbox 1527 2512 1799 2545; x_wconf 85' lang='lat' dir='ltr'>Commentarium</span> <span class='ocrx_word' id='word_1_1007' title='bbox 1827 2513 1957 2545; x_wconf 77' lang='lat' dir='ltr'>habere·</span> 
     </span>
     <span class='ocr_line' id='line_1_136' title="bbox 1088 2552 1958 2594; baseline -0.001 -9"><span class='ocrx_word' id='word_1_1008' title='bbox 1088 2563 1174 2586; x_wconf 84' lang='lat' dir='ltr'>mus:</span> <span class='ocrx_word' id='word_1_1009' title='bbox 1199 2562 1302 2592; x_wconf 90' lang='lat' dir='ltr'>nunc,</span> <span class='ocrx_word' id='word_1_1010' title='bbox 1318 2562 1352 2585; x_wconf 90' lang='lat' dir='ltr'>ut</span> <span class='ocrx_word' id='word_1_1011' title='bbox 1369 2556 1399 2585; x_wconf 90' lang='lat' dir='ltr'>in</span> <span class='ocrx_word' id='word_1_1012' title='bbox 1418 2552 1633 2594; x_wconf 76' lang='lat' dir='ltr'>Fragmends,</span> <span class='ocrx_word' id='word_1_1013' title='bbox 1649 2553 1832 2593; x_wconf 69' lang='lat' dir='ltr'>conjestura</span> <span class='ocrx_word' id='word_1_1014' title='bbox 1848 2563 1934 2594; x_wconf 80' lang='lat' dir='ltr'>agam</span> <span class='ocrx_word' id='word_1_1015' title='bbox 1945 2572 1958 2594; x_wconf 45' lang='grc' dir='ltr'><strong><em>ξ</em></strong></span> 
     </span>
     <span class='ocr_line' id='line_1_137' title="bbox 1089 2592 1957 2635; baseline 0.001 -10"><span class='ocrx_word' id='word_1_1016' title='bbox 1089 2595 1141 2626; x_wconf 88' lang='lat' dir='ltr'>sed</span> <span class='ocrx_word' id='word_1_1017' title='bbox 1163 2594 1328 2635; x_wconf 83' lang='lat' dir='ltr'>probabili.</span> <span class='ocrx_word' id='word_1_1018' title='bbox 1375 2593 1475 2635; x_wconf 85' lang='lat' dir='ltr'>Igitur</span> <span class='ocrx_word' id='word_1_1019' title='bbox 1498 2601 1532 2625; x_wconf 85' lang='lat' dir='ltr'>ut</span> <span class='ocrx_word' id='word_1_1020' title='bbox 1554 2592 1659 2625; x_wconf 88' lang='lat' dir='ltr'>finiret</span> <span class='ocrx_word' id='word_1_1021' title='bbox 1681 2594 1839 2634; x_wconf 84' lang='lat' dir='ltr'>Julianus,</span> <span class='ocrx_word' id='word_1_1022' title='bbox 1863 2605 1957 2634; x_wconf 85' lang='lat' dir='ltr'>quam</span> 
     </span>
     <span class='ocr_line' id='line_1_138' title="bbox 1089 2634 1957 2676; baseline 0.001 -9"><span class='ocrx_word' id='word_1_1023' title='bbox 1089 2635 1201 2668; x_wconf 88' lang='lat' dir='ltr'>Oratio</span> <span class='ocrx_word' id='word_1_1024' title='bbox 1231 2634 1373 2676; x_wconf 84' lang='lat' dir='ltr'>defignet</span> <span class='ocrx_word' id='word_1_1025' title='bbox 1400 2635 1607 2671; x_wconf 89' lang='lat' dir='ltr'>donationem</span> <span class='ocrx_word' id='word_1_1026' title='bbox 1630 2657 1640 2674; x_wconf 84' lang='lat'>,</span> <span class='ocrx_word' id='word_1_1027' title='bbox 1677 2635 1830 2668; x_wconf 79' lang='lat' dir='ltr'>Veterum</span> <span class='ocrx_word' id='word_1_1028' title='bbox 1866 2646 1957 2668; x_wconf 89' lang='lat' dir='ltr'>more</span> 
     </span>
     <span class='ocr_line' id='line_1_139' title="bbox 1089 2674 1956 2718; baseline 0 -10"><span class='ocrx_word' id='word_1_1029' title='bbox 1089 2678 1174 2718; x_wconf 87' lang='lat' dir='ltr'>(quo</span> <span class='ocrx_word' id='word_1_1030' title='bbox 1184 2677 1224 2708; x_wconf 90' lang='lat' dir='ltr'>de</span> <span class='ocrx_word' id='word_1_1031' title='bbox 1239 2677 1289 2717; x_wconf 85' lang='lat' dir='ltr'>egi</span> <span class='ocrx_word' id='word_1_1032' title='bbox 1306 2677 1354 2707; x_wconf 78' lang='lat' dir='ltr'>lib.</span> <span class='ocrx_word' id='word_1_1033' title='bbox 1366 2674 1446 2716; x_wconf 84' lang='lat' dir='ltr'>sing.</span> <span class='ocrx_word' id='word_1_1034' title='bbox 1455 2676 1504 2708; x_wconf 80' lang='lat' dir='ltr'>Aa</span> <span class='ocrx_word' id='word_1_1035' title='bbox 1520 2675 1616 2707; x_wconf 56' lang='lat' dir='ltr'>Edi&amp;</span> <span class='ocrx_word' id='word_1_1036' title='bbox 1628 2675 1746 2716; x_wconf 76' lang='lat' dir='ltr'>Depaet</span> <span class='ocrx_word' id='word_1_1037' title='bbox 1762 2677 1799 2712; x_wconf 53' lang='grc' dir='ltr'>ἐξ</span> <span class='ocrx_word' id='word_1_1038' title='bbox 1815 2677 1956 2709; x_wconf 58' lang='lat' dir='ltr'>transiret.</span> 
     </span>
     <span class='ocr_line' id='line_1_140' title="bbox 1087 2717 1955 2758; baseline -0.002 -8"><span class='ocrx_word' id='word_1_1039' title='bbox 1087 2729 1112 2750; x_wconf 94' lang='lat' dir='ltr'>c.</span> <span class='ocrx_word' id='word_1_1040' title='bbox 1123 2718 1172 2757; x_wconf 86' lang='lat'>6.)</span> <span class='ocrx_word' id='word_1_1041' title='bbox 1195 2719 1300 2749; x_wconf 83' lang='lat' dir='ltr'>attulit</span> <span class='ocrx_word' id='word_1_1042' title='bbox 1316 2717 1495 2758; x_wconf 83' lang='lat' dir='ltr'>complures</span> <span class='ocrx_word' id='word_1_1043' title='bbox 1511 2718 1719 2749; x_wconf 89' lang='lat' dir='ltr'>donationum</span> <span class='ocrx_word' id='word_1_1044' title='bbox 1736 2717 1872 2750; x_wconf 88' lang='lat' dir='ltr'>formas:</span> <span class='ocrx_word' id='word_1_1045' title='bbox 1893 2720 1955 2749; x_wconf 87' lang='lat' dir='ltr'>Do-</span> 
     </span>
     <span class='ocr_line' id='line_1_141' title="bbox 1087 2759 1958 2800; baseline -0.001 -9"><span class='ocrx_word' id='word_1_1046' title='bbox 1087 2761 1237 2798; x_wconf 79' lang='lat' dir='ltr'>nationes,</span> <span class='ocrx_word' id='word_1_1047' title='bbox 1260 2759 1425 2799; x_wconf 86' lang='lat' dir='ltr'>inquiens,</span> <span class='ocrx_word' id='word_1_1048' title='bbox 1449 2759 1600 2799; x_wconf 83' lang='lat' dir='ltr'>complures</span> <span class='ocrx_word' id='word_1_1049' title='bbox 1620 2760 1698 2795; x_wconf 68' lang='lat' dir='ltr'>lunt.</span> <span class='ocrx_word' id='word_1_1050' title='bbox 1721 2760 1772 2790; x_wconf 79' lang='lat' dir='ltr'>dat</span> <span class='ocrx_word' id='word_1_1051' title='bbox 1794 2760 1898 2800; x_wconf 81' lang='lat' dir='ltr'>aliquis</span> <span class='ocrx_word' id='word_1_1052' title='bbox 1925 2769 1958 2790; x_wconf 84' lang='lat' dir='ltr'>ea</span> 
     </span>
     <span class='ocr_line' id='line_1_142' title="bbox 1088 2797 1956 2841; baseline 0 -9"><span class='ocrx_word' id='word_1_1053' title='bbox 1088 2807 1179 2833; x_wconf 82' lang='lat' dir='ltr'>mente</span> <span class='ocrx_word' id='word_1_1054' title='bbox 1191 2824 1201 2839; x_wconf 93' lang='lat'>,</span> <span class='ocrx_word' id='word_1_1055' title='bbox 1225 2806 1258 2832; x_wconf 81' lang='lat' dir='ltr'>ut</span> <span class='ocrx_word' id='word_1_1056' title='bbox 1268 2797 1372 2840; x_wconf 78' lang='lat' dir='ltr'>statim</span> <span class='ocrx_word' id='word_1_1057' title='bbox 1389 2800 1460 2831; x_wconf 78' lang='lat' dir='ltr'>velit</span> <span class='ocrx_word' id='word_1_1058' title='bbox 1479 2801 1644 2840; x_wconf 74' lang='lat' dir='ltr'>accipientis</span> <span class='ocrx_word' id='word_1_1059' title='bbox 1659 2799 1728 2839; x_wconf 85' lang='lat' dir='ltr'>fleri</span> <span class='ocrx_word' id='word_1_1060' title='bbox 1744 2809 1795 2831; x_wconf 84' lang='lat' dir='ltr'>nec</span> <span class='ocrx_word' id='word_1_1061' title='bbox 1815 2802 1871 2832; x_wconf 80' lang='lat' dir='ltr'>ullo</span> <span class='ocrx_word' id='word_1_1062' title='bbox 1886 2803 1956 2841; x_wconf 83' lang='lat' dir='ltr'>casu</span> 
     </span>
     <span class='ocr_line' id='line_1_143' title="bbox 1088 2840 1956 2883; baseline -0.001 -10"><span class='ocrx_word' id='word_1_1063' title='bbox 1088 2842 1169 2883; x_wconf 80' lang='lat' dir='ltr'>adse</span> <span class='ocrx_word' id='word_1_1064' title='bbox 1185 2843 1305 2878; x_wconf 80' lang='lat' dir='ltr'>reveni3</span> <span class='ocrx_word' id='word_1_1065' title='bbox 1324 2840 1360 2875; x_wconf 62' lang='lat'>{5⁹</span> <span class='ocrx_word' id='word_1_1066' title='bbox 1373 2848 1489 2881; x_wconf 80' lang='lat' dir='ltr'>propter</span> <span class='ocrx_word' id='word_1_1067' title='bbox 1507 2841 1618 2872; x_wconf 84' lang='lat' dir='ltr'>nullam</span> <span class='ocrx_word' id='word_1_1068' title='bbox 1635 2842 1724 2872; x_wconf 79' lang='lat' dir='ltr'>aliam</span> <span class='ocrx_word' id='word_1_1069' title='bbox 1740 2842 1956 2882; x_wconf 76' lang='lat' dir='ltr'>causamfacit,</span> 
     </span>
     <span class='ocr_line' id='line_1_144' title="bbox 1089 2882 1956 2926; baseline -0.002 -11"><span class='ocrx_word' id='word_1_1070' title='bbox 1089 2894 1183 2926; x_wconf 81' lang='lat' dir='ltr'>quam·</span> <span class='ocrx_word' id='word_1_1071' title='bbox 1200 2888 1234 2914; x_wconf 75' lang='lat' dir='ltr'>ut</span> <span class='ocrx_word' id='word_1_1072' title='bbox 1259 2882 1459 2914; x_wconf 71' lang='lat' dir='ltr'>liberalitatem</span> <span class='ocrx_word' id='word_1_1073' title='bbox 1486 2882 1524 2917; x_wconf 45' lang='grc' dir='ltr'>ὣς</span> <span class='ocrx_word' id='word_1_1074' title='bbox 1548 2882 1777 2922; x_wconf 78' lang='lat' dir='ltr'>munificentiam</span> <span class='ocrx_word' id='word_1_1075' title='bbox 1806 2888 1956 2914; x_wconf 64' lang='lat' dir='ltr'>exerceas:</span> 
     </span>
     <span class='ocr_line' id='line_1_145' title="bbox 1089 2920 1955 2966; baseline -0.002 -8"><span class='ocrx_word' id='word_1_1076' title='bbox 1089 2929 1147 2958; x_wconf 77' lang='lat' dir='ltr'>baec</span> <span class='ocrx_word' id='word_1_1077' title='bbox 1175 2924 1287 2966; x_wconf 84' lang='lat' dir='ltr'>proprie</span> <span class='ocrx_word' id='word_1_1078' title='bbox 1317 2923 1433 2955; x_wconf 73' lang='lat' dir='ltr'>donatio</span> <span class='ocrx_word' id='word_1_1079' title='bbox 1456 2924 1627 2964; x_wconf 80' lang='lat' dir='ltr'>appellatur.</span> <span class='ocrx_word' id='word_1_1080' title='bbox 1680 2920 1741 2954; x_wconf 74' lang='lat' dir='ltr'>Dat</span> <span class='ocrx_word' id='word_1_1081' title='bbox 1766 2924 1891 2965; x_wconf 79' lang='lat' dir='ltr'>aliquis,</span> <span class='ocrx_word' id='word_1_1082' title='bbox 1920 2929 1955 2956; x_wconf 70' lang='lat' dir='ltr'>ut</span> 
     </span>
     <span class='ocr_line' id='line_1_146' title="bbox 1089 2965 1957 3006; baseline -0.002 -8"><span class='ocrx_word' id='word_1_1083' title='bbox 1089 2973 1160 2998; x_wconf 80' lang='lat' dir='ltr'>tunc</span> <span class='ocrx_word' id='word_1_1084' title='bbox 1173 2967 1285 2997; x_wconf 78' lang='lat' dir='ltr'>demum</span> <span class='ocrx_word' id='word_1_1085' title='bbox 1302 2965 1466 3005; x_wconf 75' lang='lat' dir='ltr'>accipientis</span> <span class='ocrx_word' id='word_1_1086' title='bbox 1478 2965 1556 3005; x_wconf 75' lang='lat' dir='ltr'>fiat,</span> <span class='ocrx_word' id='word_1_1087' title='bbox 1583 2973 1648 2995; x_wconf 86' lang='lat' dir='ltr'>cum</span> <span class='ocrx_word' id='word_1_1088' title='bbox 1672 2965 1783 3006; x_wconf 80' lang='lat' dir='ltr'>aliquid</span> <span class='ocrx_word' id='word_1_1089' title='bbox 1796 2971 1957 3006; x_wconf 79' lang='lat' dir='ltr'>sequutum</span> 
     </span>
    </p>
   </div>
   <div class='ocr_carea' id='block_1_6' title="bbox 1081 3005 1956 3049">
    <p class='ocr_par' dir='ltr' id='par_1_11' title="bbox 1081 3005 1956 3049">
     <span class='ocr_line' id='line_1_147' title="bbox 1081 3005 1956 3049; baseline -0.003 -10"><span class='ocrx_word' id='word_1_1090' title='bbox 1081 3008 1195 3049; x_wconf 78' lang='lat' dir='ltr'>suerit:</span> <span class='ocrx_word' id='word_1_1091' title='bbox 1217 3015 1276 3037; x_wconf 82' lang='lat' dir='ltr'>non</span> <span class='ocrx_word' id='word_1_1092' title='bbox 1289 3008 1403 3047; x_wconf 83' lang='lat' dir='ltr'>proprie</span> <span class='ocrx_word' id='word_1_1093' title='bbox 1417 3008 1532 3038; x_wconf 76' lang='lat' dir='ltr'>donatio</span> <span class='ocrx_word' id='word_1_1094' title='bbox 1558 3005 1745 3047; x_wconf 75' lang='lat' dir='ltr'>appellabitur</span> <span class='ocrx_word' id='word_1_1095' title='bbox 1759 3029 1770 3045; x_wconf 88' lang='lat'><strong>‚</strong></span> <span class='ocrx_word' id='word_1_1096' title='bbox 1789 3007 1838 3042; x_wconf 80' lang='lat' dir='ltr'>sed</span> <span class='ocrx_word' id='word_1_1097' title='bbox 1863 3011 1956 3037; x_wconf 75' lang='lat' dir='ltr'>totum</span> 
     </span>
    </p>
   </div>
   <div class='ocr_carea' id='block_1_7' title="bbox 1086 3045 1960 3243">
    <p class='ocr_par' dir='ltr' id='par_1_12' title="bbox 1086 3045 1958 3214">
     <span class='ocr_line' id='line_1_148' title="bbox 1088 3045 1958 3087; baseline -0.003 -6"><span class='ocrx_word' id='word_1_1098' title='bbox 1088 3050 1138 3081; x_wconf 83' lang='lat' dir='ltr'>hoc</span> <span class='ocrx_word' id='word_1_1099' title='bbox 1154 3049 1267 3080; x_wconf 76' lang='lat' dir='ltr'>donatio</span> <span class='ocrx_word' id='word_1_1100' title='bbox 1283 3048 1336 3085; x_wconf 84' lang='lat' dir='ltr'>sub</span> <span class='ocrx_word' id='word_1_1101' title='bbox 1356 3048 1514 3079; x_wconf 76' lang='lat' dir='ltr'>conditione</span> <span class='ocrx_word' id='word_1_1102' title='bbox 1538 3045 1587 3087; x_wconf 78' lang='lat' dir='ltr'>est.</span> <span class='ocrx_word' id='word_1_1103' title='bbox 1633 3045 1724 3086; x_wconf 74' lang='lat' dir='ltr'>Item,</span> <span class='ocrx_word' id='word_1_1104' title='bbox 1755 3056 1820 3077; x_wconf 83' lang='lat' dir='ltr'>cum</span> <span class='ocrx_word' id='word_1_1105' title='bbox 1837 3047 1901 3087; x_wconf 83' lang='lat' dir='ltr'>quis</span> <span class='ocrx_word' id='word_1_1106' title='bbox 1923 3056 1958 3078; x_wconf 78' lang='lat' dir='ltr'>ea</span> 
     </span>
     <span class='ocr_line' id='line_1_149' title="bbox 1086 3086 1958 3129; baseline -0.006 -7"><span class='ocrx_word' id='word_1_1107' title='bbox 1086 3096 1178 3122; x_wconf 80' lang='lat' dir='ltr'>mente</span> <span class='ocrx_word' id='word_1_1108' title='bbox 1204 3090 1272 3128; x_wconf 80' lang='lat' dir='ltr'>dot,</span> <span class='ocrx_word' id='word_1_1109' title='bbox 1302 3095 1335 3120; x_wconf 77' lang='lat' dir='ltr'>ur</span> <span class='ocrx_word' id='word_1_1110' title='bbox 1349 3086 1452 3128; x_wconf 74' lang='lat' dir='ltr'>statim</span> <span class='ocrx_word' id='word_1_1111' title='bbox 1473 3089 1588 3129; x_wconf 78' lang='lat' dir='ltr'>quidem</span> <span class='ocrx_word' id='word_1_1112' title='bbox 1603 3088 1701 3127; x_wconf 78' lang='lat' dir='ltr'>faciat</span> <span class='ocrx_word' id='word_1_1113' title='bbox 1727 3088 1911 3127; x_wconf 67' lang='lat' dir='ltr'>accipientis,</span> <span class='ocrx_word' id='word_1_1114' title='bbox 1928 3087 1958 3126; x_wconf 81' lang='lat' dir='ltr'><strong><em>fi</em></strong></span> 
     </span>
     <span class='ocr_line' id='line_1_150' title="bbox 1087 3128 1956 3170; baseline -0.003 -7"><span class='ocrx_word' id='word_1_1115' title='bbox 1087 3137 1183 3163; x_wconf 79' lang='lat' dir='ltr'>tamen</span> <span class='ocrx_word' id='word_1_1116' title='bbox 1199 3130 1310 3170; x_wconf 75' lang='lat' dir='ltr'>aliquid</span> <span class='ocrx_word' id='word_1_1117' title='bbox 1328 3129 1444 3170; x_wconf 60' lang='lat' dir='ltr'>fabium</span> <span class='ocrx_word' id='word_1_1118' title='bbox 1461 3131 1578 3168; x_wconf 75' lang='lat' dir='ltr'>fuerit,</span> <span class='ocrx_word' id='word_1_1119' title='bbox 1602 3134 1653 3160; x_wconf 77' lang='lat' dir='ltr'>aut</span> <span class='ocrx_word' id='word_1_1120' title='bbox 1672 3138 1728 3160; x_wconf 84' lang='lat' dir='ltr'>non</span> <span class='ocrx_word' id='word_1_1121' title='bbox 1742 3128 1859 3168; x_wconf 69' lang='lat' dir='ltr'>fueris,</span> <span class='ocrx_word' id='word_1_1122' title='bbox 1884 3129 1956 3160; x_wconf 73' lang='lat' dir='ltr'>velit</span> 
     </span>
     <span class='ocr_line' id='line_1_151' title="bbox 1086 3170 1956 3214; baseline -0.009 -6"><span class='ocrx_word' id='word_1_1123' title='bbox 1086 3174 1125 3208; x_wconf 78' lang='lat' dir='ltr'>ad</span> <span class='ocrx_word' id='word_1_1124' title='bbox 1143 3175 1172 3213; x_wconf 82' lang='lat' dir='ltr'>le</span> <span class='ocrx_word' id='word_1_1125' title='bbox 1195 3173 1324 3210; x_wconf 76' lang='lat' dir='ltr'>reverti:</span> <span class='ocrx_word' id='word_1_1126' title='bbox 1351 3181 1409 3205; x_wconf 81' lang='lat' dir='ltr'>non</span> <span class='ocrx_word' id='word_1_1127' title='bbox 1424 3172 1541 3214; x_wconf 81' lang='lat' dir='ltr'>proprie</span> <span class='ocrx_word' id='word_1_1128' title='bbox 1562 3171 1677 3203; x_wconf 70' lang='lat' dir='ltr'>donacio</span> <span class='ocrx_word' id='word_1_1129' title='bbox 1698 3170 1824 3201; x_wconf 74' lang='lat' dir='ltr'>dicitur:</span> <span class='ocrx_word' id='word_1_1130' title='bbox 1838 3171 1891 3211; x_wconf 78' lang='lat' dir='ltr'>sed</span> <span class='ocrx_word' id='word_1_1131' title='bbox 1914 3176 1956 3201; x_wconf 87' lang='lat' dir='ltr'>to·</span> 
     </span>
    </p>

    <p class='ocr_par' dir='ltr' id='par_1_13' title="bbox 1898 3217 1960 3243">
     <span class='ocr_line' id='line_1_152' title="bbox 1898 3217 1960 3243; baseline 0 -1"><span class='ocrx_word' id='word_1_1132' title='bbox 1898 3217 1960 3243; x_wconf 82' lang='lat' dir='ltr'>tum</span> 
     </span>
    </p>
   </div>
  </div>
 </body>
</html>
