2052 3487
205 152 277 184 140

207 235 314 262 autem
329 236 437 266 meus,
453 224 572 256 solutus
588 220 704 260 laqueo
719 226 785 258 quo
801 216 967 255 haerebat,
981 224 1071 263 meus

209 271 274 303 effe
293 270 405 302 desinit
421 291 431 306 ‚
461 266 491 297 ὅτ.
506 263 582 296 milii
609 261 743 302 perinde
760 260 864 300 perit,
889 268 926 289 ac
945 257 966 289 fi
984 266 1072 303 occi·

209 312 260 343 sus
283 311 388 348 esset3
417 308 491 338 huic
509 311 616 336 autem
641 303 759 334 damno
787 300 910 331 causam
934 299 1072 345 praebuit

209 353 264 384 ille
297 352 349 391 qui
374 356 484 389 aprum
507 347 623 386 laqueo
653 343 774 374 solvit:
810 342 887 382 quid
915 343 947 372 ni
977 348 1072 385 igitur

209 393 335 424 actione
359 391 390 422 in
415 389 534 420 factum
552 409 561 424 ,
591 385 643 415 sed
668 384 775 421 civili,
798 382 862 414 five
882 382 950 413 utili
976 383 1072 421 Aqui-

209 435 269 471 iia,
288 430 458 464 teneatur?
480 435 669 469 quamquam
687 426 739 456 ille
756 425 810 465 qui
826 423 949 454 servum
965 431 1072 453 meum

209 474 431 514 compeditum
454 470 565 508 solvit,
589 475 713 499 tantum
730 467 759 496 in
777 465 978 511 fastumajure
993 472 1072 504 prae-

208 517 295 546 torio
315 514 487 554 obligetur.
520 512 751 551 Argumentum
768 507 843 538 liuie
858 515 902 536 rei
923 507 942 536 l.
960 514 1009 542 49.
1028 503 1071 550 D.

208 557 238 588 h.
263 561 284 587 t.
315 557 346 587 in
374 564 433 594 qua
451 552 560 584 Titius
578 552 695 582 alienas
720 559 793 589 apes
816 547 908 578 fumo
930 546 1072 593 fugavit,

207 597 262 628 vel
286 598 382 628 etiam
400 595 537 627 necavit.
561 593 630 633 (res
648 599 725 622 nota
741 614 751 629 ,
782 589 812 620 ὅ(
840 597 935 629 quam
962 587 1073 618 Lrvrus

208 639 313 679 tangit
328 638 375 669 lib.
385 647 414 677 4.
431 638 526 671 etiarn
542 633 759 676 Quintilianus
777 630 907 661 Declam.
923 639 970 670 13·
989 628 1073 676 ῌοσ,

209 680 377 719 inquiens,
408 687 516 709 veneno
540 677 693 709 vindicas,
725 673 800 715 quod
822 681 865 702 me
881 672 970 716 hercle
986 671 1074 700 mbu-

208 730 293 752 mane
318 722 405 751 etiam
424 719 511 760 fumo
525 715 764 758 prohibuiffes?)
794 711 922 750 Titius,
946 719 1075 757 inquam

207 763 326 794 alienas
344 771 419 803 apes
436 760 526 790 fumo
546 758 687 790 necavit:
712 756 785 797 quia
808 763 872 785 non
897 761 961 784 tarn
987 752 1074 798 vide-

208 811 260 835 tur
291 813 365 844 apes
398 800 576 837 occidisse,
612 807 707 839 quam
740 797 785 828 eis
812 794 935 826 causam
961 800 1074 839 mort-is

206 844 397 886 praebuisse,
432 843 506 873 ideo
531 841 630 881 magis
657 839 784 870 actione
809 837 841 868 iii
865 836 1012 882 salitum,
1043 835 1075 865 id

208 886 275 925 est,
300 885 396 926 magis
413 884 498 921 utili,
517 891 611 923 quam
628 881 766 918 directa,
785 878 958 910 tenebitur.
988 876 1075 907 idem

206 934 300 969 putat
327 926 481 966 Ulpianus
498 948 508 962 ‚
539 923 561 955 si
581 923 726 964 fugavit:
758 920 852 961 quia,
884 918 938 965 etsi
956 918 1073 963 fugane

209 977 286 1010 apes
304 967 436 1010 proprie
454 973 555 1005 ruptae
574 974 639 996 non
656 963 734 1001 sint,
757 970 864 1008 tamen
882 969 955 1001 quia
976 960 1074 1005 domi-

206 1020 252 1043 no
275 1010 461 1050 perierunt,
490 1008 612 1039 idcirco
636 1014 709 1036 cum
731 1010 852 1050 necatis
868 1025 893 1048 ‚¹
911 1009 1073 1048 rupmsve,

208 1058 440 1092 comparantur
459 1072 468 1087 ‚
498 1049 528 1080 &
549 1047 712 1087 utrimque
742 1046 810 1076 utili
835 1044 952 1089 36110111
977 1051 1072 1082 perae-

207 1102 272 1135 que
295 1093 385 1124 locus
408 1090 463 1123 est.
505 1090 594 1121 ldem
618 1089 666 1128 jus
684 1086 749 1124 est,
771 1095 845 1117 cum
870 1085 996 1125 quidam
1015 1092 1074 1124 po-

206 1135 314 1166 culum
332 1134 461 1165 alterius
486 1141 527 1163 ex
543 1139 626 1162 nave
650 1127 812 1170 ejecisset:
843 1135 915 1173 nain
935 1125 965 1156 δι
989 1124 1073 1155 hunc

206 1177 240 1208 in
256 1175 377 1208 factum
402 1174 526 1206 actione
549 1171 675 1209 teneri,
707 1169 861 1202 Proculus
886 1173 1074 1207 interpreta-

207 1223 260 1249 tur
277 1218 306 1249 d.
329 1217 349 1249 l.
368 1227 420 1258 55.
444 1215 486 1247 D.
510 1216 544 1244 de
558 1213 732 1255 adquirendo
751 1220 846 1241 rerum
863 1209 986 1240 dominio
1001 1231 1011 1245 ‚
1044 1206 1074 1238 ὅ(

208 1257 366 1300 Ulpianus
387 1259 407 1290 l.
432 1266 480 1296 14.
503 1256 532 1298 §.
554 1264 578 1286 1.
603 1254 646 1286 D.
672 1255 704 1284 de
721 1251 899 1296 praescriptis
913 1251 1018 1296 perbis.
1043 1257 1074 1296 a·

211 1301 353 1333 &ionem
372 1306 479 1331 autem
502 1300 534 1329 in
551 1295 670 1328 fastum
688 1294 799 1325 utilem
819 1291 978 1332 Aquiliam
995 1299 1074 1336 acci-

208 1342 360 1384 piendam
379 1339 443 1372 esse
459 1361 469 1378 ‚
490 1339 586 1370 etiam
602 1347 642 1369 ex
660 1346 701 1367 eo
719 1336 838 1372 claret,
861 1332 950 1374 quod
969 1330 1076 1372 Ulpia-

208 1393 268 1416 nus
284 1383 304 1415 Ζ.
317 1390 367 1424 27.
384 1381 414 1424 §.
433 1390 481 1413 21.
499 1379 539 1411 D.
557 1380 585 1410 h.
603 1385 624 1409 t.
649 1377 670 1409 fi
686 1376 795 1408 Titius
822 1376 863 1406 de
885 1382 980 1420 manu
1006 1381 1077 1404 mea

207 1433 360 1458 nummos
383 1432 472 1455 meos
491 1420 643 1457 exemit,
667 1419 696 1450 ὅ(
716 1418 747 1449 111
764 1418 807 1448 ita
830 1421 1012 1463 perierunt,
1035 1423 1076 1460 ne

208 1467 251 1498 ad
265 1466 404 1506 aliquem
425 1463 648 1503 pervenirent,
672 1467 746 1499 puta
763 1481 772 1496 ,
796 1457 818 1489 si
834 1466 866 1488 in
884 1456 1022 1503 flumen,
1040 1464 1077 1502 in

208 1516 316 1545 mare,
339 1513 392 1537 aut
411 1506 574 1540 cloacam,
598 1497 808 1537 ceciderunt,
832 1499 936 1530 damni
956 1505 1076 1537 injuriae

211 1549 370 1581 aetioiiem
392 1546 470 1578 milii
489 1545 624 1576 dandam
644 1541 724 1579 esse,
754 1550 795 1572 ex
814 1540 931 1571 Sabino
956 1538 1074 1570 refert:

210 1591 245 1622 id
264 1588 330 1627 est,
360 1595 395 1619 ut
413 1586 491 1619 milii
512 1585 657 1622 videtur,
675 1583 801 1614 utilem:
826 1590 901 1627 iiam
925 1589 1030 1620 neque
1046 1589 1076 1626 aj

210 1631 275 1663 {tio
294 1629 442 1670 praetoria
460 1628 492 1659 in
516 1627 634 1657 factum
655 1632 708 1656 aut
727 1623 871 1664 Aquilia,
895 1629 948 1668 aut
965 1624 1076 1668 *damni

210 1672 350 1713 injuriae,
373 1669 551 1710 appellatur
568 1675 738 1708 umquam3
768 1674 841 1695 cum
859 1664 946 1695 utilis
965 1670 1007 1693 ita
1027 1662 1075 1692 sce-

210 1723 253 1755 pe
270 1719 406 1744 vocetur
422 1712 438 1742 l.
455 1717 521 1751 pen.
542 1710 574 1740 C.
585 1711 617 1739 de
639 1708 697 1749 lege
706 1706 847 1752 Aquilia,
872 1705 908 1739 ὃ)
924 1705 942 1734 ἰ.
955 1713 982 1744 7.
1007 1704 1076 1745 §.4

210 1755 255 1788 D.
277 1756 311 1785 de
324 1753 383 1785 dolo
400 1753 493 1784 malo:
516 1751 546 1782 &
565 1750 714 1781 directam
732 1748 889 1785 Aquiliam
911 1753 1078 1786 compete-

207 1803 246 1829 're
267 1805 303 1828 ea
321 1795 353 1826 in
375 1794 500 1834 speeie,
531 1790 729 1831 Pomponius
754 1790 793 1819 ad
814 1788 964 1818 Sabinum
982 1793 1077 1827 negat

205 1838 296 1879 ‘apud
318 1835 493 1877 Ulpianum
515 1834 543 1865 d.
567 1833 587 1864 l.
607 1841 654 1869 14.
673 1831 707 1877 ὃ.
728 1840 768 1876 ²2
788 1827 897 1869 quaeso'
920 1828 1076 1868 quamob-

209 1888 281 1912 rem
296 1879 314 1911 ‘3
343 1878 417 1919 quia
434 1875 542 1907 Titius
570 1881 701 1916 proprie
718 1871 847 1912 quidem
864 1878 1003 1909 corpore
1022 1868 1076 1899 suo

211 1924 280 1953 ‘non
303 1919 388 1961 rupit
412 1925 551 1958 corpora
575 1922 779 1947 nummorum
803 1920 948 1943 meorum
965 1933 975 1949 ‚
1007 1919 1077 1950 quae

212 1963 311 1994 etiam
334 1961 422 2001 aquis
440 1957 538 1991 mersa
560 1957 627 1989 inte
653 1966 683 1987 ra
705 1955 733 1986 ὅ(
751 1955 935 1993 incorrupta
959 1950 1094 1984 manse-.

212 2010 309 2036 runt:
331 2001 384 2034 sed
406 2001 508 2039 fecit,
531 2006 567 2031 ut
589 1999 630 2030 mi
659 1996 814 2036 iperinde
830 1995 1017 2032 interirent,
1041 2002 1078 2024 ac

213 2044 238 2077 fi
254 2044 286 2076 in
309 2052 414 2076 rerum
433 2049 543 2073 natura
558 2049 624 2073 non
648 2038 748 2071 ess'ent
765 2061 776 2076 ,
808 2036 974 2077 postquam
999 2034 1078 2081 mihi

211 2085 285 2127 spes
311 2095 368 2118 eos
388 2082 565 2124 recipiendi
588 2081 673 2113 nulla
688 2080 811 2120 reliqua
831 2076 886 2109 est.
929 2075 1009 2108 Haec
1024 2101 1034 2115 ,
1057 2077 1079 2107 11
1122 2082 1142 2114 q

212 2129 258 2160 ita
278 2127 433 2170 periei-int
459 2124 578 2156 nummi
597 2147 607 2162 ‚
637 2129 673 2154 ut
691 2121 731 2153 ad
745 2119 907 2166 neminem
925 2127 1079 2159 pervene-

213 2171 279 2202 rint
296 2179 305 2206 ;
338 2168 392 2200 sed
410 2167 431 2199 fi
448 2167 487 2198 ad
515 2166 655 2206 aliquem
677 2168 886 2207 pervenerint
905 2183 915 2199 ‚
947 2158 1036 2200 posse
1052 2168 1080 2190 a·

215 2211 359 2243 &ionem
374 2210 406 2241 in
429 2207 548 2239 facium
572 2205 656 2244 dari,
679 2205 784 2246 (jure,
808 2211 943 2248 opinor,
967 2209 1083 2242 praeto-

213 2252 285 2293 rio)
306 2252 392 2284 idern
415 2248 548 2281 Sabinus
579 2248 647 2284 ait,
678 2245 808 2277 auctore
842 2242 980 2284 Ulpiano
1006 2244 1034 2274 d.
1060 2242 1080 2288 l:

215 2303 266 2334 27.
288 2293 319 2336 §.
338 2302 388 2326 21.
413 2291 487 2330 quid
507 2289 575 2321 ita?
605 2288 678 2329 quia
701 2286 805 2318 adhuc
825 2292 936 2330 extant
959 2293 1080 2316 nummi

215 2335 332 2375 integri
358 2334 389 2366 &
412 2331 523 2371 illaesi3
555 2330 694 2370 denique
717 2328 747 2359 &
764 2327 810 2358 rei
841 2326 1079 2372 vindicatione,

215 2377 248 2409 ἂ
264 2377 374 2414 aliter,
398 2374 500 2415 repeti
517 2371 662 2414 possunt,
679 2370 709 2402 ἃ,
725 2377 832 2400 tamen
849 2375 884 2399 tu
902 2367 979 2399 mihi
995 2368 1079 2399 daui-

214 2427 294 2451 num
322 2416 465 2455 dedisti,
496 2413 639 2455 quamvis
663 2411 795 2452 integris
823 2410 961 2455 nummis·
983 2409 1080 2447 meis;

215 2461 336 2501 pariter
354 2467 390 2490 ut
408 2481 417 2496 ‚
449 2467 523 2488 cum
547 2455 670 2487 servum
691 2461 797 2485 meum
814 2452 1034 2491 compeditum
1052 2451 1080 2482 ὃ(

217 2501 362 2532 vinctum
379 2498 496 2531 solvisti
512 2507 548 2529 ac
565 2494 701 2529 dimisisti
714 2518 722 2532 ‚
747 2502 781 2525 ut
799 2492 927 2539 fugeret
942 2515 951 2530 ‚
982 2492 1080 2538 3611οἷ

215 2550 258 2574 118
275 2542 306 2573 111
330 2541 448 2573 factum
474 2538 646 2571 subsidiaria
664 2536 741 2568 milii
769 2543 895 2567 teneris.
938 2532 1080 2576 Exposui

215 2592 317 2616 unum
339 2583 539 2621 alterumque
557 2579 751 2619 exemplum.
916 2617 922 2622 ⁴

263 2623 320 2656 Est
336 2624 366 2655 ὅ(
389 2623 472 2654 aliud
496 2623 526 2653 in
543 2623 571 2652 d.
597 2621 615 2652 l.
635 2631 682 2660 27.
705 2619 733 2661 ᾗ.
756 2627 803 2657 14.
827 2617 862 2650 111
886 2617 1018 2649 3118113111
1039 2614 1082 2647 se-

214 2673 327 2708 getem
359 2664 419 2706 (id
449 2663 495 2695 est
512 2687 521 2702 ‚
551 2664 582 2693 in
611 2663 744 2693 alienam
770 2669 883 2690 terram
907 2666 1025 2689 aratam
1050 2658 1080 2688 ἁ

215 2706 372 2740 consitam
388 2716 397 2736 ι
423 2715 460 2736 83
479 2705 563 2736 8111111
581 2711 662 2734 terra
681 2701 766 2743 seges
792 2701 968 2742 appellatur
982 2723 992 2739 ,
1022 2698 1081 2730 Fe-

215 2750 267 2783 sto
292 2748 324 2780 &
347 2746 459 2779 Nonio
478 2744 680 2785 interprete)
712 2742 843 2783 injecisti
860 2742 971 2774 lolium
988 2764 998 2780 ,
1028 2747 1082 2772 aut

219 2799 381 2828 avenam,
404 2797 470 2828 quo
488 2796 556 2818 eam
580 2794 614 2816 tu
636 2786 835 2823 inquinares‚
860 2784 891 2815 id
907 2783 970 2821 est,
994 2789 1029 2813 ut
1046 2791 1082 2828 ea

219 2832 356 2865 nitentia
378 2830 463 2861 culta
480 2829 642 2869 pollueres
669 2826 838 2865 injeelione
858 2824 982 2856 seminis
1000 2823 1083 2855 steri-

217 2875 258 2907 iis
277 2873 309 2905 &
327 2871 485 2907 infelicis,
508 2870 601 2910 quale
619 2867 663 2898 est
689 2867 798 2897 lolium
820 2868 849 2898 &
866 2875 983 2904 avena,
1011 2865 1082 2905 jux-

218 2922 252 2948 ta
270 2914 349 2948 illud
367 2912 492 2954 Virgilii
514 2912 562 2942 lib.
633 2909 764 2948 Georgia.
786 2909 860 2944 vers.
883 2917 950 2948 154.

258 2974 314 2981 -—
334 2971 389 2979 ——--
409 2972 463 2978 —-
485 2953 567 2985 Inter
589 2984 592 2986 ,
639 2951 762 2980 nitentia
778 2950 855 2980 culta

260 2998 374 3039 Infelix
388 2996 485 3028 lotium
503 2919 658 3034 &Jssies
677 2991 862 3020 dominantur
880 3000 987 3021 avene.

219 3041 273 3078 Si,
305 3040 433 3080 inquam
449 3061 459 3077 ,
491 3037 626 3067 alienam
654 3031 792 3072 segetem
817 3031 982 3076 inquinasti
1001 3055 1010 3068 ,
1033 3031 1085 3063 seu

221 3080 407 3113 deformasti
425 3103 435 3118 ‚
467 3077 638 3119 injectione
663 3082 772 3104 avenae
796 3080 848 3102 aut
871 3072 955 3102 lolii:
981 3073 1084 3104 domi-

221 3132 266 3154 no
284 3123 432 3154 damnum
454 3118 585 3157 dedisti·,
609 3116 661 3147 sed
681 3115 751 3155 iege
771 3113 896 3152 Aquilia
914 3122 978 3159 non
995 3122 1083 3145 tene-

221 3164 263 3195 ris
281 3174 289 3194 :
320 3164 392 3202 quia
411 3162 548 3202 speciem
571 3158 701 3200 proprie
718 3165 782 3186 non
807 3154 970 3195 corrupisti
989 3178 999 3192 ,
1031 3164 1084 3186 aut

221 3204 346 3236 mutasti
365 3226 375 3241 ‚
407 3204 494 3242 quod
513 3204 564 3233 lex
584 3199 709 3238 Aquilia
731 3196 904 3231 desiderat,
936 3195 991 3227 etsi
1014 3206 1084 3227 cor-

221 3245 295 3294 pori
315 3244 506 3286 applicueris
537 3242 657 3285 aliquid
685 3240 771 3281 cujus
797 3238 934 3271 difficilis
966 3237 1084 3279 separa-

811 128 1115 164 Gexannr
1164 122 1394 161 Noon'r

1115 212 1162 244 tio
1190 213 1237 245 sit.
1284 212 1329 245 Et
1356 220 1446 246 certe
1469 211 1515 245 est
1546 212 1632 246 aliud
1659 222 1760 256 genus
1790 214 1923 257 damni,
1951 218 1976 250 i·

1114 254 1203 295 psum
1219 255 1296 296 quid
1307 264 1515 296 corrumpere
1530 255 1560 287 ἀ
1575 263 1717 294 mutare,
1741 263 1776 287 ut
1792 258 1916 298 Aquilia
1931 258 1977 290 lo-

1114 306 1189 328 cum
1207 297 1346 336 habeat3
1375 298 1480 336 aliud,
1503 297 1587 328 nulla
1608 296 1700 338 ipsius
1722 305 1900 330 mutatione
1922 309 1976 340 ap-

1115 339 1233 379 plicare
1257 338 1342 370 aliud
1365 340 1452 379 cuius
1483 338 1615 370 molesta
1646 338 1800 379 separatio
1824 338 1870 371 sit.
1913 340 1976 374 Sed

1115 379 1172 411 etsi
1189 389 1226 411 ea
1247 389 1324 411 vera
1345 381 1512 421 corruptio
1537 389 1603 411 non
1621 379 1656 411 sit
1674 403 1683 417 ,
1716 387 1820 412 tamen
1844 389 1977 421 propter

1115 420 1279 453 difficilem
1302 420 1532 462 separationem
1549 445 1559 459 ,
1594 421 1677 462 quasi
1701 424 1867 462 coi-ruptio
1890 425 1977 454 vide·

1116 469 1167 494 tur
1188 463 1207 493 l.
1226 471 1273 503 15.
1297 462 1325 503 §.
1343 472 1371 494 2.
1398 462 1439 494 D.
1464 462 1569 494 Lot-aci
1586 462 1737 494 concitasti.-
1767 463 1807 494 de
1831 473 1892 505 qua
1912 473 1977 496 non

1116 513 1157 535 81(
1179 504 1252 544 lege
1270 503 1395 544 Aquilia
1411 504 1529 535 diretta
1554 505 1605 536 vel
1630 505 1714 535 utilis
1732 504 1813 535 attio
1826 527 1835 542 ,
1867 504 1918 536 sed
1938 514 1979 538 ex

1117 544 1235 576 Edicto
1259 545 1411 577 Praetoris
1438 544 1613 577 subsidiaria
1636 547 1666 576 iti
1691 544 1809 576 facium
1826 545 1908 577 attio
1933 547 1979 577 in-

1117 586 1169 618 dul
1195 593 1291 624 etur3
1321 587 1417 617 etiam
1436 586 1639 618 interdictum
1668 587 1755 627 quod
1776 588 1804 618 vi
1823 595 1876 618 aut
1897 588 1980 620 clam

1116 629 1145 659 d.
1191 651 1198 658 .
1219 636 1267 667 14.
1289 626 1308 657 l.
1326 637 1375 667 27.
1397 630 1449 659 cui
1478 629 1567 660 locus
1590 628 1635 660 est
1653 651 1662 666 ‚
1694 628 1822 668 quoties
1845 628 1920 669 quid
1948 630 1979 661 in

1117 667 1186 700 solo
1207 669 1238 699 vi
1260 675 1314 699 aut
1331 669 1413 700 clam
1430 668 1549 701 fattum
1567 670 1682 701 dicitur
1703 670 1724 701 ι.
1750 678 1771 701 i.
1796 670 1825 711 §.
1845 680 1875 708 4.
1901 670 1937 704 ὅ)
1958 670 1978 700 1.

1118 719 1147 750 7.
1171 709 1200 751 §.
1218 720 1248 751 5.
1273 708 1315 756 D.
1341 709 1429 753 Quod
1447 712 1480 741 vi
1497 717 1550 741 aut
1567 711 1657 742 clam.-
1681 719 1852 750 utrumque
1873 720 1981 745 autern

1118 753 1210 782 datur
1228 752 1388 788 domin03
1413 750 1465 783 sed
1483 752 1513 783 ὅ(
1530 752 1650 783 8010110
1668 773 1679 789 ,
1709 760 1743 783 iit
1767 753 1897 792 quidem
1923 751 1981 784 Ul·
2030 755 2031 758 ’

1117 793 1227 833 pianus
1251 791 1352 823 refert
1367 811 1379 828 <
1410 792 1432 824 fi
1456 793 1522 833 ejus
1550 794 1680 825 interest
1707 801 1839 834 propter
1861 794 1982 826 fructus

1117 835 1137 865 ι.
1156 842 1202 865 11.
1226 833 1255 875 §.
1271 833 1326 865 ult.
1351 833 1387 868 ἐξ
1410 834 1430 866 l.
1452 843 1499 866 12.
1521 834 1560 865 D.
1587 836 1645 865 bod.
1666 836 1711 866 tit.
1738 833 1781 865 Ut
1802 843 1907 866 tamen
1926 845 1982 866 co-

1118 875 1230 913 lonus,
1254 874 1274 906 si
1290 874 1450 907 actionem
1468 878 1500 907 in
1519 875 1637 907 factum
1654 883 1824 913 exerceat,
1848 885 1982 914 caveat,

1118 916 1250 957 amplius
1279 925 1345 947 non
1375 917 1448 957 agi:
1480 918 1512 948 id
1545 917 1614 956 est,
1652 918 1817 949 dominum
1848 919 1982 958 amplius

1117 967 1183 989 non
1209 957 1460 998 inquietaturum
1492 968 1564 989 eum
1581 982 1590 997 ,
1623 960 1676 999 qui
1702 960 1851 990 damnum
1883 960 1983 991 dedit.

1116 999 1204 1071 puod
1227 998 1258 1030 &
1284 998 1360 1030 alibi
1377 998 1414 1030 fit
1430 999 1448 1031 l.
1463 1008 1511 1036 29.
1533 999 1575 1031 D.
1595 1001 1708 1041 dejure
1730 1002 1848 1032 (lotium.
1887 1001 1932 1032 lta
1950 1001 1984 1033 111

1130 1048 1234 1081 egete.

1159 1082 1248 1113 ldem
1263 1081 1456 1119 dicendum,
1478 1080 1500 1112 si
1516 1082 1585 1122 quis
1602 1081 1766 1114 frumento
1783 1092 1907 1114 arenam
1925 1083 1984 1114 iiii·

1117 1123 1242 1155 miscuit
1259 1146 1268 1161 ,
1299 1123 1352 1154 vel
1376 1124 1453 1163 quid
1476 1122 1574 1154 simile
1599 1124 1686 1163 cujus
1712 1124 1848 1155 difficilis
1867 1124 1984 1164 separa-

1119 1172 1165 1196 tio
1189 1163 1249 1195 sit:
1285 1173 1350 1195 non
1382 1164 1466 1195 enirn
1498 1164 1694 1196 frumentum
1725 1165 1899 1206 corrupisse
1930 1173 1984 1197 aut

1118 1204 1295 1238 immutasse
1313 1214 1389 1236 vere
1406 1206 1550 1243 dicetur,
1573 1213 1608 1237 ut
1632 1207 1702 1246 lege
1719 1207 1844 1247 Aquilia
1862 1216 1984 1237 conve-

1118 1248 1176 1278 niri
1199 1247 1322 1288 possit;
1346 1247 1376 1278 ἀ
1401 1253 1506 1277 tamen
1529 1249 1569 1278 de
1594 1248 1678 1287 quasi
1703 1257 1859 1289 corrupto
1883 1250 1913 1279 in
1938 1247 1984 1279 fa-

1118 1288 1203 1320 stum
1234 1287 1360 1320 36110118
1393 1288 1586 1328 obligabitur
1610 1290 1639 1320 d.
1662 1289 1680 1320 l.
1700 1298 1747 1328 27.
1771 1289 1799 1330 §.
1818 1299 1867 1321 20.
1891 1290 1984 1321 aliter

1119 1339 1156 1361 ac
1173 1329 1193 1361 si
1209 1331 1278 1370 quis
1297 1331 1405 1361 vinum
1427 1329 1560 1367 effudit,
1586 1331 1635 1360 vel
1660 1339 1786 1361 acetum
1805 1330 1904 1368 fecit,
1929 1337 1984 1362 aut

1119 1371 1279 1412 spurcavit
1297 1381 1305 1401 :
1337 1378 1404 1402 turn
1422 1372 1508 1402 enim
1527 1371 1650 1412 Aquilia
1667 1394 1675 1408 ‚
1708 1373 1739 1403 id
1761 1371 1805 1403 est
1823 1395 1833 1410 ,
1865 1372 1984 1403 directa

1119 1413 1264 1450 actione,
1287 1413 1337 1453 agi
1354 1411 1462 1452 posse,
1483 1411 1638 1451 Ulpianus
1654 1411 1771 1444 refert:
1796 1416 1867 1454 quia
1886 1414 1984 1445 etiam

1120 1452 1253 1485 effusum
1272 1476 1281 1492 ‚
1313 1453 1343 1484 ὅ(
1369 1461 1495 1485 acetum
1520 1453 1639 1485 fastum
1660 1477 1670 1492 ,
1702 1454 1817 1495 (quod
1835 1455 1983 1495 culpatum

1118 1496 1224 1526 vinum
1251 1494 1426 1526 Macrobio
1453 1495 1571 1526 dicitur
1593 1495 1642 1526 lib.
1665 1505 1694 1535 7.
1726 1496 1848 1527 Satztrrz.
1882 1506 1907 1527 c.
1933 1497 1985 1534 6.)

1118 1537 1264 1577 corrupti
1288 1536 1502 1577 appellatione
1522 1538 1613 1567 venit
1633 1537 1661 1568 d.
1686 1536 1705 1567 l.
1728 1546 1776 1578 27.
1799 1538 1827 1578 §.
1853 1546 1897 1577 15-
1932 1536 1984 1568 Eo

1119 1577 1208 1609 sensu
1232 1580 1275 1608 ait
1301 1578 1489 1609 Macrobius
1511 1579 1538 1610 d.
1562 1578 1581 1609 l.
1601 1587 1628 1618 7.
1654 1588 1677 1608 c.
1702 1586 1746 1609 12.
1772 1579 1804 1608 Si
1821 1581 1892 1616 vasa
1916 1579 1984 1609 vini

1120 1626 1206 1661 atque
1227 1619 1278 1649 olei
1295 1619 1406 1650 diutule
1412 1619 1571 1660 seiiziplencz
1590 1618 1751 1659 custodias,
1771 1623 1875 1650 vinum
1891 1621 1984 1659 ferme

1120 1662 1151 1692 in
1174 1670 1284 1691 acorem
1309 1662 1530 1700 corrumpitur,
1561 1661 1615 1691 oleo
1641 1666 1740 1691 contra
1755 1662 1845 1701 sapor
1859 1662 1985 1699 Jiczivior

1120 1701 1302 1732 conciliatur.
1344 1700 1433 1733 ldem
1456 1701 1519 1739 est,
1551 1701 1571 1733 fi
1596 1703 1665 1742 quis
1679 1703 1787 1733 vinum
1806 1702 1984 1741 spurcavit:

1119 1742 1275 1784 siquidem
1300 1741 1446 1783 spurcum
1474 1742 1518 1773 est
1535 1766 1545 1781 ‚
1578 1750 1613 1773 ut
1638 1742 1747 1773 Festus
1770 1742 1901 1781 scribit,
1933 1745 1984 1775 cui

1119 1792 1199 1824 aqua
1214 1784 1354 1815 admixta
1369 1784 1431 1822 est,
1455 1782 1682 1820 defrutumve,
1707 1792 1759 1814 aut
1777 1785 1849 1825 igne
1867 1785 1985 1817 taQum

1119 1826 1164 1857 est
1179 1848 1189 1864 ‚
1211 1824 1407 1863 mustumve,
1429 1833 1600 1866 antequam
1624 1824 1835 1858 defervescat.

1159 1866 1258 1907 lgitur
1274 1875 1341 1898 non
1363 1865 1476 1897 suffieit
1490 1889 1500 1905 ‚
1524 1866 1672 1898 damnum
1691 1866 1799 1899 datum
1819 1866 1880 1899 esi'e
1898 1877 1908 1906 ς
1932 1865 1985 1900 sed

1119 1906 1246 1940 necesse
1269 1906 1314 1939 est
1331 1931 1341 1947 ‚
1373 1914 1408 1939 ut
1433 1908 1587 1948 corpori,
1621 1908 1715 1940 etiam
1733 1916 1768 1940 ut
1790 1918 1806 1941 a
1824 1918 1986 1950 corpore,

1121 1950 1228 1981 datum
1245 1947 1301 1981 sit:
1334 1949 1378 1980 ait
1396 1950 1481 1981 enim
1497 1950 1549 1981 lex
1564 1972 1574 1988 ‚
1604 1950 1637 1982 Si
1653 1951 1718 1991 quis
1739 1950 1825 1982 alteri
1846 1952 1986 1982 damnum

1113 1991 1226 2032 faxit,
1269 1990 1323 2021 uod
1338 1989 1453 2031 ufferffi,
1467 1990 1615 2031 fregerit,
1644 1994 1776 2032 ruperit:
1808 1992 1859 2025 illa
1877 2000 1987 2025 autem

1123 2032 1220 2063 verba
1244 2000 1285 2063 sqic
1308 2033 1493 2072 accipienda
1519 2033 1588 2064 sunt
1604 2056 1614 2071 ,
1645 2033 1762 2073 Siquis
1784 2034 1850 2074 ipse
1873 2043 1931 2075 per
1954 2032 1986 2065 se

1146 2073 1199 2104 uid
1233 2072 1339 2104 ufferit
1355 2096 1365 2112 ,
1402 2072 1534 2114 fregerit
1549 2097 1558 2112 ‚
1595 2074 1741 2115 ruperit3
1778 2075 1859 2114 vel,
1897 2075 1987 2116 quod

1123 2115 1227 2153 idem,
1251 2113 1282 2145 si
1306 2114 1427 2146 (1118ἃο
1453 2116 1554 2156 egerit
1571 2125 1710 2156 corpore
1730 2115 1784 2147 suo
1799 2140 1810 2154 ,
1841 2117 1886 2147 uti
1907 2117 1986 2156 quid

1123 2164 1250 2194 ureret,
1281 2154 1461 2197 frangeret,
1494 2164 1673 2198 rumperet:
1705 2157 1895 2189 caeterumsi
1919 2166 1986 2190 nou

1124 2206 1181 2238 per
1202 2196 1234 2228 se
1258 2195 1343 2238 ipse,
1366 2197 1400 2228 id
1426 2196 1493 2237 est,
1527 2198 1548 2229 fi
1572 2208 1637 2229 non
1664 2199 1824 2240 praecipue
1848 2207 1987 2238 corpore

1124 2239 1179 2270 suo
1195 2262 1204 2278 ‚
1236 2238 1385 2270 damnum
1401 2239 1553 2278 dederit,
1584 2239 1647 2271 five
1669 2239 1690 2271 fi
1715 2250 1780 2271 non
1806 2241 1837 2271 id
1862 2240 1984 2272 directo

1124 2280 1226 2322 egerit
1242 2303 1252 2319 ,
1283 2287 1318 2312 ut
1338 2280 1430 2311 alteri
1455 2282 1530 2321 quid
1553 2289 1677 2317 ureret,
1700 2281 1880 2323 frangeret,
1903 2291 1987 2313 rum-

1123 2329 1232 2363 peret,
1256 2321 1312 2353 etfi
1330 2321 1447 2353 damno
1467 2320 1587 2354 causam
1605 2322 1765 2363 praestitit,
1790 2324 1822 2355 id
1838 2323 1901 2360 est,
1929 2322 1986 2355 etsi

1122 2362 1230 2403 fecit,
1261 2370 1297 2394 ut
1327 2363 1405 2404 quid
1433 2364 1523 2395 alteri
1555 2372 1700 2396 ureretur
1717 2388 1726 2402 ,
1758 2364 1985 2403 frangeretur,

1123 2412 1350 2446 rumperetur3
1379 2413 1444 2436 non
1472 2406 1634 2438 tenebitur
1655 2407 1784 2446 quidem
1808 2406 1926 2437 diretta
1945 2406 1986 2437 le·

1123 2448 1170 2488 gis
1193 2446 1325 2487 Aquiliae
1351 2446 1494 2479 actione:
1518 2447 1570 2478 sed
1590 2449 1662 2487 quia
1690 2457 1755 2479 non
1781 2447 1929 2485 interest,
1954 2456 1985 2477 u-

1125 2496 1207 2520 trum
1233 2488 1322 2520 alteri
1347 2488 1496 2520 damnum
1522 2489 1646 2520 dederit
1671 2498 1809 2529 corpore
1832 2489 1886 2519 suo
1905 2512 1915 2526 ,
1947 2496 1986 2519 an

1123 2530 1241 2562 damno
1264 2528 1385 2563 causam
1403 2530 1593 2570 praebuerit;
1616 2531 1777 2567 obtinuit,
1799 2538 1832 2562 ut
1851 2530 1934 2562 utilis
1956 2539 1988 2560 a·

1125 2572 1189 2603 Ctio
1206 2570 1353 2602 adversus
1373 2580 1446 2603 eum
1467 2572 1555 2602 velut
1571 2582 1612 2603 ex
1630 2573 1706 2613 legis
1726 2571 1880 2603 sententia
1897 2573 1986 2602 dare-

1123 2620 1174 2644 tur
1190 2612 1218 2654 §.
1234 2616 1281 2645 16.
1306 2611 1377 2652 Irzfi.
1400 2613 1427 2644 h.
1452 2619 1475 2645 t.

1164 2653 1320 2695 Exempla
1343 2653 1413 2685 sunt
1430 2655 1468 2686 ad
1486 2654 1568 2685 hanc
1586 2663 1652 2685 rem
1670 2654 1826 2695 elegantia
1849 2653 1880 2685 in
1899 2653 1918 2684 l.
1937 2661 1986 2693 27.

1123 2696 1153 2739 §.
1169 2700 1200 2727 6.
1223 2695 1349 2737 &seqq
1373 2695 1414 2726 D.
1439 2697 1467 2727 d.
1491 2703 1511 2727 c.
1535 2694 1586 2727 sed
1611 2696 1773 2736 aliquanto
1801 2695 1943 2735 pleniora
1958 2704 1988 2725 3-

1126 2739 1189 2780 pud
1218 2736 1375 2769 Licinium
1401 2736 1550 2768 Rufinum
1579 2737 1637 2768 Tit.
1665 2747 1711 2769 12.
1744 2737 1910 2767 Collatioriis
1929 2736 1986 2767 Le-

1122 2790 1195 2823 gum
1212 2778 1409 2820 Mosaicarum
1426 2778 1463 2813 ὃ)
1476 2778 1692 2815 Romanarum,
1711 2787 1901 2819 quamquain
1918 2786 1989 2808 cor-

1126 2828 1228 2863 rupta.
1273 2820 1386 2859 Ecce,
1418 2820 1521 2852 facem
1545 2820 1687 2860 objecisti
1706 2820 1797 2852 servo
1821 2829 1895 2850 mco
1913 2842 1923 2857 ‚
1955 2818 1984 2849 &

1126 2873 1199 2895 euni
1222 2860 1373 2900 aduffisti,
1396 2862 1474 2894 item
1488 2863 1593 2895 villani
1609 2871 1730 2899 meam,
1754 2862 1805 2892 vel
1828 2861 1989 2892 arbustum

1126 2913 1253 2941 meum,
1276 2903 1463 2941 incendisti,-
1487 2905 1559 2943 quia
1579 2913 1633 2944 per
1650 2912 1682 2934 te
1699 2903 1800 2934 fecisti
1819 2904 1848 2934 δε
1871 2910 1986 2941 corpo-

1127 2957 1161 2978 re
1176 2945 1335 2986 praecipue
1353 2953 1410 2976 tuo
1422 2969 1431 2984 ‚
1456 2946 1516 2987 legi
1533 2946 1668 2985 Aquilia:
1685 2945 1776 2975 locus
1794 2944 1839 2975 es’t
1855 2944 1882 2973 d.
1907 2943 1936 2983 §.
1954 2945 1986 2973 6.

1127 2988 1232 3029 &fhq-
1256 2987 1341 3018 idem
1361 2987 1425 3026 est,
1449 2987 1469 3019 si
1491 2987 1614 3018 voluisti
1639 2987 1767 3018 insulam
1793 2993 1893 3015 meam
1911 2992 1986 3013 exu-

1127 3039 1216 3068 rere,
1249 3029 1279 3060 &
1295 3029 1374 3069 ignis
1392 3030 1430 3060 ad
1454 3029 1550 3060 vicini
1570 3038 1700 3069 quoque
1722 3026 1847 3058 insulam
1866 3034 1985 3071 ⁴perve-

1127 3073 1190 3103 nit:
1215 3080 1286 3102 nam
1301 3070 1377 3101 mihi
1396 3071 1519 3111 Aquilia
1536 3071 1694 3101 teneberis
1710 3069 1799 3107 lege,
1829 3075 1924 3097 etiam
1943 3067 1984 3096 vi-

1126 3114 1201 3144 cino
1219 3135 1229 3150 ,
1260 3121 1285 3143 ae
1312 3122 1350 3143 ue
1373 3113 1534 3152 inquilinis
1561 3113 1604 3143 ob
1633 3121 1681 3142 res
1708 3117 1817 3139 corum
1841 3108 1984 3138 exustas:

1125 3155 1171 3185 uti
1198 3121 1470 3195 apuqulpianum
1491 3153 1600 3185 Labeo
1617 3150 1777 3196 respondit
1800 3151 1828 3179 d.
1848 3150 1857 3179 l
1883 3159 1931 3189 27.
1955 3146 1984 3189 §-

1127 3201 1156 3229 8.
1182 3195 1218 3229 ὅ)
1240 3197 1268 3227 d.
1294 3195 1353 3227 Tit.
1376 3205 1421 3227 12.
1451 3196 1554 3235 Eique
1579 3201 1731 3225 convenit
1756 3192 1831 3222 illud
1856 3190 1984 3221 Scuecoe

1128 3237 1228 3270 Patris
1246 3260 1257 3274 ‚
1286 3237 1318 3269 iu
1341 3237 1495 3278 Excerpiis
1523 3236 1658 3267 Controv.
1671 3243 1699 3273 5.
1723 3233 1813 3273 lib.5.
1846 3227 1985 3265 Etiamfi

1918 3278 1989 3312 par·
