2036 3495
523 84 588 122 An
622 84 710 119 LI'B.
744 80 869 118 xxiii.
897 81 997 116 Tir.
1026 78 1083 116 ΙΙΙ.
1122 81 1170 116 De
1184 82 1256 127 jure
1276 80 1401 117 dotium.

79 181 182 213 'ntuli‘er
204 179 236 211 in
257 177 416 210 conditione
437 175 538 208 mariti
559 172 719 209 erraverit,
739 171 946 212 putaveritque

75 223 127 263 effe
143 223 261 253 liberum
277 243 285 257 ‚
309 229 373 249 cum
387 217 492 258 servus
508 215 589 256 effer:
613 214 726 245 concedi
742 218 848 252 oportet
864 210 947 258 qitfifi

70 263 259 304 privilegium
273 261 304 291 in
320 260 399 290 honis
415 259 476 290 viri
490 257 612 289 mulieri.
635 254 764 286 videlicet
784 259 834 292 tit,
846 254 873 291 Jz
883 252 945 300 sirit

75 305 111 340 &³
136 305 187 336 alii
216 303 382 338 creditores,
415 301 472 330 brec
489 297 665 339 praeferatur
689 296 765 326 circa
781 298 814 324 tie
835 294 944 334 peculio

75 345 225 377 astionem.
250 341 286 378 &³
297 340 325 380 fi
335 341 416 381 forte
445 341 555 372 domiuo
572 337 683 378 aliquid
707 337 802 366 debeat
827 340 943 372 serviis,

74 396 131 418 non
142 385 316 427 praeferazur
328 382 449 421 mulier,
464 379 520 418 nifi
532 381 562 409 in
577 379 620 409 bis
639 383 754 409 tantum
768 378 850 407 rebus
860 386 942 422 ⁴¹quae

74 428 120 459 vei
138 429 170 458 in
191 429 253 458 dore
268 426 369 464 vsunt„
387 423 432 453 vel
453 430 489 453 ex
510 421 572 450 dote
595 426 780 462 comprimit&
803 423 882 458 quast
906 415 942 450 ὅ)

73 471 116 500 ι’.)ιε
138 465 325 505 dotalesfint.
365 463 491 495 Thema
511 461 572 492 tale
589 460 649 492 est:
674 459 874 504 Mulierper
896 467 942 488 er-

72 519 180 541 rorem
203 515 300 548 nupta
325 505 413 536 servo
431 511 524 543 quem
548 501 680 542 putabat
703 500 764 531 css'c
787 500 941 544 liberum,

72 551 116 582 illi
133 558 291 590 tamquam
311 546 423 577 marito
441 545 572 576 dederat
597 543 720 575 dotem.
745 541 862 573 deinde
887 540 941 571 de-

74 593 153 623 tecta
179 592 244 632 eJus
260 586 450 619 conditione
473 585 595 621 servili,
627 583 790 625 apparuit,
820 581 941 612 nullum

71 631 163 665 suiss'e
186 629 431 664 matrimonium.
455 627 519 665 ita,
548 634 620 657 cum
648 626 756 656 dotem
780 630 941 669 repeteret

72 674 205 709 mulien
228 671 258 703 ἁ
281 676 497 711 quareretur,
528 676 567 698 an
594 666 644 698 vel
669 675 704 697 ea
727 665 757 696 in
781 665 885 705 ipecie
910 672 940 694 in

73 725 135 756 qua
150 722 213 746 non
238 718 364 752 poterat
383 709 428 741 vir
447 709 478 740 &
502 717 583 740 uxor
607 708 689 745 dici,
720 708 748 738 ei
776 711 942 749 oporteret

72 755 204 788 concedi
224 752 442 794 privilegium,
467 750 551 781 sexui
566 747 714 781 deteriori
734 748 816 778 dotis
839 754 941 790 nomi-

69 807 110 830 ne
126 805 200 828 ante
223 795 359 834 reliquos
374 792 476 824 mariti
502 789 675 823 creditores
702 789 765 819 dari
790 787 941 832 solitum?

73 840 172 870 errori
199 836 287 868 dedit
314 833 469 874 Ulpianus
486 855 495 871 ‚
527 840 562 864 ut
585 839 710 872 putaret
732 836 887 874 oportere
906 836 940 872 ¹ei

74 878 208 911 concedi
226 875 307 917 quasi
324 873 539 916 privilegium:
557 874 585 904 ἃ
604 873 732 912 quidem
751 878 810 906 ita,
834 876 868 899 ut
884 877 941 898 cir-

75 930 112 952 ca
136 919 293 951 actionem
319 919 358 948 de
384 914 511 956 peculio
541 914 726 955 praeferatur
750 920 816 958 non
841 909 940 955 niodo

75 961 198 993 caeteris
214 960 314 991 mariti
333 955 562 995 creditoribus3
585 956 636 987 sed
652 951 817 993 etiamipfl
837 952 942 982 domi-

75 1013 117 1034 no
139 1001 189 1033 cui
212 1000 298 1032 forte
321 998 437 1039 aliquid
458 998 572 1029 debeat
591 997 706 1027 servus.
730 1004 795 1035 quo
818 991 939 1032 usque?

77 1045 108 1075 in
127 1043 173 1075 liis
192 1043 356 1074 dumtaxat
378 1039 471 1071 rebus
501 1047 570 1078 quae
594 1038 646 1069 vel
672 1038 702 1068 in
722 1037 829 1068 dotem
859 1033 940 1064 datae

76 1087 165 1120 lunt,
190 1084 239 1115 vel
258 1091 298 1113 ex
315 1082 393 1113 dote
408 1087 616 1121 comparatae,
640 1077 722 1118 quasi
739 1077 768 1108 δι
784 1076 832 1107 hae
851 1075 938 1120 clota-

77 1127 122 1157 les
140 1126 208 1157 sint.
252 1123 334 1164 Quae
352 1122 394 1153 est
414 1121 538 1161 Ulpiani
559 1121 615 1152 hac
632 1121 663 1151 in
681 1120 752 1160 lege
767 1141 777 1156 ‚
801 1126 837 1148 ea
863 1125 892 1147 in
909 1116 939 1147 d.

76 1168 95 1198 l.
113 1176 163 1206 34.
187 1165 246 1197 suit
266 1165 334 1204 Gaii
353 1164 513 1194 sententia.
538 1170 659 1193 tanturn
675 1157 804 1192 interest
819 1181 832 1203 ³.
853 1156 941 1197 quod

78 1207 219 1240 conrinxi
243 1208 323 1244 apud
355 1214 426 1235 eum
450 1203 583 1244 speciem
612 1204 642 1234 in
676 1207 886 1245 quahmaritus
910 1198 940 1242 se

78 1249 234 1290 obligavit
250 1245 325 1279 fiseo
342 1254 394 1276 aut
411 1244 611 1285 reipublicae3
628 1243 657 1275 ἅ
677 1244 788 1274 mulier
807 1240 861 1286 iuo
880 1248 939 1279 pri-

78 1289 195 1329 vilegio
215 1288 312 1319 utitur
327 1285 470 1317 adversus
495 1285 601 1316 fii'cum
626 1283 676 1314 vel
699 1282 940 1328 rempublicam.

77 1331 107 1362 ἃ
127 1322 170 1361 εἶί
186 1328 272 1360 causa
299 1328 378 1358 hanc
401 1326 603 1366 confingendi
628 1324 780 1364 speciem:
803 1323 940 1368 quod-in

75 1373 103 1402 d.
120 1373 139 1401 l.
157 1380 206 1409 54.
231 1369 294 1399 huc
310 1369 396 1398 ducit
413 1366 543 1404 sequens
562 1367 628 1406 ejus
644 1364 831 1405 inscriptio,
847 1362 942 1403 Gayus

74 1411 125 1443 Aa
140 1409 274 1441 Edictum
293 1409 426 1440 Praelort's
452 1407 567 1439 Urbani
587 1406 683 1437 'I't'zulo
701 1407 751 1437 De
763 1405 942 1446 praedialori-

73 1454 133 1484 hus.
175 1450 227 1482 Est
243 1458 347 1481 autem
365 1452 394 1480 in
413 1459 448 1480 ea
468 1449 623 1489 praediator
639 1447 701 1479 ssve
717 1454 810 1488 praes,
834 1454 869 1477 ut
894 1446 941 1476 in-

75 1501 124 1525 ter
141 1492 219 1523 alios
236 1491 279 1523 est
300 1499 483 1522 annoratum
495 1500 509 1520 a
527 1489 684 1521 Briss'onio
698 1489 747 1519 De
756 1485 940 1527 verb.figriif.

74 1535 106 1566 in
125 1534 228 1564 verbis
249 1533 360 1564 Picentes
382 1533 410 1562 &
429 1532 583 1562 Praecii'ator
600 1530 651 1561 ille
668 1530 720 1570 qui
743 1529 839 1560 fidem
859 1531 941 1558 luam

74 1575 194 1614 obligat
214 1574 354 1613 publico.
380 1573 451 1603 inde
469 1572 532 1603 Lex
551 1571 738 1603 Praediatoria
762 1570 844 1610 apud
868 1569 940 1615 Sue-

75 1624 198 1647 tonium
217 1615 335 1645 Claudio
352 1624 374 1644 c.
387 1623 414 1649 9.
435 1622 528 1652 quem
545 1613 647 1644 locum
666 1610 787 1643 erudite
805 1614 942 1654 exponit

73 1656 247 1688 Turnebus
280 1656 326 1685 lib.
351 1665 398 1695 27.
427 1655 584 1694 Adverstzr.
615 1664 639 1685 c.
665 1661 710 1688 19-
764 1651 840 1684 Hoc
866 1651 942 1682 mihi

71 1698 233 1729 succurrit.
290 1695 431 1737 Longius
455 1695 512 1726 ivit
533 1697 560 1727 ci.
587 1695 636 1726 loc.
669 1692 942 1732 Harmenopulus:

73 1739 196 1771 mulieri
224 1739 318 1769 etiam
351 1737 458 1768 utilem
484 1737 514 1768 in
542 1745 607 1767 rem
637 1736 795 1767 aulonem
827 1741 942 1765 conce-

74 1781 95 1812 ti
110 1789 177 1811 'nsz
199 1779 286 1819 quod
312 1779 341 1810 ἃ
363 1778 478 1809 facium
503 1787 519 1809 a
537 1775 712 1809 Scholiaste
734 1777 772 1807 ad
793 1776 822 1807 d.
847 1776 866 1806 l.
889 1783 940 1820 54.

72 1821 193 1853 Basilic.
217 1821 264 1851 lib.
289 1829 339 1856 29.
363 1821 409 1849 tir.
436 1829 459 1850 1.
487 1825 553 1851 tom.
576 1829 606 1860 3.
625 1826 695 1859 pag.
718 1825 788 1858 597.
821 1823 942 1848 notaVit

73 1862 221 1901 Cujacius
243 1862 290 1892 lib.
313 1871 343 1902 5.
370 1860 489 1897 Observ.
514 1871 537 1892 c.
562 1869 609 1897 29.
639 1859 759 1891 refutat
781 1857 941 1890 Antonius

73 1903 175 1934 Faber
204 1903 253 1934 lib.
275 1911 304 1943 5.
340 1900 464 1944 Conjeff.
488 1911 511 1933 c.
543 1912 573 1939 9.
603 1910 665 1942 ego
698 1900 729 1931 in
757 1900 866 1932 medio
896 1908 941 1930 re-

69 1945 111 1976 ]in
140 1953 192 1975 uo,

116 1953 189 2016 quon
207 1984 251 2016 est
267 1983 355 2020 satis,
380 1983 511 2024 intelligi
531 1984 715 2023 qualitatem
735 1992 837 2014 rerum
854 1981 941 2014 dota-

71 2027 158 2058 lium.
183 2026 277 2057 etiam
296 2026 504 2065 quantitatem
526 2025 591 2056 sciri
609 2032 751 2064 oportet.
776 2023 821 2056 est
836 2032 942 2055 autem

73 2068 129 2100 dos
146 2074 199 2097 aut
218 2066 304 2098 finita
325 2067 354 2097 i&
379 2075 485 2103 certa,
509 2075 561 2097 aut
584 2065 702 2097 infinita
723 2073 820 2106 atque
843 2065 942 2096 incer·

74 2115 116 2140 ta.
140 2108 229 2139 finita
251 2108 280 2139 δι
303 2115 387 2139 certa
411 2108 546 2143 dicitui·;
570 2108 622 2138 ubi
649 2106 690 2138 cst
716 2108 850 2147 partium
866 2115 941 2137 con-

78 2150 233 2181 ventione
249 2148 425 2188 expreffum
438 2172 446 2187 ‚
471 2149 544 2189 quid
563 2149 591 2179 ἃ
609 2156 760 2186 quantum
778 2149 863 2179 dotis
887 2153 942 2178 no·

75 2190 161 2223 mine
178 2189 395 2221 constituatur.
419 2190 461 2220 ita
479 2200 556 2220 vero
576 2189 663 2220 finita
682 2189 711 2220 δι
729 2196 939 2229 certa,quan-

76 2239 250 2271 tacumque
265 2229 322 2269 fit,
346 2230 494 2261 constitui
510 2232 556 2270 jus
575 2230 629 2261 est.
653 2231 735 2261 adeo
746 2231 787 2261 ait
806 2230 940 2262 Alexan-

74 2272 131 2304 der
144 2273 163 2304 l.
179 2282 209 2311 4.
233 2271 267 2303 C.
283 2271 310 2302 h.
335 2277 356 2302 t.
382 2271 548 2304 foeminam
564 2272 646 2302 nulla
672 2272 740 2312 lege
758 2271 939 2310 prohiberi,

70 2312 215 2345 universa
248 2313 332 2343 bona
366 2315 478 2343 mai-ito
501 2314 574 2342 dare
605 2314 635 2343 in
660 2313 781 2343 dotem.
833 2312 941 2343 Solum

73 2354 235 2395 quaesitum
253 2353 361 2392 fuisse,
385 2355 427 2384 ait
444 2354 556 2385 Paulus
578 2353 597 2384 l.
616 2363 664 2393 72.
688 2353 735 2384 D.
750 2353 778 2384 h.
794 2358 814 2383 t.
838 2353 857 2384 si
876 2362 942 2384 mu-

74 2394 131 2427 lier
154 2396 237 2426 bona
267 2395 315 2426 i'ua
338 2397 444 2426 omnia
466 2396 496 2425 in
521 2397 629 2426 dotem
652 2393 760 2432 dedit,
785 2403 822 2425 an
850 2395 941 2426 mari-

75 2443 127 2467 tus
150 2436 234 2475 quasi
257 2436 349 2467 heres
380 2436 530 2468 oneribus
563 2435 751 2475 respondere
780 2434 939 2476 cogatur?

75 2475 140 2514 ipse
162 2485 263 2518 negat.
288 2486 400 2508 contra
418 2478 460 2508 ait
476 2501 486 2516 ,
516 2486 587 2508 eum
617 2478 746 2516 quidem
769 2477 821 2516 qui
847 2483 939 2514 tota,

76 2515 107 2560 id
123 2516 184 2554 est,
208 2522 332 2556 omnia,
357 2528 396 2550 ex
415 2518 654 2558 repromissione
671 2518 755 2548 dotis
771 2517 855 2548 bona
873 2523 939 2548 mu-

77 2556 160 2589 lieris
185 2561 344 2590 retinuerit
360 2582 369 2598 ‚
409 2570 425 2591 a
449 2559 660 2591 creditoribus
686 2559 753 2600 ejus
775 2558 939 2589 conveniri

71 2606 142 2629 non
161 2597 262 2638 poss'e:
287 2599 336 2630 sed
353 2610 416 2632 non
433 2601 503 2642 plus
522 2600 583 2632 effe
599 2601 629 2632 in
656 2599 860 2641 promiffione
884 2599 941 2630 bo·

76 2648 191 2681 norum
205 2663 212 2675 ‚
237 2647 327 2678 quam
346 2642 433 2679 quod
449 2641 604 2682 superest,
629 2641 768 2673 deduCto
787 2650 848 2672 aere
866 2641 940 2672 alie-

74 2688 127 2711 ΠΟ·
172 2680 287 2716 Plane,
310 2681 364 2712 etfi
378 2682 443 2721 jure
463 2683 548 2714 civili
569 2684 672 2714 valeat
688 2684 771 2714 dotis
787 2681 939 2713 constitu·

75 2721 141 2758 tio,
165 2722 312 2751 omnibus
335 2721 426 2754 bonis
441 2725 470 2754 in
489 2732 557 2755 eam
573 2732 590 2754 a
614 2724 746 2756 muliere
770 2724 870 2763 datis3
895 2731 939 2754 ta·

74 2770 149 2793 men
166 2762 183 2792 si
202 2771 305 2793 minor
321 2761 375 2799 iit,
399 2763 428 2794 ἂ
446 2763 474 2794 se
492 2764 756 2805 circumscriptam
774 2772 939 2805 queratur:

73 2802 120 2833 est
137 2802 224 2833 causa
237 2826 246 2841 ‚
269 2811 324 2834 cur
340 2803 454 2848 debeat
470 2804 498 2835 ei
513 2806 653 2845 permitti
670 2808 699 2838 in
716 2806 872 2847 integrum
890 2815 939 2836 re-

74 2841 214 2875 stitutio:
239 2843 316 2875 ficut
332 2846 504 2876 minoribus
527 2856 656 2887 propter
681 2848 838 2879 lubricum
861 2854 935 2877 aeta-

74 2884 115 2916 tis
132 2886 227 2916 etiam
247 2885 318 2917 alias
336 2885 470 2917 succurri
493 2887 570 2918 solet
588 2889 607 2920 l.
624 2891 701 2921 unic.
727 2888 760 2920 C.
776 2888 810 2919 Si
824 2888 934 2927 advers.

74 2925 175 2971 dont.
194 2935 221 2970 9.
237 2925 275 2971 .§.
301 2935 327 2957 1.
351 2927 396 2971 D.
417 2931 450 2957 αι
473 2929 600 2960 minerii.
647 2930 754 2961 Potest
778 2930 808 2961 ὅ(
830 2929 937 2970 maj0ri

71 2975 163 2999 annis
183 2969 292 3008 Viginti
311 2976 452 3007 quinque
469 2969 500 2999 in
516 2970 721 3002 aestimatione
738 2969 816 3001 laesae
827 2970 936 3002 subve-

71 3007 128 3040 niri
153 3008 172 3040 l.
193 3012 223 3039 6.
246 3008 274 3050 §.
299 3009 351 3040 ult.
384 3008 425 3040 D.
443 3011 470 3040 b.
493 3016 514 3040 t.
539 3010 589 3044 sed
612 3019 766 3051 quatenus
784 3035 793 3049 ,
826 3011 938 3043 tradidi

70 3047 162 3090 supra
186 3047 240 3080 sub
262 3048 292 3081 T
297 3050 396 3089 itulo,
423 3050 467 3081 De
491 3051 672 3089 rescindenda
693 3053 874 3091 venditione,
900 3054 938 3084 ad

65 3089 163 3130 finem.
209 3090 332 3122 Incerta
354 3093 411 3123 dos
429 3092 490 3129 est,
515 3096 565 3123 ubi
591 3103 694 3133 neque
714 3094 830 3133 species
850 3094 910 3124 ulla
925 3117 935 3132 ‚

69 3140 174 3171 neque
190 3134 346 3172 quantitas
363 3131 407 3164 est
424 3133 586 3173 promiffa3
612 3137 662 3165 led
680 3134 809 3174 nuptiali
828 3136 934 3166 instru-

67 3179 178 3204 mento
193 3174 401 3216 adscriptum,
426 3174 525 3216 Quod
547 3185 583 3208 ea
599 3185 670 3218 quae
693 3172 854 3216 nubebat,
877 3177 934 3210 do·
974 3186 1043 3210 rum
1058 3176 1276 3220 magmatis,
1302 3175 1397 3210 etiam
1414 3175 1444 3207 in
1463 3174 1481 3206 l·
1502 3182 1526 3205 1·
1548 3173 1580 3205 C.
1599 3173 1628 3205 b·
1647 3178 1669 3204 t.
1691 3172 1835 3207 accidit·.

107 3212 184 3245 Toni.
204 3213 249 3247 II.

1791 94 1859 128 395

989 177 1053 200 tem
1078 169 1152 200 darc
1176 171 1364 211 promiserit.
1407 169 1462 203 Ait
1485 177 1562 201 vero
1585 169 1766 202 Alexander
1794 170 1813 202 l.
1836 179 1861 201 r.

990 211 1022 240 C.
1045 212 1078 240 tie
1102 214 1157 242 [[οι.
1187 211 1312 251 promiff.
1346 212 1385 243 sic
1415 210 1526 242 frustra
1559 212 1702 252 promitti
1737 211 1861 242 dotem.

989 261 1122 290 nempe,
1146 261 1218 292 quia
1236 261 1300 283 non
1326 252 1507 291 intelle-Uo,
1531 253 1607 293 quid
1634 259 1687 283 aut
1707 259 1861 292 quantum

988 295 1207 332 promittatur,
1231 292 1378 324 derisoria
1401 293 1446 325 est
1462 294 1645 333 promiffio:
1674 302 1746 335 quae
1768 293 1860 324 mini-

987 343 1035 364 ma
1053 335 1128 364 dote
1146 336 1216 365 data
1236 333 1338 378 palam
1362 334 1446 366 eludi
1471 335 1586 375 potest.
1628 333 1704 366 Non
1732 335 1773 365 ita
1792 333 1860 375 est;

986 375 1005 404 ii
1024 376 1081 405 dos
1106 375 1228 406 infinite
1245 376 1373 413 quidem
1392 374 1428 406 fit
1450 375 1616 415 promiffa,
1639 375 1691 407 sed
1707 375 1862 408 arbitratu

986 415 1063 446 boni
1086 416 1153 446 viri.
1178 426 1241 447 non
1265 415 1310 446 cst
1327 416 1410 447 enim
1427 416 1549 447 incerta
1566 416 1643 448 boni
1662 416 1862 449 viriarbitra-

986 464 1019 486 tu
1037 456 1192 496 promissa.
1217 457 1302 488 idem
1319 457 1488 488 dicendum
1500 480 1510 494 ‚
1532 456 1554 488 si
1570 457 1716 497 promiffn
1732 457 1861 499 quidem

985 497 1024 528 ab
1052 497 1159 538 aliquo
1193 499 1252 529 dos
1281 497 1335 535 fit,
1369 507 1435 529 non
1462 497 1565 529 addita
1588 499 1783 538 quantitate,
1806 497 1859 530 sed

984 540 1210 579 quodcumque
1227 540 1396 570 arbitratus
1412 538 1527 570 fuisset.
1551 548 1622 571 nam
1649 540 1701 572 hic
1725 540 1866 580 pei-indes

984 588 1070 610 cei-ta
1089 581 1220 611 liabetur
1237 580 1295 611 dos
1308 604 1317 618 ‚
1340 590 1377 611 ac
1391 580 1412 612 si
1430 579 1581 611 insertum
1599 580 1791 619 stipulationi
1816 580 1863 619 es,-

984 619 1029 651 set
1049 622 1122 651 boni
1142 622 1197 652 viri
1217 621 1379 653 arbitrium
1396 622 1414 652 l.
1435 631 1462 662 3.
1487 621 1519 652 C.
1545 622 1603 652 eod.
1618 625 1665 653 tit.
1706 622 1749 653 At
1773 621 1861 655 enim

984 661 1031 693 his
1053 662 1230 703 scrupulum
1260 663 1360 702 injicit
1390 661 1576 702 Papinianus
1601 662 1621 693 l.
1644 667 1694 700 69.
1716 663 1746 703 ὃ.
1762 672 1792 701 4.
1815 662 1861 695 D.

983 703 1010 734 b.
1031 709 1052 735 t.
1096 703 1158 735 Sed
1175 713 1236 735 non
1253 713 1343 744 puto.
1369 703 1399 735 &
1415 704 1521 744 placet
1535 703 1684 735 sententia
1702 703 1858 735 Francisci

985 743 1145 784 Duarerii‚
1184 744 1224 775 V.
1250 745 1310 776 CL.
1334 745 1382 776 lib.
1414 753 1438 776 1.
1462 744 1551 785 Disp.
1577 745 1722 785 annivers.
1755 755 1778 776 c.
1802 748 1857 785 56.

985 795 1106 826 patrem
1125 787 1178 826 qui
1195 785 1290 818 filiam
1307 786 1336 818 in
1355 786 1513 826 potestate
1531 785 1645 825 habet,
1670 786 1700 818 ἀ
1716 784 1859 826 Legibus

984 827 1110 867 cogitur
1129 829 1258 864 dotare,
1283 827 1453 868 separantis
1469 836 1486 858 a
1501 828 1625 860 caeteris
1640 827 1748 860 dotem
1766 827 1862 868 spon'-

985 876 1034 904 te,
1059 877 1121 898 non
1140 877 1178 899 cx
1200 868 1294 899 officii
1313 868 1514 907 necesfitate,
1536 868 1805 909 promittentibus.

1023 908 1191 948 Sequitur,
1214 910 1330 949 quibus
1347 911 1449 941 modis
1466 910 1525 942 dos
1540 910 1761 942 constituatur.
1802 909 1860 941 Ul-

984 950 1095 994 pianus
1112 952 1140 981 d.
1163 954 1211 981 tit.
1229 955 1258 982 6.
1282 959 1345 982 tres
1362 952 1480 982 indicat
1498 962 1507 982 z
1531 960 1601 983 nam
1628 960 1681 983 aut
1697 952 1780 990 dari,
1803 957 1859 982 aut

984 992 1064 1030 dici,
1089 999 1142 1023 aut
1158 992 1312 1032 promitti.
1338 994 1474 1032 primum
1493 993 1554 1030 ait,
1578 993 1685 1024 dotem
1703 993 1786 1029 dari,
1803 991 1858 1023 seu

984 1032 1061 1063 tradi
1079 1033 1097 1063 l.
1117 1036 1165 1071 46.
1192 1033 1232 1064 D.
1249 1034 1278 1064 h.
1295 1039 1316 1065 t.
1340 1043 1400 1065 nec
1418 1035 1588 1072 intererat,
1600 1041 1702 1065 utrum
1721 1042 1794 1065 vera
1811 1033 1859 1065 in-

983 1073 1157 1105 terveniret
1174 1075 1320 1113 traditio,
1343 1084 1380 1106 an
1399 1084 1436 1106 ea
1451 1083 1521 1115 quae
1538 1084 1597 1115 pro
1619 1076 1789 1107 traditione
1803 1074 1859 1105 ba-

982 1114 1219 1154 bei·ctur,.nam
1241 1116 1269 1147 ἀ
1287 1116 1530 1157 acceptilatione
1553 1117 1700 1148 constitui
1724 1117 1857 1154 dotem,

982 1165 1094 1188 monet
1110 1157 1224 1188 Paulus
1247 1157 1335 1196 l.111.
1360 1159 1402 1189 l).-
1423 1158 1449 1189 b.
1469 1163 1489 1188 t.
1512 1167 1632 1198 eaque,
1656 1158 1745 1189 velut
1768 1157 1858 1188 brevi

982 1206 1094 1237 manu,
1131 1208 1146 1228 a
1164 1199 1296 1230 muliere
1313 1199 1436 1238 accipi,
1475 1200 1503 1230 ἃ
1522 1201 1635 1231 marito
1663 1198 1741 1231 tradi
1760 1199 1859 1230 inter-

982 1247 1122 1278 pretatur
1139 1238 1295 1279 Ulpianus
1317 1241 1336 1270 l.
1353 1250 1403 1281 43.
1427 1240 1455 1281 §.
1478 1249 1503 1271 1.
1527 1242 1573 1271 l).
1588 1241 1646 1271 eod.
1669 1242 1714 1271 tz't-
1739 1240 1857 1271 Secun-

984 1281 1041 1311 dus
1059 1281 1172 1312 modus
1188 1281 1417 1312 constituentia:
1434 1282 1517 1313 dotis
1531 1280 1674 1322 Ulpiano
1691 1280 1855 1322 eit-dictio.

984 1320 1088 1353 Dicere
1106 1320 1231 1354 Nonius
1248 1329 1281 1363 p.
1299 1327 1370 1364 643.
1394 1323 1554 1362 explicat,
1577 1323 1776 1362 promittere.
1801 1322 1858 1353 fie-

983 1362 1038 1394 bat
1055 1373 1091 1394 ea
1107 1363 1202 1394 dictio
1217 1363 1323 1395 verbis
1347 1365 1442 1395 certis
1461 1364 1489 1395 ἃ
1515 1363 1724 1395 solemnibus:
1749 1370 1858 1403 quain·

984 1412 1076 1443 quam
1094 1405 1176 1436 nulla
1197 1406 1398 1444 praecedente
1423 1404 1686 1446 interrogatione.
1712 1405 1776 1436 hoc
1799 1405 1858 1435 do-

983 1454 1035 1476 cet
1051 1444 1149 1484 Gajus
1166 1446 1213 1477 lib.
1232 1455 1260 1477 2.
1286 1444 1358 1486 Inft.
1378 1453 1399 1477 t.
1419 1455 1447 1482 9.
1471 1446 1501 1487 §.
1516 1456 1544 1487 3.
1568 1447 1719 1486 idemque
1740 1445 1857 1477 intelli-

983 1487 1063 1526 gitur
1081 1497 1120 1518 ex
1136 1488 1155 1518 l.
1172 1487 1226 1518 ult.
1245 1487 1312 1518 Coti.
1332 1487 1435 1518 Theoti.
1453 1489 1487 1517 ‘de
1503 1489 1626 1518 dotibus.
1649 1487 1785 1519 formula
1807 1487 1856 1517 vi-

983 1527 1076 1559 detur
1094 1528 1203 1566 fuiffe,
1226 1527 1368 1560 Tantum
1390 1527 1446 1559 tibi
1471 1529 1531 1560 erit
1547 1529 1629 1560 dotis
1646 1527 1784 1560 nomine.
1813 1527 1859 1558 ita

985 1570 1155 1610 conjiciiiir
1179 1579 1220 1601 ex
1244 1570 1263 1600 l.
1284 1580 1334 1609 44.
1359 1569 1387 1610 §.
1408 1579 1431 1600 1.
1459 1569 1495 1604 ἃ
1512 1569 1530 1600 l.
1555 1574 1603 1608 46.
1627 1568 1656 1611 §.
1681 1578 1715 1607 1,
1738 1569 1815 1600 item
1835 1568 1857 1599 l.

983 1620 1033 1651 57.
1058 1610 1094 1644 &³
1108 1620 1155 1648 59.
1176 1612 1222 1641 l).
1239 1611 1266 1641 h.
1283 1617 1302 1641 t.
1328 1610 1382 1642 etfi
1400 1614 1459 1650 pro
1477 1610 1615 1642 dictione
1632 1614 1663 1643 in
1683 1611 1731 1642 his
1751 1608 1858 1641 substi-

985 1659 1050 1682 tuta
1065 1661 1082 1683 a
1097 1650 1297 1683 Triboniario
1312 1652 1345 1683 lit
1362 1652 1534 1692 promiffio.
1548 1660 1696 1683 caeterum
1713 1651 1766 1683 ubi
1777 1660 1858 1692 prae-

984 1691 1114 1724 cefferat
1131 1693 1228 1724 dictio
1249 1703 1264 1724 a
1281 1702 1369 1733 parte
1385 1693 1542 1732 mulieris;
1557 1692 1672 1725 deinde
1689 1692 1858 1733 subsequu-

984 1741 1015 1765 ta
1032 1743 1071 1765 ex
1087 1743 1176 1775 parte
1194 1735 1251 1766 viri
1269 1734 1330 1765 fuit
1344 1735 1526 1775 acceptatio
1552 1734 1600 1766 his
1617 1734 1743 1773 verbis,
1761 1732 1858 1765 Acci-

984 1774 1039 1816 pio
1055 1776 1287 1807 conditionem.
1303 1775 1444 1816 alioquin
1462 1781 1527 1808 non
1543 1775 1690 1815 valebat;
1705 1774 1751 1807 uti
1765 1783 1859 1807 com-

984 1817 1081 1848 mode
1100 1816 1293 1856 Terentius,
1324 1817 1355 1848 fit
1377 1816 1414 1848 ad
1439 1826 1512 1849 eum
1531 1815 1701 1856 Donatus,
1732 1817 1764 1848 in
1789 1816 1857 1848 An-

984 1860 1067 1902 dria,
1089 1858 1145 1890 αᾶ,
1162 1869 1192 1899 5.
1208 1859 1252 1897 sc.
1268 1868 1298 1899 4.
1321 1860 1396 1899 vers.
1413 1868 1464 1900 47.
1483 1858 1519 1894 Θ
1539 1863 1590 1898 48.
1633 1857 1758 1890 Dotem
1781 1866 1859 1897 por-

985 1909 1022 1931 ro
1038 1900 1143 1931 dicere
1166 1909 1228 1932 non
1246 1908 1373 1941 poterat
1394 1899 1611 1940 unusquisque
1624 1922 1635 1939 ,
1658 1900 1710 1931 sed
1733 1905 1859 1931 tantum

984 1940 1097 1972 mulier
1119 1943 1358 1983 nuptura‚·item
1377 1941 1506 1973 debitor
1521 1942 1661 1974 mulieris
1677 1941 1743 1981 ejus
1756 1939 1858 1981 juss'u3

985 1983 1016 2013 ἂ
1035 1990 1148 2023 parens
1178 1983 1338 2021 mulieris,
1361 1983 1459 2015 virilis
1483 1983 1572 2015 sexus
1597 1991 1654 2022 per
1670 1982 1795 2014 virilem
1812 1980 1858 2012 se-

983 2032 1059 2055 xum
1076 2026 1267 2066 cognatione
1279 2024 1421 2065 J'unfitus,
1445 2025 1534 2057 velut
1551 2031 1641 2066 pater
1656 2023 1686 2055 &
1702 2032 1780 2055 avus
1802 2030 1860 2061 pa-

984 2071 1110 2097 ternus:
1136 2065 1213 2097 teste
1237 2064 1374 2106 Ulpiano
1397 2067 1425 2098 d.
1444 2067 1490 2097 tit.
1508 2069 1538 2097 6.
1582 2064 1703 2096 Praeter
1719 2071 1783 2095 tres
1799 2063 1856 2094 bas

984 2105 1127 2152 personas
1143 2130 1153 2145 ,
1183 2116 1279 2139 nemo
1303 2107 1409 2149 potuit
1434 2106 1568 2148 obligari
1596 2107 1679 2138 dotis
1701 2104 1857 2140 dictione.

984 2148 1079 2188 igitur
1095 2149 1125 2179 in
1140 2148 1264 2180 caeteris
1281 2150 1334 2188 qui
1360 2147 1390 2180 se
1408 2157 1466 2190 pro
1490 2149 1623 2180 muliere
1648 2146 1830 2187 obligarent
1843 2168 1856 2184 ,

984 2198 1065 2227 opus
1081 2188 1142 2220 fuit
1164 2189 1379 2230 stipulatione:
1403 2191 1435 2222 id
1451 2190 1514 2225 est,
1538 2188 1741 2229 praecedente
1756 2187 1855 2218 inter-

982 2229 1148 2271 rogatione
1164 2231 1194 2262 &
1211 2231 1363 2271 sequente
1381 2230 1706 2272 responfione2quam
1724 2228 1855 2260 tertium

983 2269 1047 2302 feci
1063 2273 1193 2303 modurn
1211 2272 1440 2304 constituenda>
1463 2271 1556 2303 dotis.
1578 2270 1659 2301 adeo
1676 2268 1792 2309 Gajus,
1816 2269 1856 2301 In

983 2312 1045 2350 his,
1069 2312 1189 2352 inquit,
1213 2314 1357 2344 communi
1365 2314 1434 2354 jure
1456 2312 1577 2352 obligari
1601 2312 1717 2350 debent,
1742 2312 1773 2343 id
1792 2308 1852 2350 esti

983 2359 1016 2383 ut
1034 2353 1070 2387 ὅ)
1087 2356 1269 2395 interrogem
1284 2355 1487 2394 respondeam,
1512 2353 1549 2387 &³
1563 2350 1713 2393 stipulatce
1733 2353 1855 2392 promit·

981 2399 1061 2424 tant.
1103 2394 1154 2425 Sic
1170 2397 1297 2432 editur,
1321 2395 1408 2426 nullo
1425 2394 1519 2425 sensu.
1543 2403 1574 2424 in
1598 2394 1666 2425 aliis
1685 2393 1770 2425 libris
1789 2393 1855 2432 est,

982 2433 1244 2475 &stipulationem
1257 2437 1441 2476 praemittant.
1465 2435 1550 2466 sensu
1566 2435 1685 2475 aliquo.
1729 2434 1854 2467 Eodem

982 2476 1086 2507 tendit
1109 2476 1222 2507 Paulus
1244 2476 1264 2507 l.
1284 2485 1333 2516 41.
1359 2476 1401 2508 D.
1424 2477 1452 2508 h.
1475 2481 1497 2508 t.
1541 2475 1785 2515 Promittendo,
1808 2479 1854 2508 in-

982 2517 1116 2557 quiens,
1153 2526 1265 2549 omnes
1288 2518 1451 2559 obligari,
1483 2517 1714 2558 cujuscumque
1741 2517 1852 2555 sexus,

982 2557 1243 2599 conditionisque
1264 2558 1334 2591 sint.
1377 2559 1491 2591 Paulus
1506 2558 1589 2590 enim
1615 2559 1852 2598 promiffionem

983 2598 1063 2630 dixit
1077 2599 1223 2640 opposite
1240 2602 1277 2630 ad
1295 2599 1467 2632 dictionem
1485 2608 1545 2640 qua
1563 2607 1685 2632 tantum
1704 2600 1850 2641 personas

983 2647 1069 2678 tres,
1093 2650 1158 2672 non
1177 2641 1354 2673 indistinete
1379 2651 1512 2680 omnes,
1536 2641 1668 2684 obligari
1687 2643 1748 2681 jam
1774 2648 1851 2670 con-

982 2681 1050 2714 stat.
1072 2691 1179 2723 eoque
1208 2682 1307 2714 modo
1332 2683 1429 2715 etiam
1454 2681 1607 2723 Ulpianus
1631 2687 1658 2714 a.
1681 2688 1702 2714 t.
1721 2686 1748 2712 6.
1774 2681 1801 2720 §.
1819 2690 1851 2711 2.

981 2724 1012 2754 in
1037 2721 1119 2761 fine,
1142 2722 1210 2762 ait,
1240 2722 1328 2755 Dare
1347 2747 1356 2762 ,
1388 2724 1574 2765 promittere
1599 2726 1708 2756 dotem
1739 2723 1851 2766 omnes

982 2763 1119 2805 poffunt.
1163 2765 1274 2796 Potuit
1296 2766 1392 2806 igitur
1415 2767 1474 2798 dos
1500 2766 1551 2796 vel
1567 2765 1649 2801 (lari,
1683 2763 1731 2793 vel
1764 2763 1849 2799 dici,

982 2805 1034 2835 vel
1055 2805 1211 2845 promitti.
1236 2806 1330 2845 patto
1352 2807 1439 2838 nudo
1463 2805 1527 2838 non
1551 2805 1654 2847 potuit
1678 2801 1847 2848 constitui:

978 2855 1019 2877 ne
1038 2855 1078 2877 ex
1094 2847 1187 2888 paCto
1209 2847 1293 2878 actio
1311 2848 1462 2880 nascatur.
1509 2847 1585 2879 Hoc
1601 2846 1677 2875 olim
1695 2843 1772 2874 fffltss
1796 2842 1848 2874 sed

979 2895 1141 2919 mutarunt
1159 2887 1262 2929 Impp.
1286 2887 1490 2921 Theodotius
1518 2888 1548 2919 δε
1569 2885 1806 2930 Valentinianus
1826 2883 1848 2917 l.

978 2929 1034 2960 ult.
1057 2928 1124 2960 Cod.
1144 2929 1247 2961 Theod.
1270 2931 1334 2966 het.
1359 2931 1521 2966 volentes,
1544 2928 1582 2958 ad
1602 2927 1685 2957 doUS
1707 2924 1849 2957 exustio-

979 2979 1053 3001 nem
1069 2971 1311 3012 qualiacumque
1329 2972 1471 3004 sufficere
1488 2968 1602 3005 verba,
1619 2966 1672 2997 etii
1687 2966 1785 2998 dictio
1795 2966 1848 2999 vel

981 3011 1137 3051 stipulatio
1154 3013 1184 3044 in
1202 3013 1437 3053 pollicitatione
1457 3010 1541 3042 nulla
1557 3007 1716 3054 subsecuta
1733 3007 1778 3039 fit.
1800 3006 1848 3040 Ea

979 3051 1151 3089 Theodosii
1175 3054 1205 3086 δί
1223 3053 1435 3087 Valentiniani
1455 3049 1649 3082 constitutio
1667 3048 1812 3081 transsata
1829 3058 1849 3080 a

978 3092 1180 3127 Triboniano
1198 3096 1229 3127 in
1247 3097 1266 3127 l.
1286 3099 1316 3127 6.
1334 3095 1367 3126 C.
1385 3095 1418 3124 de
1432 3094 1504 3123 doris
1518 3088 1704 3131 promiffione.
1727 3089 1780 3121 sed
1799 3091 1847 3122 in-

978 3135 1069 3167 ducta
1089 3146 1190 3176 voce,
1213 3136 1315 3168 dictio:
1344 3134 1431 3174 quod
1457 3132 1486 3164 ὅ(
1513 3134 1544 3164 in
1568 3131 1728 3172 plerisque
1752 3129 1850 3163 Vete·

1793 3213 1847 3239 Vis

1255 3213 1347 3251 Daci
