2036 3495
194 92 263 128 310

196 171 250 203 cio
274 170 392 210 Judicis
415 168 446 199 in
469 167 564 198 honae
587 163 660 196 fidei
683 163 826 204 judicio,
849 169 884 195 ut
900 163 992 195 dolus
1006 162 1062 202 qui

195 213 235 244 ab
252 219 385 252 utraque
400 216 488 249 parte
514 207 621 244 venit,
645 205 684 236 ab
707 213 839 244 utraque
860 211 949 244 parte
967 204 1062 243 negli-

217 261 293 284 atur.
316 269 318 274 ν
336 251 417 283 Illud
434 258 484 280 me
500 254 658 284 moratur,
676 245 765 286 quod
781 245 906 276 additur
922 244 1005 284 quasi
1021 253 1062 276 ex

221 294 281 324 auli
308 291 480 324 sententia.
505 288 612 320 exusta
636 290 748 318 domus
774 293 881 326 parte,
903 293 993 326 parte
1007 295 1062 317 ex-

196 342 299 371 tante,
324 341 414 372 aeque
435 330 511 362 nihil
530 329 632 360 astum
646 327 724 366 ess‘e,
743 336 780 358 ae
796 337 868 359 cum
891 327 998 358 exusta
1018 326 1063 359 est

196 376 310 407 domus
325 381 404 405 tota.
427 372 469 402 :iit
487 372 570 402 enim
583 393 592 408 ,
609 377 645 400 ut
659 369 743 408 dixi,
767 369 881 401 Paulus
899 369 930 400 in
947 368 1061 409 princi-

193 417 248 457 pio
264 417 292 446 d.
308 414 327 445 l.
342 423 391 454 57.
417 420 547 444 extante
572 412 684 442 domus
705 417 812 451 parte,
836 412 947 450 utique
972 410 1060 441 diini-
1109 424 1112 428 -

194 457 262 494 dia,
286 463 338 486 aut
363 455 482 494 majore
502 476 511 491 ,
534 461 643 484 extare
669 452 831 483 venditam
854 452 1005 490 domum;
1029 450 1061 482 <St

192 496 360 528 consistere
380 495 619 533 venditionem;
635 502 673 524 ac
688 492 913 524 coarctandum
925 492 986 524 effe
996 501 1062 523 ein-

193 537 485 578 ptorem,implere
502 537 711 576 emptionem.
736 543 797 575 qua
814 534 909 575 igitur
924 533 977 574 spe
994 532 1063 564 sub-

191 579 298 620 jicitur
321 579 351 610 in
369 578 396 620 §.
414 588 444 619 3.
469 579 496 609 d.
513 579 532 608 l.
550 586 599 618 57.
622 575 706 616 quali
727 585 767 607 ex
786 575 874 607 Pauli
891 575 1063 612 sententia,

192 619 301 652 exusta
319 620 432 652 domus
456 628 565 659 parte,
591 625 679 657 parte
697 617 816 657 reliqua
830 640 839 655 ,
863 616 940 648 nihil
959 616 1061 648 aetum

192 660 280 694 effe?
304 668 395 703 putet
410 662 542 700 aliquis,
559 658 699 696 referre,
716 658 802 699 quod
821 659 851 689 in
868 659 968 698 prima
986 657 1062 698 legis

190 712 282 744 parte
291 710 403 735 neuter
418 700 674 733 contrahentium
687 722 696 738 ,
710 701 741 731 in
758 698 915 740 postrema
932 705 1065 738 uterque

193 745 473 783 iciebat‚domurn
493 752 532 774 ex
545 749 634 782 parte
650 740 849 772 combustam
867 739 940 772 esse.
960 740 1011 771 sed
1028 749 1065 771 ea

191 785 371 818 differentia
395 785 474 816 nihil
500 792 601 816 mutat
626 781 862 822 perfeetionem
882 781 1064 813 contractus

193 836 255 868 qua
266 828 306 858 de
315 827 434 868 agitur:
447 826 520 866 quia
530 824 654 862 sufficit,
664 826 751 864 quod
763 823 841 855 ficut
850 824 880 855 in
893 823 969 864 legis
980 823 1063 863 prin-

193 868 281 909 cipio
297 868 341 899 ob
357 868 523 907 utriusque
548 866 778 907 ignorantiam,
801 864 843 897 fic
861 866 890 896 in
909 865 973 896 fine
989 873 1061 905 pro-

192 918 264 951 pter
287 910 450 949 utriusque
481 907 662 946 scientiam,
688 914 801 938 neuter
819 906 905 938 laesus
922 905 967 937 est
984 906 1062 937 dolo

191 951 294 983 malo:
312 959 349 982 ac
365 950 500 991 proinde
517 949 594 981 sicut
609 949 639 980 in
657 948 815 988 principio
833 948 913 979 dixit
930 947 1061 984 Paulus,

191 993 299 1024 valere
322 992 436 1024 domus
467 991 687 1022 venditionem
705 1012 715 1028 ,
745 998 818 1020 cuin
843 989 971 1020 dimidia
997 989 1062 1029 ejus

190 1043 263 1074 pars
279 1041 332 1065 aut
349 1034 447 1074 maJ'or
461 1039 550 1064 extat
566 1040 713 1071 tempore
737 1030 948 1062 venditionis:
972 1030 1013 1061 sic
1030 1031 1061 1061 in

191 1074 258 1106 fine
283 1075 456 1106 dicendum
479 1072 563 1112 fuit,
589 1071 668 1104 stare
685 1072 907 1111 venditionem
924 1073 1059 1110 domus,

196 1116 284 1156 cujus
306 1125 378 1156 pars
406 1115 536 1148 dimidia
552 1122 607 1145 aut
622 1113 721 1154 major
738 1120 884 1153 tempore
902 1113 1059 1144 venditio-

191 1158 239 1190 nis
255 1157 412 1189 remansit.
458 1155 523 1188 Etfi
548 1154 714 1187 deliberari
731 1154 844 1194 poffit,
869 1163 907 1186 an
928 1162 1061 1194 propter

195 1199 351 1239 emptoris
374 1197 538 1230 scientiam
561 1197 616 1228 hic
637 1196 768 1227 arbitrio
791 1195 912 1235 Judicis
937 1194 979 1227 fic
1003 1195 1060 1226 mi-

193 1240 357 1272 nuendum
379 1239 416 1270 fit
439 1241 597 1280 pretium3
620 1236 699 1269 ficut
723 1237 789 1268 illic
815 1245 947 1278 propter
971 1237 1062 1277 igno-

193 1282 336 1314 rantiam.
362 1282 450 1320 quod
465 1288 549 1312 nunc
567 1288 631 1310 non
647 1279 789 1310 excutio.

233 1320 418 1355 Adscribam
432 1322 540 1364 potius
557 1319 719 1362 Papiniani
738 1319 834 1352 verba
850 1327 890 1351 ex
910 1318 930 1350 l.
947 1322 998 1359 58.
1016 1316 1060 1349 D.

777 73 1085 111 Gennanx

1144 70 1377 108 Noonr

1105 162 1139 192 de
1159 161 1349 193 contrahenda
1364 162 1520 202 emptione:
1541 160 1574 193 in
1597 169 1657 203 qua
1675 163 1788 197 infelix
1802 166 1857 199 ille
1874 169 1969 202 inter-

1106 202 1251 242 polator,
1274 203 1417 244 quisquis
1444 202 1524 241 fuit,
1549 204 1599 243 qui
1624 201 1754 238 Paulum
1775 207 1805 238 in
1829 209 1859 239 cl.
1882 210 1902 242 l.
1920 222 1969 254 57.

1106 251 1170 275 tam
1187 242 1276 276 foede
1297 244 1562 283 commaculavit,
1585 253 1675 286 aeque
1690 253 1744 278 aut
1761 250 1857 289 magis
1873 251 1903 283 se
1919 252 1970 284 sua

1106 285 1214 326 prodit
1229 286 1358 326 ineptia.
1385 285 1480 317 verba
1498 285 1670 326 Papiniani.
1960 295 1965 305 ’-

1145 327 1304 359 Arboribus
1351 337 1440 368 noque
1467 334 1552 359 vento
1576 326 1690 369 dejettis
1705 350 1715 368 ,
1746 327 1793 367 vel
1816 326 1969 374 absumptis

1186 369 1272 408 igne,
1295 370 1340 400 dii
1357 379 1405 400 um
1420 366 1459 408 est
1474 391 1485 407 ‚
1515 371 1682 410 emptionem
1691 367 1788 410 fundi
1805 380 1862 401 non
1877 370 1970 406 videri

1184 409 1235 450 effe
1248 409 1443 448 contraitum,
1460 409 1490 448 fi
1512 409 1746 452 contemplatione
1759 411 1877 447 illarum
1894 410 1969 450 arbo]-

1182 460 1247 482 rum
1263 451 1374 492 (velati
1390 451 1506 492 oliveti)
1515 452 1635 491 fundus
1650 454 1889 494 comparabatur.-
1906 454 1971 493 five

1173 493 1284 531 sciente
1299 516 1308 531 ,
1329 491 1399 530 ,five
1418 494 1572 534 ignorante
1595 495 1753 535 venditore.
1793 491 1851 529 live
1877 492 1971 531 anterii

1184 540 1289 573 emptor
1302 534 1438 573 sciebat,
1469 535 1515 565 vel
1537 536 1709 577 ignorabat,
1731 535 1777 566 vel
1793 541 1912 578 uterque
1928 532 1969 575 eof.-

1188 583 1270 612 rwn,
1294 576 1350 606 baec
1364 576 1508 614 obtinent,
1531 586 1593 618 quae
1608 579 1639 608 in
1649 578 1846 620 superioribus
1863 576 1972 617 casibus

1131 655 1137 660 .
1179 621 1230 655 pro
1250 617 1356 647 cedibus
1371 615 1449 647 dieta
1463 617 1542 653 funt.
1611 642 1613 645 ⁴
1908 620 1911 623 '

1106 655 1159 687 Sic
1176 657 1281 702 editur
1297 657 1397 694 loeus.
1425 664 1457 688 at
1475 659 1526 689 cui
1550 657 1585 690 fit
1603 659 1788 698 verisimile,
1812 659 1874 692 effe
1890 658 1971 694 ha‘nc':

1108 697 1267 745 Papiniani
1285 700 1540 738 connexionem,
1563 699 1722 732 Arboribus
1738 710 1869 743 quoque
1886 708 1970 735 vento

1106 738 1245 785 dejectis?
1267 740 1356 779 quod
1380 738 1400 770 fi
1423 742 1492 785 quis
1519 743 1704 782 persuadere
1723 741 1776 774 fibi
1793 744 1904 784 poffit:
1929 743 1972 774 se-

1096 789 1236 820 quentia
1259 789 1348 812 certe
1373 780 1531 820 Papiniani
1558 782 1619 814 ell‘e
1637 807 1646 822 ‚
1671 793 1735 814 non
1762 786 1871 823 dicet,
1903 784 1972 816 Sive

1105 827 1200 852 autern
1224 828 1331 862 emptor
1345 822 1455 862 sciebat
1477 824 1523 853 vei
1546 825 1696 864 ignorabat
1719 826 1765 855 vei
1787 830 1972 867 uterqueeo's·

1107 873 1192 900 rum,
1219 863 1276 894 bac
1294 864 1440 902 obtinent,
1464 873 1525 904 quae
1543 874 1573 895 m
1584 865 1779 906 superioribus
1802 868 1911 904 casibus
1922 873 1974 907 pro

1104 905 1218 950 aclibus·
1233 903 1310 936 dieta
1323 905 1411 945 fient.
1451 903 1519 936 Nisi
1542 908 1649 946 potuit
1675 905 1879 948 Papinianus,
1902 908 1973 945 scri,-

1105 946 1183 976 bens
1201 946 1312 977 librum
1331 955 1362 977 x.
1395 943 1615 987 Quaestionum
1632 958 1670 979 ex
1687 957 1751 992 quo
1769 949 1814 980 est
1831 949 1883 980 illa
1901 949 1973 990 leit,

1105 988 1266 1026 conjicere
1282 1011 1291 1025 ‚
1315 986 1388 1019 fore
1409 988 1582 1028 aliquando
1599 1011 1608 1028 ,
1639 997 1674 1021 ut
1699 990 1810 1022 Paulus
1833 990 1916 1021 libro
1940 1000 1970 1024 v.

1105 1029 1155 1060 Ad
1172 1028 1387 1062 Plautiumcx,
1403 1037 1468 1068 qno
1484 1028 1646 1071 desumpta
1663 1030 1705 1062 est
1717 1030 1772 1062 cti.
1785 1041 1835 1072 57.
1860 1041 1972 1068 omnes

1101 1070 1173 1101 illos
1183 1069 1366 1108 casuslcirca
1375 1070 1595 1111 venditionem
1612 1072 1845 1104 combustarum
1858 1069 1970 1106 aediurh

1102 1109 1271 1150 definiret3
1289 1112 1318 1142 <St
1331 1111 1506 1151 [inperator
1517 1110 1704 1151 justinianus
1721 1113 1786 1145 hoc
1802 1114 1866 1154 ejus
1879 1112 1970 1156 Fragi-

1103 1161 1245 1198 mentum
1262 1162 1301 1185 cx
1318 1154 1348 1185 d.
1365 1154 1412 1184 lib.
1432 1162 1464 1185 x.
1488 1162 1698 1194 excerptum,
1724 1154 1809 1186 Pauli
1836 1156 1970 1195 disputat-

1105 1194 1183 1224 tioni
1210 1203 1240 1225 in
1265 1193 1433 1226 pandectis
1450 1218 1459 1232 ,
1482 1193 1551 1234 post
1580 1203 1699 1228 tanturn
1726 1197 1878 1238 temporis
1906 1198 1970 1238 spa-

1105 1235 1205 1273 tium,
1222 1235 1287 1266 hoc
1304 1236 1378 1266 loco
1397 1234 1573 1275 subjiceret.
1606 1236 1668 1267 Sed
1688 1239 1805 1268 vanitas
1825 1238 1970 1270 humana}

1104 1277 1319 1314 conditionis,
1344 1275 1399 1307 etsi
1418 1275 1570 1315 frequens
1590 1276 1626 1308 fit
1642 1278 1672 1310 ὅ(
1692 1288 1820 1318 magna,
1843 1289 1906 1310 non
1927 1278 1970 1311 ta·-

1103 1327 1177 1349 mcn
1195 1317 1233 1349 ad
1250 1316 1292 1349 sui
1309 1316 1401 1358 ipsius
1417 1317 1595 1350 illusionem
1607 1320 1689 1351 adeo
1700 1319 1841 1362 defipere
1850 1320 1968 1361 potest.

906 1416 1121 1451 CAPUT
1179 1415 1272 1451 XII.

191 1511 350 1548 Adionem
375 1521 439 1558 qtiae
462 1510 555 1546 datur
575 1517 631 1555 pro
656 1507 863 1544 emendatione
888 1505 948 1542 doli
972 1505 1047 1542 mali
1072 1507 1104 1540 in
1128 1507 1333 1541 contractibus
1358 1507 1441 1542 honre
1457 1506 1562 1552 fidei,
1596 1508 1637 1542 ab
1661 1506 1816 1553 Africano
1841 1506 1883 1548 &³
1910 1511 1968 1545 Ui.

234 1562 330 1607 piano
354 1560 414 1594 dici
439 1558 566 1594 utilem.

619 1557 813 1604 Modestinus
846 1557 1008 1603 explicitus
1032 1553 1214 1601 difficillimo
1239 1556 1301 1590 loco
1332 1557 1384 1601 qni
1407 1556 1452 1603 est
1478 1557 1510 1590 in
1537 1558 1556 1590 l.
1585 1567 1640 1591 22.
1670 1558 1713 1592 l).
1740 1559 1776 1592 de
1792 1560 1969 1604 pignoribus

240 1606 283 1647 &³
298 1609 477 1655 hypothecis.
527 1606 708 1653 Fugitivam
735 1605 790 1651 effi
815 1605 835 1640 I.
861 1615 920 1648 41.
946 1604 989 1640 D.
1017 1605 1052 1638 de
1071 1606 1276 1651 pignoratitia
1300 1605 1443 1646 anime,-
1469 1602 1511 1644 ἐξ
1534 1617 1590 1650 qzio
1611 1607 1699 1650 patto
1722 1608 1762 1641 ‘ea
1786 1608 1968 1643 extricanda

240 1657 396 1692 videatur.
446 1654 557 1702 Sensus
583 1656 750 1701 Papiniani
776 1655 795 1688 l.
829 1664 856 1688 1.
884 1654 928 1690 D.
957 1654 995 1688 de
1018 1653 1198 1709 pignoribus
1224 1650 1265 1691 &³
1291 1653 1465 1700 hypothecis.
1516 1653 1616 1700 lnipp.
1644 1665 1753 1699 quoque
1783 1656 1968 1691 Diocletiani

235 1703 277 1745 δ’
302 1707 502 1741 Maximiani
527 1705 548 1740 l.
577 1715 598 1747 5
639 1705 671 1739 C.
707 1704 742 1738 Si
765 1703 867 1737 aliena
892 1713 940 1737 res
963 1702 1095 1749 pignori.

1146 1700 1365 1745 Fragmentum
1393 1701 1467 1747 Gaji
1492 1703 1568 1747 quod
1590 1703 1634 1749 eft
1659 1704 1691 1737 in
1717 1703 1735 1737 l.
1758 1713 1791 1746 9.
1818 1703 1845 1752 §.
1873 1715 1885 1738 1
1910 1705 1964 1740 D.

233 1755 269 1790 de
290 1755 471 1801 pignoribus
496 1752 537 1793 δέ)
562 1753 753 1800 hypothecis,
777 1752 841 1795 sub
866 1751 916 1785 illo
944 1750 1045 1786 Titalo
1073 1749 1150 1784 male
1171 1748 1300 1794 posttuin
1328 1748 1384 1795 effi
1418 1751 1457 1784 ab
1482 1751 1666 1786 Architeiiis
1692 1751 1795 1796 Juri's.
1837 1751 1965 1798 debuiffi·

233 1806 305 1850 poni
322 1802 386 1850 sub
415 1802 515 1839 Titulo
541 1801 761 1850 Digestorum,
789 1801 840 1835 De
861 1801 1067 1846 pigneratiti'a
1093 1799 1229 1842 actionef·
1256 1795 1296 1836 &⁹
1321 1799 1387 1845 qiiis
1405 1797 1452 1844 fit
1477 1809 1567 1834 verus
1593 1800 1667 1847 Gaji
1681 1799 1801 1847 sensns.
1953 1807 1955 1809 ’

186 1906 338 1984 Possem
361 1907 415 1939 hic
440 1905 549 1938 facere
579 1904 676 1938 finem
701 1903 954 1937 demonstrandae
977 1911 1056 1934 rneae

260 1949 435 1981 sententlae.
460 1948 506 1980 est
525 1948 610 1980 enirn
627 1954 713 1978 certa
729 1946 759 1977 ἃ
776 1946 868 1977 clara.
895 1944 950 1977 nifi
967 1955 1055 1976 vere-

186 2001 259 2030 rer;
277 2000 318 2023 ne
335 1991 384 2021 cui
401 1989 569 2021 absurdum
587 1988 768 2026 videretur,
784 1987 871 2028 quod
888 1987 970 2025 dixi,
990 1996 1055 2017 non

185 2034 293 2065 valere
315 2032 409 2063 bonae
433 2030 506 2062 fidei
537 2028 736 2062 contrastuni
758 2030 790 2060 in
814 2037 879 2069 quo
903 2027 939 2059 sit
961 2028 1055 2059 dolus

185 2074 285 2106 nialus
304 2096 314 2113 ‚
345 2073 376 2104 ἀ
406 2072 612 2110 nibilominus
638 2070 797 2101 actionem
823 2079 864 2101 ex
891 2078 932 2100 eo
957 2069 1050 2100 nasci.

186 2117 272 2147 unde
287 2115 372 2146 enim
389 2113 488 2153 aCtio,
506 2112 561 2146 nist
578 2122 619 2144 ex
632 2111 857 2152 obligatione?
872 2110 957 2142 unde
972 2110 1052 2141 obli-

186 2158 295 2198 gati0,
318 2154 374 2187 nisi
396 2164 436 2186 ex
460 2153 652 2186 contractu?
676 2153 814 2193 denique
838 2151 908 2193 quis
932 2150 1053 2192 sapiens

186 2197 339 2230 effectum
360 2195 426 2228 fine
449 2195 538 2227 causa
562 2196 670 2226 animo
692 2193 747 2225 suo
763 2192 945 2233 concepit?
965 2192 1053 2232 quod

186 2238 210 2271 fi
232 2237 387 2279 obligatio
412 2236 440 2267 ἂ
464 2236 547 2268 at'tio
563 2236 608 2268 est
625 2234 759 2276 perfecti
777 2234 910 2267 effectus
926 2241 1052 2265 contra-

187 2279 277 2312 etus:
301 2278 354 2319 qui
370 2276 476 2318 potest
492 2287 533 2308 ex
549 2277 638 2309 nullo
654 2284 752 2316 atque
769 2274 961 2317 imperfecto
978 2284 1053 2306 con-

183 2321 302 2359 tractu,
324 2319 426 2360 qualis
441 2318 486 2350 est
504 2319 534 2350 in
554 2319 641 2358 cujus
666 2316 801 2357 ingressu
818 2324 945 2348 notatur
961 2315 1052 2348 dolus

184 2364 302 2400 malus,
325 2360 482 2401 obligatio
500 2360 530 2392 ὅ(
548 2359 629 2391 actio
653 2358 760 2391 nasci?
782 2358 844 2390 Sed
867 2358 1051 2396 videamus,

185 2413 227 2435 ne
244 2412 280 2434 ea
296 2401 465 2434 difficultas
475 2402 554 2432 nihil
569 2400 697 2433 efficiat.
719 2409 783 2431 non
800 2399 884 2431 enim
900 2399 1053 2430 abhorret

185 2445 225 2476 ab
246 2443 300 2475 usu
321 2443 422 2483 Juris,
445 2443 565 2474 nullum
586 2450 683 2482 atque
707 2441 853 2472 inutilem
880 2440 942 2472 ess'e
956 2440 1052 2472 bonae

185 2484 259 2517 fidei
277 2484 495 2522 contractum,
512 2484 542 2515 &
560 2491 665 2515 tamen
683 2484 840 2514 actionem
861 2482 1051 2522 producere.

183 2535 250 2558 non
297 2525 401 2557 ostulo
417 2548 427 2564 ,
457 2524 534 2557 mihi
559 2525 664 2556 credi:
687 2524 723 2556 fit
748 2522 826 2555 fides
850 2522 1050 2555 Modestino.

184 2567 256 2599 isin
286 2570 358 2598 .62.
376 2566 405 2607 §.
426 2576 453 2598 1.
477 2568 509 2597 de
525 2567 718 2597 contrahenda
740 2566 896 2607 emptione,
921 2563 985 2608 ‚Qui
1005 2564 1051 2596 in-

185 2609 275 2647 quit,
298 2609 420 2647 nejaens
438 2608 497 2638 loca
508 2609 591 2645 sacra
613 2607 659 2638 vel
674 2607 803 2648 religiosa
818 2606 865 2637 vel
873 2607 988 2646 publica
998 2612 1052 2647 pro

178 2649 310 2691 privatis
334 2650 510 2689 comparavit
526 2672 536 2687 ‚
566 2650 631 2680 licet
657 2649 756 2688 emptio
782 2657 839 2678 non
863 2652 984 2684 teneat,
1014 2656 1052 2678 ex

184 2696 274 2730 empto
286 2695 381 2720 tamen
396 2691 534 2729 adversus
548 2691 723 2721 venditorem
741 2689 920 2730 experietur,
935 2694 970 2719 ut
986 2697 1049 2718 con·

175 2732 338 2774 sequatur,
359 2730 434 2770 quod
452 2731 584 2770 interfuit
606 2732 669 2761 e'us
685 2753 695 2768 ‚
725 2740 760 2761 ne
782 2730 983 2770 deciperetur„
1008 2729 1052 2760 At

184 2782 269 2805 enim
287 2772 368 2803 ratio
385 2779 451 2802 non
465 2771 533 2802 sinit
545 2794 555 2811 ,
578 2782 594 2802 e
622 2782 640 2803 e
656 2772 806 2805 effectum
826 2770 888 2802 sine
905 2769 994 2802 causa
1010 2779 1051 2801 ex

184 2823 248 2855 qua
263 2812 415 2844 nascatur.
462 2811 538 2854 Non
563 2813 627 2844 hoc
651 2814 794 2853 praeterit
809 2811 1050 2850 Modestinum,

183 2864 292 2895 neque
314 2854 393 2885 alios
418 2852 555 2884 Veteres
571 2853 825 2892 jurisconsultos.
856 2861 969 2884 contra
985 2853 1050 2891 illi,

183 2897 257 2936 quia
281 2895 481 2936 intelligunt,
504 2903 569 2925 non
594 2896 698 2927 valere
721 2896 815 2926 bonae
832 2893 906 2926 fidei
923 2901 1051 2925 contra-

183 2939 289 2977 tium,
313 2937 345 2968 in
369 2945 433 2977 quo
456 2936 495 2966 ab
518 2934 610 2966 initio
635 2934 670 2966 sit
696 2937 787 2967 dolus
811 2937 929 2974 malus,
953 2935 1051 2967 facile

185 2979 472 3017 concedunt,eum
489 2985 554 3007 non
571 2976 727 3007 contineri
744 2976 869 3009 afflone
885 2985 955 3017 quae
970 2975 1051 3008 solet

185 3021 272 3059 dari,
296 3019 442 3062 perfecto
460 3017 491 3050 ἀ
507 3017 615 3048 valido
632 3017 817 3048 commem:
840 3018 951 3058 utique
969 3018 1049 3049 invi-

183 3069 221 3095 to
241 3071 282 3094 eo
301 3062 354 3103 qui
373 3060 527 3101 deceptus
543 3057 596 3090 fit:
614 3065 647 3089 ut
663 3057 750 3098 supra
766 3058 830 3089 dixi
866 3058 918 3090 sed
934 3058 1050 3091 nihilo-

183 3104 308 3141 minus,
329 3102 351 3135 fi
374 3103 439 3143 eJus
460 3099 581 3132 intersit
604 3108 698 3140 agere
723 3099 766 3129 ob
789 3099 897 3130 dolum
914 3100 1049 3139 malum,

187 3145 276 3185 quod
293 3144 402 3176 suadet
416 3143 501 3174 bona
515 3140 614 3180 fides,
634 3149 699 3172 rem
717 3139 848 3180 perinde
870 3141 1046 3180 accipiunt,

187 3194 226 3218 ac
240 3184 262 3218 si
277 3185 383 3219 valeat
399 3183 580 3219 contractus
594 3182 615 3217 l.
628 3191 661 3222 4.
677 3180 722 3216 D.
738 3181 771 3215 de
786 3181 976 3217 contrahentia
991 3190 1047 3216 em-

573 3244 593 3272 Θ

1093 1904 1199 1944 ptione..
1237 1903 1281 1934 ita
1303 1910 1363 1934 nec
1387 1900 1508 1935 causam
1535 1902 1654 1936 habent
1669 1926 1679 1943 ,
1719 1912 1761 1936 ne
1786 1904 1963 1944 patiantur,

1098 1952 1298 1985 emptorem,
1323 1944 1410 1975 verbi
1435 1945 1554 1985 gratia,
1579 1953 1630 1977 aut
1655 1946 1856 1977 venditorem
1875 1968 1885 1984 ‚
1909 1954 1963 1977 aut

1098 1987 1291 2017 creditorem
1301 2008 1311 2024 ,
1329 1986 1367 2017 ad
1385 1987 1618 2017 emendandum
1629 1996 1668 2018 ex
1680 1987 1764 2018 bona
1779 1986 1843 2019 fide
1855 1987 1963 2024 dolum

1097 2028 1212 2059 malum
1229 2036 1323 2068 agere
1340 2027 1459 2057 utiliter
1473 2036 1514 2057 ex
1531 2035 1659 2067 empto,
1676 2036 1729 2059 aut
1746 2028 1895 2067 vendito,
1910 2034 1964 2059 aut

1095 2068 1253 2101 contraria
1265 2068 1463 2108 pigneratitia
1474 2067 1608 2099 actione.
1629 2069 1682 2099 Sic
1698 2068 1863 2100 Africanus
1881 2070 1900 2100 l.
1912 2079 1962 2110 30.

1097 2109 1125 2151 §.
1159 2119 1183 2140 ι.
1207 2108 1251 2140 D.
1279 2111 1312 2139 cie
1336 2108 1495 2140 actionibus
1517 2109 1604 2149 empti
1626 2109 1662 2143 &¹³
1679 2111 1811 2142 venditi:
1835 2110 1884 2148 δι,
1907 2108 1963 2141 nisi

1095 2150 1208 2189 fallor,
1232 2150 1328 2189 dicit,
1350 2149 1462 2180 utiliter
1482 2159 1519 2180 ex
1541 2157 1630 2190 empto
1655 2152 1724 2192 agi,
1745 2160 1805 2191 pro
1830 2150 1898 2181 utili
1920 2152 1963 2182 e'x
1992 2154 1993 2159 ’

1096 2199 1209 2231 empto
1226 2191 1352 2222 actione
1367 2191 1434 2231 agi:
1457 2199 1518 2231 qua
1534 2191 1684 2231 loquendi
1700 2190 1806 2224 forma
1824 2192 1853 2223 &
1871 2191 1962 2231 justi-

1096 2233 1206 2265 nianus
1223 2232 1320 2264 utitur
1335 2231 1355 2263 l.
1366 2234 1419 2263 ult.
1435 2231 1468 2263 C.
1483 2233 1516 2262 de
1531 2232 1685 2265 hereditate
1703 2233 1749 2264 vel
1764 2232 1873 2264 aftione
1890 2242 1960 2269 ven,-

1095 2276 1166 2305 dz'ta.
1189 2273 1249 2305 Sed
1268 2273 1344 2314 quid
1355 2282 1435 2314 opus
1448 2272 1686 2314 disputatione?
1709 2275 1794 2306 clare
1809 2274 1859 2304 illa
1879 2273 1961 2305 actio

1097 2325 1158 2356 qua
1181 2316 1220 2348 de
1244 2315 1385 2355 agimus,
1408 2314 1491 2346 astio
1514 2315 1593 2346 utilit
1611 2322 1745 2347 vocatur
1761 2315 1800 2347 ab
1816 2313 1956 2356 Ulpiano

1095 2358 1113 2388 l.
1135 2366 1164 2394 9.
1182 2356 1211 2398 §.
1229 2356 1283 2388 ult.
1301 2355 1337 2391 ὅ)
1352 2355 1371 2386 l.
1393 2364 1438 2386 11.
1457 2354 1499 2387 D.
1515 2357 1549 2386 de
1566 2357 1731 2388 minoribus.
1940 2388 1942 2391 ,

1139 2398 1281 2437 Amplius
1307 2407 1323 2428 a
1347 2395 1535 2428 Modestino
1560 2397 1579 2428 ί.
1595 2407 1644 2429 22.
1665 2397 1708 2429 D.
1736 2398 1770 2428 de
1788 2397 1956 2439 pignoribus

1095 2439 1131 2474 ὅ)
1156 2439 1325 2480 hypothecis.
1355 2438 1451 2469 verba
1475 2438 1670 2478 Modestini,
1695 2439 1767 2479 quia
1790 2441 1957 2471 continent

1094 2482 1272 2521 elegantem
1298 2478 1539 2518 definitionem,
1561 2481 1690 2513 minime
1715 2488 1820 2512 tamen
1847 2479 1959 2521 perspi-

1095 2531 1206 2559 cuam,
1229 2519 1379 2561 apposui,
1402 2528 1436 2552 ut
1453 2521 1626 2560 explicem.
1650 2531 1686 2553 ea
1702 2522 1798 2553 verba
1815 2521 1894 2553 sunt.

1131 2563 1169 2595 Si
1192 2562 1268 2594 Titio
1291 2563 1344 2604 qui
1357 2570 1417 2593 rem
1432 2571 1522 2592 meam
1536 2563 1687 2604 ignorante
1703 2572 1745 2593 me
1761 2563 1894 2594 creditori
1900 2562 1955 2603 suo

1171 2605 1290 2645 pignori
1304 2603 1359 2633 obli
1380 2605 1494 2642 averit,
1516 2603 1593 2634 heres
1607 2607 1746 2643 extitero,
1769 2613 1806 2636 ex
1818 2601 1954 2646 postfaiio

1169 2647 1277 2687 pignus
1293 2646 1352 2675 dire
1383 2654 1397 2675 o
1411 2653 1467 2675 non
1489 2645 1679 2686 convalescit,
1694 2645 1749 2687 sed
1763 2646 1844 2678 utilis
1853 2646 1954 2688 pigne·

1172 2687 1275 2718 ratitia
1292 2687 1409 2717 dabitur
1424 2686 1568 2717 creditori.

1092 2726 1188 2759 Hanc
1207 2727 1303 2759 solam
1321 2726 1457 2767 speciem
1475 2735 1513 2758 ex
1534 2726 1720 2759 Modestino
1737 2724 1959 2770 repraesentant

1091 2769 1173 2809 Juris
1197 2766 1383 2800 Architecti.
1415 2767 1468 2799 sed
1489 2769 1567 2800 mihi
1585 2768 1751 2809 persuadet
1767 2770 1830 2802 loci
1846 2767 1953 2801 Inscri-

1093 2811 1157 2849 tio,
1175 2819 1245 2851 quae
1261 2808 1429 2849 Inscriptio
1445 2809 1509 2850 est,
1527 2808 1710 2851 Modestinus
1725 2811 1772 2842 lib.
1790 2819 1860 2842 vu.
1884 2807 1955 2848 Dif-

1085 2852 1283 2891 ferentiarum
1292 2874 1301 2889 ,
1314 2850 1530 2883 Modestinum
1542 2860 1693 2891 praeterea
1703 2851 1842 2884 tractasse
1851 2850 1952 2887 aliam,

1094 2902 1135 2924 ex
1157 2902 1218 2933 qua
1245 2893 1313 2923 haec
1332 2891 1467 2932 praesens
1485 2892 1652 2932 profluxit:
1676 2894 1705 2924 dt
1722 2893 1881 2932 utriusque
1895 2888 1955 2921 dif-

1092 2933 1259 2966 ferentiam
1284 2943 1388 2974 prope
1403 2943 1444 2965 eo
1463 2942 1634 2966 executum
1651 2935 1750 2966 modo
1768 2942 1831 2974 quo
1845 2941 1863 2962 a
1879 2930 1955 2961 Pau·

1093 2975 1125 3007 lo
1149 2975 1267 3007 fastum
1294 2974 1339 3006 est
1362 2976 1394 3006 in
1410 2975 1430 3007 i.
1450 2984 1499 3014 41.
1519 2975 1561 3007 1).
1580 2977 1613 3007 de
1628 2975 1812 3017 pigneratitia
1825 2970 1951 3003 actione:

1092 3016 1146 3048 nisi
1170 3017 1258 3058 quod
1281 3017 1424 3057 longius,
1446 3026 1540 3057 quarn
1564 3016 1677 3049 Paulus
1699 3013 1844 3056 perrexit.
1858 3011 1956 3058 .u.ti¹‘²

1092 3059 1189 3098 igitur
1205 3064 1292 3097 erat,
1308 3065 1474 3098 utramque
1492 3060 1671 3090 examinare
1688 3056 1821 3096 speciem
1832 3063 1840 3084 ε
1853 3054 1952 3098 ⁴initio

1091 3099 1179 3131 facto
1194 3099 1233 3131 ab
1250 3099 1309 3130 hac
1319 3107 1412 3138 quarn
1431 3108 1471 3130 ex
1487 3098 1672 3131 Modestino
1688 3105 1750 3127 non
1762 3092 1952 3133 descripsere

1092 3139 1171 3179 Juris
1188 3139 1374 3173 Architecti.
1407 3139 1454 3171 Ea
1471 3140 1588 3180 species
1604 3138 1656 3169 est.
1678 3135 1783 3167 Titius
1798 3133 1952 3167 creditori

1091 3181 1148 3215 suo
1162 3182 1288 3225 pignori
1306 3181 1463 3223 obligavit
1477 3189 1544 3216 rein
1563 3180 1711 3216 alienam,
1732 3184 1826 3217 quarn
1840 3176 1951 3222 pignog

1926 3226 1951 3249 ri
