2036 3495
143 134 212 177 438

149 228 185 252 ut
209 219 259 250 sua
281 224 345 248 non
371 211 549 252 intelligant
575 210 678 246 bona,
701 208 731 239 ἃ.
758 207 833 252 ideo
848 205 1019 253 utilitatern

151 262 330 292 futurorum
354 254 574 285 alimentorum
591 273 601 288 ‚
630 250 767 280 maxime
791 246 960 279 divss'orum
987 257 1019 278 in

154 299 336 342 pensiones,
359 294 422 325 five
438 301 575 329 annuas,
597 289 662 321 five
679 288 870 326 menstruas,
895 285 958 318 five
975 288 1018 319 di-

152 349 263 376 urnas,
284 335 379 367 facile
401 340 525 365 mutent
542 331 673 364 modico
694 328 873 371 praesente5
903 326 1019 360 Talem

151 380 314 413 hominem
331 374 390 406 suis
405 374 567 405 coloribus
579 371 792 411 pulcherrime
802 370 945 409 depingit
955 368 1020 400 Te-

154 421 314 456 rentianus
332 415 505 453 Chremes,
528 412 689 444 Heautont.
707 422 737 453 5.
755 421 783 443 2.
802 420 831 451 7.
854 410 960 442 verbis
976 410 1019 442 se-

154 459 336 503 quentibus.

198 516 397 525 ——d—-d—

452 497 502 528 itid
517 505 559 527 nze
576 494 691 535 accusas
707 491 854 533 Clitipho?

194 540 348 587 Quidquid
365 548 413 581 ego
426 539 516 580 >hujus
532 537 616 577 feci,
639 536 690 566 tibi
701 534 851 576 prospexi,
875 532 912 568 &⁹
922 529 1022 572 flulti-

326 591 357 612 (Β.

199 588 379 655 Πῖῐωτέαιυίιίἰ
394 621 487 653 animo
504 618 553 660 effe
566 617 659 659 omzffo
670 641 678 657 ‚
692 616 728 651 85⁹
737 616 847 658 suavia
864 616 895 646 in
905 614 1023 655 praesen-

189 671 367 750 Qllefzeffeni
379 727 388 743 ,
409 703 504 743 prima
518 701 634 740 babere,
663 708 752 740 neque
766 697 904 738 consulere
918 698 950 728 in
965 694 1025 726 lon-

234 747 414 788 gituclinem:

199 788 267 829 Cepi
283 788 421 818 rationem
431 809 442 825 ,
457 792 491 816 ut
507 792 597 826 neque
612 791 722 825 egeres,
737 789 827 822 neque
844 785 877 811 ut
893 779 949 811 baec
961 784 1024 819 pos·

388 837 411 857 C·

201 829 463 909 ΠῘὺῗ,ΡΞῑνιιΞειγίεειιῖι
478 867 569 908 primo
580 889 591 907 ,
614 865 667 897 tibi
681 873 739 896 non
753 863 835 894 licuit
847 868 899 903 per
915 867 941 892 te
956 860 1025 892 mibi

199 913 333 983 Agiirea’d
350 950 493 991 proximos
519 949 572 980 tibi
592 948 644 989 qui
666 950 767 978 erant:
793 941 971 981 eis-commifi
989 942 1026 978 ἐπ”

241 994 357 1024 credidi.

204 1034 254 1066 Ilii
272 1040 327 1065 tnae
334 1031 471 1074 stultitiae
478 1032 589 1073 semper
604 1031 655 1061 erit
670 1027 847 1068 prcefidium‚
873 1026 1013 1067 Clitipho,

203 1075 326 1113 Victus,
349 1071 489 1113 vestitus,
513 1073 613 1114 quoin
630 1070 733 1102 testum
748 1076 774 1100 te
790 1070 912 1114 reciptes.

162 1117 217 1149 Ait
237 1115 370 1153 Oratio,
393 1114 442 1145 Ne
465 1114 665 1145 alimentorum
688 1109 844 1142 transablio
865 1109 947 1139 aliter
962 1111 1028 1137 rata

160 1158 241 1199 effet,
257 1167 344 1199 quam
360 1155 473 1188 auctore
492 1155 615 1186 Proetore
624 1152 722 1193 faita.
751 1151 840 1182 Solet
857 1159 933 1196 ergo
951 1148 1028 1194 Prte-

160 1209 212 1232 tor
227 1199 439 1230 intervenire:
463 1196 492 1227 δι
509 1198 592 1227 inter
612 1193 848 1225 consentientes
866 1191 1028 1228 arbitrari,

161 1251 199 1272 an
225 1239 411 1276 transactio,
437 1237 488 1268 vel
511 1246 581 1277 quae
597 1234 729 1274 ,admitti
747 1233 872 1264 debeat.
905 1239 965 1262 nec
980 1236 1024 1261 re-

159 1282 243 1320 fert,
267 1289 372 1312 utrum
396 1280 435 1310 de
462 1275 638 1314 alimentis,
661 1274 744 1316 quasi
766 1275 806 1306 de
831 1271 1025 1317 incertolhu-

159 1332 258 1354 mance
276 1319 488 1357 conditionis,
513 1318 681 1350 transactio
697 1316 767 1347 fiat:
783 1324 820 1346 an
837 1323 909 1346 cum
925 1313 1028 1352 aliqua

161 1366 201 1395 de
218 1365 254 1394 iis
272 1363 307 1395 lis
322 1360 399 1393 esset
412 1383 420 1399 ,
444 1360 541 1400 magis
560 1360 599 1390 de
617 1359 672 1389 lite
691 1356 882 1396 transigatur.
914 1363 979 1385 non
997 1362 1028 1384 e-

161 1405 227 1436 nim
244 1403 405 1444 distinguit
422 1399 553 1432 Oratio:
570 1400 599 1431 ἂ
617 1398 719 1439 poss‘et
737 1398 772 1429 lis
788 1396 881 1442 fingi3
906 1394 959 1425 sub
976 1402 1027 1424 eo-

162 1455 225 1486 que
241 1445 351 1476 colore
369 1442 483 1474 Oratio
501 1439 741 1472 circumveniri:
765 1445 800 1469 ut
819 1444 897 1467 eitra
911 1436 1028 1468 Praeto-

162 1488 203 1519 ris
219 1485 440 1517 auctoritatem
457 1481 678 1522 transigeretur
694 1480 722 1509 d.
741 1479 761 1510 l.
779 1483 807 1512 8.
824 1478 853 1518 §.
872 1487 921 1509 20.

199 1527 261 1559 Sed
277 1526 370 1565 quid,
388 1523 409 1554 fi
427 1532 492 1554 non
511 1521 678 1552 transaetio
693 1519 768 1557 fiat,
784 1519 836 1549 seu
854 1518 956 1558 pastio
974 1517 1029 1548 do-

159 1567 298 1600 nationis
324 1563 439 1595 causa?
464 1562 596 1600 dubito,
620 1570 658 1592 an
686 1568 749 1592 rata
765 1559 909 1591 habenda
926 1559 962 1591 fit
977 1568 1029 1599 pa-

162 1609 238 1640 ctio.
270 1605 371 1637 servat
394 1604 478 1636 enim
498 1603 620 1645 Praetor
637 1602 728 1643 pana
750 1609 911 1632 conventa
927 1609 1031 1640 neque

160 1647 309 1681 adversus
334 1647 441 1687 leges,
464 1653 568 1685 neque
593 1644 623 1675 in
647 1643 791 1674 fraudem
815 1642 919 1683 legum
937 1642 1030 1673 fasta.

159 1690 319 1722 Oratione
335 1695 442 1719 autem
465 1684 634 1718 transactio
660 1683 867 1724 prohibetur:
892 1693 957 1715 non
981 1692 1031 1724 pa-

161 1733 225 1763 etio
244 1729 427 1763 donationis
448 1726 546 1759 causa.
577 1734 713 1766 nempe,
736 1725 809 1765 quia
825 1724 972 1756 homines
988 1722 1032 1755 sa-

158 1773 251 1804 cilius
270 1769 442 1812 transigunt
457 1768 581 1800 invitati
597 1767 728 1798 modico
746 1765 918 1806 praesente3
937 1775 1031 1805 quam

160 1824 230 1847 rem
246 1820 365 1845 certam
381 1811 502 1842 donant
517 1809 580 1842 fine
597 1807 750 1849 praesente
763 1807 910 1839 utilitate.
934 1807 1031 1839 debet

160 1864 261 1895 porro
276 1855 323 1894 jus
340 1852 438 1893 aptari
451 1851 557 1892 potius
567 1851 606 1881 ad
622 1859 657 1880 ea
667 1858 734 1889 quae
752 1849 781 1880 ἀ
798 1847 985 1887 frequenter
1001 1848 1030 1879 <Sc

156 1896 255 1929 facile
282 1896 381 1933 fiunt,
405 1902 499 1934 quam
524 1900 594 1932 quae
619 1899 748 1931 perraro
769 1890 788 1920 l.
809 1900 837 1930 3.
855 1889 890 1924 &²
906 1890 925 1921 l.
939 1900 969 1930 5.
987 1888 1030 1920 D.

162 1940 196 1969 cle
212 1938 331 1980 legibus.
372 1935 414 1967 At
437 1934 521 1965 enirn
540 1932 654 1965 Paulus
677 1932 724 1962 lib.
747 1941 772 1962 1.
791 1931 920 1962 Sentent.
938 1932 983 1962 tit.
1007 1939 1033 1962 1.

162 1979 193 2020 §.
208 1989 233 2010 ι.
253 1978 299 2009 De
316 1977 378 2015 his,
394 1975 498 2015 inquit
511 1998 520 2013 ,
536 1975 618 2005 rebus
629 1973 736 2013 parisi-z·
746 1972 910 2012 poffunzus,
927 1973 959 2003 de
970 1974 1032 2013 qai-

163 2023 215 2051 lms
232 2017 386 2059 tranfigere
403 2017 478 2047 licet.
523 2014 585 2046 Sed
600 2012 826 2054 circumspecte
848 2014 1034 2052 accipienda

165 2070 203 2091 ea
219 2060 304 2091 Pauli
322 2057 466 2090 definitio
483 2055 537 2087 est.
562 2055 686 2087 accedit
705 2055 788 2086 enim
805 2054 843 2086 ad
863 2063 972 2086 verum
989 2055 1032 2085 in·

163 2110 212 2133 tra
229 2101 399 2132 verborum
422 2097 517 2130 finem
534 2105 668 2129 retenta.
700 2094 721 2127 fi
737 2096 816 2127 ultra
833 2096 991 2134 trahatur3
1015 2104 1032 2125 a

163 2151 245 2173 vero
262 2148 436 2173 amovetur.
454 2140 495 2170 ita
507 2139 599 2170 liceat
615 2137 725 2175 nobis,
743 2137 829 2176 quod
838 2136 952 2168 Paulus
969 2137 1030 2173 ait,

164 2182 277 2224 pacisci
302 2184 341 2213 de
366 2181 457 2212 rebus
480 2181 520 2211 de
543 2179 656 2219 quibus
677 2178 844 2219 transigere
863 2179 948 2210 licet.
980 2176 1031 2208 sed

164 2234 221 2256 cur
243 2233 306 2255 non
326 2223 420 2254 liceat
438 2221 530 2252 nobis
554 2220 736 2252 donationis
753 2218 842 2250 causa
861 2218 972 2258 pacisci
992 2218 1031 2249 de

164 2266 259 2297 rebus
276 2265 315 2296 de
327 2263 440 2303 quibus
450 2261 621 2302 transigere
633 2270 696 2292 non
718 2261 792 2292 licet
804 2260 821 2291 ἱ)
838 2261 881 2292 nil
898 2261 971 2291 dico
989 2268 1031 2290 te-

166 2316 264 2339 mere.
283 2304 349 2345 ipse
367 2303 407 2335 fic
423 2302 535 2334 Paulus
551 2304 580 2333 d.
598 2303 642 2332 tit.
660 2306 677 2335 8
706 2301 734 2342 §.
752 2311 788 2340 4,
808 2300 854 2331 De
870 2303 970 2339 rebus,
987 2301 1032 2331 in-

165 2348 253 2388 quit,
275 2343 406 2387 litigiosis
430 2344 467 2378 δέ’
491 2344 640 2374 convenire
658 2342 694 2376 &2⁹
711 2341 863 2382 transigere
879 2342 1033 2383 poffumus.

160 2386 224 2430 post
241 2398 297 2419 rem
308 2387 473 2429 judicatam
484 2384 620 2424 patiam,
642 2382 697 2421 nifi
712 2384 874 2415 donationis
889 2383 975 2424 causa
990 2384 1034 2414 in-

168 2435 354 2469 terponatur,
369 2428 487 2468 fl’rvari
501 2436 558 2457 non
573 2430 690 2465 oportet.

208 2470 363 2502 Prohibet
387 2478 464 2509 ergo
481 2466 594 2498 Oratio
611 2465 853 2498 transactionem
871 2467 1035 2499 alimento·

166 2520 253 2543 rum:
276 2520 335 2542 nec
352 2518 457 2541 tamen
475 2508 637 2546 omnium,
656 2506 708 2538 sed
727 2507 908 2539 reliftorum
927 2509 956 2538 in
977 2507 1036 2546 pri-

165 2553 236 2584 mis.
259 2561 330 2582 nam
347 2552 384 2582 ad
401 2551 451 2582 illa
465 2549 619 2589 respicere
638 2547 848 2587 Orationem,
873 2548 927 2580 etsi
945 2549 1035 2580 latius

165 2600 297 2633 pateant
320 2592 416 2623 verba
434 2614 444 2630 ‚
478 2591 527 2622 Ne
547 2590 747 2622 alimentorum
773 2590 930 2621 transilitio
952 2590 1036 2620 aliter

167 2640 235 2665 rata
257 2632 310 2670 fit,
333 2642 372 2663 ex
395 2631 535 2673 appofita
560 2631 648 2662 causa
665 2630 862 2671 intelligitur.
894 2640 930 2662 ea
947 2628 1036 2661 causa

169 2674 215 2706 est
232 2697 241 2712 ,
266 2673 341 2704 Cum
362 2674 390 2703 hi
410 2674 513 2713 quibus
536 2673 672 2704 alimenta
694 2672 800 2703 relicta
824 2677 926 2710 erant,
944 2670 1036 2712 facile

166 2713 357 2755 transigerent
373 2715 400 2743 d.
420 2714 440 2744 l.
458 2718 486 2747 8.
502 2721 549 2753 pr.
568 2713 674 2745 reliCta
690 2721 787 2752 porro
802 2713 950 2744 alimenta
969 2712 1037 2743 sunt

170 2767 187 2788 a
204 2754 357 2787 defuneto
375 2754 445 2784 data
471 2754 660 2786 testamento
679 2754 730 2784 vel
747 2754 902 2785 codicillis
921 2755 948 2785 d.
967 2753 986 2783 l.
1007 2757 1035 2787 8.

168 2799 197 2840 §.
215 2808 243 2829 2.
265 2796 284 2827 l.
304 2805 352 2836 23.
370 2793 398 2835 §.
417 2804 445 2825 2.
464 2794 502 2825 D.
523 2797 555 2825 de
568 2794 740 2826 condictione
756 2795 884 2826 indebiti.
907 2795 950 2826 ita
966 2793 1037 2825 sane

170 2838 327 2878 accipitur
343 2836 406 2866 hoc
425 2835 556 2866 verbum
574 2837 592 2866 l.
602 2840 631 2868 6.
649 2836 691 2867 D.
709 2837 742 2866 de
759 2834 871 2875 ceffione
885 2838 1038 2873 honorum,

168 2882 188 2913 l.
209 2889 277 2915 117.
297 2877 338 2908 D.
354 2878 386 2907 de
402 2875 501 2915 legatis
517 2876 563 2906 lib.
586 2886 611 2907 1.
631 2877 650 2908 l.
672 2887 737 2908 122.
759 2876 801 2908 D.
821 2879 878 2909 eod.
895 2879 941 2909 tit.
960 2876 988 2908 ὅ(
1006 2876 1037 2907 in

166 2922 223 2954 illo
242 2917 396 2951 Martialis
411 2917 458 2947 lib.
481 2925 527 2947 10.
546 2916 648 2956 Epigr.
666 2928 716 2958 47.

207 2961 310 2994 Vitam
327 2968 388 3000 quce
398 2957 519 2996 faciunt
537 2957 699 2996 beatiorem,

208 2998 419 3041 ‘J'zicrtndiffime
435 2997 605 3034 Martialis,
627 2998 683 3028 haec
694 2999 774 3035 sunt.

206 3036 267 3075 ‘Res
284 3052 340 3073 non
351 3045 439 3082 parta
454 3039 545 3070 labore
555 3060 564 3074 ,
578 3038 632 3076 sed
646 3038 754 3069 renea.

167 3087 197 3119 Si
220 3093 326 3117 tamen
352 3081 462 3113 mortis
484 3078 571 3110 causa
593 3078 767 3109 donatione
783 3080 888 3111 relieta
905 3079 962 3111 fint
980 3080 1033 3111 ali-

165 3135 294 3160 menta:
317 3125 401 3156 idem
418 3121 588 3153 dicendum
605 3118 660 3150 est.
685 3120 757 3158 quia
773 3129 810 3149 ea
827 3122 958 3151 donatio
978 3122 1031 3152 de-

164 3177 252 3200 mum
276 3173 380 3198 morte
403 3162 565 3204 perficitur
580 3183 590 3197 ,
614 3160 642 3191 δι
669 3160 708 3190 ad
734 3159 826 3189 instar
854 3161 1032 3198 legatorum

167 3209 309 3241 habetur.
333 3207 482 3246 idemque
498 3202 560 3243 est,
574 3201 594 3235 fi
603 3209 661 3243 per
675 3199 952 3234 fideicommiss'um
968 3201 1035 3234 fue-

736 121 1045 156 GERARDI
1094 116 1324 152 Noonr

1060 205 1101 236 rit
1117 205 1221 237 relicta
1239 205 1277 236 ab
1289 214 1329 237 eo
1345 204 1394 236 cui
1407 203 1481 245 quid
1497 204 1649 236 donatum
1668 204 1711 237 est
1730 208 1837 241 mortis
1847 217 1919 241 cau·

1060 245 1098 277 sa.
1128 246 1188 283 (fic
1212 247 1295 278 enim
1318 245 1561 278 construendum
1577 269 1587 284 ,
1618 246 1921 291 intelligendumque

1061 286 1106 318 est
1123 287 1153 318 in
1172 288 1229 320 d.l.
1241 287 1345 328 8.§.2.
1371 288 1434 318 hoc
1452 286 1599 327 Ulpiani,
1613 287 1660 317 vel
1673 289 1708 318 ab
1717 298 1745 319 eo
1763 291 1810 320 cui
1823 291 1921 322 mortis

1061 328 1146 364 causa
1170 329 1275 360 donata
1294 330 1361 363 lant
1385 327 1502 368 relicta)
1527 327 1631 368 potest
1652 330 1735 359 enim
1760 328 1922 363 fideicom-

1061 368 1182 400 miss'um
1208 370 1342 410 relinqui
1366 370 1404 400 ab
1427 378 1467 399 eo
1492 370 1541 400 cui
1567 369 1719 401 donatum
1735 368 1797 401 fuit
1812 371 1923 404 mortis

1062 409 1161 441 causa.
1191 409 1296 452 Quid,
1319 409 1339 442 fi
1356 411 1438 441 inter
1457 410 1548 441 vivos
1564 410 1709 450 promiffa
1724 410 1783 441 fint
1798 411 1925 444 alimen-

1062 450 1119 482 ta?
1140 459 1204 482 non
1221 451 1361 492 spectant
1376 453 1414 482 ad
1431 449 1617 482 Orationem
1627 452 1654 482 d.
1676 452 1695 483 l.
1707 456 1736 485 8.
1753 451 1781 493 §.
1801 461 1830 483 2.
1853 453 1924 493 quia

1062 500 1126 523 non
1144 491 1212 523 sunt
1229 492 1344 524 relicta.
1368 493 1503 532 denique
1520 492 1621 523 voluit
1637 491 1785 532 testator,
1800 493 1939 525 alimen-'

1065 533 1104 563 tis
1131 533 1264 571 relictis,
1285 532 1449 564 consulere
1464 534 1681 571 alimentario,
1705 543 1746 565 ne
1763 543 1872 575 egeat3
1895 535 1926 566 <Sc

1065 574 1184 614 placuit
1207 572 1372 612 Orationi,
1395 582 1458 605 tam
1483 575 1568 614 pium
1590 574 1746 607 testatoris
1763 575 1928 607 confilium

1065 624 1130 646 non
1148 615 1231 645 eludi
1248 624 1303 653 per
1317 615 1546 647 alimentarium
1570 625 1723 656 nequam,
1748 617 1799 648 vel
1813 617 1929 657 impru-

1068 657 1216 693 dentem,
1239 656 1268 686 &
1292 663 1413 688 tantum
1435 657 1521 696 quod
1545 664 1617 688 ante
1633 659 1731 698 pedes
1749 658 1847 690 modo
1864 657 1927 696 est,

1067 698 1249 727 videntem:
1274 698 1359 739 quod
1377 696 1398 728 fi
1413 697 1627 729 contractibus
1643 699 1726 730 inter
1744 699 1836 730 vivos
1853 707 1930 730 con—

1067 737 1173 769 stituta
1197 737 1255 768 fint
1279 737 1424 769 alimenta
1440 761 1451 777 ,
1474 739 1504 770 &
1528 739 1567 770 de
1594 739 1641 770 his
1663 738 1717 770 fiat
1743 739 1928 771 transactio:
1958 768 1960 770 .

1067 778 1242 818 corrumpit
1264 778 1474 810 alimentarius
1497 779 1566 819 jus,
1589 781 1676 820 quod
1696 790 1758 812 non
1783 781 1860 812 alius
1880 782 1929 820 ei,

1067 819 1120 851 sed
1142 818 1206 859 ipse
1231 818 1285 850 fibi
1309 818 1482 859 adquisivit.
1514 828 1611 852 nocet
1634 822 1729 862 igitur
1749 821 1802 853 fibi
1821 844 1831 862 ,
1853 821 1932 853 ficut

1067 859 1215 903 prodest,
1238 869 1302 891 non
1318 867 1514 901 repugnante
1530 860 1694 894 Oratione.

1108 902 1267 934 Caeterum
1292 901 1343 932 ubi
1366 901 1525 941 improbat
1548 901 1661 934 Oratio
1686 903 1932 936 transafflonem

1068 943 1132 976 fine
1150 943 1289 975 Praetore
1306 942 1420 974 faciam
1437 944 1475 974 de
1494 943 1648 976 alimentis
1664 944 1778 976 relictis
1793 968 1803 983 ,
1826 954 1931 977 utrum

1068 984 1174 1016 futura
1190 983 1392 1025 intelligimus
1403 1007 1412 1022 ,
1427 992 1464 1014 an
1481 984 1663 1023 praeterita?
1687 986 1716 1016 ἀ
1733 995 1810 1024 puto
1826 985 1932 1017 futura

1068 1026 1088 1057 l.
1107 1031 1135 1060 8.
1155 1025 1188 1057 C.
1212 1027 1245 1056 cle
1261 1024 1519 1056 trcznsattiom'bus:
1541 1034 1613 1056 nam
1636 1025 1702 1057 haec
1717 1028 1845 1067 proprie
1862 1027 1933 1059 sunt

1069 1068 1233 1098 alimenta:
1250 1066 1300 1098 illa
1316 1066 1371 1097 etfi
1388 1066 1530 1097 dicantur
1547 1067 1713 1104 alimenta,
1729 1068 1855 1108 proprie
1865 1078 1933 1100 non

1069 1108 1138 1139 sunt
1154 1108 1311 1139 alimenta.
1344 1107 1486 1145 accedit,
1511 1108 1597 1147 quod
1613 1107 1797 1148 interceptis
1820 1108 1936 1141 futuris

1069 1149 1248 1187 alimentis,
1271 1148 1364 1188 poffit
1388 1149 1599 1180 alimentarius
1614 1158 1728 1190 egere3
1751 1150 1934 1190 eoqueina-

1069 1191 1117 1222 nis
1134 1189 1201 1221 fieri
1220 1190 1367 1221 voluntas
1386 1189 1543 1220 testatoris
1561 1191 1611 1229 pia
1628 1199 1664 1220 ac
1704 1189 1824 1221 rovida.
1846 1191 1934 1231 quod

1069 1232 1245 1272 periculum
1261 1231 1291 1261 in
1310 1231 1478 1271 praeteritis
1496 1240 1558 1261 non
1577 1231 1630 1262 est.
1696 1238 1761 1262 etat
1777 1232 1872 1272 igitur
1891 1230 1936 1262 O-

1069 1273 1170 1310 ratio,
1193 1271 1256 1303 fine
1272 1271 1412 1303 Praetore
1435 1270 1558 1313 tranfigi
1576 1272 1615 1302 de
1631 1271 1745 1303 Futuris
1762 1273 1935 1304 alimentis:

1070 1314 1101 1346 id
1126 1313 1171 1345 est
1197 1313 1237 1345 de
1263 1312 1432 1344 esculentis
1448 1313 1478 1343 ἃ
1495 1313 1686 1352 poculentis,
1710 1313 1824 1353 quibus
1842 1314 1933 1345 alitur

1069 1363 1195 1394 corpus.
1238 1352 1311 1385 Nec
1336 1353 1466 1385 dubium
1492 1354 1554 1391 est,
1577 1354 1652 1394 quin
1675 1354 1722 1385 his
1739 1363 1818 1396 aqua
1835 1355 1933 1387 conti·

1069 1403 1190 1428 neatur.
1223 1404 1412 1436 quamquam
1430 1395 1497 1426 haec
1514 1394 1684 1434 inspectio,
1708 1395 1761 1427 ubi

1113 1435 1192 1474 Usus
1209 1438 1365 1468 communis
1384 1446 1526 1477 aquarum
1537 1435 1597 1477 est,

1070 1485 1225 1517 quatenus
1247 1478 1363 1508 attinet
1385 1476 1573 1509 Orationem
1600 1486 1660 1518 qua
1681 1477 1869 1518 prohibetur
1884 1479 1937 1509 ali-

1069 1526 1251 1550 mentorum
1262 1518 1430 1550 transactio
1442 1542 1451 1557 ,
1464 1520 1516 1550 vix
1533 1518 1629 1549 habet
1646 1518 1743 1551 usum.
1760 1518 1830 1550 sunt
1848 1521 1933 1551 enim

1071 1568 1161 1599 aquae
1180 1559 1221 1590 ibi
1239 1567 1367 1590 munera
1384 1560 1509 1599 publica
1522 1560 1591 1600 jure
1606 1561 1759 1600 gentium.
1782 1559 1938 1601 Ulpianus

1074 1608 1180 1632 tamen
1198 1600 1217 1631 l.
1231 1608 1257 1631 1.
1270 1599 1310 1631 D.
1329 1601 1361 1631 de
1375 1601 1516 1631 alimentis
1531 1601 1631 1642 legatis
1644 1603 1734 1641 (quae
1748 1601 1793 1632 est
1810 1602 1937 1642 propria

1073 1641 1164 1682 hujus
1182 1641 1263 1672 loci:
1282 1642 1400 1712 quippe
1420 1651 1491 1673 cum
1509 1640 1546 1673 fit
1564 1651 1604 1673 ex
1623 1642 1687 1682 ejus
1702 1643 1750 1674 lib.
1767 1653 1798 1675 v.
1821 1642 1868 1673 De
1882 1652 1939 1674 om·

1073 1684 1157 1714 nibus
1172 1683 1364 1715 tribunatibus
1383 1692 1423 1713 ex
1440 1692 1505 1722 quo
1521 1682 1566 1714 est
1581 1684 1609 1713 d.
1627 1683 1646 1714 l.
1663 1688 1700 1721 8,
1722 1692 1782 1723 qua
1802 1684 1936 1724 exponi-

1075 1732 1124 1755 tur
1140 1722 1273 1763 Oratio)
1296 1731 1403 1764 putat,
1426 1724 1487 1755 dici
1506 1723 1612 1764 poss'e,
1635 1725 1791 1757 alimentis
1807 1725 1938 1765 legatis,

1074 1765 1168 1797 etiam
1185 1773 1296 1805 aquam
1313 1765 1419 1806 legato
1436 1765 1547 1797 ineffe:
1571 1764 1591 1797 fi
1609 1766 1709 1806 legata
1728 1765 1825 1797 fuerit
1840 1768 1872 1797 in
1890 1775 1940 1798 re-

1097 1807 1191 1844 ione,
1215 1806 1266 1837 ubi
1285 1805 1365 1837 solet
1382 1807 1572 1839 venundari:
1595 1815 1630 1838 ut
1646 1808 1677 1838 in
1696 1807 1880 1848 regionibus
1898 1806 1940 1838 A·
1993 1846 1995 1848 q

1092 1850 1164 1879 ricae
1187 1847 1216 1878 &
1239 1848 1378 1889 Aegypti
1403 1848 1422 1879 l.
1452 1857 1498 1887 14.
1522 1847 1540 1889 §
1576 1858 1606 1888 3.
1627 1847 1669 1878 D.
1693 1851 1753 1881 eod.
1771 1850 1817 1879 tit.
1841 1848 1938 1880 etiarn

1075 1889 1256 1921 Ravennae:
1273 1889 1313 1921 de
1331 1897 1391 1929 qua
1408 1890 1450 1920 ita
1470 1889 1639 1928 Martialis,
1656 1889 1704 1921 lib.
1723 1899 1753 1931 3.
1772 1888 1937 1931 Epigr.56.

1116 1930 1164 1962 Sic
1179 1928 1301 1970 cisterna
1318 1930 1404 1968 mihi,
1428 1940 1516 1971 quam
1531 1931 1636 1969 vinea,
1652 1931 1724 1962 malo
1740 1930 1920 1962 Ravennae.-

1159 1971 1233 2002 Cum
1243 1970 1341 2012 poffim
1356 1972 1437 2012 longe
1453 1972 1575 2003 vendere
1584 1972 1680 2012 pluris
1696 1979 1811 2013 aquam.

1077 2013 1235 2046 Caeterum
1248 2035 1258 2051 ,
1279 2012 1334 2044 etsi
1351 2012 1500 2043 alimenta
1517 2013 1645 2052 proprie
1660 2012 1717 2043 fint
1735 2012 1892 2044 esculenta
1909 2012 1940 2044 ὅτ,

1076 2054 1259 2095 potulenta:
1283 2053 1318 2084 fit
1338 2061 1442 2085 tamen
1460 2053 1592 2084 humana
1608 2054 1813 2091 conditione3
1834 2061 1868 2084 ut
1884 2052 1938 2085 sub

1075 2096 1231 2126 alimentis
1248 2094 1401 2125 habitatio
1419 2103 1549 2135 quoque
1565 2094 1594 2126 &
1612 2094 1807 2133 vestiarium,
1831 2094 1861 2126 &
1878 2095 1940 2126 cal-

1074 2138 1212 2167 cearium
1238 2135 1545 2175 comprehendatur3
1569 2135 1641 2175 quia
1666 2136 1717 2167 vix
1738 2134 1800 2173 est,
1822 2143 1856 2166 ut
1875 2134 1939 2167 fine

1074 2177 1122 2208 his
1148 2177 1186 2208 ali
1215 2175 1306 2217 poffit
1331 2185 1447 2217 corpus
1467 2176 1486 2207 l.
1504 2180 1534 2206 6.
1556 2176 1596 2207 D.
1621 2178 1653 2207 de
1668 2176 1809 2207 alimentis
1824 2176 1937 2217 legatis.

1075 2218 1242 2256 quomodo
1259 2217 1439 2257 responsum
1456 2217 1494 2248 ab
1511 2216 1689 2256 Ulpiano&
1701 2216 1783 2257 Gajo
1800 2217 1843 2248 est
1856 2217 1875 2248 l.
1885 2227 1939 2258 43,

1077 2258 1113 2294 ἐξ
1131 2269 1179 2297 44.
1200 2258 1241 2289 D.
1257 2259 1291 2289 de
1304 2259 1453 2289 verborum
1462 2257 1694 2299 significatione,
1719 2258 1828 2290 Verbo
1843 2258 1939 2289 violas

1076 2300 1235 2331 contineri
1253 2308 1323 2339 quae
1340 2298 1402 2331 esui
1422 2300 1767 2340 potuique,cultuique
1777 2299 1941 2340 corporis,

1077 2350 1212 2381 quaeque
1228 2340 1266 2371 ad
1284 2341 1455 2371 vivendum
1472 2340 1593 2372 homini
1609 2341 1776 2372 necessaria
1793 2340 1871 2371 sunt.
1890 2349 1944 2371 ve-

1077 2383 1154 2414 stem
1167 2390 1297 2422 quoque
1314 2381 1414 2413 victus
1429 2381 1546 2413 habere
1563 2382 1666 2413 vicem
1677 2405 1687 2420 ,
1703 2382 1732 2413 ἀ
1747 2389 1859 2423 caetera
1875 2381 1941 2420 qui·
1992 2382 1993 2386 ’

1078 2424 1136 2455 bus
1157 2423 1284 2461 tuendi,
1307 2423 1479 2454 curandive
1496 2423 1638 2463 corporis
1656 2422 1751 2454 nostri
1769 2424 1867 2463 gratia
1881 2422 1941 2452 uti·

1077 2474 1156 2496 mur.
1200 2463 1308 2504 Atque
1335 2464 1402 2494 haec
1426 2463 1487 2494 ess’e
1511 2464 1658 2495 alimenta
1677 2472 1745 2503 quae
1761 2473 1777 2493 a
1795 2462 1939 2494 Scaevola

1077 2505 1096 2537 l.
1118 2508 1163 2536 16.
1181 2504 1210 2545 §.
1231 2513 1256 2535 1.
1277 2503 1319 2535 D.
1343 2506 1376 2535 de
1392 2504 1533 2536 alimentis
1550 2505 1651 2546 legatis
1670 2505 1814 2535 dicantur
1824 2503 1941 2535 alimen-

1078 2555 1109 2577 ta
1124 2547 1283 2584 commoda,
1306 2545 1337 2576 id
1353 2544 1414 2583 est,
1439 2544 1578 2585 perfetta
1594 2545 1623 2576 ἃ
1640 2546 1786 2576 omnibus
1804 2546 1942 2577 numeris

1078 2587 1237 2624 absoluta,
1261 2586 1382 2617 erudite
1395 2587 1621 2626 interpretatur
1639 2584 1678 2617 V.
1698 2586 1856 2625 CL.Janus
1868 2585 1944 2617 Rut-

1078 2627 1193 2670 gerfius
1213 2626 1352 2664 Venusin.
1371 2626 1480 2657 lestion.
1499 2638 1522 2658 c.
1541 2636 1568 2667 7.
1582 2633 1612 2667 p.
1632 2631 1701 2661 268.
1718 2627 1824 2668 &sech

1122 2668 1284 2701 Convenit
1301 2669 1396 2709 igitur
1411 2669 1619 2706 providentiae
1636 2667 1817 2706 Orationis,
1835 2676 1868 2700 ut
1884 2676 1944 2699 nec

1080 2710 1255 2747 habitatio,
1281 2718 1341 2740 nec
1358 2708 1551 2748 vestiarium,
1574 2709 1772 2741 alimentario
1788 2708 1943 2741 inconsul-

1080 2759 1111 2782 ta
1128 2750 1338 2782 transactione
1362 2750 1602 2790 intercipiantur
1619 2752 1645 2782 d.
1667 2751 1686 2782 l.
1706 2755 1734 2784 8.
1752 2750 1780 2792 §.
1800 2759 1824 2781 1.
1843 2750 1879 2785 &1⁹
1898 2759 1944 2789 14.

1080 2793 1145 2823 imo
1163 2791 1264 2822 voluit
1285 2790 1324 2822 D.
1336 2790 1483 2830 Marcus,
1502 2801 1536 2822 ea
1553 2801 1617 2822 non
1635 2793 1734 2823 modo
1748 2792 1800 2822 iub
1817 2792 1945 2823 alimen·

1080 2834 1118 2865 tis
1135 2832 1385 2872 comprehendi:
1412 2832 1463 2863 sed
1482 2833 1575 2864 etiam
1591 2832 1691 2873 J'uffit‚
1715 2833 1755 2864 de
1770 2833 1814 2864 eis
1831 2833 1944 2873 specia-

1080 2875 1151 2907 liter
1176 2872 1317 2914 tranfigi:
1340 2882 1377 2903 ac
1401 2872 1421 2904 fi
1436 2874 1625 2914 generaliter
1641 2874 1677 2906 fit
1693 2873 1882 2906 transactum
1903 2874 1942 2904 de

1080 2915 1255 2953 alimentis,
1280 2923 1386 2954 neque
1411 2916 1450 2945 de
1475 2915 1688 2953 habitatione,
1711 2924 1814 2955 neque
1831 2915 1870 2945 de
1888 2923 1940 2945 ve-

1075 2956 1180 2988 stiario
1196 2955 1385 2987 transaetum
1403 2956 1534 2996 intelligi
1551 2958 1581 2988 d.
1597 2956 1616 2987 l.
1636 2961 1663 2990 8.
1684 2955 1713 2997 §.
1735 2964 1780 2987 12.
1817 2954 1939 2985 Caetera

1077 3007 1147 3038 quae
1170 2998 1209 3028 ad
1225 2997 1419 3037 disciplinam
1438 2998 1617 3036 pertinent,
1642 2997 1749 3037 legatis
1766 2995 1940 3032 alimentis,

1076 3048 1140 3070 non
1158 3038 1497 3078 continenturlegato:
1514 3038 1567 3069 nifi
1583 3037 1666 3069 aliud
1679 3036 1857 3068 testatorem
1875 3034 1942 3066 sen-

1075 3079 1141 3112 fiffe
1158 3079 1311 3121 probetur
1326 3080 1353 3109 d.
1371 3079 1390 3109 l.
1409 3083 1438 3109 6.
1457 3078 1493 3113 ὅ)
1511 3088 1539 3119 7.
1557 3078 1598 3109 D.
1623 3080 1656 3108 de
1672 3077 1811 3108 alimentis
1827 3075 1941 3116 legatis.

1118 3120 1196 3152 Vult
1212 3122 1219 3151 i
1245 3122 1308 3152 itur
1327 3119 1458 3157 Oratio,
1482 3129 1522 3151 ne
1540 3118 1703 3151 transactio
1719 3117 1942 3148 alimentorum

1076 3162 1132 3194 fiat
1147 3162 1211 3194 fine
1255 3169 1379 3192 raetore.
1401 3170 1461 3191 nec
1478 3160 1646 3200 quidquam
1663 3157 1758 3188 addit.
1788 3157 1882 3198 igitur
1899 3157 1943 3188 ni-

1079 3203 1121 3236 hil
1140 3202 1238 3237 refert
1248 3203 1333 3243 ejus,
1351 3203 1517 3242 quomodo
1532 3199 1636 3233 rencia
1656 3198 1712 3230 sint
1728 3197 1892 3231 alimenta:
1899 3197 1940 3268 xilie
