2036 3495
117 132 190 175 426

121 219 285 255 vitutibus,
304 214 340 249 &⁹
357 214 384 244 d.
402 211 421 243 l.
441 219 490 250 44.
509 209 550 242 D.
570 209 601 240 de
619 207 838 247 obligationibus
855 204 891 240 ἐξ
909 204 995 236 afflo-

121 262 216 291 nibus.
241 258 315 297 quin
333 255 487 290 arbitror,
505 252 599 282 etiam
619 250 667 280 his
684 249 713 278 in
733 248 813 278 locis
837 248 996 286 (quorum

121 301 242 342 species
266 298 433 337 plerasque
460 302 500 324 ex
525 291 579 322 usu
597 290 642 321 sui
662 289 815 327 temporis
831 288 998 328 conjungit

122 343 260 383 Julianus
276 339 294 369 l.
313 341 362 377 65.
382 336 409 376 §.
430 346 458 374 4.
478 333 519 365 D.
540 334 573 363 de
588 332 740 362 verborum
758 327 998 371 obligationibus)

121 382 232 415 referri
259 379 395 419 regulam
414 386 431 407 a
451 384 511 416 qua
530 373 657 405 tandem
675 370 710 403 fit
728 369 879 402 consensu
898 371 1000 401 omni-

121 433 176 455 um
187 422 266 461 Juris
281 418 451 451 Austorum
470 415 641 448 recessum:
659 412 714 444 etsi
727 421 800 443 ante
815 412 998 443 variaretur.

124 466 172 497 Ac
185 464 246 503 jam
266 462 369 501 palam
387 460 426 490 de
447 458 499 489 suo
518 465 665 497 tempore
683 453 840 494 Ulpianus
862 453 880 484 l.
898 462 948 491 41.
967 452 996 494 §.

126 515 154 537 1.
176 505 215 535 D.
237 504 294 534 eoa.
315 503 361 532 tit.
386 510 456 541 quae
476 499 519 530 est
538 508 577 529 ex
596 498 643 528 lib.
660 506 711 535 50.
755 495 803 526 Ad
828 494 998 532 Sabinum,

123 547 216 584 Dies,
241 544 363 584 inquit,
387 541 515 583 adjeb'tus
530 539 636 580 efficit,
660 547 694 567 ne
705 538 838 577 praesenti
859 537 902 566 aie
915 543 999 575 pecu-

126 590 177 619 nia
200 588 346 618 debeatur.
393 584 468 616 Non
487 585 548 621 ait,
573 590 607 611 ne
618 585 756 620 petatur,
781 578 833 608 sed
851 587 885 608 ne
901 579 998 608 debea-

125 636 196 667 tur,
217 636 306 668 atqui
331 636 372 657 ex
395 625 501 666 regula
519 623 592 664 juris
613 619 746 651 cesserat
765 619 892 658 quidem
911 619 999 656 dies,

124 670 177 702 sed
197 679 262 701 non
282 676 430 700 venerat:
449 667 558 706 itaque
576 661 631 695 etsi
649 662 715 703 peti
734 670 797 691 non
819 659 934 700 posset,
953 667 999 690 ta-

125 721 199 745 men
226 712 352 743 interim
379 707 566 740 debebatur.
604 704 645 735 sie
670 704 753 734 idem
781 700 936 742 Ulpianus
960 709 1001 732 ex

125 754 182 786 lib.
206 763 230 784 1.
249 752 439 793 Regularum
461 751 490 779 in
507 749 525 778 l.
544 756 613 788 213.
632 744 674 776 D.
698 745 730 775 a'e
745 745 898 774 verborum
908 742 1001 783 figni-

121 795 266 836 ficatione.
300 793 387 834 quod
406 789 642 831 diligentissime
661 786 845 817 notandum.
885 784 1000 815 Praete-

126 846 181 868 rea
205 836 318 873 velim,
343 833 521 864 deliberent
543 828 752 866 eruditiores,
777 836 815 858 an
838 827 900 857 huc
922 834 1000 865 quo-

128 887 190 918 que
210 877 354 908 intendat
366 874 451 915 Imp.
470 872 657 913 justinianus
673 869 692 901 l.
710 869 765 899 ult.
784 868 815 899 C.
834 869 866 898 o'e
882 867 1003 908 legatis:

126 919 220 961 Jam,
242 919 407 957 inquiens,
430 913 620 954 constitutum
642 909 699 952 est,
717 910 787 950 fieri
809 908 882 950 poffo
903 915 1004 948 tempo-

128 962 203 994 rales
218 961 385 992 donationes
401 956 437 992 &³
453 954 629 988 contractus.
676 953 732 983 Me
750 952 833 983 enirn
854 951 942 990 quod
958 957 1003 980 at-

129 1003 231 1040 tinet3
255 1010 356 1042 prope
372 998 435 1038 est,
460 1007 494 1030 ut
509 995 665 1028 censeam.
691 995 733 1025 ita
751 1002 815 1024 non
832 992 890 1023 sint
908 990 1003 1022 Civili

128 1043 202 1084 Jure
222 1042 414 1083 temporales
432 1038 615 1072 contractus
627 1059 636 1075 ‚
660 1044 720 1067 nec
738 1033 932 1074 temporales
949 1033 1004 1063 do-

130 1086 296 1122 nationes;
313 1093 352 1115 ne
369 1083 445 1114 fiant
461 1081 589 1122 quidem
601 1102 609 1117 ,
627 1078 670 1109 ob
688 1076 843 1116 adjettum
860 1074 1004 1120 pastum,

130 1127 325 1168 temporales
341 1132 414 1156 ante
433 1121 593 1162 Papiniani
607 1120 802 1151 Decretum:
818 1117 910 1157 (quia
927 1123 1005 1147 tem·

131 1178 189 1209 pus
207 1169 279 1208 Jure
301 1166 396 1198 Civili
415 1174 479 1196 non
503 1163 547 1195 est
565 1163 678 1193 modus
696 1159 883 1190 inducendae
901 1164 953 1188 aut
971 1156 1004 1187 fi-

133 1211 257 1241 niendae
275 1207 482 1249 obligationis
497 1205 516 1236 l.
527 1214 576 1243 44.
595 1203 624 1245 §.
638 1212 662 1234 1.
682 1201 724 1233 D.
741 1202 773 1231 αθ
788 1199 1006 1240 obligationibus

132 1250 169 1286 δ’
187 1250 365 1282 aaronitas:
390 1258 450 1280 nec
474 1253 609 1287 propter
625 1243 780 1284 adjectum
801 1241 926 1282 pactum
944 1238 1006 1270 ess'e

131 1293 267 1331 incipit,
299 1301 339 1322 eo
371 1290 458 1329 quod
482 1286 661 1328 hujusmodi
689 1283 812 1324 paCtum
839 1291 904 1313 non
928 1279 1007 1311 inest

128 1333 309 1374 striffijuris
320 1331 496 1363 contractui
508 1354 515 1367 ‚
534 1329 633 1369 qualis
651 1325 695 1357 est
710 1324 889 1364 stipulatio)
905 1321 949 1352 est
966 1328 1007 1352 ta-

131 1385 225 1414 men,
244 1382 278 1406 ut
292 1372 480 1413 justinianus
496 1371 538 1402 ait
550 1392 559 1408 ,
571 1371 633 1409 jam
649 1366 876 1400 constitutum,
892 1371 1007 1402 atque,

132 1418 269 1457 opinor,
286 1425 301 1446 a
320 1414 541 1447 prudentibus.
567 1419 637 1442 nam
656 1410 684 1440 t&
702 1408 733 1438 hi
749 1405 961 1442 constituere,
978 1403 1008 1435 ὅ(

131 1457 271 1498 ipsorum
289 1455 545 1488 Constitutiones
561 1452 709 1483 dicuntur
724 1449 744 1479 l.
764 1457 790 1480 1.
807 1446 848 1478 D.
864 1448 897 1476 de
907 1447 1008 1485 priva-

134 1502 171 1531 tis
188 1498 316 1535 delitiis,
341 1496 377 1530 {9³
394 1497 411 1526 l.
431 1504 480 1531 91.
497 1494 526 1535 §.
543 1503 572 1533 3.
594 1502 623 1531 4.
645 1490 680 1524 ἑὸ)
700 1493 729 1520 6.
749 1488 791 1520 D.
810 1489 842 1518 de
857 1488 1010 1518 ‘verborum

133 1540 363 1581 obligationibus.
387 1535 451 1574 est,
476 1536 624 1575 inquam,
644 1533 706 1572 jam
722 1529 951 1566 constitutum,
975 1527 1008 1559 si-

133 1591 174 1613 ve
197 1579 243 1612 est
267 1581 297 1610 in
321 1579 385 1609 hoc
401 1576 565 1608 communi
583 1576 663 1606 itum
679 1570 832 1603 consensu
851 1569 921 1610 post
942 1568 1008 1600 De-

133 1630 256 1654 cretum
277 1619 457 1660 Papiniani:
482 1626 517 1649 ut
536 1616 662 1657 paetum
682 1615 712 1645 in
729 1611 909 1644 continenti
926 1611 1008 1650 adje-

133 1665 217 1696 ctum
237 1661 453 1703 stipulationi,
478 1660 508 1691 ei
533 1657 622 1695 insit,
645 1655 869 1693 actionemque
894 1662 935 1684 ex
958 1651 1007 1683 sti-

130 1706 243 1747 pulatu
261 1704 354 1735 tollat
369 1701 437 1743 ipso
450 1702 538 1742 jure,
555 1699 584 1730 ἃ
600 1697 799 1730 contractum
815 1694 912 1726 faciat
931 1701 1009 1725 tern-

131 1746 277 1787 poralem
296 1746 350 1786 qui
368 1751 442 1775 ante
457 1752 522 1774 non
541 1748 608 1772 erat
627 1739 708 1770 talis.
745 1737 845 1775 Sane,
869 1738 956 1775 quod
972 1735 1010 1766 ad

132 1789 228 1820 bona:
246 1787 323 1819 fidei
339 1784 521 1817 contratstus
536 1783 668 1814 attinet:
693 1789 758 1811 non
776 1778 837 1810 fuit
853 1786 934 1818 opus
957 1776 1011 1807 Pa-

131 1830 256 1872 piniani
282 1828 450 1860 Decreto:
475 1834 549 1857 cum
572 1822 772 1862 emptionem
798 1820 828 1851 &
852 1819 1011 1850 venditio·

133 1881 207 1905 nem
219 1895 227 1910 ‚
246 1870 334 1902 verbi
351 1868 469 1910 gratia,
484 1868 580 1899 etiam
597 1871 670 1896 ante
688 1862 916 1903 Papinianum,
934 1868 1011 1891 tem-

133 1914 279 1955 poralem
298 1911 421 1943 faceret
448 1910 500 1942 lex
517 1904 750 1943 commissoria,
775 1904 803 1934 δι
821 1902 960 1934 addictio
978 1902 1011 1933 in

136 1957 232 1987 diem.
266 1953 318 1985 sed
346 1953 373 1984 <Sc
395 1951 508 1984 Paulus
525 1950 544 1981 l.
563 1958 589 1980 1.
611 1947 653 1979 D.
683 1945 740 1977 Pro
750 1945 827 1985 socio
844 1952 1012 1984 exponens

135 1998 275 2028 formam
301 1993 462 2026 societatis
487 1991 604 2032 regulis
627 1988 703 2029 juris
727 1994 890 2026 receptam
909 2008 919 2022 ,
949 1986 1010 2022 ait,

136 2038 332 2070 Societatem
349 2035 428 2066 co‘i'ri
446 2032 534 2074 posse
547 2032 596 2063 vel
608 2031 639 2062 in
656 2037 847 2071 perpetuum
860 2049 869 2065 ‚
894 2027 926 2057 id
945 2025 989 2057 est
1001 2049 1011 2064 ‚

138 2081 214 2112 dum
239 2079 371 2116 vivunt,
398 2077 448 2107 vel
472 2076 510 2107 ad
535 2081 678 2113 tempus,
703 2071 755 2101 vel
779 2079 818 2100 ex
845 2076 1012 2108 tempore,

139 2121 191 2152 vel
209 2120 263 2150 sub
281 2118 480 2149 conditione.
515 2116 679 2151 nimirum,
704 2113 777 2153 quia
801 2110 863 2141 tale
885 2109 1013 2149 pastum

138 2163 233 2194 bonae
250 2160 324 2193 fidei
341 2158 515 2190 contractui
535 2158 564 2188 in
585 2153 766 2187 continenti
785 2151 960 2192 adjestum,
984 2150 1012 2180 ei

139 2203 219 2237 inest
235 2202 302 2242 ipso
314 2202 400 2242 jure,
416 2209 476 2231 nec
492 2198 646 2230 desiderat
663 2194 911 2236 exceptionem,
927 2192 1012 2223 ultro

140 2241 404 2285 comprehensam
424 2241 541 2280 Judicis
562 2239 682 2270 officio.

182 2285 279 2317 Utilis
293 2284 326 2315 δεῚ
339 2282 506 2315 necessaria
526 2280 588 2312 fuit
603 2278 745 2320 superior
761 2275 944 2317 disputatio.
961 2274 1015 2306 sed

142 2338 208 2361 non
234 2327 337 2359 minus
355 2324 486 2365 pulchra
503 2321 548 2354 est
565 2330 634 2362 quae
652 2319 809 2360 sequitur:
833 2327 871 2349 an
891 2317 1014 2358 stipula-

143 2370 223 2402 tioni
241 2369 336 2400 etiam
354 2367 392 2397 ad
411 2365 569 2396 astionem
588 2362 657 2394 insit
674 2361 817 2402 paetum,
834 2368 906 2390 cum
923 2365 1017 2399 auget

143 2410 363 2443 contrastum:
388 2408 412 2439 is
437 2407 521 2438 enim
538 2405 632 2436 restat
649 2402 810 2443 scrupulus
826 2401 930 2432 adhuc
949 2409 1016 2431 mo-

141 2452 235 2485 lestus
251 2450 523 2490 jurisprudentiae.
539 2446 634 2478 etiam
645 2444 941 2482 memini‚meante
958 2442 1017 2472 hac

142 2493 339 2528 existimare,
356 2491 418 2522 tale
438 2490 563 2530 paetum
582 2485 795 2527 stipulationi,
820 2483 874 2518 etsi
893 2485 923 2515 in
939 2492 1016 2514 con-

143 2535 258 2566 tinenti
284 2533 456 2571 adjectum,
481 2540 545 2562 non
563 2529 677 2561 inesse:
701 2527 755 2559 sed
771 2528 891 2558 nudum
908 2534 1016 2556 manc-

144 2586 198 2614 τες
215 2577 353 2614 ideoque
369 2572 544 2612 stipulatori
556 2572 595 2603 ad
610 2570 769 2602 aaronem
786 2577 850 2599 non
862 2566 1016 2608 prodesse.

142 2617 239 2650 Nunc
255 2625 305 2646 me
322 2616 351 2645 in
369 2615 563 2645 contrarium
582 2620 679 2643 vocat
696 2610 809 2643 Paulus
825 2609 844 2640 l.
860 2618 911 2647 40.
930 2607 970 2638 D.
986 2609 1019 2638 de

143 2661 226 2691 rebus
253 2657 384 2687 creditis:
408 2665 471 2686 non
501 2654 689 2696 permittens
714 2653 793 2683 ultra
805 2661 820 2689 3.
840 2658 873 2681 ut
890 2657 1018 2690 putem,

146 2702 215 2732 hzec
233 2698 299 2738 ejus
318 2697 414 2726 verba
436 2697 524 2737 (quia
541 2695 626 2737 pafta
645 2696 677 2725 in.
694 2691 951 2731 continemifatba
963 2688 1017 2731 fti-

141 2740 291 2784 pulotioni
312 2737 395 2776 ineffe
419 2740 594 2775 creduntur,
612 2738 731 2776 perinde
753 2734 822 2774 effe,
846 2732 919 2770 acfi
936 2733 1017 2773 ote.)

144 2793 212 2816 non
238 2780 398 2822 pertinere
422 2779 459 2809 ad
485 2778 683 2810 formandam
700 2785 740 2809 ei(
757 2776 905 2816 stipulatu
922 2774 1016 2805 aetio-

146 2834 238 2858 nem:
264 2821 284 2853 ss
302 2819 429 2861 quando
447 2820 571 2859 patrum
589 2827 701 2860 augeat
718 2828 758 2849 ex
776 2817 924 2857 stipulatu
939 2815 1018 2846 obli-

145 2867 326 2908 gationem:
343 2861 412 2892 sunt
430 2860 513 2891 enim
532 2861 667 2899 laxiora,
685 2867 777 2900 quam
790 2867 824 2890 ut
842 2860 1019 2899 patiantur,

146 2909 178 2943 se
196 2903 337 2944 restringi
353 2903 392 2933 ad
408 2900 600 2946 propositam
616 2902 658 2932 illi
677 2902 832 2942 speciem:
849 2902 878 2931 in
895 2908 954 2939 qua
970 2908 1021 2937 pa-

148 2950 233 2982 &um
257 2944 420 2979 minuebat
444 2943 691 2982 obligationem:
716 2942 772 2973 etsi
797 2942 870 2972 huic
888 2951 905 2971 a
922 2941 1019 2972 Paulo

147 2991 236 3024 reste
254 2987 464 3027 applicentur.
495 2992 554 3013 una
572 2982 607 3013 fit
625 2984 749 3015 cautio:
775 2992 808 3014 ut
826 2983 949 3023 paetum
968 2980 1022 3012 fiat

149 3035 189 3065 de
206 3042 240 3063 re
257 3027 461 3068 stipulatione
481 3023 729 3064 comprehensa,
753 3025 781 3054 dt
800 3024 869 3056 fere
889 3024 972 3054 circa
990 3032 1021 3053 e-

148 3076 195 3114 jus
213 3071 337 3110 causas,
361 3069 468 3109 quales
492 3065 559 3097 sunt
583 3067 717 3101 modus,
742 3073 887 3104 tempus,
912 3066 1022 3103 locus,

151 3113 308 3146 consistat.
341 3119 414 3141 nam
431 3108 451 3140 si
469 3109 508 3139 ad
525 3108 702 3147 augendam
719 3115 804 3141 rem,
829 3115 881 3136 aut
901 3107 1023 3145 quanti-

152 3164 252 3187 tatem
269 3155 299 3184 in
317 3152 552 3192 stipulationem
571 3147 736 3179 deductam
758 3146 894 3184 spectet:
911 3157 1024 3178 contra

154 3197 209 3229 est.
242 3196 272 3226 id
301 3202 335 3225 ut
362 3201 492 3233 putem,
516 3189 625 3222 auctor
642 3189 718 3220 mihi
737 3185 892 3226 Ulpianus
911 3188 928 3217 l.
951 3198 974 3218 1.
994 3188 1023 3228 ἓ.

152 3250 182 3280 3.
202 3237 244 3270 D.
265 3237 298 3267 cle
313 3237 465 3267 verborum
482 3231 722 3274 obligationibus,
747 3228 852 3261 verbis
870 3227 1026 3268 sequenti-

710 119 1018 154 GenARnl

1085 115 1316 151 Noonr

1038 204 1105 237 bus.
1142 205 1175 236 Si
1192 206 1256 246 quis
1270 203 1438 246 simpliciter
1454 205 1650 243 interrogatus
1663 203 1848 244 responderit,
1872 207 1905 239 Si

1038 247 1111 278 illud
1125 246 1246 285 faciunt
1271 249 1343 284 erit,
1366 248 1454 277 clabo:
1476 255 1533 275 non
1555 245 1676 286 obligari
1698 254 1761 276 eum
1785 247 1902 287 constat.

1040 288 1107 319 Aut
1116 286 1144 326 fi
1162 290 1204 319 ita
1219 290 1432 329 iuterrogatus,
1456 289 1534 317 intra
1553 285 1699 317 Kalendas
1716 288 1850 327 quintas,
1865 299 1908 319 re-

1033 329 1201 370 sponderit,
1224 330 1295 360 dabo
1323 330 1440 360 lctibus:
1465 337 1540 369 aeque
1558 338 1615 358 non
1632 328 1785 367 obligatur.
1808 339 1864 360 non
1880 340 1907 361 e—

1041 372 1101 401 nim
1110 369 1155 408 fic
1171 371 1331 411 respondit,
1355 375 1389 401 ut
1404 372 1598 411 interrogatus
1614 366 1662 408 est.
1689 368 1727 399 Et
1745 370 1830 409 versa
1846 372 1909 401 vice

1035 410 1064 450 fi
1081 412 1276 452 interrogatus
1300 410 1437 453 [fuerit]
1453 413 1508 449 sub
1530 411 1705 449 conditione,
1735 411 1910 451 responderit

1035 460 1129 494 pure.-
1151 454 1304 484 dicendam
1319 454 1388 491 erit,
1411 462 1475 483 euru
1491 462 1547 482 nou
1565 452 1696 493 obligari.
1722 451 1795 483 Cam
1811 453 1912 495 adjicit

1042 495 1154 535 aliquid
1175 494 1221 525 vel
1246 495 1369 525 detrabit
1395 495 1582 535 obligationi,
1598 499 1710 533 semper
1731 494 1910 533 probandum

1042 533 1099 582 est,
1116 537 1252 567 vitiatam
1268 535 1319 576 effe
1337 535 1554 578 obligationem:
1570 533 1802 576 nifistipulacori
1816 535 1912 566 diver-

1036 580 1110 616 sitas
1126 575 1308 616 responsionis
1323 576 1395 608 illico
1404 577 1565 617 placuerit:
1589 583 1661 608 tunc
1682 577 1759 607 enini
1783 576 1841 608 alia
1855 574 1912 616 Jli-

1039 619 1150 666 palatio
1166 617 1314 649 contratia
1329 617 1379 658 effe
1396 620 1523 649 vitietur.
1547 618 1676 659 Species
1694 618 1763 649 talis
1780 618 1834 649 est.
1856 618 1913 650 Ti-

1044 669 1106 692 tius
1131 666 1221 705 rogat
1242 658 1349 705 Seium
1367 668 1462 699 pure,
1490 659 1614 691 Dabis?
1638 659 1726 699 Sejus
1740 659 1911 698 respondet

1041 702 1099 733 sub
1125 702 1334 738 conditione,
1357 701 1387 732 Si
1413 701 1490 732 illud
1514 700 1630 732 facturn
1650 701 1727 738 erit,
1752 701 1846 732 dabo.
1876 711 1915 734 an

1044 745 1147 775 valeat
1166 741 1352 781 stipulatio?
1377 744 1538 782 quaeritur.
1570 742 1621 774 sed
1639 750 1732 783 negat
1748 740 1914 782 Ulpianus.

1043 785 1193 824 idemque
1212 782 1273 814 esse
1291 783 1388 823 dicit3
1411 782 1431 815 fi
1447 785 1488 814 ita
1508 785 1720 824 interrogatus
1737 783 1844 825 Sejus,
1869 784 1915 816 in·

1046 834 1093 858 tra
1114 825 1270 858 Kalendas
1295 825 1419 865 quintas
1444 826 1532 856 dabis
1552 836 1559 857 :
1583 825 1798 865 responderit,
1822 824 1915 857 Dabo

1046 868 1162 900 Idibus.
1180 867 1209 898 ἃ
1221 865 1306 912 versa
1318 867 1407 905 vice,
1424 866 1444 898 si
1460 867 1672 907 interrogatus
1690 866 1743 897 sub
1759 867 1917 898 conditio-

1046 919 1105 947 ne,
1123 908 1418 949 responderrtpure.
1435 917 1527 948 quam
1545 908 1588 939 ob
1605 908 1696 940 rem?
1712 910 1785 948 quia
1803 909 1832 939 in
1851 918 1916 940 om-

1047 951 1138 983 nibus
1157 950 1204 981 his
1224 949 1343 981 casibus
1361 959 1426 980 non
1444 949 1485 981 sic
1507 949 1669 990 respondit
1694 949 1802 990 Sejus,
1824 957 1858 981 ut
1875 951 1920 982 in-

1048 1000 1228 1033 terrogatus
1245 991 1300 1022 est.
1332 999 1366 1022 ut
1381 1000 1487 1022 autern
1504 991 1539 1022 fit
1557 991 1733 1032 stipulatio,
1758 992 1855 1023 debet
1873 992 1918 1023 in·

1047 1034 1300 1076 terrogationem
1318 1031 1401 1073 sequi
1423 1032 1601 1073 responsio,
1619 1032 1680 1073 ipsa
1699 1033 1920 1072 interrogatio·
1958 1066 1959 1069 Ἰ

1048 1079 1080 1107 ni
1099 1084 1250 1116 congrua.
1277 1083 1345 1105 tiam
1365 1073 1557 1114 respondere
1571 1075 1625 1114 (ut
1646 1074 1746 1107 Varro
1764 1075 1806 1105 ait
1821 1068 1869 1106 lib.
1887 1084 1918 1114 5.

1051 1117 1098 1148 De
1124 1118 1226 1158 lingua
1243 1115 1381 1162 Latina)
1404 1115 1449 1147 est
1473 1117 1628 1156 spondere
1654 1118 1692 1147 ad
1720 1117 1918 1148 voluntatem

1050 1167 1199 1200 rogantis.
1241 1165 1348 1197 itaque
1372 1158 1478 1198 (addit
1505 1156 1626 1197 Varro)
1650 1159 1703 1197 qui
1728 1159 1766 1189 ad
1783 1159 1813 1189 id
1832 1157 1918 1198 quod

1050 1208 1198 1241 rogatur,
1216 1209 1279 1230 non
1298 1198 1395 1237 dicit,
1415 1208 1479 1229 non
1498 1198 1680 1238 respondet.
1712 1197 1845 1238 Optime
1864 1200 1920 1240 igi-

1050 1250 1100 1273 tur
1117 1240 1271 1281 Ulpianus
1282 1263 1290 1278 ,
1308 1240 1380 1270 Cum
1391 1263 1399 1277 ‚
1415 1241 1535 1279 inquit,
1552 1241 1652 1280 adjicit
1669 1240 1798 1281 aliquid,
1813 1241 1860 1271 vel
1874 1242 1920 1271 a’e-

1050 1284 1142 1314 trabit
1167 1282 1350 1323 obligationi,
1367 1286 1479 1321 semper
1502 1284 1681 1321 probandum
1704 1279 1761 1320 est,
1786 1283 1924 1313 vitiatam

1051 1325 1101 1365 effe
1115 1324 1322 1367 obligationem.
1370 1322 1444 1353 Hoc
1471 1322 1645 1362 Ulpianus,
1671 1321 1922 1364 Nzszstipulatori

1052 1364 1201 1404 diversitas
1227 1362 1408 1404 responfionis
1432 1364 1503 1395 illico
1524 1365 1682 1404 placuerit:
1707 1367 1734 1395 ἂ
1752 1364 1925 1406 ρτωῇιῑυι·,

1054 1407 1136 1438 Tunc
1150 1408 1226 1437 enirn
1242 1407 1299 1437 alia
1308 1403 1460 1447 stiptclatio
1476 1405 1622 1437 commeta
1639 1405 1688 1446 effe
1697 1408 1822 1437 videtur.
1848 1406 1901 1436 Ait
1912 1429 1923 1444 ‚

1051 1449 1111 1480 alia
1128 1445 1300 1488 stipulatio:
1323 1448 1386 1487 pari
1407 1446 1509 1486 sensu,
1534 1457 1599 1487 quo
1615 1457 1631 1478 a
1649 1448 1746 1479 Paulo
1765 1448 1784 1479 l.
1803 1457 1841 1488 72
1878 1447 1923 1478 D.

1052 1491 1085 1536 fle
1102 1489 1296 1534 contrahenda
1311 1490 1450 1528 emptione
1465 1489 1580 1520 dicitur
1598 1499 1674 1519 nova
1692 1490 1811 1529 empti03
1836 1489 1863 1519 <St
1883 1489 1924 1518 ab

1052 1531 1120 1572 ipso
1149 1529 1290 1570 Ulpiano
1308 1530 1327 1560 l.
1345 1539 1373 1570 7.
1397 1529 1425 1571 §.
1442 1533 1473 1561 6.
1489 1529 1531 1561 D.
1557 1531 1590 1561 cle
1602 1529 1695 1570 pabiis
1714 1531 1829 1561 dicitur
1846 1538 1927 1560 reno-

1052 1574 1121 1604 vari
1145 1570 1321 1603 contraeas.
1357 1570 1434 1602 Vult
1457 1571 1552 1612 igitur
1569 1570 1744 1611 Ulpianus,
1769 1571 1925 1612 (redeun-

1053 1616 1128 1646 dum
1145 1614 1234 1661 'enim
1253 1612 1297 1644 est
1315 1613 1353 1644 ad
1369 1614 1395 1643 d.
1418 1612 1439 1644 l.
1461 1622 1487 1644 1.
1506 1612 1534 1654 §.
1550 1615 1600 1652 3.)
1617 1612 1739 1653 semper
1760 1613 1860 1644 vitiari
1877 1611 1928 1643 sti-

1051 1657 1269 1698 pulationem:
1292 1653 1313 1685 si
1330 1663 1401 1693 quae
1428 1655 1510 1685 inter
1534 1652 1768 1694 responsionem
1790 1654 1927 1686 interro-

1052 1697 1282 1744 gationemque
1300 1695 1481 1736 adjiciendo
1493 1695 1542 1727 vel
1559 1695 1757 1727 detrahendo
1772 1697 1863 1727 cadat
1879 1695 1927 1726 di-

1056 1739 1203 1770 versitas:
1226 1738 1326 1770 modo
1349 1738 1378 1768 in
1399 1737 1480 1768 hanc
1496 1737 1584 1769 illico
1601 1747 1665 1769 non
1683 1737 1859 1768 consentiat
1877 1735 1928 1768 sti-

1057 1780 1193 1822 pulator.
1215 1779 1357 1819 alioquin
1374 1778 1506 1819 perinde
1523 1777 1603 1818 esse,
1621 1788 1658 1810 ac
1674 1779 1694 1810 si
1709 1777 1931 1814 interrogatio·

1056 1832 1129 1854 nem
1151 1820 1281 1861 sequuta
1299 1819 1334 1851 sit
1351 1829 1493 1860 congrua
1511 1820 1689 1861 responsio:
1714 1830 1755 1851 eo
1773 1813 1860 1861 quo”d
1877 1828 1930 1860 pa·

1055 1864 1138 1896 ctum
1157 1862 1351 1903 stipulationi
1369 1862 1398 1893 in
1416 1863 1595 1894 continenti
1611 1861 1783 1902 adjectum,
1800 1862 1862 1893 sive
1878 1861 1929 1892 ad-

1055 1907 1127 1944 dat,
1152 1904 1215 1936 five
1242 1903 1388 1934 detrahat
1406 1926 1416 1943 ,
1450 1913 1486 1935 ea
1511 1913 1575 1935 non
1599 1904 1701 1936 minus
1725 1903 1928 1941 continetur,

1055 1956 1149 1986 quam
1165 1945 1184 1977 si
1202 1945 1241 1976 ab
1258 1946 1351 1976 initio
1369 1944 1409 1976 fic
1421 1945 1584 1976 contrassa
1599 1944 1716 1976 fuisset.
1742 1944 1813 1976 sane
1830 1944 1874 1975 uti
1891 1943 1930 1974 ad

1055 1988 1292 2032 stipulationem
1320 1995 1384 2017 non
1407 1986 1451 2017 est
1470 1986 1557 2023 satis,
1581 1986 1643 2017 ess'e
1659 1984 1863 2017 consensum:
1887 1985 1930 2015 ita

1055 2031 1174 2068 absque
1192 2029 1243 2059 illa
1260 2027 1347 2058 foi-et
1370 2027 1655 2067 interpretatione,
1679 2028 1732 2058 vix
1750 2026 1852 2067 posset
1871 2035 1928 2056 nu-

1056 2073 1099 2102 do
1110 2069 1300 2109 stipulatoris
1316 2068 1467 2100 consensu
1486 2070 1515 2099 in
1528 2067 1739 2100 diversitatem
1758 2067 1931 2107 responsio-

1056 2113 1104 2144 nis
1121 2119 1205 2143 nova
1222 2110 1368 2141 contrahi
1386 2110 1556 2150 stipulatio.
1576 2119 1609 2140 ut
1627 2110 1711 2140 enim
1731 2111 1866 2140 maxime
1883 2109 1932 2145 di-

1055 2160 1145 2185 catur
1169 2151 1334 2191 stipulator
1359 2151 1389 2183 in
1416 2151 1628 2183 diversitatem
1653 2149 1838 2182 consensisse
1862 2150 1930 2189 ejus

1056 2193 1310 2236 approbatione:
1336 2202 1401 2224 non
1416 2193 1490 2224 ideo
1508 2193 1632 2224 dicetur
1648 2202 1732 2223 nova
1749 2193 1817 2224 usus
1834 2192 1931 2223 iuter-

1056 2236 1223 2281 rogatione
1240 2244 1333 2275 quam
1351 2234 1487 2274 postulat
1506 2233 1608 2265 forma
1626 2233 1844 2275 stipulationis.
1869 2232 1929 2264 Pu-

1058 2287 1160 2310 temus
1176 2284 1291 2317 rgrtur,
1315 2275 1498 2316 stipulatore
1522 2275 1691 2307 confestim
1709 2274 1930 2306 consentiente

1058 2321 1088 2351 in
1108 2317 1323 2351 diversitatem
1340 2316 1570 2357 responsionis,
1588 2316 1727 2356 Ulpiano
1745 2317 1865 2348 idcirco
1883 2315 1927 2345 vi-

1059 2361 1125 2393 deri
1151 2359 1242 2391 aliam
1261 2359 1406 2390 contrahi
1426 2358 1676 2399 stipulationem:
1701 2359 1788 2399 quod
1806 2357 1927 2398 pastum

1059 2401 1254 2442 stipulationi
1272 2401 1302 2431 in
1321 2401 1501 2434 continenti
1528 2399 1704 2441 adjectum,
1728 2399 1791 2431 sive
1813 2399 1928 2436 addat,

1058 2444 1122 2476 five
1139 2443 1303 2480 detrahat,
1327 2452 1363 2473 ea
1380 2451 1470 2483 aeque
1487 2445 1691 2480 continetur,
1716 2450 1751 2472 ac
1772 2440 1791 2472 si
1809 2440 1930 2479 stipula-

1060 2486 1106 2516 tio
1124 2485 1162 2516 ad
1180 2485 1264 2514 hunc
1281 2484 1409 2515 modum
1430 2484 1468 2514 ab
1485 2484 1575 2514 initio
1595 2482 1630 2514 sit
1647 2490 1823 2522 concepta:
1841 2482 1929 2512 ideo-

1061 2536 1122 2567 que
1140 2534 1202 2557 tam
1221 2525 1360 2563 formet,
1385 2534 1478 2565 quam
1504 2525 1596 2556 tollat
1615 2534 1655 2556 ex
1672 2524 1815 2564 stipulatu
1835 2522 1930 2553 afflo-

1061 2577 1145 2599 nem.
1190 2566 1261 2599 Sic:
1285 2566 1305 2598 fi
1331 2566 1507 2598 conventio
1528 2567 1557 2597 in
1577 2564 1932 2605 continentiadjiciatur

1062 2610 1101 2641 de
1116 2618 1149 2640 re
1165 2608 1370 2648 stipulatione
1386 2607 1614 2647 comprehensa
1626 2631 1633 2640 .
1649 2608 1677 2637 «St
1688 2608 1766 2638 intra
1782 2607 1846 2646 ejus
1860 2614 1930 2636 cau-

1062 2650 1106 2682 sas
1123 2650 1280 2681 consistat.
1312 2658 1384 2681 nam
1401 2650 1440 2680 de
1459 2649 1504 2679 his
1524 2649 1588 2689 agit
1606 2647 1760 2689 Ulpianus
1778 2649 1804 2679 cl.
1822 2647 1841 2678 l.
1861 2656 1883 2677 1.
1900 2646 1928 2687 §.

1061 2702 1090 2733 3.
1116 2692 1156 2722 At
1174 2691 1195 2723 fi
1213 2690 1299 2722 foras
1317 2690 1434 2730 spectat
1450 2691 1647 2729 contentio,
1667 2690 1696 2721 ὃς
1712 2697 1823 2729 augeat
1840 2687 1931 2725 stipu-

1062 2734 1189 2766 lationis
1206 2733 1416 2773 quantitatem
1427 2755 1435 2769 ,
1452 2741 1505 2762 aut
1520 2740 1590 2771 agat
1605 2733 1644 2762 de
1658 2732 1856 2772 obligatione
1871 2738 1932 2759 am-

1061 2775 1188 2815 plianda
1205 2775 1272 2804 aliis
1290 2774 1400 2809 rebus,
1418 2782 1508 2811 quam
1527 2775 1566 2805 de
1587 2774 1699 2814 quibus
1716 2771 1871 2813 stipulatio
1888 2769 1932 2800 fa-

1065 2817 1113 2848 &a
1129 2814 1192 2847 est:
1209 2825 1272 2846 non
1292 2824 1380 2854 putat
1400 2814 1552 2854 Ulpianus
1565 2839 1574 2853 ,
1591 2824 1659 2845 eam
1676 2813 1868 2855 stipulationi
1885 2812 1930 2842 in-

1064 2858 1145 2896 esse,
1170 2866 1277 2897 eoque
1293 2855 1467 2896 stipulatori
1486 2857 1524 2887 ad
1542 2856 1697 2887 affionem
1717 2853 1871 2896 prodess'e.
1900 2852 1929 2883 id

1064 2899 1146 2930 enini
1167 2897 1344 2938 significant
1369 2898 1437 2928 hacc
1454 2899 1519 2938 ejiis
1538 2898 1635 2928 verba
1654 2899 1681 2928 d.
1703 2896 1722 2928 l.
1744 2906 1767 2927 1.
1786 2895 1815 2937 §.
1833 2905 1862 2932 4.
1903 2893 1935 2923 Si

1056 2939 1216 2981 stipulanti
1231 2940 1299 2969 mibi
1314 2941 1422 2977 decem,
1441 2946 1473 2970 tu
1487 2940 1598 2978 viginti
1613 2938 1794 2979 respondeas.-
1812 2945 1866 2965 non
1883 2933 1933 2974 effe

1064 2981 1240 3013 contrabium
1257 2981 1473 3022 obligationem,
1496 2980 1551 3019 nifi
1566 2983 1596 3011 in
1619 2981 1728 3016 decem,
1751 2975 1866 3015 constat.
1896 2984 1933 3005 ex

1065 3024 1208 3055 contrario
1226 3032 1353 3064 quoque,
1370 3021 1399 3060 si
1422 3033 1464 3053 nze
1482 3023 1592 3063 viginti
1608 3023 1813 3059 interrogante,
1837 3024 1869 3046 tu
1886 3017 1933 3045 cle-

1068 3075 1126 3095 cem
1148 3065 1332 3105 respondeas.-
1356 3065 1488 3103 obligatio
1514 3062 1568 3101 nist
1582 3065 1612 3092 in
1630 3063 1718 3091 decem
1733 3068 1788 3089 non
1802 3059 1854 3087 erit
1870 3066 1933 3086 con-

1068 3106 1180 3137 trasta:
1205 3107 1270 3136 licet
1294 3107 1368 3136 enirn
1390 3111 1494 3145 oportet
1513 3112 1665 3142 congruere
1671 3102 1833 3138 summam,
1856 3103 1933 3128 atta—

1067 3157 1130 3179 men
1150 3146 1335 3187 manifestum
1351 3157 1363 3176 e
1399 3171 1407 3181 ,
1432 3147 1542 3187 viginti
1559 3145 1594 3179 ὅ)
1609 3145 1699 3173 decem
1713 3138 1804 3179 ineffe.

1113 3188 1176 3220 Vix
1194 3189 1258 3227 ipse
1277 3198 1327 3219 me
1345 3198 1358 3218 :i
1388 3187 1502 3218 solvam
1519 3187 1557 3216 ab
1573 3184 1662 3214 anxia
1679 3184 1705 3211 r&
1724 3190 1825 3221 prope
1842 3180 1930 3211 mise-

1069 3240 1103 3262 ra
1119 3231 1303 3271 diligentia
1327 3229 1347 3259 fi
1366 3230 1478 3260 iterum
1497 3234 1649 3268 quaeram,
1669 3233 1706 3254 aii
1724 3222 1849 3263 pastum
1868 3228 1932 3251 mu·

1877 3269 1932 3291 tuo
