2036 3495
154 73 227 107 420

156 159 198 182 ex
225 150 283 182 hac
310 149 397 190 Lege
425 148 606 180 Duodecim
630 146 826 179 Tabularum
837 170 846 185 ‚
871 148 904 179 Si
919 157 1026 179 nexum

150 192 262 231 faciet,
280 191 529 230 mancipiumque,
545 197 577 219 ut
592 189 695 229 lingua
708 187 909 229 nuncupaffit,
923 191 966 219 ita
975 190 1026 231 jus

157 231 230 272 esto:
255 240 288 262 ut
305 232 376 262 alibi
393 231 424 262 in
442 230 645 269 sequentibus
665 229 805 260 tractabo
822 231 955 269 plenius.

202 274 363 310 Insormare
378 279 474 310 porro
487 271 516 301 ὅ(
527 271 659 308 formare
673 270 749 310 quid
765 268 820 307 fit,
836 270 953 301 indicat
970 269 1026 301 La·

156 313 307 350 stantius,
331 311 377 342 De
393 310 501 351 opificio
520 310 579 340 Dei
594 320 619 341 c.
642 318 688 342 12.
713 311 833 351 Ajunt,
856 312 1024 351 inquiens,

159 363 217 385 non
234 359 351 384 tantum
364 353 491 382 maribus
505 350 710 392 ineffesemen,
728 361 830 382 verum
845 354 929 383 etiam
938 352 1026 392 femi-

156 396 220 432 nis,
242 395 289 430 sed
303 403 401 424 earum
410 396 507 431 semen
516 395 665 434 sanguine
681 392 733 433 effe
746 399 920 433 purgatum.
951 395 1025 434 quod

150 434 180 474 fi
203 434 276 465 rene
299 444 365 465 cum
388 434 472 464 virili
493 432 606 473 mistum
618 433 681 473 fit,
704 440 827 474 utraque
843 441 973 466 concreta
988 434 1025 469 &3⁹

155 475 309 516 coagulata
324 475 495 514 informari,
520 475 556 509 δέ)
570 477 698 516 primurn
712 477 825 516 quictem
841 486 888 507 cor
904 475 1025 507 honi'inis

154 517 291 556 confingi.
315 516 367 547 Sic
384 515 583 548 Lactantius:
602 517 759 555 informare
776 525 943 557 exponens
960 527 1024 548 con-

147 556 281 598 fingere:
305 557 469 598 desumpta
486 558 653 589 locutione
670 567 686 588 a
703 566 774 588 cera
789 566 843 588 aut
859 559 946 591 luto:
969 567 1023 590 cu-

149 599 199 638 jus
214 598 317 630 forma
327 607 464 630 mutatur
475 598 603 630 fistione
613 598 666 630 etti
682 600 792 629 eadem
809 608 932 630 maneat
949 609 1027 631 mas·

152 639 194 671 sa.
213 641 336 680 optime
352 639 486 672 Ovidius
505 641 551 672 lib.
560 649 613 672 xv.
630 640 852 680 Metamorphofi
869 643 942 682 versss
956 645 1024 677 169.

152 681 249 712 verba
267 682 342 722 cJ'us.

196 721 295 764 thue
313 724 397 754 novis
405 723 528 763 fragilis
537 721 676 765 signatur
693 732 757 754 cera
771 721 897 763 figuris,

189 764 258 795 Nec
273 771 387 803 manet,
409 770 441 796 ut
449 765 572 805 fuerat,
588 774 639 795 nec
648 765 764 804 formas
776 768 874 802 servat
894 766 1022 805 easdem,

193 805 250 836 Sed
267 811 363 837 tamen
380 806 442 845 ipsa
457 807 551 837 eadem
567 804 617 843 eli.

193 846 284 887 Ineffe
298 846 459 887 postremo
476 848 562 879 valet
578 849 664 879 idem
683 847 771 888 quod
788 847 964 885 contineri,
987 855 1023 879 ut

149 888 252 928 liquet
267 898 306 919 ex
322 888 496 920 collatione
512 890 537 920 d.
558 889 577 920 l.
595 897 625 929 7.
642 888 672 930 §.
692 899 718 925 5·
741 898 812 920 cum
830 890 848 921 l.
868 899 917 927 72.
934 888 975 921 D.
990 891 1023 920 de

150 929 344 960 contrahenda
366 932 512 970 emptione.
547 939 642 969 porro
665 931 753 961 alteri
771 929 886 969 inesse,
909 939 962 961 aut
979 940 1020 962 eo

149 971 309 1002 contineri
333 971 450 1002 dicitur
466 972 553 1012 quod
575 972 603 1003 ei
622 970 851 1010 confunditur,
875 979 971 1011 atque
988 981 1019 1003 e-

145 1012 195 1052 jus
220 1013 351 1043 nomine
370 1013 482 1053 &jure
497 1012 652 1044 censetur.
678 1012 742 1044 hoc
760 1011 845 1043 sensu
865 1011 1019 1053 Ulpianus

147 1053 169 1084 l.
179 1053 264 1095 47.§.
279 1063 303 1085 1.
315 1053 357 1084 D.
376 1055 409 1085 de
424 1054 525 1096 legatis
542 1054 589 1085 lib.
600 1063 629 1094 3.
652 1054 714 1092 ait,
732 1053 767 1084 ln
782 1060 871 1094 empto
882 1060 1022 1093 paratum

149 1094 233 1134 ineffe
243 1095 292 1132 ,in
302 1101 406 1135 parcito
421 1106 478 1126 non
493 1096 627 1127 continuo
642 1101 766 1136 emplum
781 1097 926 1126 contineri.
945 1105 1020 1136 pro,

148 1137 237 1176 quod
261 1144 404 1177 emptum
423 1136 484 1175 est,
508 1144 650 1177 paratum
668 1135 748 1176 ess'e3
770 1137 857 1174 quod
874 1145 1019 1176 paratum

149 1177 213 1215 est,
238 1187 302 1209 non
320 1179 478 1209 continuo
496 1186 640 1218 emptum
656 1178 731 1210 dici.
774 1176 899 1209 Eodem
919 1180 1018 1210 modo

146 1217 303 1259 Ulpianus
317 1219 338 1251 l.
349 1228 377 1257 2.
389 1218 429 1249 D.
445 1220 477 1250 cle
487 1218 708 1261 jurisdicfiione,
727 1218 878 1256 Miaccum,
896 1219 1018 1259 inquit,

146 1260 299 1300 imperium.
323 1260 374 1300 effe
398 1261 447 1291 cui
470 1261 556 1291 etiarn
572 1259 735 1300 jurisdifflo
751 1257 842 1301 inest.-
864 1259 1018 1301 fignificat

148 1304 233 1332 enim
245 1325 255 1340 ,
271 1302 407 1333 mixtum
425 1302 594 1342 imperium
613 1300 674 1333 esse
685 1302 772 1342 quod
788 1302 882 1332 etiam
897 1302 1018 1341 jurisdi-

148 1341 212 1373 ctio
228 1343 414 1383 appellatur.
448 1343 599 1374 Similiter
615 1343 646 1373 in
663 1343 682 1373 l.
701 1352 728 1383 7.
745 1342 773 1384 §.
795 1351 840 1374 10.
861 1342 902 1373 D.
920 1344 952 1373 de
962 1349 1015 1382 pa-

146 1383 201 1414 stis
218 1384 282 1421 ait,
306 1383 394 1424 Ineffe
413 1384 472 1415 dolo
490 1383 695 1422 &fraudem:
719 1393 777 1424 pro
790 1406 800 1421 ,
822 1384 931 1415 dolum
955 1383 1017 1415 effe

145 1424 293 1456 eumdem
314 1424 427 1457 fraudi.
472 1424 544 1455 Nec
566 1425 656 1456 aliter
672 1423 828 1462 Ovidius,
853 1423 1017 1456 Heroidum

144 1464 224 1507 epist.
248 1475 300 1506 17,
318 1475 388 1505 quae
405 1466 449 1497 est
466 1464 598 1496 Helenae
615 1466 654 1496 ad
672 1464 837 1511 Paridem,
853 1467 926 1506 verſs
946 1475 1015 1506 217.

186 1507 250 1547 lpse
265 1507 335 1537 mihi
349 1508 457 1547 quoties
472 1508 582 1545 iratus,
605 1506 757 1543 adultera,
781 1507 875 1545 dices,

227 1547 345 1578 Oblitus
360 1545 451 1587 nostro
468 1547 574 1578 crimen
590 1546 674 1587 ineffe
690 1553 786 1578 tuum-

183 1586 358 1627 Delifflfies
374 1589 447 1619 idem
463 1588 644 1629 reprehenfiir
661 1587 697 1622 ὅ)
716 1588 827 1620 aanor.

145 1628 262 1662 Cicero
287 1638 419 1670 quoque
442 1629 491 1660 lib.
521 1638 546 1661 1.
581 1629 629 1660 De
646 1637 756 1661 natura
777 1630 905 1661 Deorum
922 1640 945 1662 c.
964 1640 1014 1671 42-

142 1669 251 1702 Verba
275 1671 351 1711 eJus.
395 1671 512 1702 Horum
535 1672 611 1702 enim
625 1672 777 1712 sententiae
807 1673 934 1703 omnium
959 1682 1017 1703 non

141 1713 221 1744 modo
239 1711 473 1753 superstitionem
495 1712 620 1751 tollunt,
643 1713 674 1744 in
692 1722 750 1753 quai
765 1711 836 1753 inest
854 1715 938 1744 timor
953 1714 1016 1745 ina-

141 1754 188 1784 nis
202 1753 353 1790 Deorum
367 1755 422 1795 sed
437 1755 523 1786 etiam
536 1754 699 1796 religionem
714 1763 777 1796 quae
794 1754 923 1787 Deorum
936 1756 1017 1787 cultu

134 1796 184 1835 pio
201 1797 376 1829 continetur.

181 1835 278 1868 Unde
301 1845 452 1879 apparet,
476 1837 649 1879 Ulpianum
674 1838 701 1869 d.
725 1837 745 1870 l.
773 1846 802 1879 7.
827 1837 855 1879 §.
878 1847 920 1884 5,
943 1846 1016 1870 cum

141 1878 204 1917 ait,
228 1878 318 1918 pacta
343 1880 375 1911 in
401 1880 583 1911 continenti
601 1879 720 1920 adJecta
735 1879 829 1911 bonae
847 1878 922 1925 fidei
938 1889 1016 1912 con-

141 1919 315 1959 tractibus,
338 1921 374 1953 iis
400 1921 512 1953 inesse:
537 1920 637 1958 velle,
664 1920 733 1951 haec
754 1920 843 1961 pasta
861 1921 921 1952 illis
940 1930 1016 1953 con-

141 1961 253 2000 tineri,
276 1961 328 1994 seu
347 1962 491 2002 misceri,
508 1961 558 1994 seu
575 1971 687 1993 eorum
706 1969 794 2002 parte
809 1962 919 2002 &jure
936 1962 1015 1994 aesti-

138 2003 236 2041 mari,
260 2004 289 2035 &
314 2004 402 2035 addit:
423 2003 594 2045 Ulpianus:
621 2004 707 2043 quod
728 2003 796 2034 haec
813 2003 901 2043 pacta
918 2005 1014 2035 aetio-

140 2052 214 2075 nem
238 2054 278 2076 ex
301 2046 467 2077 contraCtu
491 2044 667 2076 informant
691 2044 731 2076 ad
751 2045 843 2076 aliurn
862 2045 1013 2084 modum,

140 2093 234 2124 quam
251 2086 280 2117 se
297 2086 428 2118 haberet
447 2087 549 2126 a6'ti03
572 2086 693 2125 absque
711 2086 770 2118 illis
794 2086 891 2125 pactis
909 2085 1012 2119 foret:

140 2126 174 2157 id
199 2126 320 2167 liquere
345 2138 386 2159 ex
411 2138 472 2167 eo,
496 2128 584 2169 quod
605 2127 658 2158 ubi
683 2127 714 2158 in
740 2128 920 2158 continenti
938 2129 1012 2168 quid

141 2169 315 2207 corivcnit3
339 2169 465 2209 paetum
491 2171 543 2201 dat
563 2168 739 2200 commerui
758 2169 878 2209 legem:
903 2170 933 2200 id
950 2169 1012 2215 est,

139 2210 339 2241 conti-atium
367 2210 504 2242 format:
528 2220 600 2242 cum
626 2210 670 2240 ob
696 2210 821 2250 pastum
841 2209 1012 2250 praesertim

140 2249 323 2290 perficiatur
344 2252 537 2283 contractus.
570 2253 612 2282 ita
635 2261 714 2282 vero
731 2251 886 2290 efficitur,
911 2259 945 2282 ut
963 2261 1013 2292 pa-

141 2291 225 2322 ctum
243 2292 298 2323 etsi
315 2294 434 2324 nudum
453 2300 549 2333 atque
564 2292 675 2323 inutile
693 2291 800 2329 foret,
815 2302 832 2324 a
847 2293 1014 2325 contractu

138 2332 314 2372 separatum
333 2345 340 2364 :
371 2342 475 2365 tamen
500 2344 540 2365 ex
563 2333 744 2365 continenti
767 2334 810 2365 illi
837 2335 1013 2375 adjectum,

138 2383 244 2414 neque
261 2375 380 2407 nudum
400 2375 481 2414 esse,
506 2385 611 2415 neque
629 2375 761 2412 inutile,
787 2375 839 2407 sed
856 2378 884 2407 ei
902 2377 943 2407 sic
960 2378 1014 2408 mi-

138 2416 215 2446 sceri
233 2416 392 2448 videatur:
411 2425 445 2448 ut
461 2426 519 2457 pro
538 2426 578 2448 eo
593 2415 677 2447 aetio
689 2416 800 2455 detur,
820 2417 922 2448 exilio
939 2427 1014 2450 con-

138 2456 238 2487 tractu
248 2480 257 2496 ‚
273 2467 309 2488 ac
326 2468 365 2489 ne
377 2457 418 2490 fic
430 2459 558 2498 quidem
569 2457 669 2498 qualis
681 2459 865 2489 naturaliter
877 2458 921 2490 est
936 2469 1013 2491 con-

138 2498 273 2536 tractus,
284 2498 335 2530 sed
348 2500 445 2540 qualis
457 2499 582 2539 adjesto
599 2499 655 2530 illo
672 2499 765 2539 pasto
777 2499 933 2532 confictus
950 2500 1012 2533 est:

140 2547 182 2569 eo
198 2539 284 2578 quod
301 2541 366 2580 ejus
387 2541 469 2580 pacti
484 2542 585 2583 gratia
610 2539 675 2581 ipse
697 2541 878 2572 celebratus
896 2541 960 2580 est,
982 2543 1012 2574 δε

139 2579 259 2619 absque
275 2581 366 2620 paeto
386 2582 492 2621 foi-et,
517 2582 696 2614 celebratus
712 2591 776 2614 non
793 2582 909 2614 fuisset.
935 2583 1013 2615 sum-

137 2629 189 2652 ma
207 2621 269 2651 est:

137 2669 188 2692 tur
210 2662 249 2692 ad
274 2661 459 2696 servandum
482 2673 587 2697 totum
604 2664 803 2696 contractum
816 2688 824 2704 ,
848 2665 878 2697 ἀ
895 2667 933 2697 ad
951 2666 1010 2698 ser·

136 2703 255 2734 vandas
270 2702 399 2743 singulas
416 2707 597 2738 contraeius
610 2714 727 2746 partes.
752 2708 844 2738 datur
860 2707 955 2747 igitur
971 2709 1010 2740 ad

137 2744 326 2776 servandum
352 2745 476 2784 paetum
501 2748 589 2787 quod
615 2748 695 2779 inest
719 2749 896 2780 contractui
916 2749 1009 2780 bonae

135 2784 230 2823 fidei,
254 2786 283 2816 ἃ
300 2795 358 2826 pro
376 2786 440 2825 ejus
457 2797 545 2826 parte
567 2789 710 2820 habetur.
739 2789 798 2827 fic,
821 2789 842 2821 si
859 2789 904 2821 est
924 2791 952 2821 ei
969 2801 1009 2823 ex

135 2828 316 2862 continenti
333 2827 499 2867 adjectum.
531 2838 561 2860 at
580 2829 601 2861 si
619 2840 683 2861 non
702 2830 781 2862 inest
800 2832 828 2862 ei
841 2854 850 2869 ,
874 2833 946 2872 quia
964 2832 1009 2863 est

136 2883 177 2905 ex
196 2869 365 2902 intervallo
382 2868 599 2902 subsecutum:
624 2879 775 2911 apparet3
797 2881 902 2912 neque
919 2883 1008 2913 pare-

134 2925 169 2946 re
181 2938 190 2953 ‚
207 2920 311 2952 neque
325 2908 498 2941 informare
515 2910 687 2943 actionem:
711 2914 831 2954 quippe
850 2923 923 2945 cum
942 2924 1008 2946 non

136 2957 192 2987 det
209 2951 386 2985 contractui
404 2952 518 2991 legem.
545 2959 632 2982 certe
648 2954 672 2983 is
687 2954 749 2992 jam
762 2964 826 2987 nou
844 2955 925 2995 pacti
941 2966 1008 2996 gra·

135 2998 179 3028 tia
203 2993 376 3037 perficitur.
410 2993 475 3024 inio
498 2992 624 3032 pactum
649 2992 684 3023 fit
704 2995 775 3034 post
790 2995 959 3028 formatam
978 3007 1008 3028 a·

136 3039 288 3070 ctionem.
311 3036 355 3065 ita
371 3034 490 3065 nudum
508 3032 572 3071 est;
589 3042 650 3064 nec
665 3035 810 3067 censetur
826 3039 1006 3070 contractus

134 3087 224 3120 parte
241 3084 294 3108 aut
306 3076 384 3116 jure.
409 3084 470 3106 nec
486 3082 592 3106 tamen
607 3073 751 3119 inficior,
766 3077 796 3107 id
813 3079 867 3110 etsi
884 3089 900 3110 a
917 3088 1006 3119 parte

133 3120 247 3151 actoris
271 3127 335 3148 non
360 3116 430 3148 infit
453 3117 548 3147 bonae
565 3114 640 3146 fidei
658 3117 854 3155 contractui,
880 3121 1004 3152 necilli

132 3162 235 3202 pariat
261 3158 440 3198 astionem,
466 3158 539 3199 quia
562 3156 606 3190 est
623 3156 662 3188 ab
679 3157 744 3198 ejus
761 3166 848 3197 parte
864 3162 1005 3201 nudum,

742 60 1053 97 GERAnnx

294 2624 381 2661 quod
407 2624 488 2655 aetio
514 2633 555 2655 ex
575 2624 668 2654 bonae
683 2623 758 2654 fidei
777 2624 945 2656 contractu
963 2625 1013 2656 da-

1100 58 1331 96 Noonr

1068 147 1170 178 adhuc
1188 156 1244 178 reo
1260 147 1418 189 proficere
1429 151 1467 183 ad
1485 153 1722 191 exceptionem.
1746 158 1778 190 id
1794 158 1936 193 rescribit

1068 187 1148 227 Imp.
1168 188 1362 222 Maximinus
1379 192 1399 223 l.
1420 202 1463 233 ¹3·
1486 193 1517 224 C.
1537 195 1569 224 de
1580 195 1683 235 poetis.
1717 198 1755 230 In
1773 201 1865 239 honre,
1888 203 1934 234 in-

1069 230 1180 269 quiens
1192 253 1202 268 ,
1219 229 1292 270 fidei
1316 233 1508 264 εοηῑηιὲἶῑίηις
1526 236 1570 266 ita
1590 238 1700 268 denium
1717 248 1753 270 ex
1763 241 1845 280 paeto
1861 243 1935 274 ustio

1068 272 1217 309 competit,
1233 270 1262 309 fi
1280 272 1312 302 in
1328 275 1486 306 continenti
1495 275 1574 314 fiat:
1595 287 1664 309 nani
1679 281 1754 320 quod
1764 280 1859 321 postea
1870 284 1933 322 pla-

1067 312 1148 349 cuit,
1166 312 1198 357 ici
1209 321 1266 344 non
1279 315 1461 354 petitionem,
1473 318 1527 356 sed
1542 320 1733 359 exceptionem
1744 324 1834 361 parit.
1859 323 1935 356 Hoc

1067 360 1108 397 eo
1135 361 1258 384 verius:
1283 356 1356 394 quia
1378 357 1474 388 etiam
1497 359 1621 397 pactum
1641 370 1681 391 ex
1697 362 1866 394 intervallo
1882 366 1935 396 ad-

1063 391 1181 438 jectum
1198 395 1372 427 contrastui
1389 397 1480 429 stricti
1496 400 1590 439 juris,
1607 411 1663 432 reo
1679 402 1806 442 prodest
1824 405 1862 435 ad
1878 414 1933 437 ex-

1067 442 1268 480 ceptionem..
1295 437 1350 468 etsi
1375 438 1503 471 interest
1529 443 1612 473 inter
1628 444 1828 476 contractum
1843 445 1934 478 bonae

1068 473 1143 520 fidei
1167 475 1197 506 ὅτ.
1221 475 1314 508 stricti
1336 478 1431 518 juris3
1454 483 1548 520 quod
1568 484 1720 524 exceptio
1736 485 1767 516 in
1783 486 1838 517 illo
1857 487 1935 521 inest

1069 514 1185 561 aetio-ni
1200 516 1219 547 i.
1236 527 1265 557 3.
1285 518 1327 549 D.
1351 521 1383 550 de
1406 523 1588 561 rescindenda
1612 526 1801 558 venditiones
1816 528 1847 558 in
1873 528 1932 560 isto

1068 565 1132 587 non
1147 557 1243 590 inest:
1261 558 1324 590 hoc
1334 561 1398 600 est,
1413 563 1508 594 inillo
1525 565 1579 597 etfi
1596 567 1626 597 in
1642 568 1709 606 J'ure
1724 577 1787 598 non
1805 568 1841 599 sit
1859 578 1932 600 con-

1070 596 1180 628 testata
1196 600 1279 644 apud
1296 600 1468 635 Praetorem
1480 628 1489 643 ,
1500 614 1604 639 tamen
1623 607 1653 638 in
1667 607 1792 648 Judicio
1808 611 1934 650 oppofi-

1068 646 1117 676 ta,
1139 638 1258 678 Judicis
1278 640 1387 674 officio
1407 647 1602 679 continetur.
1627 650 1657 679 in
1676 650 1753 689 isto,
1778 650 1832 682 nisi
1849 653 1932 691 apud

1066 679 1242 712 Praetorem
1256 683 1434 727 contestata
1450 688 1480 718 i'n
1495 688 1581 728 jure,
1603 689 1659 722 etfi
1678 692 1708 722 in
1723 691 1842 731 judicio
1860 694 1933 725 alle-

1065 729 1177 761 getur,
1192 720 1309 760 judicis
1322 725 1429 757 officio
1446 738 1510 760 non
1528 732 1722 763 continetur.
1747 733 1779 764 id
1790 743 1867 765 vero
1885 745 1936 766 va-

1065 763 1128 800 let,
1150 763 1309 810 actionem
1335 766 1366 797 in
1394 768 1495 800 altero
1517 770 1683 812 ipsojure,
1708 775 1738 804 in
1756 774 1858 806 altero
1878 785 1935 816 pei·

1065 812 1294 850 exceptionem
1313 808 1400 840 tolli:
1426 819 1459 840 ut
1477 820 1516 842 ex
1527 814 1561 844 ti.
1582 814 1599 843 l.
1620 824 1656 854 3,
1680 814 1717 848 δ’
1732 815 1750 846 l.
1769 819 1818 849 28.
1836 816 1878 848 D.
1901 819 1933 848 de

1063 845 1222 891 actionibus
1245 849 1331 887 empti
1346 847 1383 883 ὅ)
1400 852 1530 891 venditi,
1554 854 1684 895 aliisque
1708 856 1806 895 locis,
1829 857 1933 890 osten-

1065 887 1095 917 di
1112 909 1121 924 ,
1146 886 1216 917 libro
1235 886 1283 918 De
1292 889 1394 928 forma
1405 895 1572 926 emendandi
1589 899 1644 927 tioiz'
1660 897 1730 927 moli
1745 908 1767 929 c.
1785 902 1814 931 8.
1840 897 1933 932 Unde

1065 936 1164 968 porro
1184 928 1381 970 consequens
1398 933 1460 971 est,
1484 944 1519 965 ut
1537 937 1658 975 pactum
1671 963 1679 975 ,
1699 938 1761 970 five
1779 950 1819 971 ex
1839 941 1935 973 inter-

1064 968 1147 999 vallo
1163 992 1172 1007 ,
1200 968 1264 1015 sive
1289 981 1328 1002 ex
1354 974 1531 1007 continenti
1556 979 1720 1017 adjiciatur
1743 981 1837 1013 bonae
1860 980 1934 1014 fidei

1063 1010 1297 1050 contractibus,
1315 1013 1358 1044 eis
1376 1013 1573 1053 semperinfit
1589 1029 1627 1050 ex
1639 1029 1725 1060 parte
1741 1023 1804 1061 rei,
1821 1022 1850 1054 id
1868 1023 1932 1063 est,

1062 1050 1185 1091 semper
1210 1053 1369 1086 actionem
1392 1058 1483 1089 tollat
1502 1058 1568 1099 ipso
1582 1061 1669 1100 jure:
1694 1064 1766 1102 quia
1783 1073 1838 1095 reo
1856 1064 1932 1096 sem-

1063 1101 1124 1139 per*
1135 1094 1263 1139 prodest
1280 1096 1318 1127 ad
1335 1100 1580 1140 exceptionem3
1600 1111 1700 1144 eaque
1716 1104 1837 1146 semper
1853 1105 1932 1139 inest

1060 1135 1181 1174 judicio
1200 1135 1293 1167 bonae
1311 1136 1396 1170 fidei.

1072 1200 1076 1205 ,
1101 1175 1163 1207 Sed
1185 1176 1306 1223 liquet,
1330 1180 1473 1227 pactum,
1497 1192 1570 1216 cum
1588 1195 1628 1216 ex
1646 1186 1760 1219 afloris
1777 1195 1867 1229 parte
1885 1189 1931 1221 in-

1062 1216 1106 1248 est
1125 1219 1300 1249 contractui
1319 1220 1411 1252 bonae
1442 1224 1534 1263 ndei,
1558 1226 1622 1265 ejus
1639 1228 1765 1260 ael-ione
1785 1229 1896 1262 servari
1910 1230 1930 1262 ἶ.

1060 1267 1110 1298 79.
1133 1257 1173 1289 D.
1191 1260 1223 1289 de
1238 1262 1430 1294 contrahenda
1445 1268 1601 1305 emptione,
1618 1268 1634 1298 l.
1654 1273 1683 1299 6.
1702 1269 1730 1310 §.
1751 1279 1777 1302 Ι.
1794 1271 1813 1302 l.
1834 1281 1879 1303 11.
1898 1271 1926 1313 §.

1063 1308 1088 1330 1.
1108 1298 1189 1345 &²
1206 1300 1226 1332 i.
1248 1310 1293 1342 13.
1311 1302 1339 1343 §.
1357 1314 1406 1344 30.
1422 1307 1481 1337 eod.
1498 1308 1542 1338 tit.
1579 1307 1645 1340 Nisi
1665 1312 1790 1350 pactum
1809 1311 1930 1351 spectet

1059 1341 1099 1386 ad
1122 1340 1354 1385 dissolvendum
1378 1348 1594 1382 conti-aetum:
1620 1358 1672 1389 ut,
1697 1351 1716 1382 ii
1741 1351 1857 1384 fundus
1879 1364 1932 1385 ve-

1059 1389 1155 1427 nierit
1177 1382 1231 1414 sub
1254 1384 1324 1425 lege
1340 1388 1570 1427 cominifforia,
1595 1400 1647 1422 aut
1666 1391 1718 1423 sub
1737 1393 1828 1434 pacto
1845 1395 1932 1426 addi-

1059 1422 1172 1454 &ionis
1190 1424 1222 1469 in
1240 1425 1335 1458 diem.
1368 1438 1438 1459 narn
1465 1438 1530 1462 tum
1555 1432 1616 1463 fuit
1635 1433 1832 1475 dubitatum
1857 1445 1929 1477 quae

1059 1463 1230 1510 praesertim
1257 1467 1359 1498 danda
1377 1470 1454 1501 cffet
1476 1472 1576 1505 attio:
1601 1474 1871 1515 dissentientibus,
1894 1485 1930 1508 ut

1058 1505 1135 1535 mihi
1154 1506 1296 1547 videtur,
1321 1509 1517 1543 Proculianis
1535 1514 1563 1545 ἀ
1581 1513 1763 1548 Sabinianis.
1794 1518 1930 1558 negabat

1059 1555 1147 1577 certe
1166 1546 1338 1593 Proculus,
1356 1552 1512 1584 actionem
1532 1564 1572 1586 ex
1589 1558 1754 1589 contrastu
1771 1558 1824 1589 hic
1840 1569 1931 1591 com-

1060 1595 1172 1628 petere
1184 1589 1277 1621 ideo:
1295 1594 1382 1631 quod
1399 1594 1601 1627 adhiberetur
1617 1598 1653 1628 ad
1664 1598 1837 1632 finiendum
1854 1610 1931 1633 cou-

1061 1630 1214 1668 tractum,
1238 1639 1351 1664 contra
1376 1642 1516 1667 naturam
1540 1637 1672 1670 actionis
1690 1649 1729 1671 ex
1745 1642 1930 1682 contractu,

1061 1678 1184 1717 tantum
1203 1672 1242 1703 ad
1260 1682 1331 1705 eum
1347 1675 1602 1718 adstringendum
1622 1681 1778 1720 inventae,
1795 1692 1854 1714 nec
1872 1684 1930 1714 ob-

1061 1713 1192 1745 tinentis
1211 1722 1252 1744 eo
1266 1713 1370 1747 finito.
1394 1719 1531 1750 malebat
1549 1720 1643 1761 igitur
1661 1721 1830 1762 Proculus,
1855 1725 1931 1756 dare

1059 1754 1218 1800 actionem
1242 1756 1430 1798 praescriptis
1454 1760 1586 1800 verbis3
1612 1761 1734 1796 solitam
1759 1766 1929 1806 obtinere3

1060 1804 1184 1835 quoties
1202 1797 1252 1828 alii
1264 1821 1274 1836 ,
1297 1799 1327 1829 dt
1346 1808 1443 1831 σει-[τε
1459 1801 1548 1834 locus
1566 1813 1630 1835 non
1649 1804 1704 1837 est.
1742 1805 1787 1837 Ita
1801 1807 1931 1847 quidem

1058 1837 1213 1870 Proculus
1229 1839 1276 1870 lib.
1292 1848 1337 1871 11.
1355 1840 1568 1882 Epistolariini:
1584 1855 1656 1877 nam
1673 1846 1741 1878 iiaec
1757 1847 1802 1880 est
1821 1847 1931 1880 Inscri-

1058 1880 1128 1925 pti-o
1138 1879 1158 1910 l.
1173 1888 1216 1911 12.
1231 1879 1274 1912 D.
1289 1883 1321 1912 de
1330 1885 1502 1924 prescriptis
1517 1887 1621 1918 verbis.
1652 1887 1714 1920 Sed
1731 1888 1850 1921 Sabino
1868 1890 1932 1930 pla-

1059 1929 1145 1959 cuit,
1163 1923 1345 1954 concedere
1362 1924 1519 1957 aCtionem
1540 1936 1580 1959 ex
1597 1930 1782 1963 contractu:
1803 1931 1931 1963 auctore

1058 1962 1159 1994 Paulo
1170 1962 1188 1993 l.
1199 1967 1230 1994 6.
1252 1963 1293 1994 D.
1313 1965 1345 1995 de
1361 1966 1544 2003 rescindenda
1558 1971 1729 2001 venditione.
1756 1972 1785 2003 &
1804 1973 1931 2004 videtur

1057 2003 1192 2035 rnoviffe
1209 2003 1358 2036 Sabinum
1370 2030 1378 2044 ‚
1396 2009 1482 2047 quod
1494 2009 1618 2049 pactum
1632 2011 1661 2042 in
1680 2013 1860 2044 continenti
1877 2015 1931 2045 ad-

1054 2045 1171 2085 jectum
1188 2047 1364 2078 contractui
1383 2049 1475 2079 bonae
1492 2050 1585 2087 fidei,
1603 2055 1745 2091 quamvis
1757 2053 1930 2086 finiatcon-

1058 2086 1188 2117 tractum
1200 2110 1209 2124 ‚
1222 2095 1328 2119 tamen
1344 2089 1422 2120 inest
1438 2091 1635 2124 contraCtui:
1653 2103 1688 2124 ac
1705 2094 1781 2125 ficut
1797 2105 1836 2126 ex
1853 2104 1929 2126 con-

1057 2127 1156 2158 trastu
1175 2127 1257 2158 attio
1274 2129 1365 2161 datur
1388 2132 1427 2161 ad
1444 2131 1628 2164 servandum
1647 2136 1862 2167 contractum:
1886 2136 1928 2168 fic

1056 2170 1147 2200 datur
1162 2170 1201 2199 ad
1217 2169 1381 2201 servandas
1397 2180 1500 2211 partes
1517 2174 1600 2213 ejus;
1618 2176 1646 2206 &
1659 2185 1716 2216 per
1729 2178 1929 2217 consequens

1055 2212 1094 2241 ad
1111 2209 1294 2242 servandum
1310 2212 1435 2251 pactum
1451 2215 1697 2249 commissorium
1709 2241 1717 2255 ‚
1735 2228 1786 2249 aur
1803 2219 1928 2258 paetum

1057 2252 1246 2283 addictionis
1272 2253 1301 2283 in
1327 2255 1430 2293 diem,
1453 2255 1497 2287 illi
1514 2256 1544 2287 iii
1561 2259 1741 2290 continenti
1760 2260 1925 2297 adjectum.

1057 2295 1129 2334 quia
1148 2294 1219 2324 data
1235 2294 1273 2324 ad
1292 2293 1474 2327 servandum
1494 2297 1638 2337 paetum,
1664 2300 1708 2331 est
1725 2302 1795 2331 data
1813 2303 1851 2332 ad
1869 2301 1927 2333 ser-

1057 2334 1194 2366 vandum
1218 2336 1436 2376 contractum,
1462 2339 1586 2378 adjecto
1611 2341 1704 2376 onero
1730 2341 1928 2383 transfigura-

1057 2385 1134 2407 tum.
1160 2378 1203 2407 ita
1220 2376 1289 2407 sane
1307 2377 1503 2420 Pomponius
1525 2380 1543 2410 l.
1560 2385 1589 2412 6.
1606 2381 1634 2423 §.
1658 2392 1682 2415 1.
1703 2382 1744 2414 D.
1769 2385 1802 2414 (le
1817 2390 1927 2415 contra·

1057 2419 1148 2449 henda
1164 2419 1318 2459 emptione3
1341 2429 1396 2458 ac,
1421 2420 1474 2451 nisi
1492 2420 1605 2461 fallor,
1630 2433 1670 2455 ex
1686 2424 1789 2455 Sabini
1807 2424 1927 2456 senten-

1057 2460 1118 2493 tia:
1140 2460 1270 2499 juvante
1287 2462 1501 2501 conjecturam
1523 2462 1731 2505 inscriptione
1751 2465 1830 2498 loci:
1854 2475 1925 2506 quae

1057 2500 1224 2541 Inscriptio
1244 2502 1361 2541 habet,
1385 2503 1559 2543 Pomponius
1577 2506 1625 2537 lib.
1646 2516 1674 2542 9.
1707 2506 1757 2538 Ad
1775 2507 1922 2538 Sabinum.

1057 2542 1221 2574 Verissima
1241 2544 1365 2575 interim
1383 2543 1444 2575 fuit
1463 2545 1567 2576 Sabini
1587 2548 1758 2579 sententia:
1781 2547 1836 2580 etii
1853 2548 1926 2580 Pro-

1056 2585 1139 2621 culi,
1164 2593 1322 2625 tamquam
1343 2587 1462 2624 tutior,
1481 2585 1534 2617 usu
1553 2590 1649 2625 magis
1666 2589 1845 2621 obtineret:
1869 2590 1926 2621 do-

1054 2635 1115 2657 nec
1131 2625 1239 2658 Sabini
1257 2635 1387 2667 quoque
1403 2626 1592 2660 sententiam
1604 2629 1769 2670 Rescripto
1787 2630 1839 2662 suo
1855 2640 1926 2670 pro-

1054 2668 1168 2699 barunt
1185 2667 1287 2709 Impp.
1311 2668 1445 2699 Severus
1462 2669 1491 2700 &
1512 2670 1690 2702 Antoninus
1705 2672 1723 2703 l.
1735 2681 1764 2709 4.
1784 2671 1824 2703 D.
1842 2674 1874 2703 de
1889 2673 1925 2702 le-

1051 2718 1087 2751 ge
1104 2709 1300 2749 conznnfforia.
1345 2707 1392 2740 Ita
1409 2719 1485 2740 vero
1502 2711 1620 2744 faetum
1637 2713 1698 2744 fuit
1712 2736 1721 2749 ,
1747 2720 1781 2744 ut
1797 2715 1924 2745 tandem

1055 2759 1186 2790 utraque
1211 2752 1406 2791 reciperetur
1423 2750 1595 2792 sententia,
1621 2764 1691 2786 cum
1710 2754 1835 2794 Sabini,
1859 2762 1924 2786 tum

1053 2791 1199 2823 Proculi:
1217 2791 1296 2823 teste
1315 2792 1412 2823 Paulo
1425 2794 1452 2824 cl.
1464 2793 1482 2824 l.
1498 2797 1527 2824 6.
1549 2794 1591 2827 D.
1610 2797 1643 2827 de
1658 2796 1840 2830 rescindenda
1856 2805 1925 2827 ven-

1052 2834 1178 2872 ditione,
1195 2833 1224 2863 &
1241 2834 1424 2864 Alexandro
1440 2834 1459 2865 l.
1480 2845 1506 2866 2.
1527 2836 1560 2867 C.
1580 2838 1612 2868 de
1621 2836 1716 2878 panis
1732 2838 1807 2868 inter
1822 2842 1924 2878 empto-

1051 2884 1108 2905 rem
1125 2874 1162 2909 &
1178 2875 1355 2905 venditorem
1371 2875 1536 2914 compositis.

1091 2916 1143 2947 Sic
1163 2916 1212 2955 jus
1230 2915 1294 2954 est,
1318 2915 1337 2947 fi
1367 2916 1491 2956 pastum
1515 2919 1545 2949 in
1563 2919 1742 2951 continenti
1762 2919 1923 2959 adjiciatur

1051 2957 1144 2988 bonae
1162 2955 1236 2988 fidei
1254 2958 1480 2990 contractibus.
1506 2969 1569 2990 non
1587 2961 1670 2992 idern
1691 2960 1752 2999 est,
1770 2959 1795 2992 ‘fi
1818 2969 1858 2990 ex
1876 2960 1922 2990 in-

1051 2999 1187 3030 tervallo
1205 2997 1276 3029 fiat:
1302 3007 1335 3029 ut
1354 3008 1447 3039 puta,
1470 3000 1580 3040 (quod
1602 3002 1779 3040 exemplum
1802 3001 1830 3030 d.
1849 2999 1916 3045 l.·7.

1050 3039 1078 3080 §.
1098 3050 1126 3080 5.
1155 3038 1258 3071 adfert
1274 3039 1445 3080 Ulpianus)
1464 3041 1535 3081 post
1554 3042 1724 3073 divortium
1746 3048 1918 3077 convenit,

1050 3080 1103 3112 Ne
1128 3089 1275 3121 tempore
1294 3081 1411 3113 statuto
1430 3084 1588 3114 dilationis
1607 3084 1663 3114 (los
1678 3082 1842 3126 reddatur,
1865 3080 1919 3127 sed

1050 3122 1172 3154 statim:
1197 3123 1279 3161 hoc,
1298 3124 1415 3163 inquit,
1434 3133 1497 3155 non
1514 3124 1653 3161 valebit3
1677 3123 1705 3154 &
1724 3121 1809 3152 addit
1824 3129 1920 3152 ratio-

1048 3173 1139 3196 nem:
1157 3174 1192 3196 ea
1206 3165 1288 3196 ratio
1306 3164 1368 3203 est,
1387 3174 1426 3196 ne
1442 3175 1482 3197 ex
1499 3164 1589 3205 pasto
1606 3163 1688 3195 actio
1703 3161 1918 3235 nascaturbtre-

1880 3212 1913 3235 c:
