2036 3495
173 77 247 125 276⁴

174 166 271 199 finem
299 160 445 197 subsistit:
467 154 601 199 amplius
617 153 725 192 addit,
749 160 847 191 crg0,
869 155 905 180 ut
923 149 955 180 in
976 157 1043 194 rnn-

176 217 233 240 tuo
263 206 369 243 solet,
400 201 577 235 dominium
607 203 718 228 eorum
751 196 800 238 ad·
820 197 1045 222 mutuatarium

177 248 392 283 tranfiturum,
417 251 452 279 ut
474 239 616 272 restituat
640 232 955 278 cochlearia-eadem
980 238 1046 262 non

176 289 301 331 specie,
325 286 378 317 sed
409 290 536 325 genere.
562 287 629 321 tum
654 277 702 308 his
724 273 884 319 praemiffis
900 296 910 312 ,
940 270 1046 303 transit

177 332 218 363 ad
243 330 349 360 tliema
371 327 399 357 ci.
424 325 443 355 l.
463 333 491 360 9.
515 322 545 363 §.
564 331 592 352 2.
616 318 723 359 aitque
739 339 749 353 ‚
779 324 820 347 eo
844 323 876 345 in
902 313 1045 361 themate

176 371 345 411 quemdam
363 363 510 407 legavisse
533 369 661 394 omnem
687 358 770 405 suam
793 354 1045 397 supellectilem3

177 414 207 443 ἃ
224 409 387 451 quaefitum
405 405 468 438 esse
484 428 494 441 ,
525 413 563 435 an
587 403 713 443 pignori
733 405 909 445 *acceptum
935 404 1044 436 argen-

175 460 243 484 tum
258 452 287 483 le
311 458 364 481 ato
387 447 609 480 contineretur
629 452 637 473 :
665 442 871 487 Papinianum
896 446 974 468 vero
996 446 1045 468 re·

174 492 286 534 spondi
314 501 350 529 e,
362 499 427 522 non
444 486 615 520 contineri.
638 483 762 524 quaelo‚
780 488 876 524 quam*
892 479 935 509 ob
952 477 1045 523 rem?

174 535 267 576 quia,
290 532 394 573 inquit
415 528 595 567 Salmasius,
624 534 690 557 non
716 519 945 563 supellectilem
971 519 1045 550 alie-

174 584 247 608 nam
280 574 397 616 legavit
422 570 579 608 testator,
611 566 661 599 sed
694 564 787 610 suam.
820 569 852 593 at
879 568 1045 605 argentum

171 615 293 648 facium
310 614 434 657 pignori
453 618 621 651 acceptum
637 632 648 646 ,
671 616 737 653 iion
756 605 845 636 suum
869 601 923 649 est·
941 602 1045 648 credi-

170 659 257 696 tori,
272 656 324 689 sed
341 656 489 688 alienum.
514 653 543 683 ἃ
563 660 603 682 ex
622 649 797 690 Papiniano
815 643 959 683 suincit‚
974 641 1042 673 Usi-

173 698 265 741 quefi
286 708 343 730 non
360 699 391 729 in
410 697 464 737 usu
488 692 635 726 creditoris
659 691 689 721 id
712 692 867 729 argentum
891 684 1043 715 voluntate

320 741 409 781 fuit,
424 738 478 778 sed
487 732 662 777 propofitum
683 735 801 772 propter
823 724 988 758 commistus
1002 723 1041 765 fi-

172 742 305 773 debitoris
817 769 826 776 ‚
909 768 912 772 Ι

802 769 851 800 Ex
884 768 931 799 liis
961 775 1040 797 vero

172 783 236 814 dem
262 792 295 813 ac
322 779 498 822 restituendas
523 777 565 807 rei
589 773 751 806 vinculum.
830 810 836 815 ι
926 808 932 813 η

173 824 280 856 verbis
299 822 427 863 ¹colligit
450 816 630 855 Salmasius,
653 814 674 846 si
697 815 805 853 itaque
828 809 917 860 illud.
932 816 1041 861 argen-

170 873 241 897 tum
275 864 403 896 debitor
436 858 587 893 creditori
626 862 773 888 mutuum
810 860 867 897 per
896 850 1044 896 (ιντιχρηζιι

170 905 326 938 utendum
350 904 474 936 dederit
489 926 499 940 ,
531 908 599 932 tum
620 898 729 939 legato
751 900 911 938 contineri
929 901 939 931 ;
969 900 1042 921 nain

170 947 259 980 suum
281 946 400 979 factum
423 944 485 976 esse
511 941 692 974 creditoris.
723 936 810 969 hunc
836 942 921 965 enim
946 940 1043 973 pecu-

169 989 254 1021 n'iam
277 994 474 1020 numeratam
497 983 591 1016 alicui
613 978 732 1013 dediss‘e
755 983 897 1022 mutuam
915 983 924 1004 :
941 973 1042 1020 „illum

168 1038 282 1062 contra
313 1029 388 1061 huic
420 1033 585 1069 argentum
619 1021 750 1054 factum.
788 1024 949 1065 reciproci
969 1013 1042 1062 ‘esse

165 1064 277 1112 mimi,
306 1070 369 1103 five
394 1067 648 1103 mutuationem,
671 1068 796 1105 argenti
820 1063 976 1103 numerati
1000 1055 1040 1086 ab

165 1122 227 1145 una
249 1120 360 1153 parte,
384 1111 460 1143 facti
475 1110 514 1141 ab
540 1108 648 1139 altera.
671 1112 730 1144 pro
753 1101 809 1150 usu
825 1106 970 1141 pecuniae
987 1106 1042 1143 nu-

164 1164 295 1187 meratae
312 1178 322 1194 ,
353 1153 403 1184 vel
430 1150 552 1192 argenti
574 1146 685 1188 signati
700 1167 712 1191 ,
734 1143 917 1189 debitorem
940 1140 1042 1186 credi-

167 1197 230 1228 tori
259 1192 442 1227 concesfisse
474 1191 561 1223 usum
591 1193 714 1229 argenti
745 1184 847 1222 fastu
877 1188 922 1213 ita
955 1180 1042 1212 idem

166 1237 229 1269 effe
247 1237 279 1269 in
297 1244 431 1277 utraque
453 1235 533 1274 χρῆσᾱ
553 1231 617 1262 five
634 1234 767 1260 mutuo:
792 1230 960 1271 argentum
986 1221 1042 1268 fig-

167 1277 278 1313 natum
303 1276 365 1309 effe
394 1274 575 1311 debitoris,
603 1269 721 1302 faCtum
751 1267 920 1299 creditoris
945 1262 1014 1295 fieri
1034 1270 1042 1292 ε

165 1320 251 1352 hauc
271 1318 334 1351 effe
350 1327 457 1350 verani
483 1311 672 1347 antichrefin
691 1310 721 1341 &
744 1308 784 1339 ab
801 1314 935 1348 utraque
954 1312 1043 1346 parte

166 1360 355 1397 absolutam.
400 1359 453 1391 Sic
470 1356 600 1397 quidem
617 1349 790 1397 Salmasius.
813 1387 820 1394 ι
883 1387 889 1393 .
998 1387 1006 1393 ·

209 1397 386 1445 Ego‘bero
403 1400 468 1440 eJ'us
494 1397 618 1429 laudem
641 1394 838 1425 inventionis
861 1396 891 1419 ei
913 1396 979 1432 n-on
997 1395 1043 1418 in-

166 1444 277 1485 video.
302 1443 404 1484 magis,
425 1440 543 1477 miror,
567 1433 758 1468 sententiam
788 1438 852 1477 tam
878 1428 1044 1475 ablurdarn

165 1477 297 1527 p'robari
321 1482 444 1515 homini
470 1486 536 1517 non
563 1475 710 1508 absurdo.
759 1471 826 1505 Nisi
852 1469 1045 1511 profitenti,

166 1526 200 1561 se
221 1520 288 1561 non
310 1519 373 1557 esse
399 1518 661 1563 Jurisconsultum
676 1538 688 1555 ,
718 1511 951 1554 indulgendum
972 1509 1019 1559 est
1033 1533 1045 1550 ,

213 1567 266 1601 od>
280 1566 407 1607 ignorat
431 1562 512 1603 Juris
533 1559 714 1601 rationem..
757 1554 836 1601 Hoc
858 1560 964 1600 tamen
986 1560 1045 1584 im-

167 1599 273 1649 putari
291 1607 320 1638 ei
340 1602 454 1647 poffit,
479 1600 587 1639 cur-se,
606 1598 742 1632 misceat.
760 1596 834 1643 luri*
851 1594 965 1626 ClVlli:
987 1601 1043 1640 cua

165 1650 215 1691 jus
238 1643 310 1687 satis
331 1646 461 1688 peritus
477 1645 544 1676 no'n
569 1640 617 1674 fit.
664 1639 714 1672 An
738 1646 809 1679 quis
829 1634 931 1668 fando
956 1635 1044 1667 audi·

166 1683 232 1730 v‘itss',
254 1692 427 1732 argentum,
441 1685 581 1727 sactum,
613 1681 636 1715 ss
658 1681 814 1729 utendum
838 1677 932 1710 detur
948 1696 960 1713 ,
989 1682 1045 1708 aut

166 1727 312 1774 pondere
335 1728 479 1767 censeri„
499 1730 552 1760 aut
570 1723 624 1756 usu
640 1720 802 1762 consumi,
826 1725 880 1767 aut
896 1724 1045 1751 mutuum

169 1773 254 1813 dari,
277 1772 315 1809 idv
333 1768 396 1809 est,
419 1769 483 1808 fic,
505 1775 541 1804 ut
562 1775 628 1802 non
644 1765 737 1812 idem
760 1762 864 1807 specie
878 1782 889 1802 ,
917 1759 971 1807 sed
989 1767 1044 1800 ge·

168 1811 275 1854 nere„
288 1813 461 1851 reddatur3
486 1809 646 1855 denique,
661 1806 692 1837 id
711 1813 777 1851 ejus
793 1803 862 1839 fieri
880 1808 933 1845 qui
951 1799 1044 1832 iiten-

167 1857 244 1894 dum
267 1853 462 1894 acceperit?
487 1852 596 1891 Atqur
609 1857 658 1880 res
683 1846 846 1887 loquitur,
877 1847 1044 1884 argentum

167 1888 310 1936 faustum,
329 1895 351 1928 fi
370 1895 500 1937 quidem
516 1890 672 1923 utendum
695 1888 807 1925 detur,
830 1893 896 1932 non
920 1884 1043 1924 ponde-

167 1931 226 1978 re,
245 1933 484 1978 sed'corpore,
506 1931 628 1965 censeri
646 1941 655 1963 ε
687 1937 792 1969 neque
816 1935 881 1966 ejus
907 1924 1044 1956 substan-

166 1975 390 2013 tiam'utendo
420 1974 585 2013 consumi,
608 1971 661 2003 sed
685 1969 798 2016 salvam
821 1976 949 1999 manere
973 1965 1043 2006 post

168 2016 272 2055 usum:
296 2021 420 2054 &ideo
445 2027 511 2050 non
536 2016 681 2048 mutuum
705 2011 797 2047 dari,
830 2008 883 2040 sed
900 2016 1045 2039 commo-

168 2064 234 2097 dati
258 2064 279 2096 l.
296 2074 328 2104 5.
357 2062 388 2105 ὃ.
408 2070 453 2100 14.
479 2059 497 2090 l.
516 2067 566 2089 20.
591 2054 633 2086 D.
660 2052 836 2084 commodati
863 2049 910 2096 vel
934 2055 1043 2080 contra.

170 2105 300 2143 addam,
327 2113 387 2135 nec
403 2099 591 2142 accipientis
616 2094 684 2127 fieri
703 2105 711 2126 :
742 2092 795 2124 sed
818 2092 920 2123 dantis
930 2099 1044 2138 ‘ma-ne·

170 2157 226 2186 re;
249 2146 279 2177 δι
297 2145 327 2176 ei
350 2143 443 2175 finito
466 2140 540 2179 usu,
563 2147 628 2170 non
646 2137 677 2183 in
695 2143 835 2182 genere,
859 2132 960 2164 sedin
977 2134 1044 2171 ipe-

170 2189 241 2225 cie,
264 2185 384 2217 restitui
407 2183 537 2216 debere.
562 2180 604 2212 fic
627 2186 711 2209 enim
729 2185 760 2207 in
782 2175 875 2207 rebus
898 2182 1042 2204 commo-

172 2229 254 2262 datis
277 2226 373 2258 solet:
396 2234 432 2256 ac
448 2223 581 2264 proinde
596 2220 617 2252 fi
635 2227 706 2260 quae
723 2224 871 2262 argentea
895 2214 1044 2246 cochlea-

169 2272 216 2304 ria
241 2267 331 2301 alteri
355 2267 472 2298 utenda
498 2266 569 2295 data
599 2262 658 2292 sint
674 2283 684 2298 ‚
714 2267 811 2304 atque
841 2256 905 2298 ipsa
927 2263 1044 2302 rupta,

169 2311 254 2350 fissa,
277 2317 331 2341 aut
356 2307 516 2339 deteriora
540 2303 623 2335 fasta
641 2325 650 2340 ,
681 2309 734 2331 aut
757 2308 852 2330 etiam
876 2298 1043 2345 deperdita

170 2353 249 2392 fint3
272 2351 297 2382 is
315 2350 366 2390 qui
386 2347 471 2379 usum
490 2345 588 2377 dedit.
612 2352 678 2389 non
696 2342 736 2388 ad
760 2340 823 2371 hoc
845 2347 937 2381 aget,
959 2346 997 2386 ut
1012 2348 1042 2370 ei

170 2394 230 2428 alia
251 2392 391 2432 ejusdem
415 2388 530 2420 formae
545 2409 554 2425 ,
586 2384 740 2416 bonitatis
754 2404 764 2420 ,
795 2391 833 2412 ac
864 2380 1042 2427 ponderis,

170 2435 370 2470 reddantur,
400 2430 487 2472 quod
511 2425 675 2465 Salmasius
706 2421 837 2469 censet:
867 2421 919 2454 sed
952 2430 987 2453 ut
1012 2430 1042 2467 ei

168 2475 285 2518 ipsa.'in
303 2474 418 2506 eadem
440 2470 565 2511 specie,
589 2468 620 2500 δι
638 2475 702 2498 non
720 2466 932 2510 deteriorata,
955 2462 1044 2495 resti-

171 2524 308 2550 tuantur.
333 2513 422 2556 quod
440 2512 461 2544 fi
476 2521 540 2544 non
558 2509 630 2548 fiat,
649 2508 679 2540 ὅ(
695 2506 799 2553 aliqua
813 2512 933 2537 utentis
947 2505 1043 2552 culpa

170 2566 334 2600 arguatur:
360 2556 485 2596 placet,
509 2561 578 2584 eam
593 2549 820 2595 danti—teneri,
844 2553 954 2588 quanti
973 2555 1039 2592 ejus

171 2594 305 2633 interest
315 2592 426 2637 ,rupta
435 2594 498 2626 fissa
507 2618 517 2633 ,
528 2600 582 2625 aut
590 2592 750 2624 deteriora
764 2587 847 2621 facta
857 2612 867 2628 ,
876 2595 930 2619 aut
944 2595 1041 2635 etiam

170 2633 339 2681 deperdita
363 2646 429 2668 non
452 2634 515 2667 esse
535 2635 555 2666 l.
576 2645 607 2676 3.
628 2633 658 2675 §.
679 2641 705 2663 1.
728 2630 771 2663 D.
797 2630 973 2661 Commodum
996 2629 1043 2660 vel

169 2675 273 2719 c'oz'z't'rss‘a
283 2674 344 2712 iiiii
351 2678 437 2719 nulla
446 2676 511 2717 ejus
521 2675 615 2717 culpa
631 2672 860 2711 intervenerit,
871 2671 924 2719 sed
935 2670 1020 2702 casus
1030 2693 1041 2710 ‚

169 2714 428 2766 jar'r‘ip'ericulum
455 2726 519 2749 non
536 2716 574 2748 a'd
596 2725 668 2747 eum
685 2713 898 2760 spestarctqui
924 2712 1041 2744 utenda

171 2757 364 2806 accepik,ut
379 2760 411 2797 in
428 2756 622 2797 mutuo,sed
638 2757 677 2788 ad
694 2764 767 2787 eum
784 2764 837 2795 qui
856 2754 973 2785 utenda
989 2753 1041 2784 de-

171 2807 220 2840 dit
232 2798 403 2847 §ssiffl'nffi
421 2799 539 2844 Quibus
552 2799 640 2829 modis
654 2806 684 2828 re
700 2796 884 2828 contrahitur
897 2795 1040 2837 obligatio.

212 2840 336 2879 Verum
358 2850 465 2874 tuetur
489 2838 669 2871 salmasium
693 2838 884 2878 Papinianus
908 2838 935 2868 d.
966 2837 986 2867 l.
1011 2845 1041 2872 9.

169 2885 200 2933 §3
212 2880 554 2929 >‘2¹4153³&s'upelleeiile
575 2880 679 2926 legata.
701 2887 796 2919 negat
819 2879 925 2917 enim,
948 2877 968 2909 fi
995 2886 1040 2908 te-

156 2924 438 2970 diatossr‘ggdmnem
466 2920 561 2968 *suam
600 2920 823 2960 lupellestilem
856 2919 1011 2961 legaverit
1029 2930 1050 2957 ,*

172 2962 543 3016 pignori'acc'eptam‘eo
559 2962 665 3003 legato
687 2961 866 2993 contineri:
890 2963 920 2992 ἂ
935 2959 1041 2992 adfert

172 3008 398 3051 causam3f'e'a‘
417 3004 506 3038 causa
527 3002 593 3045 est,
615 3002 689 3043 quia
715 3005 787 3045 non
803 3002 935 3033 alienam
961 3002 1041 3042 lega-

174 3046 229 3086 vit
244 3043 611 3088 ·.'⁷sed'suam';⁷·pignori
633 3050 738 3074 autem
759 3050 893 3081 accepta
915 3052 932 3073 a
953 3046 1043 3074 telta-

176 3077 506 3132 tor3*n6n'ejus,¹sed
523 3085 678 3118 debitoris
692 3082 748 3114 est.
769 3084 885 3114 deinde
902 3083 1041 3123 subjicit,

181 3129 293 3176 Utique
306 3137 324 3174 ‚'
334 3131 363 3172 fi
385 3126 443 3163 n'on
467 3128 499 3161 ἐπ’
521 3130 577 3169 usu
598 3125 744 3157 creditoris
766 3125 970 3164 icl‘argemum
993 3134 1041 3155 vo-

176 3173 290 3208 baman
310 3172 446 3207 debitoris
460 3171 539 3212 fuit.
569 3168 638 3202 vult
661 3166 776 3208 igitur,
807 3173 975 3206 argentum
998 3165 1043 3197 fa-

785 62 1092 98 Geaannr
1141 56 1371 98 Nooui-

1088 147 1173 179 tium
1199 146 1325 188 pignori
1350 145 1484 182 datum,
1512 142 1535 175 fi
1559 141 1687 175 debitor
1709 144 1858 179 creditori
1882 152 1950 181 miv

1088 196 1177 220 tuum
1195 197 1252 229 per
1268 184 1457 219 antichrefin
1480 185 1634 217 utendum
1659 185 1791 217 dediffet·
1805 209 1815 225 ,
1843 189 1951 230 iegato

1088 229 1248 261 contineri
1267 238 1275 260 ε
1304 229 1378 269 quia
1397 229 1458 268 iam
1485 225 1652 258 creditoris
1677 225 1763 258 effet.
1781 229 1785 264 J
1805 228 1892 269 Quia
1908 231 1953 262 di.

1088 271 1214 303 cimus?
1235 271 1325 312 quod
1350 267 1514 301 Salmasius
1537 274 1646 308 putat,
1670 275 1734 298 non
1758 269 1876 307 putasse
1898 270 1953 303 Pa.

1088 314 1262 353 pinianum.
1306 311 1404 352 Atqui
1427 319 1486 351 pro
1509 308 1657 341 Salmafio
1682 307 1762 340 stant
1791 307 1952 352 Papiniani

1088 354 1195 385 verba.
1240 351 1317 385 Non
1340 353 1385 383 ita
1409 350 1473 383 estz
1497 359 1563 382 non
1587 349 1670 381 enim
1695 351 1840 381 meminit
1858 351 1953 392 'Papi-

1088 396 1198 426 nianus
1220 393 1343 436 argenti
1364 393 1465 424 mutui
1487 392 1563 425 dati.
1587 397 1708 422 tantum
1726 391 1826 432 dicit,
1847 398 1971 433 argens

1088 443 1172 467 team
1198 434 1425 476 supellectiIem
1440 456 1450 473 ,
1481 433 1608 475 pignori
1631 439 1796 472 acceptam
1815 454 1826 472 ,
1855 434 1975 466 credi-¹

1089 479 1166 508 toris
1183 476 1264 515 effe,
1286 475 1307 507 fi
1323 477 1355 507 in
1379 474 1433 506 usu
1448 475 1514 515 ejus
1540 474 1639 506 fuerit
1661 473 1816 506 debitoris
1840 474 1977 508 volutis:

1089 526 1175 550 tate:
1198 526 1262 550 non
1283 525 1389 548 autem
1408 517 1495 557 quod
1515 515 1545 547 in
1570 515 1700 556 alicujus
1723 516 1778 546 usu
1797 513 1842 547 est
1859 538 1869 554 ,
1898 516 1953 548 etsi

1089 559 1211 591 domini
1240 557 1410 590 voluntate
1430 581 1440 596 ,
1471 558 1582 598 utique
1614 557 1642 588 ei
1673 563 1817 588 mutuum
1846 557 1955 590 datum

1088 600 1143 632 cst.
1168 609 1240 631 nam
1259 599 1289 630 ὅ(
1314 599 1556 630 commodatum
1574 599 1603 630 a&
1620 599 1759 629 locatum
1783 598 1954 638 accipienti

1086 642 1174 674 usum
1189 640 1352 672 concedit.
1378 641 1446 681 quis
1474 649 1579 672 tamen
1605 640 1746 676 dixerit,
1769 639 1877 670 locato
1901 647 1955 672 aut

1085 683 1296 714 commodato
1325 690 1463 721 corpore
1495 690 1640 712 mutuum
1667 681 1846 713 contrahi?
1877 680 1954 714 Non

1084 724 1179 765 igitur
1196 723 1284 764 quod
1300 721 1463 754 Salmasius
1489 723 1614 761 voluit,
1644 723 1740 753 etiam
1764 722 1953 763 Papinianus

1084 766 1204 797 voluit:
1229 763 1285 795 etfi
1302 765 1345 794 ait
1359 787 1370 803 ,
1405 763 1532 805 Utique,
1547 763 1576 802 fi
1597 773 1654 795 non
1669 765 1701 795 in
1718 763 1775 803 usu
1803 765 1950 795 creditoris

1084 808 1115 838 id
1136 811 1288 848 argentum
1312 805 1464 836 voluntate
1479 806 1610 836 debitoris
1626 803 1697 843 fuit.
1741 803 1830 847 Quid
1856 804 1877 836 ii
1901 806 1953 838 ad-

1085 849 1176 886 dam,
1199 853 1351 887 corrupta
1373 845 1436 877 esse
1460 846 1622 887 Papiniani
1644 846 1741 878 verba
1756 848 1773 879 ἱ)
1803 847 1834 878 id
1858 852 1964 878 nemo*

1085 890 1176 922 dixit.
1218 886 1420 920 Veriffimum
1446 894 1552 920 tamen
1570 887 1650 926 esse,
1675 896 1709 918 ut
1732 890 1864 927 credas,
1887 897 1955 920 rem

1084 930 1250 963 auctorem
1286 929 1382 961 dabo.
1433 927 1510 960 Fuit
1548 928 1724 971 Papiniano
1762 929 1926 971 negotium
1943 950 1956 969 ,

1085 972 1273 1009 ostendere,
1298 970 1403 1011 legato
1420 971 1511 1001 omnis
1523 972 1585 1009 suae
1597 970 1779 1011 lupellebiilis
1796 980 1862 1012 non
1878 979 1954 1002 con-

1086 1013 1177 1046 tineri
1195 1011 1423 1053 supellectilem
1447 1012 1571 1053 pignori
1598 1019 1784 1051 acceptam:
1814 1011 1869 1044 nifi
1890 1021 1957 1044 cre—

1085 1056 1171 1098 ditor
1187 1055 1253 1095 eius
1271 1054 1445 1085 dominium
1470 1053 1624 1085 debitoris
1650 1055 1818 1085 voluntate
1837 1053 1957 1086 h1abue⁴

1084 1098 1134 1129 rit.
1159 1096 1191 1127 id
1214 1104 1292 1127 vcro
1309 1104 1374 1126 non
1399 1094 1536 1126 efficitur
1552 1104 1593 1126 eo
1609 1096 1697 1135 quod
1714 1095 1743 1126 in
1761 1093 1826 1135 ejus
1840 1094 1895 1126 usu
1910 1093 1955 1127 est

1085 1138 1240 1170 debitoris
1255 1137 1433 1168 voluntate.
1454 1135 1498 1167 est
1515 1137 1599 1168 enim
1610 1137 1687 1169 alius
1703 1137 1849 1177 corporis
1864 1135 1955 1175 usus,

1085 1179 1143 1211 alia
1159 1178 1359 1220 proprietas,
1382 1175 1435 1208 seu
1450 1178 1641 1213 dominium.
1658 1187 1846 1250 {luamquam
1863 1178 1958 1218 poffie

1086 1220 1189 1252 videri
1207 1226 1321 1250 contra
1349 1218 1479 1250 censere
1498 1218 1616 1251 Cicero
1639 1219 1658 1250 li
1679 1244 1685 1251 .
1702 1228 1730 1260 7.
1756 1220 1804 1251 Art
1819 1217 1956 1251 Familia-

1086 1271 1152 1293 res:
1173 1261 1226 1301 qui
1249 1269 1322 1292 cum
1345 1261 1374 1291 ei
1391 1259 1503 1293 Curius
1526 1259 1690 1302 scripsisset
1706 1259 1790 1302 epist.
1811 1270 1858 1298 29.
1884 1260 1960 1292 Sum,

1087 1304 1163 1334 enim
1191 1300 1270 1340 χρέο-4
1298 1301 1322 1339 ἶὲ
1355 1307 1423 1332 tuus
1440 1325 1450 1341 ,
1481 1303 1560 1336 ›arria-d
1588 1303 1603 1340 '2'
1631 1303 1728 1334 Attici
1759 1301 1858 1340 nostri.
1893 1311 1957 1344 ergo

1077 1343 1202 1384 frut‘ius
1227 1342 1266 1384 est
1294 1349 1384 1380 tuus,
1406 1344 1583 1383 mancipium
1607 1344 1704 1382 illius,
1728 1353 1804 1376 mox
1827 1345 1958 1384 respon-

1086 1386 1142 1417 det
1167 1382 1244 1426 epzst.
1271 1393 1321 1424 30.
1366 1384 1458 1426 Cujus
1479 1395 1544 1416 cum
1560 1388 1713 1426 proprium
1738 1391 1764 1417 te
1786 1384 1837 1426 effi
1850 1385 1957 1426 scribis

1084 1429 1226 1468 mancipio
1251 1424 1288 1459 ὅ*
1315 1434 1419 1464 nexw,
1448 1435 1542 1456 meum
1574 1433 1670 1458 aurem
1693 1426 1747 1468 usu
1772 1426 1808 1461 ὃ
1822 1425 1956 1466 fruiiu3

1087 1473 1238 1499 contentus
1257 1464 1309 1507 isto
1324 1471 1404 1507 sum.
1428 1468 1459 1498 id
1479 1469 1555 1498 enim
1573 1468 1714 1510 cujusque
1734 1466 1773 1509 est
1789 1470 1957 1509 proprium,

1106 1518 1141 1541 uo
1162 1509 1281 1551 quisque
1296 1508 1419 1547 fruitur
1439 1515 1526 1550 utque
1541 1510 1645 1540 utitur.
1686 1509 1730 1541 At
1746 1519 1811 1542 nou
1829 1519 1870 1541 ex
1888 1517 1958 1540 arte

1097 1547 1230 1591 ‘oquitur
1246 1548 1383 1581 Cicero:
1406 1556 1550 1589 tantum,
1574 1556 1717 1591 utquam
1740 1551 1959 1593 amplissimam

1089 1591 1195 1623 faciat
1216 1589 1448 1623 humanitatem
1465 1591 1573 1631 Curii,
1595 1593 1648 1632 qui
1672 1592 1793 1624 dixerat
1809 1615 1820 1632 ,
1841 1591 1905 1624 ess‘e
1927 1590 1959 1623 se

1086 1633 1152 1673 ejus
1173 1641 1238 1664 non
1258 1632 1438 1672 mancipio,
1461 1632 1513 1664 seu
1528 1633 1743 1674 proprietate,
1773 1633 1826 1665 sed
1849 1632 1904 1665 usu
1926 1632 1959 1664 &

1085 1673 1213 1711 frustu,
1236 1672 1463 1714 interpretatur
1481 1673 1566 1706 suam
1584 1674 1645 1706 ess'e
1662 1675 1892 1716 proprietatem
1904 1697 1914 1712 ,
1933 1673 1960 1706 st

1087 1716 1154 1757 ejus
1180 1712 1331 1746 effectum
1352 1714 1489 1754 habeat,
1512 1715 1565 1756 qui
1582 1714 1713 1747 effeetus
1732 1723 1819 1748 totus
1841 1717 1880 1747 ad
1896 1715 1962 1746 uti-

1086 1757 1211 1788 litatem
1228 1755 1377 1788 refertur.
1402 1764 1553 1788 caeterum
1578 1757 1666 1788 usum
1685 1767 1700 1788 a
1722 1758 1809 1798 J'ure,
1831 1756 1883 1788 seu
1900 1757 1961 1788 doe*

1087 1796 1208 1837 minio,
1233 1805 1270 1828 ac
1286 1798 1485 1838 proprietate
1502 1798 1667 1840 distingui,
1689 1809 1728 1830 ne
1746 1798 1809 1839 ipse
1829 1798 1956 1839 quidem

1086 1847 1194 1880 negat.
1236 1838 1344 1878 Atque
1362 1839 1393 1871 id
1418 1846 1481 1870 tam
1500 1849 1610 1872 verum
1627 1840 1691 1879 est,
1716 1848 1750 1871 ut
1774 1849 1843 1872 eam
1871 1838 1959 1871 diffe-

1086 1880 1240 1918 rentiam,
1265 1889 1305 1910 ne
1323 1881 1363 1911 de
1385 1880 1498 1912 nostris
1516 1881 1617 1913 dicam
1635 1904 1643 1919 ‚
1675 1881 1770 1913 eti-im
1797 1881 1958 1913 Salvianus
1994 1916 1999 1920 ⁷

1086 1928 1181 1954 notet
1204 1921 1252 1953 lib.
1270 1930 1300 1962 3.
1324 1922 1473 1957 Adversus
1489 1924 1665 1962 avaritiam,
1680 1923 1727 1953 liis
1739 1923 1854 1954 verbis.
1881 1923 1958 1953 Sunt

1086 1974 1123 1995 ea:
1142 1963 1313 2004 parentibus
1337 1963 1423 1994 muln*
1449 1965 1499 2005 qui
1522 1965 1641 2005 aequales
1660 1964 1735 2003 filiis
1757 1965 1817 2001 suis
1843 1964 1960 2002 faciant

1081 2006 1243 2044 portiones:
1266 2002 1322 2041 ulfi
1338 2006 1413 2045 quod
1438 2015 1499 2036 una
1522 2011 1638 2036 tautum
1661 2015 1703 2036 eos
1727 2006 1886 2036 rumulone
1900 2006 1960 2036 ciis:

1086 2050 1228 2085 cernunt,
1245 2047 1320 2087 quod
1336 2048 1367 2076 in
1387 2047 1430 2077 bis
1444 2048 1574 2085 partibus
1589 2057 1651 2088 quae
1667 2047 1803 2088 religiosis
1819 2048 1956 2078 vitientur

1086 2087 1232 2125 adscribi,
1262 2086 1349 2118 usum
1367 2087 1469 2128 jubent
1494 2089 1533 2118 aci
1556 2097 1600 2118 eos
1617 2111 1626 2126 ,
1658 2090 1887 2129 proprietatem
1917 2089 1959 2119 aa

1086 2128 1156 2160 alios
1170 2130 1323 2169 pertinere.
1367 2128 1410 2159 Et
1429 2128 1509 2168 post.
1543 2128 1620 2159 Fecit
1638 2130 1730 2168 enim,
1754 2128 1955 2170 assimilasti·

1087 2170 1157 2202 boles
1176 2168 1263 2201 usum
1286 2178 1391 2202 rerum
1406 2169 1530 2209 habens,
1551 2170 1600 2210 jus
1624 2180 1727 2202 rerum
1750 2180 1809 2201 uon
1831 2170 1956 2209 habens,

1085 2209 1168 2253 quast
1186 2210 1308 2251 locuples
1324 2212 1437 2253 quidem
1450 2214 1563 2242 viveres
1573 2235 1582 2248 ,
1596 2211 1649 2252 sed
1665 2210 1746 2253 quasi
1761 2213 1890 2242 mendica
1898 2221 1956 2242 mo-

1084 2259 1206 2285 remur.
1249 2252 1301 2283 Sic
1321 2252 1493 2285 Salvianus.
1517 2253 1620 2292 addo,
1644 2252 1764 2284 Seneca
1786 2253 1834 2285 lib.
1859 2262 1886 2293 7.
1909 2252 1957 2283 De

1085 2293 1200 2336 benefic.
1224 2302 1250 2325 c.
1269 2304 1298 2334 5.
1344 2293 1452 2325 Verba
1470 2295 1611 2326 Senecae.
1657 2295 1791 2325 Conduxi
1808 2295 1955 2325 domuma

1085 2342 1120 2367 ze.
1144 2338 1176 2366 iu
1198 2335 1251 2367 hac
1265 2335 1376 2376 aliquid
1392 2340 1477 2367 tuum
1488 2358 1498 2373 ,
1520 2335 1632 2377 aliquid
1646 2345 1748 2367 meum.
1772 2345 1816 2368 res
1832 2341 1883 2367 tua
1897 2333 1954 2376 eli:

1084 2383 1154 2418 usus
1170 2378 1211 2408 rei
1229 2382 1283 2407 zuae
1299 2385 1379 2407 meus
1392 2374 1441 2417 est.
1484 2376 1589 2409 Etiam
1603 2376 1772 2409 Lucretius
1787 2377 1837 2410 lib.
1852 2387 1882 2419 3.
1905 2375 1954 2409 De

1085 2421 1182 2451 rerum
1198 2418 1309 2449 natura
1326 2417 1399 2455 veis.
1418 2421 1490 2455 986.

1129 2458 1259 2502 Visaque
1274 2460 1424 2500 mancupio
1444 2460 1519 2491 nulli
1535 2460 1641 2496 datur,
1665 2459 1795 2493 omnibus
1816 2459 1880 2500 usu.

1085 2498 1299 2542 Non‘igitur,
1321 2500 1342 2532 fi
1361 2500 1493 2533 testator
1517 2510 1647 2534 omnem
1669 2501 1754 2533 suam
1779 2499 1953 2543 supellecti-

1084 2544 1148 2575 lem
1169 2542 1288 2584 legavit
1304 2565 1315 2581 ,
1345 2551 1386 2573 eo
1412 2542 1518 2583 legato
1543 2544 1639 2574 etiam
1668 2543 1793 2585 pignori
1820 2548 1953 2583 accepta

1084 2584 1321 2617 continebitur:
1344 2592 1384 2614 ne
1400 2584 1531 2624 quidem
1547 2583 1569 2615 si
1595 2584 1625 2615 in
1647 2585 1718 2625 ejus
1739 2583 1793 2615 usu
1814 2583 1876 2615 fuit
1898 2592 1953 2616 vo·

1084 2627 1206 2658 luntate
1231 2625 1413 2664 debitoris3
1440 2626 1514 2666 'quia
1536 2634 1602 2657 nou
1626 2626 1701 2657 ideo
1723 2625 1812 2666 quod
1834 2626 1864 2657 in
1885 2625 1956 2665 ejus,

1084 2667 1138 2699 usu
1161 2666 1239 2698 ess‘et
1254 2689 1265 2706 ,
1294 2668 1360 2706 eJ'us
1384 2665 1447 2698 fuit
1465 2678 1473 2699 :
1504 2666 1557 2697 sed
1578 2666 1600 2698 fi
1622 2665 1804 2699 dominium·
1821 2673 1952 2708 quoque

1084 2708 1240 2740 debitoris
1262 2709 1430 2739 voluntate
1460 2708 1587 2748 accepit
1606 2731 1615 2747 ,
1646 2712 1756 2741 verum
1776 2707 1839 2746 est,
1863 2706 1951 2747 quod

1083 2750 1273 2790 Papinianus
1290 2749 1332 2779 ait
1349 2750 1377 2779 ci.
1400 2748 1420 2787 l.¹
1435 2759 1464 2786 9.
1487 2749 1589 2789 legata
1604 2751 1691 2781 omni
1708 2749 1758 2781 sua
1776 2748 1954 2790 supellesti⁴

1084 2792 1142 2830 le,
1172 2791 1267 2821 etiam
1294 2790 1421 2830 pignori
1436 2799 1602 2832 acceptam
1625 2791 1794 2822 contineri.
1819 2791 1850 2821 id
1874 2797 1951 2820 vero

1083 2842 1148 2865 non
1166 2831 1211 2863 est
1226 2854 1236 2870 ‚
1259 2830 1280 2862 si
1296 2831 1427 2871 simplex
1444 2834 1556 2873 pignus
1573 2831 1627 2871 iit3
1652 2832 1703 2864 sed
1723 2832 1744 2863 si
1767 2831 1882 2863 fiducia
1903 2828 1951 2861 fit.

1084 2873 1236 2906 Isidorum
1259 2874 1329 2904 audi
1353 2874 1399 2903 lib.
1426 2884 1455 2913 5.
1481 2874 1639 2916 Originum
1661 2884 1684 2904 c.
1709 2882 1757 2911 25.
1788 2880 1853 2914 pag.
1877 2880 1949 2912 932.

1085 2916 1168 2948 Inter
1177 2917 1304 2956 pigrius,
1328 2913 1364 2948 ὃ)
1373 2912 1536 2987 Zfiduciam,
1563 2914 1599 2949 ἐξ
1619 2916 1819 2955 hypothecam,
1842 2913 1891 2943 boc
1905 2915 1950 2942 in·

1084 2955 1174 2997 terest.
1219 2956 1330 2996 Pignus
1347 2954 1374 2996 e(
1408 2958 1484 2987 enim
1509 2957 1711 2997 quodpropter
1733 2965 1790 2986 rem
1812 2953 1948 2984 creditam

1084 2999 1228 3039 obligatur
1238 3006 1246 3027 ε
1257 2997 1341 3038 cujus
1357 2998 1398 3028 rei
1409 2994 1699 3038 pqffeffiunemsblum
1713 2998 1750 3027 ad
1764 3001 1870 3034 tempus
1883 3001 1948 3022 con-

1076 3042 1214 3081 sequitur
1236 3040 1369 3069 creditor.
1404 3045 1536 3069 ceterum
1560 3039 1716 3069 dominium
1739 3044 1821 3075 peries
1842 3034 1947 3064 debito·

1084 3092 1143 3112 rem
1166 3078 1214 3120 esi.
1258 3079 1377 3110 Fiducia
1395 3077 1452 3120 eft,
1475 3088 1538 3111 cum
1554 3089 1598 3110 res
1614 3080 1712 3119 aliqua
1721 3076 1866 3117 sumendae
1882 3083 1947 3104 mu-

1085 3128 1140 3153 tuae
1153 3121 1280 3162 pecunie
1298 3121 1466 3162 gratla'vel
1480 3122 1681 3160 mancipatur,
1701 3117 1747 3147 vel
1769 3117 1800 3146 in
1817 3115 1886 3157 jure
1907 3124 1951 3145 ce-

1218 3162 1388 3204 Hypocheca
1402 3161 1441 3203 ²ss
1449 3186 1461 3204 ‚
1484 3171 1548 3195 cum
1563 3170 1606 3193 res
1622 3159 1718 3200 aliqua
1733 3155 1806 3207 &a>
1828 3155 1959 3188 Dium-t

1086 3165 1175 3200 ditur.
1927 3196 1934 3201 ῃ

1881 3203 1951 3238 gun:
