2052 3487
174 151 219 186 34

169 228 275 268 pilium
298 226 326 256 ei
342 224 386 256 est
408 221 613 264 hospitandum
628 219 644 249 l.
662 227 692 259 5.
714 218 743 260 §.
766 228 790 250 1.
816 215 858 247 D.
876 216 909 246 de
926 215 970 246 his
985 217 1035 256 qui

169 267 324 308 effuderint
340 266 370 297 &
398 263 569 295 viaticulum
589 263 619 292 in
643 260 663 290 l.
693 265 738 293 18.
767 259 795 300 §.
817 266 842 288 i.
865 256 908 287 D.
933 258 966 302 de
983 258 1033 297 jii-

170 310 254 340 diciis
278 308 322 339 est
349 306 490 336 viaticum
512 304 532 333 1.
565 311 608 341 17.
635 299 677 330 D.
701 303 734 330 de
759 300 816 330 reb.
849 298 921 328 cred.
957 306 1035 328 item

171 349 306 380 Tacitus
329 356 399 386 quae
422 343 638 383 compluribus
662 341 693 371 in
718 340 800 370 locis
825 345 922 369 vocat
943 338 1034 368 hiber-

172 400 233 428 na,
256 388 328 420 alibi
348 386 486 426 appellat
502 382 687 415 hibernacula
703 381 750 411 lib.
772 390 801 420 3.
820 379 931 411 Anncil.
949 389 972 409 c.
984 388 1034 418 74.

171 442 202 462 n.
228 441 254 470 5.
286 428 321 462 ὅ)
348 428 396 458 lzl).
432 436 476 462 1⁴.
505 423 617 456 Annua.
643 432 666 452 c.
688 426 737 462 38.
761 431 790 452 n.
822 430 850 451 2.
871 421 932 460 jam
957 429 1035 450 vero

171 472 273 511 lmpp.
298 467 501 499 Theodotius
533 465 563 496 δε
591 463 828 494 Valentinianus
846 485 854 498 ‚
886 462 905 492 l.
932 470 980 491 21.
1005 462 1036 491 in

168 512 226 553 fiii.
247 519 292 551 pr.
318 509 350 539 C.
376 509 408 539 cle
432 505 604 547 testamentis
625 527 635 542 ,
660 501 815 544 signacula
840 503 950 533 dixere
975 510 1032 540 pro

168 552 270 594 fignis.
299 549 446 580 Similiter
461 547 543 587 apud
565 546 743 577 Minucium
765 543 924 580 Felicem,
946 541 1033 574 Oeta-

171 604 218 624 «ιω
235 617 244 631 ,
273 590 387 631 (quod
412 590 442 620 in
475 588 570 619 Notis
596 587 638 617 ibi
670 585 798 626 attingit
834 584 994 624 Johannes
1017 592 1033 613 a

173 633 372 665 Wouweren
384 632 412 670 ς)
427 630 472 661 est
486 628 652 661 notaczilum
669 636 727 667 pro
744 632 829 657 nota.
855 625 935 656 Item
952 623 1032 665 Imp.

174 673 348 707 Anastasius
366 673 384 703 l.
404 682 431 713 3.
451 671 469 712 §
500 681 528 702 2.
553 668 588 704 ὅ)
608 669 626 700 l.
646 679 675 707 5.
702 667 721 708 §
754 676 780 698 2.
808 666 840 698 C.
865 667 897 697 cie
914 667 1032 697 advoca-

175 717 211 748 tis
230 715 403 752 diversarum
417 713 559 753 Jiidi'cum
578 710 656 740 dixit
680 708 938 752 aeaz'culanrquam
956 716 1036 738 mox

177 766 274 788 vocat
292 757 412 786 domum.
455 754 506 784 Sic
524 750 668 790 aedificiolci
688 759 746 790 pro
762 749 889 788 aedificiis
907 749 938 780 in
957 748 1036 780 Cor-

174 808 254 840 pore
273 796 511 835 Inscriptionum
529 793 594 833 jani
614 790 745 822 Gruter-i
759 798 828 831 pag.
848 794 917 826 809.
943 789 1037 830 Inscr.

174 850 203 872 2.
230 837 369 876 Collegit
394 836 424 867 ὅτ,
452 836 510 866 alia
536 834 600 874 ejus
626 832 752 873 generis
777 830 937 863 Reinesius
957 853 967 870 ,
998 831 1037 862 ad

175 881 358 912 Petronium
380 877 427 908 Ci.
450 875 618 907 Burmanni
644 883 667 904 c.
695 882 746 911 42.
767 880 796 913 p.
826 877 893 907 188.
917 873 949 903 in
970 881 1037 903 ver-

175 922 219 952 bo
242 920 387 955 Bulc'sczis:
413 926 482 956 quae
506 925 569 947 non
589 915 679 946 lubet
704 913 893 946 exscribere.

214 961 276 992 Sed
299 960 338 991 de
363 958 511 998 scriptura
527 956 589 987 (1.1.
612 965 656 996 15.
679 955 709 997 §.
727 965 756 995 4.
784 955 835 986 vel
860 955 969 993 nimis,
992 952 1038 985 su·

176 1001 298 1043 pei-est,
323 1007 356 1030 ut
376 998 493 1031 sensum
513 996 737 1039 investigemus
754 1019 764 1034 ‚
796 997 820 1028 is
845 995 947 1027 sensus
971 994 1037 1033 est,

174 1043 197 1075 fi
219 1043 339 1083 legatus
363 1039 400 1073 sit
424 1039 685 1071 vestimentorum
709 1036 921 1075 ususfructus,
954 1037 1037 1069 aliud

176 1083 344 1116 dicendum
365 1081 485 1119 videri,
511 1090 603 1122 quam
619 1079 640 1110 fi
660 1080 781 1120 legatus
799 1078 833 1110 iit
852 1078 1037 1117 quantitatis

176 1124 387 1156 ususfructus:
420 1132 490 1154 narn
515 1122 622 1163 legato
642 1120 827 1161 quantitatis
850 1118 1011 1151 usufructu
1027 1142 1036 1158 ,

176 1176 245 1198 eam
266 1163 438 1196 fructuario
455 1165 497 1195 ita
519 1164 584 1195 dari
603 1185 613 1201 ,
647 1170 682 1193 ut
698 1161 763 1201 ejus
783 1161 855 1200 fiat,
881 1169 976 1201 atque
1004 1168 1038 1191 ut

177 1217 212 1238 ea
232 1216 290 1247 pro
313 1205 444 1236 arbitrio
463 1205 517 1236 suo
536 1204 702 1235 abutatur:
725 1210 776 1241 at,
807 1211 878 1234 cum
905 1201 1038 1233 vestium

175 1247 368 1280 ususfructus
390 1247 511 1287 legatus
530 1245 591 1284 est,
614 1244 716 1276 vestes
735 1253 801 1275 non
818 1244 882 1277 dari
901 1242 1036 1274 fructua-

177 1290 224 1321 rio
242 1288 303 1327 fic,
327 1295 362 1319 ut
383 1288 447 1328 ejus
474 1286 569 1326 fiant3
593 1295 697 1326 neque
714 1292 748 1316 ut
766 1285 814 1315 his
834 1285 965 1316 arbitrio
984 1284 1037 1314 suo

176 1331 349 1368 abutatur3
381 1328 433 1360 sed
463 1336 498 1360 ut
520 1328 567 1360 his
598 1336 704 1359 utatur
730 1325 901 1357 secundum
932 1334 1038 1356 earum

177 1372 399 1403 conditionem
415 1372 442 1401 d.
462 1371 481 1402 l.
512 1379 555 1410 15.
580 1368 609 1410 §.
635 1378 660 1400 1.
683 1368 747 1399 hoc
766 1366 832 1405 cst,
855 1366 916 1406 fic,
939 1374 975 1397 ut
993 1366 1039 1398 vir

177 1413 280 1444 bonus
304 1413 339 1444 iis
361 1419 512 1445 uteretur.
557 1410 598 1441 Et
623 1411 665 1441 ita
682 1409 746 1440 est:
777 1408 1039 1439 vestimentorum

177 1453 337 1486 usufructu
354 1453 480 1494 legato,
503 1452 674 1484 dicendum
692 1449 756 1488 est,
780 1450 868 1481 aliter
896 1456 991 1489 atque
1008 1450 1039 1480 iri

178 1495 361 1536 quantitatis
380 1493 558 1531 ui'ufmtim
581 1492 784 1527 frustuarium
815 1489 953 1522 vestibus
973 1489 1039 1521 usu·

179 1547 247 1569 rum
275 1535 445 1569 fruiturum
468 1535 620 1566 arbitratu
646 1533 720 1564 boni
746 1532 822 1570 viri,
852 1532 884 1563 id
907 1530 971 1569 est,
996 1530 1040 1562 se·

179 1579 317 1610 cundum
337 1577 558 1608 conditionem
583 1574 869 1606 vestimentorum:
903 1572 955 1603 sed
973 1581 1039 1603 non

180 1618 344 1651 abusurum
362 1617 518 1656 vestibus,
549 1616 581 1648 id
601 1615 646 1648 est
662 1639 672 1655 ,
705 1625 768 1646 non
789 1613 913 1645 usurum
929 1613 1040 1645 fruitu-

178 1670 248 1693 rum
266 1659 403 1691 vestibus
420 1665 511 1690 extra
536 1667 642 1690 earum
667 1656 911 1694 conditioncm3
935 1663 1040 1695 neque

179 1702 317 1743 proinde
343 1701 433 1732 aliter
449 1724 459 1740 ,
490 1709 585 1740 quam
618 1701 664 1730 vir
695 1698 800 1729 bonus
826 1697 861 1728 iis
885 1704 1038 1727 uteretur.

179 1743 256 1784 quid
275 1742 406 1774 tamen?
429 1751 467 1773 ari
483 1740 583 1773 vestes
600 1739 717 1771 locabit
736 1737 948 1770 fructuarius?
972 1746 1036 1768 mo-

179 1793 235 1816 vet
262 1784 392 1816 dubium
413 1806 423 1822 ‚
455 1783 541 1823 quod
564 1782 608 1813 illi
639 1782 759 1813 locatio
791 1779 835 1810 rei
862 1778 1041 1810 fructuariae

180 1826 346 1865 competit.
373 1823 425 1856 sed
457 1834 520 1856 non
546 1823 673 1864 placet,
711 1822 888 1853 locaturum
921 1819 1040 1851 vestes:

179 1877 251 1899 nam
276 1867 323 1897 vir
339 1866 465 1904 bonus,
490 1864 545 1896 etsi
561 1864 626 1906 ipse
647 1870 789 1894 uteretur
810 1860 965 1898 vestibus,
999 1869 1041 1891 ta-

181 1918 255 1940 men
275 1908 341 1939 aliis
357 1916 421 1938 non
439 1907 561 1938 locaret
578 1904 699 1944 vestes;
721 1904 818 1935 debet
834 1909 940 1933 autem
956 1901 1040 1932 frue-

181 1950 298 1980 tuarius
316 1947 357 1979 fic
376 1949 421 1979 uti
439 1947 498 1978 frui
518 1946 675 1983 vestibus,
706 1954 740 1975 ut
761 1945 807 1974 vir
826 1944 929 1974 bonus
949 1944 995 1973 liis
1009 1952 1042 1973 u-

181 1989 269 2022 surus
284 1989 436 2020 fruiturus
460 1988 544 2019 effet.
589 1987 728 2020 Proinde
746 1984 767 2016 fi
790 1984 930 2015 scaenicae
951 1983 1043 2015 vestis

182 2030 374 2062 ususfructus
390 2029 502 2068 detur3
526 2028 670 2066 constat,
700 2028 730 2058 in
750 2025 847 2057 setena
867 2025 995 2065 quidem
1012 2033 1041 2055 u-

181 2071 286 2104 surum
308 2070 531 2109 fruCluarium3
556 2071 607 2101 sed
630 2069 721 2107 alibi,
755 2076 848 2107 quani
870 2069 901 2098 in
924 2065 1042 2102 scaena,

184 2123 248 2144 non
267 2111 399 2144 usurum.
425 2111 634 2151 quamobrem
650 2111 666 2142 ἵ)
691 2109 760 2150 quia
781 2108 849 2139 haec
870 2106 962 2138 vestis
978 2108 1042 2147 qui-

184 2155 257 2187 dem
286 2161 467 2192 comparata
492 2152 537 2183 est
558 2153 596 2183 ad
616 2152 701 2182 usum
723 2150 827 2181 scaenae
847 2159 855 2179 ι
887 2149 924 2179 ad
948 2149 1043 2180 alium

184 2206 264 2226 vero
290 2194 373 2226 usum
400 2201 583 2233 comparata
609 2202 673 2223 iioii
699 2192 760 2222 est:
786 2192 881 2232 igitur
905 2189 925 2220 ii
950 2191 988 2220 ad
1014 2199 1043 2220 a-

184 2237 262 2268 lium
286 2235 371 2268 usum
390 2234 583 2272 adliibetur3
613 2234 713 2274 magis
738 2233 767 2263 in
795 2229 922 2262 abusum
941 2231 1044 2268 cadit,

185 2287 278 2317 quam
305 2278 335 2308 in
362 2274 460 2307 usuiii.
502 2275 532 2305 Si
559 2282 669 2312 tamen·
695 2275 734 2305 ad
760 2273 890 2304 scaenain
915 2272 1044 2302 adhibe-

186 2327 263 2358 tui·;
294 2318 480 2354 videamus,
515 2325 619 2347 uti-uiri
645 2315 832 2346 frustum-ius
860 2323 897 2344 ea
920 2321 1044 2344 tantum

185 2369 243 2400 pei·
261 2359 291 2391 se
308 2359 352 2391 uti
368 2358 483 2398 poffit3
505 2366 544 2388 an
559 2357 654 2388 etiam
671 2366 727 2397 per
744 2356 824 2388 alios
844 2354 957 2394 quibus
976 2363 1044 2386 eam

888 2465 1129 2500 CAPUT

189 2585 219 2610 1.
254 2572 370 2619 Offi'si'a
390 2571 536 2617 Prceftffi
558 2573 641 2606 urhis
666 2582 701 2606 ac
724 2571 852 2616 vigilum
869 2567 946 2615 soepe
961 2570 1063 2604 iisdem
1088 2571 1177 2604 Notis
1192 2570 1274 2613 apud
1290 2567 1651 2615 miei-esfitiipmfussb.

259 2624 384 2656 variare
402 2620 628 2666 liis'tripcionem
655 2621 674 2653 l.
702 2622 778 2653 zmic.
800 2620 830 2652 C.
850 2619 885 2652 de
901 2616 999 2663 officio
1023 2618 1170 2664 Prcefeffl
1190 2620 1344 2663 vigilum,
1373 2616 1414 2657 ἐξ)
1430 2619 1448 2651 l.
1469 2620 1524 2652 ult.
1543 2618 1584 2652 D.
1612 2616 1671 2651 eod.
1692 2618 1741 2651 tit.

761 130 1063 166 GERARDI
1115 123 1346 160 Noonr

1077 220 1131 245 aut
1156 211 1345 244 commodet
1369 216 1424 243 aut
1448 211 1546 244 locet.
1590 210 1634 245 Et
1651 211 1781 254 piacet,
1815 211 1865 244 aiii
1889 212 1937 244 lo-

1077 262 1221 286 caturum
1245 253 1339 284 talem
1360 252 1498 292 vesteiii;
1529 263 1634 296 neque
1651 252 1771 285 referre
1790 275 1799 291 ,
1832 260 1941 286 utrum

1077 295 1209 339 testa-tor
1235 303 1304 325 eam
1328 295 1536 327 commodare
1554 318 1564 334 ,
1595 305 1634 327 an
1661 295 1767 326 locare
1786 317 1795 330 ,
1828 292 1938 326 solitus

1077 337 1183 368 suerit.
1209 336 1284 376 quid
1307 335 1376 368 ita?
1406 337 1493 376 quia
1510 335 1710 369 scaenicai·um
1736 334 1867 367 vestium
1894 336 1939 367 lo·

1078 379 1162 409 catio
1181 386 1234 408 aut
1251 377 1472 409 commodatio
1496 387 1601 419 neque
1624 378 1656 410 in
1677 376 1807 409 abusum
1829 378 1939 416 cadit,

1078 428 1183 458 neque
1206 428 1223 448 a
1239 418 1315 448 boni
1334 419 1391 450 viri
1409 419 1541 450 arbitrio
1563 419 1724 451 abhorret.
1757 417 1863 449 Testis
1883 417 1940 449 Se-

1078 469 1175 497 neca,
1209 459 1401 498 Constitutione
1429 461 1466 491 acl
1483 459 1640 492 'Marciam
1661 466 1722 501 cap.
1749 469 1796 491 10.
1820 459 1938 497 Alieni,

1077 501 1225 541 inquiens
1238 524 1247 539 ,
1279 502 1498 542 commodatique
1521 508 1678 543 apparatus
1693 506 1772 539 lum.
1797 500 1871 531 nihil
1892 501 1940 531 ho·

1075 551 1142 572 rum
1159 543 1229 572 dono
1246 542 1334 573 datur
1350 553 1358 574 :
1382 542 1527 573 collatiiiis
1545 543 1581 578 &³
1603 545 1641 575 ad
1657 544 1783 574 dominos
1800 543 1940 572 redituris

1075 581 1273 623 instrumentis
1293 583 1384 620 scaenci
1404 585 1573 616 adornatur.
1627 584 1697 616 Atia
1725 592 1762 614 ex
1784 582 1828 613 his
1845 584 1938 622 primo

1077 627 1139 662 die,
1163 624 1224 655 cilici
1236 624 1361 664 secundo
1380 625 1543 663 referentur
1559 636 1569 664 3
1587 632 1682 667 pauca
1696 633 1785 665 usquc
1799 625 1836 654 ad
1847 622 1940 664 finem

1073 666 1304 706 perseverabunt.
1349 663 1377 698 Is
1394 665 1496 697 sensus
1520 665 1663 708 Ulpiani:
1691 675 1729 697 ex
1752 674 1817 705 quo
1844 673 1941 706 appa-

1078 715 1128 738 ret
1145 729 1169 752 ,ι
1185 716 1258 737 euni
1283 707 1561 749 qualiumcumque
1592 707 1724 739 vestium
1743 730 1752 743 ‚
1784 705 1847 737 five
1880 705 1941 737 fini:

1081 749 1293 788 quotidianae,
1317 748 1379 779 live
1398 749 1559 788 scaenicae,
1584 759 1649 781 non
1674 746 1777 788 quasi,
1811 747 1862 778 sed
1887 757 1941 778 ve-

1079 798 1166 827 rum,
1192 787 1417 821 usumfructum
1433 789 1540 822 facere
1562 800 1571 830 ;
1603 791 1634 821 in
1661 798 1767 829 eoque
1791 789 1875 820 aliud
1893 789 1938 819 di-

1080 831 1215 862 cendum
1235 830 1262 861 ei
1279 831 1397 870 videri,
1421 840 1514 873 quam
1530 831 1551 863 fi
1575 831 1760 873 quantitatis
1780 829 1940 861 ususfruc-

1081 881 1129 904 tus
1148 872 1269 912 legatus
1290 871 1337 904 fit.

1119 911 1196 959 Nori
1221 914 1353 953 ignoro,
1379 912 1440 945 esse
1462 914 1516 953 qui
1537 924 1606 946 eam
1624 912 1832 954 quaestionem
1850 911 1941 942 aliter

1080 953 1211 985 finiant:
1244 955 1319 991 rati,
1351 955 1498 987 interess’e
1514 978 1524 994 ‚
1556 963 1659 987 utrum
1678 954 1713 986 fit
1733 955 1852 994 legatus
1871 962 1942 982 ves-

1080 997 1158 1027 tium
1179 993 1370 1027 ususfructus
1386 1003 1420 1026 ut
1440 998 1602 1035 corporis,
1626 1006 1664 1028 an
1686 1003 1719 1027 ut
1737 994 1942 1035 quantitatis3

1081 1037 1110 1068 ἃ
1135 1037 1190 1068 1110
1212 1035 1283 1067 casu
1310 1046 1419 1068 verum
1437 1060 1446 1075 ,
1478 1037 1542 1068 hoc
1569 1036 1650 1077 quasi
1667 1060 1677 1076 ,
1714 1035 1942 1068 usumfructum

1081 1078 1218 1119 legatum
1234 1078 1388 1118 intelligi3
1412 1079 1507 1117 idque
1526 1077 1698 1117 Ulpianum
1714 1077 1797 1108 velle
1814 1077 1845 1108 in
1865 1078 1893 1108 d.
1909 1075 1940 1117 §.

1079 1129 1109 1159 4.
1132 1120 1151 1150 l.
1180 1128 1226 1159 15.
1251 1120 1386 1150 maxime
1405 1143 1414 1157 ,
1449 1119 1469 1151 fi
1495 1119 1535 1151 fic
1558 1119 1724 1158 scribatur,
1754 1128 1811 1148 non
1825 1116 1885 1155 sic,
1908 1122 1942 1147 ut

1080 1161 1257 1201 quantitatis
1279 1159 1450 1200 usufruftus
1472 1161 1593 1202 legetur.
1637 1160 1699 1192 Sed
1724 1159 1755 1190 id
1773 1159 1850 1190 mihi
1875 1167 1942 1189 non

1080 1203 1206 1242 placet:
1230 1201 1301 1241 quia
1324 1203 1486 1233 connexio
1502 1203 1600 1233 totius
1620 1202 1681 1233 loci
1705 1201 1735 1232 &
1753 1198 1942 1238 singularum

1081 1242 1288 1283 quaestionum
1314 1243 1378 1282 ejus
1396 1265 1406 1281 ‚
1438 1242 1508 1274 satis
1534 1242 1671 1274 ostendit
1690 1265 1700 1281 ,
1731 1242 1770 1272 ab
1800 1240 1941 1281 Ulpiano

1081 1293 1145 1315 non
1167 1285 1281 1324 quaeri,
1306 1284 1575 1324 quemadmodum
1598 1284 1722 1325 legetur
1750 1281 1943 1313 ususfruftus

1081 1325 1240 1364 vestium3
1271 1324 1323 1356 sed
1342 1325 1418 1365 quid
1439 1325 1515 1365 juris
1535 1325 1592 1364 iit,
1626 1325 1760 1356 vestium
1783 1324 1944 1354 usufructu

1081 1367 1214 1407 legato:
1249 1367 1365 1406 pariter
1397 1373 1432 1397 ut
1455 1367 1606 1406 quaeritur
1630 1365 1661 1397 in
1684 1365 1712 1407 §.
1738 1374 1762 1397 i.
1790 1366 1818 1396 d.
1845 1365 1863 1395 l.
1892 1374 1940 1404 15.

1082 1409 1156 1448 quid
1170 1408 1244 1447 juris
1260 1407 1314 1446 iit,
1338 1408 1567 1447 mancipiorum
1584 1407 1745 1438 usufructu
1762 1406 1889 1447 legato;
1912 1405 1944 1436 &

1083 1450 1114 1480 in
1129 1450 1147 1479 l.
1173 1458 1216 1490 13.
1241 1449 1269 1490 §.
1292 1454 1320 1483 8.
1344 1448 1384 1479 D.
1402 1450 1458 1480 eod.
1478 1449 1523 1480 tit.
1549 1448 1646 1489 quid,
1669 1449 1783 1479 domus
1801 1446 1943 1478 usufruc-

1082 1498 1118 1521 tu
1141 1491 1247 1530 legato
1266 1513 1275 1529 ,
1308 1491 1453 1521 obtineat
1472 1501 1481 1527 3
1513 1499 1578 1521 non
1597 1489 1865 1529 quemadmodum
1890 1495 1944 1518 aut

1082 1532 1197 1563 domus
1231 1540 1284 1562 aut
1315 1532 1545 1571 mancipiorum
1583 1529 1774 1561 ususfructus
1807 1530 1944 1569 legetur.

1083 1572 1142 1604 His
1158 1572 1238 1604 adde
1252 1595 1261 1610 ,
1287 1573 1394 1612 quod,
1420 1572 1439 1604 fi
1463 1573 1595 1604 dicimus
1611 1595 1620 1610 ,
1646 1570 1873 1603 usumfructum
1892 1579 1944 1600 ve-

1082 1613 1173 1645 stium
1202 1614 1297 1654 legari
1323 1613 1409 1654 poffe
1427 1637 1437 1652 ,
1466 1614 1516 1645 vel
1551 1622 1587 1644 ut
1619 1612 1765 1653 eorporis
1784 1635 1794 1651 ,
1826 1611 1879 1642 vel
1909 1617 1945 1641 ut

1083 1655 1290 1696 quantitatis:
1325 1656 1367 1686 nil
1397 1655 1479 1686 aliud
1497 1655 1630 1687 dicimus
1651 1677 1660 1692 ‚
1692 1662 1786 1694 quarn
1810 1651 1946 1683 vestium

1083 1705 1193 1727 verum
1211 1694 1435 1727 usumfructum
1452 1695 1534 1734 effe3
1555 1695 1609 1727 nisi
1626 1704 1733 1726 earum
1750 1692 1945 1725 ususfructus

1082 1737 1258 1778 specialiter
1284 1738 1479 1777 relinquatur
1502 1745 1537 1769 ut
1562 1736 1759 1778 quantitatis.
1804 1734 1838 1766 Id
1864 1743 1945 1765 vero

1083 1788 1148 1810 non
1169 1777 1321 1819 singulare
1346 1779 1478 1810 vestium
1503 1779 1551 1818 jus
1582 1778 1626 1809 est
1645 1801 1655 1816 ,
1686 1776 1740 1808 sed
1770 1784 1946 1807 commune

1083 1828 1257 1860 corporum
1275 1820 1418 1851 omnium
1444 1829 1514 1859 quae
1530 1818 1586 1850 usu
1610 1819 1836 1855 continentut,
1860 1824 1895 1848 nt
1916 1825 1948 1847 a·

1084 1861 1263 1898 nimalium,
1293 1869 1328 1891 ut
1346 1860 1506 1891 servorum
1523 1884 1533 1900 ,
1563 1867 1596 1892 ut
1611 1859 1775 1891 similium:
1799 1866 1870 1889 nam
1887 1857 1947 1888 ho-

1083 1911 1153 1934 rum
1172 1903 1314 1934 omnium
1340 1902 1444 1942 potell:
1469 1902 1605 1942 relinqui
1628 1899 1820 1932 ususfructus
1836 1922 1845 1938 ,
1878 1907 1946 1930 non

1085 1951 1207 1974 tantum
1232 1952 1265 1973 ut
1292 1952 1484 1981 corporum,
1519 1942 1571 1974 sed
1591 1942 1705 1980 etiam,
1738 1949 1773 1972 ut
1792 1941 1946 1980 quantita*

1085 1993 1171 2023 tum3
1196 1984 1303 2022 velut,
1327 1984 1348 2014 fi
1366 1983 1515 2014 aestimata
1535 1985 1656 2014 utenda*
1670 1983 1784 2013 dentur
1801 1981 1854 2012 sub
1873 1990 1947 2012 cau-

1085 2027 1174 2056 tione
1196 2033 1292 2055 certae
1314 2025 1455 2064 pecuniae
1473 2024 1672 2055 restituendae
1691 2023 1782 2054 finito
1802 2021 1944 2053 usufruc-

1086 2073 1121 2098 tu
1137 2066 1155 2097 Ζ.
1173 2075 1200 2106 7.
1223 2065 1262 2096 D.
1284 2067 1317 2096 <le
1336 2064 1492 2102 ulufricffu
1508 2075 1604 2096 earum
1624 2074 1738 2095 rerum:
1762 2072 1822 2094 nec
1838 2071 1947 2094 tamen

1087 2107 1210 2138 idcirco
1229 2107 1391 2147 quisquam
1417 2107 1523 2146 dicet,
1553 2114 1607 2137 aut
1627 2105 1788 2136 servorum
1805 2128 1815 2143 ,
1846 2112 1900 2135 aut
1917 2113 1948 2135 a-

1086 2149 1248 2180 nimalium
1265 2171 1275 2186 ‚
1306 2156 1359 2178 aut
1385 2148 1526 2179 [imilium
1544 2155 1648 2178 rerum
1673 2155 1742 2186 quae
1765 2145 1819 2176 usu
1843 2146 1947 2176 conti-

1087 2197 1218 2228 nentur,
1247 2188 1330 2229 quasi
1351 2187 1577 2220 usumfructum
1604 2187 1676 2219 effe.
1721 2187 1819 2228 Igitur
1840 2195 1946 2226 neque

1088 2231 1221 2262 vestium
1238 2232 1381 2261 dicemus
1397 2229 1479 2270 quasi
1497 2229 1722 2261 usumfructum
1742 2229 1815 2260 ideo
1828 2251 1837 2266 ,
1857 2227 1946 2268 quod

1087 2281 1193 2304 earum
1222 2271 1413 2304 ususfructus
1444 2270 1619 2313 specialiter
1650 2268 1756 2312 potest
1784 2269 1946 2308 relinqui,

1087 2322 1122 2345 ut
1138 2314 1332 2355 quantitatis.

1188 2465 1235 2501 V.

1705 2567 1755 2601 Ab
1783 2567 1840 2601 hac
1854 2578 1910 2600 cati
1927 2576 1947 2599 a

1796 2625 1826 2648 2.
1857 2615 1948 2648 Fon:-

258 2672 368 2717 poizius
387 2670 494 2703 menda
517 2670 663 2703 liberatas
690 2669 720 2701 in
745 2669 764 2703 l.
780 2678 847 2714 pen.
876 2667 919 2701 D.
945 2667 980 2700 cle
1002 2669 1183 2703 conluuione
1204 2667 1296 2714 causei
1322 2675 1394 2702 aatci
1419 2666 1508 2714 causa
1527 2678 1585 2701 non
1595 2664 1745 2713 sequuta,
1779 2663 1819 2702 Εὖ)
1836 2671 1947 2709 praetcr

261 2717 367 2763 Zajii,
397 2718 532 2764 Czijucii,
562 2715 601 2756 &³
620 2716 730 2759 Fabri,
748 2715 936 2763 senientiam
952 2716 1114 2762 exposttus.

191 2825 219 2848 ι.
247 2815 322 2887 U
337 2813 399 2848 rbis
420 2812 449 2843 ὃς
466 2812 606 2853 Vigilum
625 2810 811 2844 Praefectura
834 2813 865 2843 in
884 2811 981 2844 Notis
996 2821 1048 2843 va-

350 2856 401 2885 riae
420 2853 616 2894 designatur:
648 2853 776 2883 alteram
801 2852 943 2884 Valerius
971 2853 1048 2885 Pro-

189 2899 247 2929 bus
279 2897 321 2927 ita
349 2895 482 2926 exhibet
514 2893 646 2926 PRAEF.
682 2893 776 2924 URB.
808 2895 937 2926 alteram
974 2895 1047 2932 ita,

189 2938 296 2971 PRAE.
324 2935 457 2968 VlGlL.
483 2935 606 2976 Magno
624 2935 733 2965 aliter:
759 2935 782 2965 is
800 2934 895 2966 Urbis
911 2934 1048 2967 Praefcc-

192 2987 258 3011 tum
280 2979 371 3017 siglis
395 2978 462 3016 iiis,
489 2976 522 3007 P.
552 2976 588 3007 V.
618 2975 803 3007 Praefectum
825 2977 953 3017 vigilum
970 2976 1047 3015 iliis,

192 3021 257 3052 PR.
284 3019 372 3051 VlG.
399 3018 633 3058 complestituin

194 3062 231 3092 1ae
248 3060 319 3097 sint,
342 3061 436 3091 facile
454 3060 611 3099 scripturae
631 3059 660 3089 &
677 3057 856 3088 officiorum
884 3057 1048 3088 discrimen

193 3101 331 3132 sense-ris.
376 3102 417 3132 At
432 3110 503 3131 curn
527 3109 696 3140 utrumque
715 3097 853 3129 scribunt
869 3099 932 3137 ita,
956 3098 989 3130 Ρ.
1010 3097 1049 3129 V.

194 3142 239 3173 uti
266 3141 421 3173 Notarum
454 3142 575 3180 index,
614 3142 667 3181 qui
698 3138 816 3180 praefigi
851 3138 930 3171 solet
949 3162 959 3178 ,
995 3149 1050 3171 eos

195 3181 341 3221 scripsisse
359 3182 479 3227 'indicat
499 3193 508 3221 3
533 3192 641 3214 nonne
669 3182 700 3213 id
728 3180 869 3212 efficiunt
891 3181 1050 3212 literarum

193 3222 408 3263 compendio,
433 3231 468 3254 ut
490 3231 595 3256 utrum
612 3224 711 3256 velint
728 3232 768 3254 ex
786 3223 934 3261 duobus«,
958 3221 1049 3253 intel-

677 3016 739 3048 Sed
763 3016 825 3048 sive
845 3017 910 3054 hae,
937 3017 999 3048 five
1016 3018 1052 3048 il-

1092 2812 1188 2853 ligere
1204 2812 1356 2844 le6torem
1373 2809 1503 2842 nolint?
1519 2810 1662 2847 videtur,
1675 2810 1705 2841 &
1721 2808 1829 2849 paucis
1847 2806 1950 2839 osten-

1091 2854 1174 2884 dam.
1218 2853 1380 2892 Inscriptio
1399 2853 1418 2883 l.
1443 2853 1520 2882 unic.
1546 2851 1578 2882 C.
1600 2853 1633 2881 de
1650 2850 1739 2891 officio
1758 2849 1887 2883 Praeseffl
1902 2850 1949 2879 vi-

1087 2895 1180 2935 gilum
1207 2896 1236 2925 in
1264 2894 1422 2935 piei-isque
1447 2893 1614 2924 codicibus
1640 2892 1681 2923 sic
1709 2892 1794 2924 recte
1825 2890 1947 2926 habet,

1091 2936 1180 2976 Impp.
1207 2935 1309 2966 Thcoci.
1336 2935 1371 2969 &⁹
1395 2934 1505 2965 Arcad.
1530 2934 1602 2964 AA.
1628 2933 1787 2975 Nephridio
1811 2929 1948 2970 Praefesto

1090 2979 1179 3007 urbis.
1222 2975 1255 3007 In
1273 2975 1409 3008 Accursii
1431 2975 1460 3006 &
1476 2974 1614 3006 Ruffardi
1630 2976 1690 3014 ita,
1724 2975 1815 3014 Impp.
1842 2972 1946 3003 Theou.

1093 3017 1128 3051 δ’
1150 3018 1260 3048 Arcad.
1284 3016 1355 3048 AA.
1379 3015 1537 3055 Nephria'io
1556 3016 1694 3050 Prceleffo
1711 3016 1843 3056 vigilum.
1882 3011 1950 3043 Un-

1093 3059 1133 3089 de
1157 3067 1219 3089 tam
1239 3060 1321 3089 vai-ie
1339 3081 1348 3096 ,
1382 3057 1436 3088 nisi
1460 3068 1476 3088 a
1495 3057 1591 3089 Notis
1608 3057 1681 3087 istis,
1709 3056 1744 3087 P.
1769 3053 1808 3084 V.
1835 3054 1951 3093 quibus

1094 3106 1261 3140 utrumque
1287 3099 1447 3140 significari
1474 3098 1606 3131 monui?
1629 3099 1678 3129 sed
1705 3096 1782 3136 ipsas
1809 3094 1949 3126 Haloan-

1093 3140 1180 3170 diinzi
1202 3141 1302 3171 editio
1324 3141 1440 3172 ibidem
1461 3140 1560 3171 servat
1582 3152 1590 3172 :
1622 3139 1717 3170 habet
1742 3138 1826 3168 enim
1857 3136 1949 3175 Impp.

1095 3180 1196 3212 Theod.
1221 3182 1257 3216 C?
1280 3182 1388 3213 Arsaci.
1412 3182 1486 3214 ΑΛ.
1512 3181 1668 3221 Nephridz'o
1695 3179 1730 3210 P.
1754 3177 1792 3208 V.
1838 3178 1885 3208 Ab
1902 3186 1951 3207 ea·

1093 3221 1165 3254 dem
1193 3222 1282 3254 causa
1311 3224 1409 3254 variat
1436 3222 1600 3262 Inscriptio
1625 3222 1644 3251 1.
1670 3221 1723 3252 ult.
1751 3218 1792 3250 D.
1815 3220 1873 3250 eoa.
1890 3219 1948 3291 gt.

1927 3268 1956 3289 ιι
