2036 3495
484 88 550 124 D,3
593 87 789 122 Pacrts
830 98 888 122 tr
930 80 1480 123 Timasierxoarnus.

95 179 133 219 eli
143 203 151 218 ,
169 180 303 221 iniquum
318 175 356 219 est
366 178 470 219 perimi
481 176 565 217 pasto
580 177 609 207 id
625 177 657 206 de
672 185 726 217 quo
740 175 898 221 cogitatum
914 185 971 206 non

95 217 220 252 docetur.
262 220 403 259 Species.
448 218 545 250 Erant
569 218 751 257 complures
769 216 869 247 causae
887 227 970 264 mter

95 261 220 294 Titium
237 262 266 293 ἃ.
284 260 507 300 Sempronium
524 259 627 290 dubiae
665 259 703 289 de
721 259 869 304 omnibus
889 258 969 290 satta

98 303 329 341 transactione,
347 298 620 341 placuitadversus
630 308 699 331 eam
717 298 793 330 nihil
810 298 878 346 ficri
897 309 968 339 pro-

98 353 170 385 pter
194 344 300 376 causas
326 353 367 374 ex
391 343 507 382 quibus
533 341 681 372 hassenus
708 340 743 371 lis
761 339 843 371 nasci
862 341 966 379 possit.

97 388 183 425 (non
208 394 296 417 extat
321 384 371 416 illa
393 383 528 415 clausula
554 383 584 413 in
612 382 716 413 verbis
734 382 763 412 d.
779 381 798 412 l.
817 390 848 417 9.
865 381 893 423 §.
912 382 967 429 uit.

93 427 148 459 scd
172 437 212 458 ex
233 426 299 467 ejus
324 433 437 456 tenore
461 423 670 463 intelligitur)
704 431 780 454 mox
804 431 966 463 apparuit,

94 467 220 499 Titium
243 467 304 499 esse
330 467 427 506 patris
446 464 486 496 sui
504 463 695 495 testamento
714 464 965 511 exheredatum,

92 509 213 549 scripto
229 508 347 540 herede
367 507 557 546 Sempronio
568 528 578 543 ‚
593 505 633 536 ab
649 514 754 551 eoique
766 505 884 552 aditam
903 505 965 537 esse

91 550 315 581 hereditatem.
339 546 446 579 Titius
462 549 526 588 agit
543 547 671 586 querela
688 546 855 593 inofliciosi
875 547 965 578 testa-

90 592 202 623 menti.
234 591 402 631 quaeritur,
427 597 465 619 an
490 589 520 619 ei
545 596 660 619 noceat
677 596 830 628 exceptio
847 597 963 635 transa-

91 632 230 664 Ctionis?
253 641 311 672 pro
327 629 516 669 Sempronio
541 628 599 661 stat
619 629 787 674 transaffio
804 630 844 661 de
860 640 962 662 omni-

89 673 148 704 bus
167 673 262 704 causis
280 681 347 711 qute
368 678 457 702 erant
474 670 556 702 inter
574 680 631 701 eos
649 671 771 702 dubiae:
792 681 851 702 nec
867 673 962 703 ambi-

87 714 276 754 gitu1·,quin
290 723 327 744 ex
347 712 394 743 his
413 712 447 743 sit
465 711 769 751 querelainofficiofi
782 712 961 745 testamenti

89 755 184 787 Titio
204 755 418 785 delata:adita
431 752 500 790 post
512 754 607 794 patris
625 763 761 786 mortem
774 753 961 786 hereditate.

89 795 304 828 contrafacit:
321 793 526 836 quodTitius
537 795 576 826 de
593 797 742 834 querela.
759 794 814 826 etsi
831 797 963 842 eincom-

89 845 243 879 petente,
267 846 332 868 non
350 844 418 867 erat
439 845 544 867 certus
561 845 708 876 tempore
724 836 960 884 transactionis:

89 879 194 911 adhuc
218 888 282 909 non
308 878 469 909 intellessa
495 878 591 917 patris
612 887 728 909 morte.
757 879 833 918 quid
853 877 960 918 Ulpia-

89 930 148 952 nus
167 920 185 952 ⁴?
216 928 323 961 putat,
347 918 441 950 Titio
465 928 584 950 nocere
609 919 689 959 patu
713 919 960 959 exceptionem:

89 961 142 994 sed
166 963 331 993 dumtaxat
354 961 385 992 in
409 959 505 992 causis
521 962 561 991 de
576 960 689 1000 quibus
706 960 808 992 aerum
827 960 862 992 sit
879 961 961 993 inter

90 1012 164 1035 eum
188 1004 217 1034 ἃ
241 1002 474 1042 Sempronium.
505 1009 537 1032 at
556 1011 596 1032 ex
620 1001 668 1032 his
692 1000 789 1033 causis
809 1011 873 1032 non
899 1001 961 1034 effe

91 1045 252 1085 querelam
268 1052 327 1083 qua
340 1044 378 1075 de
394 1044 551 1083 quaeritur.
570 1044 641 1082 quia
657 1043 797 1074 nondum
813 1043 960 1074 innotue-

90 1095 139 1118 rat
156 1085 268 1117 Titio:
286 1085 338 1123 qui
356 1085 498 1116 nondum
517 1083 701 1120 resciverat,
720 1092 881 1115 mortuum
898 1084 960 1116 esse

91 1135 215 1168 patrem
232 1125 337 1164 suum,
356 1125 449 1166 seque
464 1126 503 1156 ab
519 1135 559 1156 co
577 1124 639 1155 esse
654 1125 849 1170 exheredem
869 1125 960 1171 scrip-

90 1176 169 1199 tum.
200 1177 264 1199 non
291 1168 384 1208 igitur
403 1167 521 1198 debere
538 1164 631 1197 Titio
649 1175 752 1206 agenti
772 1168 900 1205 querela
916 1177 961 1199 in-

88 1208 221 1241 officiosi
246 1208 444 1245 testamenti,
469 1216 588 1238 nocere
614 1208 844 1246 exceptionem
862 1217 958 1240 trans-

88 1251 238 1282 athonis:
254 1251 324 1290 quia
335 1258 398 1280 non
412 1246 651 1279 videturTitius
665 1250 704 1278 de
720 1250 847 1288 querela
863 1257 958 1281 trans-

88 1292 201 1330 egisse,
218 1293 256 1322 de
274 1300 334 1330 qua
350 1299 415 1321 non
433 1288 606 1320 consensit:
627 1290 697 1328 quia
714 1290 753 1320 de
769 1299 805 1319 ea
821 1299 884 1320 non
902 1299 955 1321 co-

86 1324 209 1375 gitavit.
244 1332 273 1363 ἃ
289 1331 462 1363 commode
477 1328 612 1362 Ovidius
629 1330 678 1362 lib.
699 1340 728 1371 3.
749 1332 835 1362 Artis
851 1338 956 1364 ummo-

85 1375 135 1406 riae
152 1374 224 1414 vers
242 1383 312 1412 397.
573 1413 578 1419 .
654 1415 660 1420 .
834 1416 840 1422 .

130 1415 217 1458 Quod
233 1415 321 1452 latet,
344 1415 472 1455 ignotum
488 1410 546 1452 eft:
568 1418 658 1454 agnon
675 1413 758 1445 nulla
773 1416 884 1455 cupido.

124 1458 187 1489 Sed
209 1457 378 1497 diligenter
401 1454 714 1486 animadvertendum
734 1479 743 1494 ‚
767 1457 842 1496 quid
866 1456 901 1488 sit
924 1457 956 1489 id

84 1499 125 1529 de
141 1507 205 1538 quo
222 1497 410 1529 transactum
427 1495 472 1526 sit.
492 1495 571 1535 saepe
589 1496 672 1528 enim
688 1495 742 1536 fit3
759 1506 793 1528 ut
812 1497 843 1530 fit
860 1505 955 1530 trans-

83 1539 208 1577 actum,
233 1538 285 1570 ubi
305 1548 367 1569 non
386 1537 512 1568 videtur
527 1537 715 1569 transactum
733 1537 813 1571 esse:
837 1540 866 1571 ἃ
885 1541 957 1571 vice

85 1581 191 1620 versa,
215 1588 250 1612 ut
273 1589 338 1611 non
364 1578 399 1610 sit
423 1578 634 1618 transactum,
658 1588 731 1610 cum
749 1588 878 1620 putatur
893 1580 955 1613 esse

83 1621 286 1653 transactum.
325 1620 515 1659 Exemplum
533 1620 563 1650 in
579 1620 600 1652 l.
618 1629 664 1657 29·
688 1621 721 1652 C.
737 1622 770 1652 de
786 1621 955 1653 transactio-

83 1664 177 1694 nibus.
205 1662 310 1694 Verba
325 1662 389 1701 ejus
408 1660 486 1691 sunt.
511 1660 955 1705 Subpraezexzuspecierumpos}

83 1710 260 1744 repertarum
272 1714 280 1735 .·
293 1702 418 1744 generali
433 1701 740 1742 transastionefinita,
755 1704 877 1742 rescindi
886 1712 953 1746 pro-

84 1746 179 1776 bibent
189 1746 271 1787 jara.
298 1744 390 1775 Error
406 1749 501 1774 autem
517 1744 593 1774 circa
604 1745 805 1784 proprietatem
820 1747 861 1777 rei
875 1748 954 1786 apud

84 1788 176 1817 aliam
202 1793 286 1817 extra
307 1787 441 1826 personas
465 1783 686 1825 tranfigentium
703 1791 822 1825 tempore
839 1794 950 1819 transa-

85 1827 185 1858 &ionis
203 1825 378 1867 constitutae,
402 1825 475 1856 nibil
495 1824 585 1866 potest
602 1835 709 1857 nocere.
754 1826 861 1859 Titius
879 1838 952 1860 cum

82 1868 156 1908 Sejo
176 1868 323 1907 transegit
340 1869 380 1898 de
396 1876 534 1907 genere,
557 1867 620 1898 five
635 1867 675 1899 de
692 1877 726 1899 re
743 1869 829 1909 cujus
846 1871 950 1909 appel·

81 1910 204 1941 latione
222 1910 327 1941 multae
343 1909 549 1939 continentur
567 1906 685 1948 species
697 1932 705 1947 ,
723 1911 823 1950 qualis
840 1911 885 1943 est
900 1911 952 1942 he-

80 1952 215 1987 reditas,
241 1952 328 1981 verbi
352 1950 461 1990 gratia.
494 1949 630 1989 placuit,
656 1959 696 1980 ne
713 1959 848 1990 petatur.
881 1961 952 1992 pro-

81 1992 132 2023 cul
157 1992 256 2023 dubio
284 1990 320 2022 fit
344 1989 489 2022 adversus
507 1990 772 2030 transastionenu
796 1992 815 2023 si
835 1995 950 2024 deinde

79 2033 260 2071 hereditas,
284 2032 314 2063 id
335 2032 399 2070 est,
423 2031 444 2063 si
471 2041 590 2071 genus,
611 2031 675 2063 five
693 2032 875 2065 universitas
895 2045 947 2076 pe-

80 2082 174 2105 tatur.
207 2083 266 2104 nec
284 2075 385 2104 minus
398 2096 408 2111 ,
431 2071 452 2104 si
471 2080 596 2112 petatur
612 2074 714 2112 aliqua
730 2075 796 2114 eJ'us
816 2075 946 2116 species.

80 2124 152 2147 cum
166 2116 250 2146 enim
266 2124 365 2155 genus
381 2114 504 2145 constet
521 2124 561 2145 ex
578 2113 635 2145 suis
661 2114 827 2156 speciebus
839 2141 848 2155 ,
872 2117 949 2149 sicut

78 2165 183 2188 totum
210 2167 250 2187 ex
271 2156 332 2188 suis
346 2156 504 2196 partibus;
528 2155 558 2186 &
575 2165 687 2187 omnes
708 2159 835 2188 veniant
852 2168 947 2198 gene-

78 2199 138 2235 ris,
162 2197 225 2229 sive
242 2199 339 2228 totius
357 2197 589 2238 appellatione:
615 2204 676 2229 tam
695 2197 731 2229 fit
749 2199 895 2232 adversus
912 2199 947 2231 fi-

81 2238 399 2277 demtransafitionis‚
416 2237 436 2269 fi
452 2239 552 2279 aliqua
564 2245 689 2277 petatur
699 2238 837 2279 species,
854 2250 948 2279 quam

78 2279 99 2311 fi
118 2289 221 2311 totum
239 2289 362 2319 petatur
385 2288 496 2320 genus.
527 2279 687 2312 transacto
703 2290 780 2320 ergo
800 2283 839 2312 de
854 2292 948 2323 gene-

78 2331 132 2359 re,
156 2331 194 2352 ne
219 2328 363 2360 petatur;
386 2320 488 2352 aetum
513 2319 576 2359 est,
601 2330 640 2351 ne
660 2322 700 2352 de
720 2323 779 2353 ulla
799 2324 863 2363 ejus
882 2324 947 2363 spe-

79 2363 129 2392 cie
149 2371 202 2393 aut
227 2370 315 2401 parte
331 2370 457 2403 agatur:
480 2362 612 2401 perinde
629 2371 666 2392 ac
684 2362 703 2393 si
721 2373 832 2395 omnes
848 2365 947 2397 essent

80 2404 266 2435 nominatim
300 2411 502 2434 enumeratae.
541 2403 650 2443 utique
674 2403 694 2434 si
719 2403 838 2436 fuerint
861 2415 946 2445 tum,

79 2453 151 2476 curn
176 2445 395 2484 transigeretur
411 2466 421 2482 ‚
449 2451 546 2475 notae.
579 2444 745 2485 probabile
769 2448 852 2478 enirn
882 2447 945 2486 est,

81 2484 262 2517 consensum
278 2485 339 2516 effe
358 2488 401 2521 de,
415 2485 462 2516 his
478 2494 548 2526 quae
567 2487 779 2526 apparebant,
804 2490 833 2520 ὅ(
853 2498 945 2525 pote-

80 2533 149 2556 rant
165 2525 218 2557 sub
234 2528 465 2568 cogitationem
482 2526 607 2558 cadere.
641 2526 693 2557 sed
720 2530 814 2568 quid,
839 2529 858 2561 fi
875 2530 946 2570 post

83 2563 256 2598 innotuerit
279 2568 382 2607 aliqua
405 2576 478 2599 ante
503 2569 612 2608 ignota
630 2568 647 2600 ’ἒ
677 2567 781 2600 forsan
808 2572 944 2602 dubitari

83 2606 184 2643 pOffit.
214 2617 249 2637 an
268 2608 350 2639 enirn
370 2607 414 2640 est
432 2609 619 2640 transactum
637 2610 676 2641 de
693 2620 725 2641 re
743 2612 783 2642 de
801 2621 861 2651 qua
879 2622 944 2643 non

82 2644 146 2676 suit
170 2647 375 2680 consensum?
399 2650 428 2681 ἀ
447 2652 499 2690 qui
518 2649 623 2690 potest
643 2651 740 2683 videri
759 2653 944 2685 consensum

82 2687 124 2718 de
142 2696 173 2717 re
189 2688 227 2718 de
243 2697 302 2726 qua
319 2699 382 2721 non
399 2690 460 2722 fuit
478 2691 652 2731 cogitatum
669 2702 730 2730 eo,
754 2696 842 2734 quod
860 2696 944 2736 igno-

80 2727 229 2759 rabatur‘z>
246 2728 401 2761 suffecerit
419 2738 522 2762 tamen
534 2755 542 2770 ,
558 2732 620 2763 esse
639 2734 677 2763 de
692 2743 809 2775 genere
825 2738 945 2776 cogita-

80 2777 166 2806 tnm3
181 2773 214 2799 ut
230 2769 269 2800 de
286 2779 344 2808 eo,
361 2770 547 2811 singulisque
565 2775 629 2813 ejus
646 2773 829 2814 speciebus,
846 2785 944 2808 trans-

78 2810 180 2842 atrum
194 2809 254 2840 esse
269 2810 470 2851 intelligatur.
493 2822 563 2843 curn
581 2815 664 2846 enim
684 2814 801 2854 species
819 2817 854 2848 sit
873 2828 944 2858 pars

77 2852 222 2892 generis:
247 2852 387 2890 quisquis
406 2854 446 2883 de
462 2862 578 2893 genere
597 2856 734 2895 cogitat,
757 2858 831 2898 (nisi
854 2860 942 2899 igno-

76 2900 124 2923 rat
143 2900 212 2932 quae
229 2901 340 2923 omnes
356 2891 502 2924 homines
517 2893 636 2935 sciunt)
651 2899 746 2929 etiam
765 2899 805 2930 de
824 2899 941 2940 specie-

77 2934 135 2964 bus
158 2931 308 2973 cogitaffe
332 2932 380 2971 se,
403 2943 517 2974 negare
534 2936 587 2966 vix
605 2938 718 2974 potest.
751 2949 788 2969 ac
805 2941 940 2980 proinde

74 2974 97 3006 fi
119 2975 158 3006 de
181 2983 298 3014 genere
322 2974 478 3015 transigit,
502 2975 554 3006 nisi
573 2978 648 3016 quid
664 2977 838 3017 specialiter
855 2983 939 3013 exci-

73 3017 159 3055 piat,
182 3018 221 3046 de
236 3015 384 3046 omnibus
400 3016 523 3056 generis
539 3016 720 3057 speciebus,
736 3028 894 3061 tamquam
912 3033 941 3054 e-

71 3058 119 3099 jus
134 3056 291 3097 partibus,
308 3066 379 3088 eum
399 3057 565 3097 transigere
582 3059 778 3099 consequens
795 3063 855 3094 est:
878 3064 941 3095 sive

74 3106 161 3129 notae
184 3096 322 3136 fuerint,
346 3097 409 3129 sive
429 3099 609 3139 incognitae.
642 3103 790 3140 quando,
815 3112 848 3134 ut
866 3114 940 3145 prae-

75 3140 159 3170 clare
175 3137 384 3179 Imperatores
401 3141 428 3171 d.
445 3139 463 3170 l.
486 3148 533 3175 29.
565 3140 624 3171 Sub
636 3148 779 3180 praetexzu
790 3145 941 3184 specierum

70 3177 341 3253 poqreperltarum:
360 3181 491 3223 generali
507 3181 697 3216 transactione
705 3183 815 3226 finita,
838 3188 939 3229 rqscin-

140 3229 194 3253 om.
236 3244 244 3253 .

1811 103 1882 136 409

1013 171 1288 213 diprohz'bentjura.
1313 183 1351 206 ac
1367 174 1537 210 secundum
1557 177 1624 209 haec
1637 178 1698 218 jam
1716 187 1790 210 ante
1805 179 1887 214 Scre-

1014 213 1087 243 vola
1104 213 1267 253 respondit
1281 215 1299 246 l.
1313 223 1360 256 78.
1378 217 1469 258 §.fln.
1490 218 1532 257 J).
1548 220 1597 251 Ad
1613 220 1714 251 Serum
1733 220 1884 253 Trebenna*

1011 263 1092 284 num.
1121 253 1199 286 Non
1218 264 1323 288 tamen
1343 258 1389 290 est
1404 259 1470 290 hoc
1486 259 1549 292 sine
1565 268 1820 301 temperamento
1836 272 1886 294 ac-

1011 297 1211 335 cipiendum:
1234 296 1254 329 si
1279 298 1450 338 praesertim
1474 302 1605 334 eosdem
1622 304 1766 336 audimus
1783 303 1885 345 lmpe-

1011 345 1133 368 ratores
1152 338 1182 368 in
1201 335 1405 378 sequentibus
1424 343 1529 374 verbis
1545 344 1575 374 d.
1594 344 1612 375 l.
1631 354 1679 381 29.
1717 345 1809 377 Error
1826 356 1881 378 au·

1011 383 1066 408 tem
1085 379 1162 408 circa
1173 382 1375 420 proprietatem
1396 384 1438 414 rei
1452 387 1530 425 apud
1545 385 1636 416 alium
1650 393 1734 418 extra
1748 389 1882 428 personas

1010 417 1230 460 tranfigentzum
1256 428 1376 463 tempore
1393 424 1593 457 transactionis
1609 426 1786 468 constitutae,
1809 428 1884 459 nihil

1003 458 1093 500 potest
1109 470 1214 492 nocere.
1248 462 1377 503 Species
1396 465 1466 497 haec
1482 466 1528 498 sit.
1562 467 1649 508 SeJus
1667 470 1881 501 hereditatem

1008 502 1145 538 pollidet
1164 511 1221 542 pro
1239 503 1370 537 herede.
1400 517 1469 539 eam
1487 507 1698 542 hereditatem
1715 509 1821 542 Titius
1838 511 1883 541 su-

1007 550 1056 573 am
1075 542 1136 573 ell'c
1152 544 1301 577 intendit.
1327 546 1424 587 Gajus
1443 558 1483 580 ex
1500 559 1536 581 ea
1553 559 1619 581 rem
1635 551 1771 592 aliquam
1787 553 1882 593 poffi-

1008 584 1074 614 det.
1102 593 1142 615 eo
1159 583 1213 623 fit,
1239 595 1272 617 ut
1291 586 1399 620 Titius
1417 599 1485 621 eam
1504 600 1569 622 rem
1591 590 1663 632 Gaji
1680 592 1742 624 esse
1761 603 1817 634 per
1834 604 1881 625 er-

1006 634 1112 656 rorem
1130 627 1289 666 opinetur.
1312 627 1420 661 Titius
1436 640 1508 663 cum
1525 631 1598 672 Sejo
1615 633 1704 665 transs
1731 635 1753 665 it
1770 638 1810 666 de
1826 635 1881 667 he-

1005 667 1152 697 reditate.
1175 668 1289 699 deinde
1301 671 1338 701 ad
1357 671 1459 712 Sejum
1472 673 1602 704 devenit
1620 684 1669 705 res
1682 684 1697 705 a
1708 644 1792 716 {ajo
1804 685 1880 716 pos-

1005 706 1088 738 sessa.
1112 707 1193 739 hanc
1211 718 1295 741 nunc
1310 710 1418 744 Titius
1435 713 1517 745 suam
1535 715 1597 746 esse
1615 716 1766 747 vindicat.
1791 717 1879 757 Sejus

1004 749 1035 779 se
1052 757 1158 780 tuetur
1175 752 1367 792 exceptione
1379 754 1462 794 pacti
1483 757 1655 789 conventi:
1673 759 1761 798 quod
1778 759 1878 798 dicit,

1005 789 1035 819 se
1053 799 1126 821 cum
1143 789 1235 821 Titio
1253 795 1434 836 transegisse
1461 797 1501 828 de
1521 798 1698 830 hereditate
1715 800 1744 830 in
1763 809 1823 839 qua
1841 809 1879 830 ea

1005 839 1055 861 res
1080 829 1187 862 fuerit.
1221 836 1390 874 quaeritur,
1413 846 1452 869 an
1477 848 1514 870 ea
1540 841 1693 880 exceptio
1709 839 1802 872 Titio
1820 842 1879 872 ob·

1004 870 1082 903 stet:
1107 871 1127 903 fi
1153 881 1222 903 eam
1250 884 1315 906 rem
1333 900 1342 913 ‚
1366 886 1459 918 quam
1484 889 1631 920 tempore
1656 883 1878 914 transactionis

1005 911 1075 952 Gaji
1094 913 1156 944 esse
1171 914 1246 945 ideo
1262 917 1429 950 arbitratus
1443 920 1506 958 est,
1523 924 1611 962 quod
1630 931 1695 955 tum
1712 925 1794 964 apud
1812 922 1879 955 Ga·

1000 953 1065 993 jum
1089 953 1185 993 esset,
1210 956 1371 996 vindicet,
1398 960 1563 1001 postquam
1589 973 1658 996 eam
1683 966 1804 1005 recepit
1822 965 1877 997 Se·

1001 994 1076 1034 jus?
1099 995 1161 1041 Sed
1178 1006 1241 1027 non
1260 1007 1372 1037 putant
1390 1002 1620 1044 imperatores,
1647 1006 1781 1038 obstare.
1820 1008 1878 1038 At·

1004 1036 1056 1076 qui
1083 1038 1214 1068 rescindi
1238 1041 1350 1078 nequit
1370 1044 1525 1083 generalis
1551 1047 1738 1079 transaftio:
1763 1058 1802 1080 ne
1821 1047 1876 1079 sub

1004 1084 1161 1117 praetextu
1177 1080 1305 1118 quidem
1325 1080 1438 1122 speciei
1456 1085 1527 1125 post
1544 1097 1688 1127 repertae.
1728 1088 1823 1120 Esto:
1845 1098 1877 1121 at

1006 1128 1070 1150 non
1095 1120 1169 1164 ideo
1193 1120 1247 1151 hic
1269 1122 1408 1162 rejicitur
1427 1135 1463 1156 ea
1480 1129 1632 1168 exceptio
1649 1131 1737 1170 quod
1756 1138 1876 1162 transa-

1005 1160 1069 1190 ctio
1087 1161 1290 1194 rescinditur:
1307 1163 1358 1196 sed
1378 1168 1464 1206 quod
1484 1178 1547 1199 non
1566 1169 1610 1200 est
1629 1171 1818 1203 transaCtum
1836 1173 1878 1204 de

1003 1211 1036 1232 re
1060 1210 1130 1242 quae
1156 1202 1290 1242 petitur:
1314 1207 1387 1246 quia
1415 1209 1455 1238 de
1477 1219 1513 1240 ea
1539 1219 1602 1241 non
1627 1212 1673 1242 est
1695 1214 1876 1252 cogitatum

1001 1250 1148 1283 tempore
1165 1246 1392 1280 transactionis.
1421 1247 1529 1281 Titius
1546 1260 1651 1283 tamen
1669 1254 1818 1294 transegit
1835 1255 1876 1285 de

1002 1283 1200 1317 hereditate:
1216 1295 1322 1328 eoque
1332 1289 1372 1320 de
1387 1291 1535 1322 omnibus
1548 1294 1641 1324 rebus
1653 1293 1874 1327 hereditariis:

1003 1326 1072 1356 haec
1083 1336 1159 1357 vero
1177 1327 1221 1358 est
1240 1328 1439 1363 hereditatis.
1461 1332 1512 1365 sed
1528 1332 1633 1366 Titius
1646 1344 1711 1366 non
1730 1338 1875 1377 putavit,

1001 1367 1064 1398 esse
1082 1367 1276 1402 hereditatis.
1308 1381 1386 1413 ergo
1410 1375 1450 1404 de
1474 1385 1511 1406 ea
1528 1385 1590 1407 non
1610 1377 1777 1418 transegit:
1801 1387 1876 1419 quia

999 1409 1039 1439 de
1063 1418 1099 1440 ea
1121 1418 1184 1440 non
1208 1412 1375 1453 cogitavit.
1416 1415 1467 1446 Sic
1485 1417 1527 1448 illi
1548 1418 1644 1451 reete.
1686 1418 1751 1451 Etsi
1770 1420 1875 1451 mirari

1000 1450 1138 1496 iubeat„
1151 1461 1207 1483 cur
1224 1461 1358 1493 putent,
1382 1454 1509 1489 Titium
1528 1459 1625 1500 magis
1643 1461 1683 1491 de
1701 1471 1754 1499 re,
1778 1470 1875 1502 quam

1000 1491 1061 1523 esl'e
1079 1494 1231 1531 neit-ivn,
1255 1497 1457 1538 transegisse,
1475 1508 1567 1538 quam
1586 1501 1627 1531 tle
1642 1510 1680 1532 ea
1696 1511 1790 1542 quam
1810 1502 1874 1534 effe

1000 1532 1136 1572 sciebat,
1153 1533 1203 1566 sed
1222 1537 1445 1572 hereditariam
1461 1539 1541 1580 esse,
1558 1550 1622 1572 non
1639 1543 1781 1582 putabat.
1805 1543 1874 1576 Nisi

999 1575 1105 1614 potest
1121 1574 1237 1608 adferri
1256 1580 1355 1611 ratio:
1380 1582 1466 1620 quod
1483 1582 1525 1614 nil
1545 1590 1651 1621 vetat,
1669 1583 1873 1624 ignorantem

998 1617 1074 1657 quid
1091 1617 1121 1648 in
1142 1617 1320 1652 hereditate
1337 1620 1392 1660 sit,
1415 1621 1437 1653 si
1454 1623 1549 1662 velit,
1573 1624 1614 1655 de
1631 1632 1699 1655 tota
1717 1625 1873 1658 heredita-

998 1666 1030 1689 te
1048 1657 1236 1699 transigere,
1252 1669 1349 1702 atque
1359 1673 1395 1694 ea
1407 1663 1495 1705 lege,
1512 1674 1551 1696 ne
1567 1665 1682 1697 deinde
1693 1675 1780 1708 agat,
1799 1677 1875 1709 qua-

997 1700 1315 1740 liscumquetandem
1333 1714 1382 1735 res
1401 1714 1541 1746 emergat
1559 1707 1709 1739 hactenus
1726 1709 1872 1750 incogni-

998 1748 1037 1772 ta.
1069 1741 1133 1772 hoc
1153 1752 1230 1774 vero
1247 1743 1314 1776 fieri
1333 1746 1405 1786 quia
1426 1749 1507 1779 ratio
1525 1750 1661 1789 patitur;
1685 1750 1872 1782 convenisse

996 1783 1026 1813 in
1043 1784 1152 1823 primis
1169 1787 1359 1825 generaliter
1376 1788 1618 1829 transigentem,
1637 1791 1810 1823 verborum
1828 1792 1871 1823 la-

994 1824 1101 1855 titudo
1118 1824 1275 1866 ostendit,
1292 1829 1322 1859 <St
1340 1829 1457 1862 utilitas
1474 1831 1685 1864 tollendarum
1704 1832 1805 1865 litium
1816 1834 1872 1865 ad—

995 1867 1105 1897 mittit.
1137 1875 1169 1897 at
1192 1877 1264 1900 cum
1289 1878 1412 1902 certum
1437 1870 1500 1910 est,
1524 1871 1648 1904 Titium
1667 1882 1732 1905 rem
1748 1883 1810 1915 qua
1827 1875 1870 1907 de

995 1908 1098 1947 agitur
1114 1931 1122 1945 ,
1147 1917 1206 1948 pro
1231 1910 1421 1944 hereditaria
1446 1923 1509 1945 non
1536 1913 1695 1947 habuisse:
1719 1925 1868 1955 apparet,

994 1958 1066 1982 eum
1086 1949 1126 1980 de
1143 1951 1208 1990 ejus
1223 1954 1466 1985 renunciatione
1483 1963 1630 1995 tempore
1649 1957 1867 1989 transastionis

993 1999 1058 2021 non
1074 1990 1244 2031 cogitasse:
1261 1995 1381 2034 quippe
1396 2004 1469 2027 cum
1487 1996 1670 2036 transegerit
1686 2006 1808 2030 tantum
1825 2000 1867 2030 de

992 2032 1190 2070 hereditate,
1215 2034 1245 2065 in
1268 2044 1329 2075 qua
1356 2037 1437 2067 hanc
1464 2047 1529 2069 rem
1554 2038 1617 2070 effe
1640 2049 1704 2070 non
1724 2040 1867 2079 putavit:

990 2081 1078 2104 certa
1102 2082 1200 2114 porro
1225 2077 1391 2107 voluntate
1414 2087 1511 2118 atque
1537 2081 1662 2119 animo,
1687 2081 1765 2120 quid
1785 2090 1866 2121 opus

990 2115 1113 2153 verbis,
1131 2115 1236 2148 saltem
1253 2119 1291 2148 ad
1306 2117 1536 2159 significandam
1554 2122 1646 2152 animi
1665 2121 1867 2156 voluntatem

990 2156 1156 2188 inventis?
1179 2156 1255 2189 Non
1273 2167 1379 2191 tamen
1396 2160 1459 2192 hoc
1476 2171 1595 2194 temere
1613 2162 1789 2195 admittunt
1808 2164 1867 2196 lm-

990 2205 1155 2238 putatores
1171 2199 1200 2229 d.
1218 2199 1237 2229 l.
1255 2209 1303 2235 29.
1336 2208 1424 2232 certe
1443 2211 1507 2233 non
1526 2204 1620 2243 alias,
1645 2213 1737 2245 quam
1757 2204 1777 2237 si
1795 2206 1865 2237 haec

989 2248 1040 2270 res
1056 2247 1126 2278 quae
1143 2248 1182 2270 ex
1200 2239 1378 2273 hereditate
1396 2242 1460 2281 est,
1478 2251 1625 2284 tempore
1644 2246 1864 2279 transastionis

990 2281 1073 2317 apud
1088 2281 1181 2311 alium
1194 2280 1290 2313 fuerit
1305 2292 1394 2315 extra
1405 2284 1611 2327 transigentes
1622 2297 1630 2318 :
1642 2297 1682 2318 eo
1695 2288 1782 2327 quod
1799 2288 1865 2320 hoc

990 2322 1118 2352 demum
1145 2324 1243 2354 modo
1269 2323 1306 2355 fit
1329 2325 1501 2364 probabilis
1530 2327 1610 2359 Titii
1633 2338 1740 2359 error:
1764 2331 1865 2361 nemi·

990 2371 1029 2393 ne
1054 2371 1126 2393 eum
1151 2365 1396 2404 reprehensum,
1422 2369 1510 2408 quod
1529 2378 1594 2400 non
1618 2369 1812 2409 inquisiverit
1831 2371 1864 2403 iu

991 2413 1058 2434 rem
1076 2404 1107 2435 in
1124 2413 1217 2444 quam
1233 2415 1298 2438 non
1322 2409 1457 2440 cadebat
1480 2408 1632 2449 suspici0,
1656 2410 1719 2442 esse
1738 2411 1864 2444 heredi-

990 2446 1109 2476 tariam.
1135 2455 1285 2479 caeterum
1297 2472 1306 2486 ‚
1324 2448 1342 2480 si
1354 2450 1508 2490 poffideat
1523 2460 1591 2482 eam
1606 2451 1686 2483 alter
1702 2452 1864 2493 paciscen-

989 2488 1086 2525 tium,
1103 2485 1166 2518 sive
1184 2489 1207 2520 is
1227 2488 1262 2520 sit
1286 2491 1425 2530 petitor,
1449 2491 1512 2522 sive
1532 2502 1618 2524 reus:
1643 2493 1734 2525 aliter
1752 2494 1862 2527 dicen-

989 2529 1063 2558 dum
1080 2527 1143 2560 est:
1159 2530 1231 2569 quia
1247 2531 1304 2561 illo
1320 2530 1390 2562 casu
1409 2541 1476 2564 rem
1495 2531 1577 2564 suam
1594 2533 1682 2565 noss'e
1699 2535 1788 2567 actor
1804 2545 1863 2577 po-

989 2568 1066 2601 test:
1091 2569 1154 2600 hoc
1173 2580 1234 2601 non
1261 2571 1357 2603 habet
1375 2572 1517 2612 causam,
1541 2584 1597 2606 cur
1620 2576 1723 2608 minus
1746 2586 1859 2618 putet,

988 2619 1056 2641 eam
1081 2610 1267 2644 hereditatis
1292 2613 1372 2652 esl'e,
1396 2623 1490 2655 quam
1516 2624 1648 2648 caeteras
1675 2627 1744 2659 quae
1761 2628 1777 2650 a
1802 2629 1859 2651 reo

988 2651 1211 2692 poffideantur.

1032 2693 1113 2724 l’aris
1125 2695 1291 2735 elegantiae
1303 2694 1347 2727 est
1358 2695 1556 2738 Rescriptum
1573 2699 1651 2740 l.31.
1666 2700 1698 2732 C.
1715 2702 1749 2733 de
1764 2708 1858 2734 trans-

986 2733 1154 2766 afflom'bus.
1202 2735 1319 2768 Verba.
1354 2738 1387 2768 Si
1401 2739 1434 2769 de
1450 2746 1529 2772 certa
1545 2751 1575 2772 re
1585 2741 1672 2780 pasto
1689 2744 1859 2774 transactio-

986 2777 1033 2806 nis
1048 2775 1206 2816 interposito
1222 2778 1273 2807 hoc
1287 2780 1512 2819 comprehensum
1526 2790 1606 2822 erat,
1625 2784 1703 2816 nihil
1720 2785 1855 2825 amplius

986 2817 1051 2856 peti
1065 2827 1072 2847 ε
1095 2816 1144 2855 elfi
1160 2827 1217 2848 non
1231 2820 1490 2861 additumfuerat,
1507 2833 1547 2854 eo
1565 2826 1714 2861 nomine,
1730 2828 1763 2856 de
1780 2830 1856 2855 ειπε-

984 2859 1025 2888 ris
1041 2864 1135 2888 tamen
1150 2859 1351 2900 quaellionz'bus
1362 2863 1477 2906 integra
1487 2871 1653 2905 permaneat
1668 2866 1751 2897 (ιὲἶίο.
1776 2865 1854 2906 Spe·

983 2900 1061 2930 cies.
1086 2899 1171 2932 lnter
1187 2899 1309 2934 Titium
1320 2904 1350 2935 ὅε
1364 2903 1535 2938 Proculum
1548 2909 1690 2948 pendent
1706 2906 1853 2947 complu-

983 2949 1032 2971 res
1050 2940 1111 2972 sive
1129 2950 1177 2974 res
1193 2941 1255 2974 sive
1273 2944 1354 2976 lites.
1383 2947 1423 2978 de
1438 2957 1524 2980 certa
1541 2958 1592 2985 re,
1609 2950 1639 2979 id
1655 2947 1717 2984 est,
1734 2948 1774 2978 de
1792 2957 1854 2979 una

985 2983 1171 3014 nominatim
1190 2993 1240 3022 re,
1263 2984 1300 3016 fit
1317 2988 1400 3018 inter
1415 2998 1472 3021 eos
1490 2989 1676 3025 transaffio,
1695 2988 1789 3028 pasto
1807 2989 1853 3021 in-

985 3023 1155 3063 terposito,
1169 3023 1255 3057 Nihil
1266 3028 1398 3068 amplius
1410 3031 1494 3069 peti;
1512 3039 1572 3062 nec
1582 3030 1710 3066 addite,
1726 3028 1776 3060 Eo
1791 3039 1851 3062 no-

983 3064 1077 3096 mine.
1109 3066 1226 3106 petitur
1242 3068 1358 3101 deinde
1375 3071 1458 3102 aetio
1475 3072 1515 3102 de
1529 3070 1653 3102 caeteris
1670 3070 1852 3109 quaestioni-

983 3106 1056 3138 bus:
1080 3116 1118 3138 an
1135 3108 1240 3147 potest
1256 3119 1292 3141 ea
1308 3111 1382 3142 elidi
1400 3112 1592 3150 exceptione
1611 3110 1690 3150 pacti
1708 3120 1850 3146 conven-

983 3147 1033 3179 ti?
1054 3156 1183 3187 movet,
1200 3152 1288 3190 quod
1304 3153 1334 3183 in
1354 3153 1446 3192 paeto
1465 3152 1681 3184 transactionis
1698 3156 1853 3194 generali-

981 3196 1030 3221 ter
1051 3189 1178 3262 didtssmf
1188 3190 1256 3263 fest,
1278 3191 1371 3225 Nihil
1396 3194 1529 3233 amplius
1545 3194 1623 3234 peti.
1654 3202 1766 3227 contra
1782 3206 1852 3228 rno-

1775 3246 1848 3282 vet,
