2036 3495
160 104 230 145 394

202 184 350 218 Vidimus
365 181 479 216 'modos
496 175 724 210 constituenda:
742 171 839 205 dotis.
862 171 976 218 quaeris
993 170 1032 201 de

165 226 337 269 tempore?
360 223 436 255 nihil
451 220 550 252 addo:
574 218 646 256 quia
669 214 774 255 potest
797 221 885 260 omni
911 219 1032 257 tempo-

164 279 200 301 re
224 267 390 303 constitui3
413 262 500 294 nullo
519 259 641 300 legibus
658 265 712 288 aut
733 254 873 288 moribus
897 251 1032 300 praescri-

164 318 233 351 pto.
277 306 452 338 Martianus
474 299 605 340 Capella
627 298 674 330 lib.
695 307 725 334 9.
750 296 798 328 De
821 300 905 343 nupt.
930 293 1034 325 philol.

160 359 232 392 pao,
248 358 318 390 304.
342 345 456 376 Dehinc
470 347 569 373 utrum
592 339 787 381 repensatum,
810 338 922 383 diesque
941 335 1037 383 panse·

167 374 260 423 reiictae
273 388 344 419 dotis
355 384 506 426 prorogari
522 383 592 424 jure
605 381 718 422 publico
738 377 839 419 poffit‚
862 383 1035 417 inquiritur.

166 432 235 474 Quo
267 427 339 459 ditio
362 434 487 457 arcanus
514 424 561 455 ille
584 424 673 463 prisci
688 422 767 463 juris
790 418 906 465 offertor
928 427 1036 458 rizagna

164 476 297 512 nepotum
313 466 498 508 obsecratione
513 462 903 507 consulitur,irespondthue
924 459 1038 506 regula-

166 515 236 544 riter
250 511 336 541 etiam
358 508 538 539 matrimonio
563 505 690 546 copulato
712 505 803 534 dotem
829 502 920 532 dicere
940 501 1036 546 soeiiiz-

164 563 235 584 nam
250 553 314 582 viro
330 550 418 581 nullis
433 549 542 591 legibus
553 546 707 588 prohiberi.
749 543 837 589 Idem
856 541 969 573 Paulus
985 540 1036 572 lib.

165 603 198 627 2.
212 594 340 624 sentent.
356 593 402 622 rit.
420 599 468 622 21.
484 589 514 632 §.
537 597 564 620 1.
589 586 697 619 Verba
714 584 811 616 Pauli.
837 582 900 614 Dos
916 588 969 614 aut
986 591 1037 613 an·

165 635 266 667 recedit
282 639 334 665 aat
343 632 480 674 sequitur
501 628 743 662 mairinionz'um3
768 624 804 659 &³
820 625 879 656 ideo
903 623 950 670 *ael
970 628 1039 655 ante

164 677 304 717 nuptias,
326 674 374 704 vel
391 671 454 714 1)th
475 672 595 713 nuptias
618 670 683 700 dari
699 664 799 709 potest.
843 665 959 696 Addit:
982 665 1039 696 Sed

166 724 236 749 ante
264 716 382 757 nuptias
403 723 502 746 earum
533 709 675 752 exspebiat
707 709 877 740 adventum.
925 704 1038 751 Sensus

164 758 275 796 Pauli,
299 757 386 797 quod
412 757 491 792 dos,
514 759 722 793 quocumque
746 747 846 781 modo
861 746 1038 794 ‚constitua-

164 808 238 837 tur‚
268 798 391 838 semper
415 794 591 835 adjunctam
627 791 724 824 habet
745 790 987 834 conditionem,
1017 786 1039 819 fi

166 841 289 880 nuptiae
304 839 471 878 sequantur
490 836 509 867 l.
530 844 579 866 21.
603 833 624 865 l.
643 842 695 874 43.
712 832 761 877 D.
778 832 806 862 h.
823 836 848 862 t.
871 830 1041 875 videlicet,

168 883 240 924 quia
257 881 350 911 unice
369 880 459 909 datur
479 884 614 917 propter
630 881 772 919 nuptias,
796 872 825 902 &
843 870 908 917 fine
925 878 1042 910 nuptiis

170 922 234 955 esse
251 930 315 952 non
336 919 437 961 potest
453 919 473 949 l.
490 927 519 957 3.
541 916 584 950 D.
602 916 631 948 d.
647 922 669 947 t.
693 913 848 945 verissime
870 919 914 958 ait
929 912 1041 943 Paulus

166 964 188 995 l.
209 972 258 1002 41.
283 962 323 993 D.
339 963 367 993 d.
388 967 408 991 t.
434 959 532 1001 magis
548 966 637 993 rem.
659 964 753 997 quam
771 954 868 985 verba
891 954 1042 985 intuenda

167 1004 243 1037 esse.
267 1002 387 1043 nuptiis
404 1002 498 1042 igitur
520 1009 585 1031 non
612 997 726 1030 secutis
752 996 811 1027 dos
841 1003 915 1039 non·
938 992 1043 1033 potest

167 1046 254 1087 peti,
279 1045 310 1076 &
327 1042 440 1074 tradita
464 1041 569 1083 potest
586 1040 710 1081 repeti,
733 1036 855 1083 fruetus
874 1043 968 1066 etiam
992 1042 1043 1065 an-

166 1094 202 1119 te
226 1085 372 1128 percepti
394 1093 460 1116 non
483 1083 603 1114 cedunt
631 1081 723 1113 lucro
746 1087 826 1116 Vir13
858 1076 910 1107 scd
932 1074 1043 1106 dotem

170 1135 291 1169 augent
309 1127 329 1157 l.
348 1135 378 1167 7.
400 1124 429 1167 §.
452 1134 478 1157 1.
507 1124 586 1163 l.47.
604 1122 651 1153 D.
668 1121 696 1152 h.
714 1125 737 1152 t.
760 1119 780 1151 l.
799 1123 849 1160 38.
872 1117 902 1160 §.
932 1126 979 1149 12·
1005 1115 1042 1151 δ’

169 1169 227 1201 ult.
243 1168 284 1201 D.
303 1168 336 1199 cie
352 1168 432 1207 usur.
455 1166 474 1197 l.
490 1169 520 1197 6.
543 1164 586 1196 D.
606 1162 663 1194 Sol.
681 1167 807 1193 matrim.
825 1200 830 1205 ι

210 1208 368 1250 Accepisti
383 1207 498 1240 modos
509 1203 742 1249 constituendae
763 1203 860 1247 dotis.
878 1197 1042 1238 exspectas

171 1251 305 1284 effeetus
334 1249 523 1282 constitutae.
558 1247 627 1279 sunt
657 1245 745 1277 varii.
769 1249 946 1286 praecipu-us
972 1240 1043 1286 est,

170 1293 253 1324 aetio
281 1301 340 1333 pro
365 1300 401 1323 ea
434 1295 649 1330 competens:
687 1284 792 1317 nostra
820 1282 1043 1330 ‚explicatione

169 1334 268 1365 etiam
291 1333 370 1365 alios
395 1330 568 1362 detectura.
610 1328 708 1369 Igitur
723 1333 842 1366 poterit
864 1323 942 1369 dos,
966 1322 987 1353 fi
1010 1322 1044 1353 sit

171 1374 273 1413 dieta,
290 1374 357 1415 peti
375 1371 598 1408 condiftione3
609 1367 811 1409 stipulatione
827 1363 971 1412 promiffa
982 1387 992 1402 ,
1005 1372 1046 1394 ex

172 1416 332 1457 stipulatu.
362 1413 422 1451 sse,
454 1411 643 1451 Nicephoro
673 1409 797 1440 cuidam
823 1405 1047 1453 rescripserunt

172 1457 310 1489 Severus
327 1456 355 1487 ἀ
374 1452 555 1486 Antoninus
571 1451 591 1482 l.
612 1460 638 1482 1.
664 1450 697 1480 C.
714 1449 742 1479 h.
763 1455 785 1479 t.
807 1447 862 1479 etfi
880 1456 910 1478 in
927 1446 986 1477 hac
1004 1446 1045 1476 le-

174 1506 267 1539 gatur
281 1506 287 1527 :
299 1495 329 1535 fi
338 1495 508 1537 pollicitatio
526 1492 572 1523 vel
581 1488 726 1533 promiffio
745 1490 843 1535 fuerit
864 1485 1045 1532 interposita:

173 1548 246 1571 nam
265 1546 323 1578 pro
340 1536 480 1572 dictione,
505 1541 653 1573 tempore
669 1531 777 1567 Severi
794 1530 823 1561 &
840 1529 993 1575 Antonini
1012 1537 1043 1574 u·

172 1580 278 1617 fitata,
299 1577 517 1609 Tribonianus
535 1583 575 1605 ex
600 1572 653 1604 usu
674 1571 716 1603 sui
733 1578 888 1611 temporis
904 1568 1045 1616 reposuit

168 1620 419 1663 pollicitationem,
453 1613 743 1655 illis⁴Principibus
770 1611 874 1644 adhuc
904 1619 1045 1650 incogni-

177 1669 260 1699 tam,
282 1661 311 1692 ἀ
329 1669 345 1690 a
362 1656 554 1690 Theodosio
576 1657 705 1688 demum
728 1653 938 1694 approbatam
957 1660 1045 1683 rece-

171 1710 326 1744 ptamque
344 1701 362 1731 l.
378 1704 408 1731 6.
434 1698 467 1730 C.
484 1700 516 1730 de
532 1698 605 1729 dotis
622 1693 810 1737 promiffioue.
851 1692 924 1740 Qua
948 1701 1046 1733 porro

171 1744 299 1776 actione
315 1742 374 1774 dos
390 1738 622 1782 pollicitatione
641 1735 791 1778 promissa
809 1743 895 1776 exigi
910 1734 1045 1772 debeat,

172 1795 191 1818 a
206 1782 397 1817 Theodosio
422 1782 454 1813 in
484 1782 513 1813 d.
537 1779 558 1813 l.
581 1783 611 1811 6.
634 1777 795 1820 proditum
824 1785 890 1808 non
912 1775 967 1807 est.
991 1773 1047 1821 fiet

172 1827 270 1868 igitur
302 1825 369 1865 eius
393 1822 517 1856 exactio
540 1819 746 1853 condietione
769 1827 810 1851 ex
834 1818 927 1865 lege:
957 1815 1048 1848 solita

173 1867 324 1907 dari,ubi
341 1874 427 1898 nova
443 1865 516 1905 lege
530 1861 709 1895 introducta
725 1860 771 1892 est
786 1858 959 1898 aCtio;nec
977 1866 1049 1904 cau-

175 1916 245 1942 tum
260 1931 270 1948 ,
304 1917 370 1948 quo
392 1915 510 1949 genere
534 1902 666 1936 actionis
689 1902 899 1945 experiamur.
928 1899 947 1930 l.
968 1907 1050 1930 unic.

176 1952 227 1984 D.
236 1952 270 1982 de
288 1948 409 1981 condiet.
426 1957 462 1979 ex
478 1947 532 1988 leg.
577 1944 666 1988 Quas
682 1943 821 1975 indicavi
837 1942 996 1978 aeliones,
1019 1949 1052 1986 o-

173 2001 268 2026 mnes
284 1990 354 2022 sunt
371 1992 401 2021 in
425 1988 614 2030 personam,
635 1985 778 2017 nondum
803 1982 933 2029 sequuta
958 1980 1053 2012 tradi-

175 2034 277 2066 tione.
300 2041 337 2063 ea
354 2030 457 2069 facta,
481 2029 502 2061 {i
519 2028 648 2070 quidem
664 2036 681 2058 a
698 2035 764 2058 non
788 2025 938 2072 domuin,
961 2031 1053 2054 com-

177 2075 259 2116 petit
276 2073 389 2105 marito
409 2070 589 2103 Publiciana
607 2070 638 2100 in
655 2077 720 2099 rem
737 2066 819 2098 aftio
836 2066 854 2096 l.
868 2075 897 2107 3.
922 2065 949 2106 ᾖ.
964 2074 990 2110 1..
1003 2064 1050 2110 D.

179 2119 213 2147 tle
229 2115 342 2148 Public.
365 2114 398 2145 in
419 2122 477 2143 rem
494 2111 551 2143 aa.
574 2120 591 2142 a
608 2109 739 2142 domino
763 2108 864 2145 faeta,
888 2116 931 2138 rei
951 2106 1053 2137 vindi-

180 2158 286 2189 catio:
310 2164 381 2196 quae
407 2155 496 2186 datur
515 2153 659 2189 domino,
692 2150 756 2182 five
779 2155 953 2189 perpetuo,
988 2146 1052 2194 sive

181 2196 370 2239 temporali:
395 2204 430 2227 ut
452 2193 701 2226 demonstratum
720 2192 766 2222 lib.
784 2193 814 2222 6.
839 2192 885 2220 tit.
913 2197 937 2220 1.
980 2186 1052 2218 Esse

181 2248 285 2271 autem
303 2237 449 2271 maritum
475 2235 559 2267 dotis
585 2235 768 2270 dominum,
792 2231 891 2263 inulta
907 2230 1051 2274 probant.

181 2290 244 2312 nec
267 2280 369 2312 minus
391 2278 490 2311 multa
521 2277 588 2318 ejus
617 2273 778 2306 dominam
801 2271 863 2303 esse
887 2271 1052 2302 mulierem

182 2321 320 2353 suadent.
361 2320 424 2352 Sed
442 2319 548 2360 plures
564 2317 706 2357 ejusdem
723 2316 767 2346 rei
783 2314 822 2360 'in
841 2313 974 2359 solidum
993 2312 1051 2357 do-

182 2364 288 2395 minos
307 2362 422 2394 eodem
439 2361 538 2392 modo
554 2357 616 2391 ess'e
628 2380 638 2396 ,
661 2357 715 2388 vix
732 2363 813 2388 ratio
835 2361 968 2395 patitur:
981 2353 1054 2398 ‘alio

185 2411 283 2444 atque
301 2404 363 2434 alio
381 2404 476 2435 modo
494 2401 641 2432 dominos
657 2397 717 2429 effe
739 2397 906 2443 plures,·a
932 2403 1054 2442 ratione

184 2445 322 2476 alienum
339 2453 404 2476 non
421 2443 475 2475 est.
498 2442 593 2483 igittir
610 2450 629 2472 e
650 2449 684 2471 re
701 2447 779 2478 erit,
802 2445 950 2484 extricari
975 2434 1056 2482 diffi-

186 2485 249 2517 cile
264 2485 403 2525 aenigma.
434 2484 484 2516 Ad
502 2484 563 2514 hoc
579 2481 720 2513 adferam
737 2479 899 2520 sequentia
913 2477 1055 2517 Justinia-

186 2528 220 2559 ni
235 2526 332 2557 verba
347 2536 387 2557 ex
403 2526 422 2557 l.
439 2535 489 2567 30.
514 2525 548 2556 C.
566 2524 594 2556 b.
612 2529 634 2555 t.
657 2522 772 2563 quibus
789 2521 851 2558 ait,
874 2519 933 2550 Res
950 2518 1056 2549 dotales

188 2569 225 2601 ab
247 2568 330 2598 initio
351 2568 449 2598 uxoris
469 2565 578 2606 fuiffe,
604 2564 640 2599 ἐξ
661 2562 838 2595 naturaliter
859 2562 892 2592 in
919 2561 1056 2602 ejusper-

189 2606 318 2655 manfiffe
331 2608 461 2638 dominio.
487 2607 565 2638 Item
584 2606 671 2638 haec:
694 2604 767 2636 Non
782 2605 858 2635 mim
874 2603 950 2644 quod
964 2601 1057 2648 legum

182 2650 347 2692 subtilitate
361 2646 497 2684 tranfitus
511 2657 610 2679 aarum
628 2649 658 2677 in
668 2646 883 2687 patrimonium
899 2645 999 2673 mariti
1013 2651 1058 2672 vz-

190 2694 295 2723 detitur
305 2689 375 2730 fieri
388 2712 398 2727 ,
422 2689 480 2719 ideo
504 2690 544 2719 rei
570 2690 680 2720 veritas
703 2687 794 2717 deleta
815 2685 861 2716 vel
875 2684 993 2730 confusa
1010 2681 1058 2728 ⁶⁷st-

189 2733 257 2766 Aut
271 2731 386 2768 fallor,
410 2736 463 2760 aut
480 2728 655 2768 Imperator
672 2727 821 2771 fignificat
833 2750 842 2765 ‚
866 2732 1013 2757 maritum
1030 2733 1061 2755 in

187 2775 246 2807 usu
258 2773 332 2813 Juris
354 2771 463 2802 haberi
481 2771 607 2809 quidem
627 2771 711 2801 dotis
734 2769 920 2805 dominum,
943 2774 975 2797 at
997 2774 1062 2797 non

192 2825 234 2848 ex
257 2822 347 2846 toto:
378 2811 430 2843 sed
454 2811 617 2843 dumtaxat
641 2812 679 2842 ad
710 2817 819 2841 certos
843 2808 1000 2846 effectus,
1033 2807 1064 2837 &

191 2857 332 2890 maxime
347 2852 488 2894 respectu
503 2849 674 2883 constantis
689 2850 893 2883 matrimonii.
911 2857 1064 2893 caeterum

192 2899 225 2930 in
241 2897 320 2929 dote
337 2894 418 2926 verti
442 2892 563 2925 causam
587 2891 709 2930 uxoris,
733 2902 798 2924 non
821 2890 890 2923 viri.
915 2890 980 2921 hoc
1008 2890 1065 2935 igi-

192 2946 246 2971 tur
263 2939 362 2970 modo
379 2937 482 2971 illam,
504 2933 582 2966 ficut
607 2931 648 2962 ab
670 2933 762 2965 initio
788 2933 897 2964 uxoris
919 2931 999 2969 fuit,
1022 2939 1066 2962 ita

192 2980 400 3017 naturaliter,
423 2978 455 3008 id
473 2974 536 3012 est,
557 2983 592 3005 re
607 2982 681 3004 vera
693 2995 714 3016 ,Π
727 2974 792 3013 ejtrs
809 2971 1065 3014 permanflss‘ez&

194 3022 285 3062 quod
301 3021 406 3061 legum
432 3015 602 3050 subtilitate
623 3014 750 3045 interim
775 3015 892 3058 transsit
915 3015 1066 3059 aliquate-

193 3071 254 3094 nus
269 3063 299 3092 in
319 3059 423 3093 mariti
441 3056 685 3099 patrimonium,
701 3064 766 3086 non
786 3056 907 3098 idcirco
921 3065 965 3087 rei
982 3064 1066 3086 veri-

194 3110 296 3134 tatem
312 3103 450 3133 deletam
468 3100 519 3132 vel
537 3095 703 3130 confusam
721 3094 831 3140 effe-in
843 3103 956 3140 toturn.
978 3096 1003 3126 is
1020 3094 1066 3127 est

194 3143 299 3176 sensus
315 3142 538 3181 Imperatoris,
560 3148 598 3171 ac
613 3147 682 3171 mea
709 3136 1065 3183 opinione-veriffimus.

191 3184 371 3228 spectemus
386 3182 483 3218 finem
500 3182 602 3216 dotis:
623 3181 649 3214 is
671 3188 740 3222 quis
756 3176 826 3213 est?
848 3177 904 3210 nisi
927 3184 964 3210 ut
979 3186 1068 3210 mari-

576 85 929 125 Gizititan1
988 79 1256 116 Nonne
1319 77 1537 116 Cottii.

1076 173 1112 198 to
1129 165 1292 208 suppetat,
1316 167 1401 200 unde
1417 168 1568 202 sustentet
1588 178 1684 203 onera
1712 173 1904 209 matrimonii
1927 178 1947 208 l.

1076 207 1128 248 5⁶·
1146 207 1178 249 ὃ.
1199 217 1226 239 1.
1251 208 1293 240 D.
1309 209 1338 243 h.
1357 215 1378 241 t.
1403 218 1500 251 porro
1519 211 1587 252 spes
1610 213 1868 246 contrabentium
1892 227 1946 248 nii-

1077 249 1160 295 ptias
1184 257 1264 294 quae‘
1280 249 1326 282 est
1347 251 1425 296 ali-a,
1455 260 1549 291 quam
1574 261 1759 294 perpetuam
1785 253 1856 287 fore
1879 266 1948 290 earn

1078 291 1361 336 coniunctionem?
1382 293 1414 324 id
1432 293 1561 333 probavi
1578 293 1667 332 supra
1686 295 1739 326 sub
1760 294 1874 328 Titulo
1898 298 1950 329 De

1077 336 1140 362 ritu
1155 332 1335 373 nuptiarum.
1359 343 1459 374 eaque
1475 335 1599 366 ratione
1615 335 1728 369 Paulus
1749 336 1768 367 l.
1782 346 1810 369 1.
1829 338 1876 369 D.
1891 339 1916 371 h.
1928 335 1948 371 i.

1079 371 1162 419 quasi
1179 380 1235 417 per
1260 373 1516 415 consequentiam
1534 377 1701 416 quamdam
1724 378 1925 411 necessariam
1939 404 1950 418 ‚

1078 413 1185 460 Dotis,
1208 415 1328 460 inquit,
1351 417 1581 459 causaperpetuii
1595 416 1652 457 est,
1675 418 1712 453 ὅ)
1728 428 1792 450 cum
1805 425 1871 451 voto
1888 422 1950 462 ejus

1079 462 1130 494 qui
1146 455 1218 492 dat,
1242 461 1285 486 tta
1301 458 1502 497 contrabitur,
1525 465 1558 490 ut
1572 463 1685 499 semper
1710 461 1788 500 apud
1811 463 1951 494 maritum

1073 493 1126 539 fit.
1168 492 1246 541 Non
1272 502 1378 541 tamen
1401 499 1585 539 ignorarunt
1603 499 1759 540 Veteres,
1789 505 1953 535 matrimo-

1080 544 1166 567 nium
1187 537 1328 567 divortio
1353 537 1433 579 saepe
1450 540 1599 580 diss'olvi3
1623 551 1729 573 morte
1753 542 1890 583 semper:
1921 546 1952 577 &

1080 584 1266 618 opportune
1283 578 1476 622 decrevere,
1501 582 1607 614 dotem
1628 584 1756 616 demum
1778 585 1886 617 valere
1910 585 1954 618 se-

1081 625 1184 664 quuto
1206 620 1426 659 matrimonio,
1450 623 1479 652 ἃ
1503 621 1607 654 soluto
1631 625 1762 656 restitui.
1790 627 1952 667 denique,

1080 665 1228 691 maritum
1251 658 1314 691 effe
1335 659 1420 692 dotis
1453 661 1641 695 dominum:
1668 674 1700 697 at
1724 675 1788 699 non
1811 667 1955 700 absolute

1080 707 1178 745 atque
1194 699 1423 747 inuniversum
1441 712 1451 741 3
1475 702 1526 734 sed
1544 712 1698 743 quatenus
1714 716 1772 747 pro
1792 709 1956 741 sublevan-

1080 742 1128 772 dis
1144 749 1337 773 matrimonii
1359 744 1509 775 oneribus
1526 753 1565 776 ex
1581 755 1615 777 re
1635 745 1733 780 dotali
1754 749 1876 782 fructus
1901 750 1955 782 suo

1084 782 1237 813 arbitratu
1260 782 1437 824 percipiat;
1460 784 1559 825 ipsum
1576 795 1705 826 quoque
1729 788 1790 821 hoc
1808 792 1893 831 quod
1917 792 1954 823 fit

1085 823 1146 854 hac
1171 823 1244 864 spe,
1267 831 1302 855 ut
1326 833 1483 870 perpetuo
1506 828 1590 867 apud
1612 836 1684 859 eum
1711 829 1767 862 dos
1792 830 1846 870 fit,
1869 834 1957 865 dixe-

1084 871 1177 909 runt,
1197 864 1309 909 dotem
1326 864 1387 898 esse
1404 868 1529 899 titulum
1548 877 1589 899 ex
1605 878 1669 909 quo
1695 870 1870 904 dominium
1896 883 1954 905 tra-

1084 905 1203 952 ditione
1219 915 1249 936 1n
1271 908 1418 940 maritum
1436 908 1620 941 transfertur
1634 910 1664 951 §.
1683 921 1733 949 40.
1757 910 1830 952 Inst-
1848 916 1881 944 cle
1896 924 1955 946 rer.

1084 948 1169 987 aivis.
1193 947 1211 976 l.
1237 957 1285 993 47.
1309 947 1338 988 ς).
1365 949 1419 980 ult.
1443 951 1491 981 l).
1509 952 1542 981 de
1567 954 1658 991 pecul.
1684 952 1759 984 sicut
1778 955 1901 995 emptio
1925 956 1956 987 ὅτ,

1085 995 1294 1033 permutatio,
1319 992 1406 1030 quod
1422 991 1469 1031 jus
1496 1000 1684 1032 perpetuum
1704 994 1897 1027 transferunt
1923 997 1956 1027 in

1085 1038 1324 1075 aceipientem,
1356 1030 1514 1064 habentui·
1538 1041 1595 1074 pro
1625 1035 1720 1066 caulis
1746 1035 1958 1068 transferendi

1085 1070 1229 1101 dominii.
1259 1080 1371 1103 contra
1395 1074 1513 1105 locatio
1530 1097 1540 1113 ‚
1570 1077 1830 1115 commodatum,
1861 1078 1890 1109 &
1915 1077 1961 1118 pi·

1085 1120 1184 1157 gnus,
1206 1112 1291 1158 quod
1309 1122 1374 1144 rem
1391 1122 1513 1146 tantum
1529 1115 1656 1147 tradunt
1670 1118 1708 1149 ad
1733 1126 1878 1159 tempus,
1903 1119 1960 1150 liu-

1082 1153 1219 1198 Jusmodi
1236 1153 1332 1200 caulis
1348 1164 1413 1186 non
1437 1165 1691 1190 annumerantur.
1733 1157 1880 1200 NecJam
1904 1161 1960 1192 im·

1085 1192 1255 1234 probabile
1273 1196 1349 1227 mihi
1371 1195 1426 1235 fit,
1450 1197 1601 1236 Paulum,
1624 1208 1698 1231 cum
1723 1199 1754 1232 in
1775 1202 1803 1232 d.
1822 1201 1840 1232 l.
1863 1206 1888 1232 t.
1916 1202 1959 1233 D.

1085 1236 1114 1266 b.
1131 1241 1153 1266 t.
1177 1236 1239 1273 ait,
1261 1235 1347 1267 dotis
1363 1238 1485 1270 causam
1504 1238 1565 1270 effe
1585 1248 1790 1280 perpetuam,
1814 1241 1960 1283 indigita-

1086 1285 1145 1314 re,
1164 1277 1272 1308 dotem
1292 1279 1392 1309 mariti
1418 1278 1486 1311 fieri
1510 1281 1688 1320 propriam:
1720 1284 1783 1323 pari
1809 1283 1960 1321 loquendi

1088 1316 1192 1364 forma
1206 1327 1267 1357 qua
1283 1319 1445 1360 proprium
1463 1330 1521 1360 pro
1540 1328 1697 1361 perpetuo
1715 1325 1798 1364 apud
1824 1323 1960 1357 Veteres

1089 1358 1171 1398 dici,
1194 1360 1336 1400 pluribus
1360 1360 1499 1392 ostendit
1522 1361 1648 1394 Servius
1673 1365 1711 1396 ad
1737 1365 1902 1406 Virgilium
1922 1366 1962 1397 E·

1089 1399 1159 1441 clog.
1179 1408 1208 1440 7.
1230 1401 1303 1445 ‘peiyss
1320 1410 1371 1442 3¹-
1415 1401 1460 1434 Ut
1477 1411 1510 1434 ut
1533 1403 1596 1442 est,
1621 1406 1767 1437 maritum
1788 1407 1961 1439 traditione

1087 1439 1154 1472 fieri
1173 1444 1258 1473 dotis
1281 1443 1464 1482 dominum,
1487 1445 1569 1475 adeo
1588 1455 1699 1477 verum
1716 1447 1779 1485 est;
1802 1449 1837 1478 ut
1852 1447 1903 1478 ille
1916 1448 1962 1479 so-

1087 1482 1134 1513 lus
1152 1484 1220 1522 Jure
1243 1483 1326 1513 civili
1351 1483 1465 1515 habeat
1482 1486 1527 1515 rei
1553 1486 1669 1517 dotalis
1690 1488 1961 1527 vindicatione-im

1086 1532 1168 1554 uxor
1183 1532 1247 1554 non
1265 1523 1378 1555 habeat
1395 1525 1414 1555 l.
1436 1533 1483 1556 11.
1506 1525 1540 1556 C.
1560 1525 1589 1556 h.
1606 1532 1628 1557 t.
1653 1527 1671 1557 l.
1687 1536 1716 1564 9.
1742 1528 1775 1559 C.
1794 1530 1827 1559 de
1840 1531 1880 1559 rei
1896 1531 1963 1560 viri-

1085 1565 1144 1610 dic.
1164 1562 1216 1595 Ne
1231 1563 1293 1595 a'lio
1309 1565 1438 1605 quidem
1457 1568 1614 1607 pertinet:
1645 1569 1733 1608 quod
1750 1568 1856 1600 servus
1875 1570 1963 1601 dota-

1086 1605 1122 1637 lis
1136 1604 1213 1651 jussu
1228 1607 1332 1650 mariti
1348 1613 1508 1647 tamquam
1531 1607 1652 1640 domini
1670 1609 1735 1641 adit
1752 1610 1963 1643 hereditatem

1087 1646 1126 1677 ab
1143 1647 1251 1686 aliquo
1266 1648 1424 1679 institutus
1443 1648 1535 1680 heres
1550 1649 1570 1681 l.
1588 1654 1638 1689 58.
1665 1650 1707 1681 D.
1727 1650 1819 1683 solut.
1835 1652 1962 1685 matrim.

1087 1687 1209 1719 Adhaec
1227 1687 1330 1728 potest
1346 1691 1476 1721 maritus
1494 1689 1617 1722 servum
1633 1690 1770 1724 dotalem
1795 1693 1965 1725 manumit-

1089 1736 1157 1760 tere
1170 1728 1198 1775 J·
1213 1739 1233 1770 3
1270 1729 1303 1762 C.
1324 1730 1352 1762 h.
1372 1736 1393 1762 t.
1419 1729 1441 1763 ss
1455 1731 1608 1763 solvendo
1625 1731 1661 1764 fit
1674 1732 1695 1764 l.
1713 1742 1762 1765 21.
1788 1734 1829 1765 D.
1853 1735 1886 1765 tie
1906 1744 1965 1767 ma·

1089 1769 1207 1810 mimiff.
1236 1779 1301 1802 non
1327 1771 1563 1805 manumissurus
1581 1796 1590 1812 ‚
1620 1773 1675 1805 nifi
1700 1775 1848 1807 domiuus
1875 1775 1963 1807 ess’et.

1089 1811 1247 1857 Praeterea
1263 1812 1361 1845 habet
1377 1815 1507 1845 maritus
1537 1814 1761 1848 alienationem
1779 1817 1824 1848 rei
1850 1817 1964 1848 dotalis

1090 1862 1156 1885 non
1180 1853 1282 1884 dicam
1307 1853 1483 1894 aestimatae,
1507 1855 1557 1887 sed
1576 1855 1787 1897 inaestimatae,
1816 1866 1964 1898 quoque:

1092 1894 1146 1926 nisi
1169 1895 1256 1935 quod
1274 1894 1365 1937 Lege
1381 1895 1461 1936 Julia
1480 1897 1666 1939 prohibetur
1682 1898 1818 1931 alienare
1831 1899 1965 1933 fundum

1093 1935 1232 1967 dotalem
1250 1935 1404 1968 Italicum.
1422 1941 1612 1978 quamquam
1629 1940 1680 1971 vel
1698 1940 1762 1971 hoc
1778 1941 1900 1981 praebet
1916 1950 1965 1972 ar-

1094 1985 1283 2019 gumentum
1300 1978 1436 2011 transsati
1453 1979 1486 2011 in
1497 1988 1569 2011 eum
1586 1981 1831 2022 dominii:quod
1842 1981 1964 2021 absque

1095 2028 1132 2050 ea
1154 2019 1226 2059 lege
1250 2018 1346 2057 esset,
1377 2021 1601 2053 alienationem
1620 2022 1690 2062 jure
1713 2023 1843 2054 dominii
1866 2022 1963 2054 habe·
2012 2019 2013 2024 ’

1095 2067 1160 2104 ret}
1183 2063 1212 2091 (t
1228 2060 1280 2091 nisi
1299 2060 1375 2092 efl‘et
1399 2062 1567 2100 dominus,
1590 2072 1628 2093 ea
1645 2063 1715 2104 lege
1740 2064 1873 2105 ejusque
1890 2074 1964 2104 pro·

1096 2101 1250 2132 bibitione
1273 2111 1336 2133 non
1361 2101 1447 2134 foret
1469 2112 1562 2142 opus.
1587 2110 1635 2144 pr.
1662 2102 1735 2144 [iifl.
1762 2105 1851 2148 Quib.
1876 2106 1962 2137 alien.

1093 2142 1203 2186 licgvel
1219 2152 1286 2174 non.
1329 2142 1392 2174 Sed
1413 2143 1558 2177 maritum
1576 2144 1638 2176 esse
1654 2146 1819 2178 dominum
1845 2147 1889 2178 rei
1909 2146 1963 2178 do-

1096 2185 1186 2222 talis,
1216 2183 1298 2215 adeo
1320 2193 1442 2216 certum
1467 2185 1531 2218 est:
1565 2194 1600 2217 ut
1623 2188 1763 2218 moriens
1789 2189 1965 2220 dominium

1096 2224 1263 2271 transferat
1284 2226 1315 2256 in
1339 2225 1510 2259 heredem:
1534 2227 1564 2259 &
1582 2237 1663 2259 uxor
1680 2227 1779 2260 soluto
1801 2232 1965 2261 matri-mo-

1095 2275 1169 2304 mo,
1189 2266 1257 2306 jure
1272 2275 1383 2298 vetere
1398 2268 1435 2299 ad
1459 2269 1735 2309 recuperationem
1753 2280 1816 2302 non
1835 2272 1878 2301 rei
1899 2270 1966 2299 viri·

1096 2308 1290 2339 dicationem
1306 2307 1441 2348 habeat;
1463 2310 1514 2341 sed
1533 2310 1688 2342 actionem
1703 2311 1747 2343 rei
1765 2309 1961 2346 uxoriae‚vel

1095 2358 1136 2380 ex
1157 2347 1303 2389 stipulatu
1320 2349 1338 2382 l.
1360 2359 1386 2381 1.
1411 2350 1453 2382 D.
1470 2352 1503 2381 de
1515 2352 1602 2390 fund.
1620 2353 1677 2384 dot.
1721 2352 1964 2393 Qualecumque

1097 2398 1204 2435 tamen
1222 2390 1256 2422 fit
1272 2391 1336 2422 hoc
1353 2392 1455 2423 mariti
1471 2393 1663 2431 dominium,
1686 2393 1769 2424 recte
1786 2400 1896 2423 monet
1911 2391 1966 2431 Ju-

1097 2432 1244 2464 stinianus
1261 2432 1280 2463 l.
1302 2441 1350 2471 30.
1373 2432 1407 2463 C.
1423 2433 1452 2465 h.
1469 2439 1492 2465 t.
1523 2442 1646 2465 tantum
1666 2434 1770 2474 legum
1794 2433 1966 2464 subtilitate

1098 2472 1267 2513 aestimari3
1297 2473 1462 2506 constante
1485 2473 1653 2515 praesertim
1677 2473 1900 2510 matrimonio,
1937 2474 1967 2505 &

1096 2514 1167 2546 fere
1184 2522 1250 2546 tum
1267 2523 1419 2554 quantum
1442 2515 1481 2547 ad
1500 2516 1549 2555 J'us
1574 2517 1684 2547 dotem
1708 2515 1851 2556 pleniore
1874 2522 1967 2555 pote-

1098 2555 1177 2587 state
1195 2555 1447 2595 administrandi,
1470 2557 1676 2587 emolumenti
1691 2556 1885 2598 percipiendi
1903 2565 1969 2596 gra-

1100 2598 1193 2628 tia.at
1210 2597 1283 2630 ideo
1301 2598 1345 2628 rei
1364 2597 1477 2628 veritas
1494 2596 1599 2629 deleta
1616 2598 1667 2629 vel
1682 2596 1813 2628 confusa
1830 2607 1893 2628 non
1911 2598 1966 2628 eli.

1099 2639 1166 2669 imo
1193 2638 1255 2676 ait,
1292 2647 1342 2669 res
1364 2638 1485 2670 dotales
1501 2639 1540 2669 ab
1564 2639 1656 2670 initio
1673 2639 1780 2670 uxoris
1804 2638 1916 2676 fuisse,
1938 2640 1969 2669 oc

1104 2679 1304 2717 naturaliter,
1326 2678 1358 2710 id
1375 2678 1437 2717 est,
1449 2679 1479 2710 vi
1497 2679 1578 2720 ipsa,
1590 2681 1656 2719 eius
1673 2679 1879 2721 permansiffe.
1899 2678 1971 2710 Nec

1104 2720 1189 2752 aliud
1203 2720 1337 2751 voluere
1347 2718 1501 2751 Veteres:
1518 2721 1629 2752 dotem
1647 2722 1789 2752 dicentes
1806 2729 1970 2761 proprium

1105 2760 1245 2793 mulieris
1262 2760 1487 2802 patrimonium
1504 2762 1523 2793 l.
1538 2772 1565 2804 3.
1590 2762 1617 2804 §.
1634 2773 1662 2801 5.
1687 2762 1728 2794 D.
1747 2764 1779 2793 de
1804 2763 1972 2793 minoribus.

1106 2804 1186 2835 item
1202 2802 1264 2834 effe
1285 2804 1315 2834 in
1331 2802 1421 2835 bonis
1439 2804 1506 2844 ejus
1522 2804 1541 2834 l.
1555 2813 1586 2842 4.
1611 2803 1654 2834 D.
1670 2805 1703 2835 de
1723 2803 1815 2834 collat.
1833 2805 1928 2834 bonor.
1953 2803 1971 2834 ii

1107 2844 1282 2884 spectemus
1306 2844 1344 2875 ad
1359 2843 1492 2876 effectus
1516 2845 1628 2885 quibus
1645 2844 1689 2876 illi
1707 2845 1809 2876 solent
1827 2854 1877 2875 res
1899 2843 1976 2875 cesti·

1107 2894 1210 2924 mare,
1233 2885 1375 2926 neglecta
1399 2885 1570 2918 subtilitate
1592 2885 1685 2917 inani.
1736 2885 1874 2917 Primum
1899 2893 1977 2916 con·

1107 2926 1186 2965 stat,
1214 2925 1323 2958 servos
1345 2927 1490 2966 dotales,
1520 2926 1675 2968 quidquid
1696 2926 1888 2967 adquirunt,
1910 2934 1976 2956 mu-

1108 2969 1175 3000 lieri
1190 2967 1376 3007 adquirere,
1398 2978 1462 3000 non
1481 2970 1621 3001 marito:
1645 2976 1854 3009 praeterquam
1877 2976 1918 2998 ex
1938 2975 1973 2997 o-

1107 3009 1191 3051 peris
1209 3009 1285 3048 suis,
1308 3016 1361 3041 aut
1379 3019 1419 3041 ex
1436 3019 1469 3042 re
1486 3010 1589 3042 mariti
1605 3010 1626 3041 l.
1645 3018 1691 3046 19.
1713 3009 1743 3050 §.
1765 3018 1791 3040 1.
1809 3008 1859 3040 D.
1874 3010 1909 3038 de
1929 3015 1979 3045 pe·

1107 3050 1166 3082 cul.
1189 3050 1276 3090 l.'65.
1301 3050 1343 3082 D.
1362 3051 1390 3083 b.
1407 3057 1429 3082 t.
1453 3061 1519 3083 non
1536 3051 1595 3082 alia
1613 3050 1755 3088 ratione,
1779 3057 1873 3090 quam
1890 3048 1978 3084 Quod

1108 3090 1238 3124 maritus
1254 3092 1387 3123 babetur
1404 3091 1482 3124 servi
1500 3092 1612 3124 dotalis
1633 3091 1799 3127 dominus,
1821 3097 1979 3130 quatenus

1109 3134 1231 3165 fructus
1248 3133 1400 3175 percipit:
1423 3135 1504 3165 ultra
1528 3132 1665 3165 mulieris
1686 3133 1733 3172 jus
1756 3130 1818 3178 5³st:
1856 3132 1905 3162 Ab
1930 3140 1979 3161 ea-

1110 3175 1185 3208 dem
1197 3174 1288 3207 causa
1304 3175 1433 3208 maritus
1447 3176 1593 3215 arbores,
1616 3175 1636 3207 si
1655 3182 1730 3214 quas
1754 3181 1786 3204 in
1802 3174 1906 3205 tundo
1924 3173 1980 3203 do·

1936 3220 1981 3242 ta-
