2036 3495
150 103 216 144 198
573 90 607 128 'G
637 103 658 127 E
692 99 715 124 R
749 100 770 125 A
801 100 823 124 a
856 98 880 122 D
913 91 926 121 1

152 188 269 220 dicitur
279 182 449 225 corrupisse
465 182 601 214 uxorem
617 179 718 211 suam:
734 186 793 224 pro
803 177 911 209 uxoris
925 175 942 208 s
939 186 984 208 uae
1001 185 1031 207 a-

153 230 272 261 nimum
290 238 306 259 a
319 226 452 258 Nerone
469 232 536 254 eam
549 229 675 252 amante
686 243 695 259 ,
711 220 873 251 alienass'e:
889 220 978 259 quod
994 219 1033 250 ad

154 280 227 302 eum
244 271 350 300 locum
367 265 550 296 observavit
560 260 764 293 Torrentius.
788 260 897 293 Verba
910 260 1011 298 reditu
1023 283 1033 299 ‚

153 313 193 343 de
218 310 343 341 astione
371 307 447 337 servi
466 304 609 344 corrupti
628 302 658 334 in
675 303 694 334 l.
718 313 741 334 1.
762 303 811 334 D.
830 302 857 333 b.
876 308 896 334 t.
922 303 961 333 ab
978 300 1033 333 Ul-

155 353 251 393 piano
276 350 347 380 talia
368 346 574 379 adferuntur:
599 344 944 388 Quiservumservam‚
969 344 1024 374 alie

155 402 227 424 num
239 415 247 430 ‚
265 391 388 421 alienam
399 412 407 427 ,
425 386 571 428 recepzffe,
585 383 785 427 perluafiffeve
797 387 868 427 quid
882 386 907 416 ei
924 386 1037 416 dicetur

156 434 217 465 dolo
236 432 309 463 malo
328 441 383 472 quo
400 439 465 461 eum
483 439 545 460 eam
570 429 734 459 deteriorem
749 427 886 467 fuceret,
907 429 938 458 in
954 436 1036 464 eum,

156 474 263 516 quanti
277 483 309 504 ea
327 482 371 503 res
389 472 463 510 erit,
484 471 516 501 in
533 469 653 511 duplum
662 470 809 510 judicium
827 469 908 499 dabo.
933 467 1038 500 Prima

155 514 219 547 erit
232 513 406 555 inspectio,
431 511 559 553 quando
586 512 693 541 locum
719 510 836 541 habeat
853 509 922 540 haee
941 509 1035 541 actio.

154 564 291 596 apparet
308 562 435 593 autem,
460 553 603 594 promitti
630 562 646 583 a
664 551 824 589 Praetore,
848 550 869 583 fi
889 551 960 591 quis
975 551 1037 582 ani-

154 607 242 631 mum
260 597 354 628 alieni
372 595 451 627 servi
463 619 472 634 ,
489 603 541 626 aut
559 593 671 627 alienae
689 593 786 624 servae
802 592 977 633 corrupisse
995 590 1038 623 di-

156 647 247 671 catur
266 647 339 670 eum
357 637 566 678 recipit-ndo,
590 643 643 666 aut
667 635 696 666 ei
718 635 795 675 quid
818 633 1039 675 persuadendo

156 681 237 713 ‹iolo
256 681 341 712 malo
354 688 440 719 ,quo
461 688 533 710 eum
556 677 749 709 deteriorem
767 675 899 707 faceret.
920 674 1037 715 Loqui-

156 729 208 754 tur
236 721 333 764 igitur
359 721 482 753 Praetor
509 720 548 750 de
572 727 726 756 corrupto
746 718 839 748 servo
863 725 916 748 aut
942 716 1039 748 serva.

156 762 266 805 Quid,
288 762 308 795 fi
327 771 496 802 corruptus
516 761 638 792 dicatur
655 758 875 791 filiusfamilias
894 767 947 790 aut
964 758 1040 790 filia·

156 805 318 838 familias?
343 811 498 844 quatenus
524 804 640 833 attinet
660 804 698 832 ad
718 801 834 840 verba3
857 799 953 831 cessat
973 801 1041 830 baec

156 847 344 888 affloequia
358 846 412 886 (ut
425 844 537 875 Paulus
548 844 591 874 ait
604 843 621 874 l.
635 853 680 881 14.
692 842 718 884 §.
734 852 757 873 1.
774 843 801 872 b.
814 843 855 882 t.)
879 842 957 872 servi
969 851 1040 872 cor-

156 891 242 929 rupti
261 887 434 918 constituta
444 884 489 917 est
500 885 601 917 actio:
625 886 657 916 id
668 886 731 921 est,
755 883 959 924 quiaPraetor
975 892 1041 914 non

157 929 256 967 dixit,
267 928 333 972 Qui
351 925 847 965 filiumfamilias,filiamfamiiias
859 948 869 963 ,
885 925 1040 963 alienum,

156 972 311 1009 alienam3
335 970 386 1001 sed
404 969 457 1009 qui
474 968 620 1006 servum,
638 967 778 1006 servam,
793 967 951 1003 alienum,
968 967 1040 997 alie-

157 1023 240 1045 nam.
270 1012 311 1043 Et
329 1011 392 1043 fuit
410 1009 541 1043 Praetori
562 1011 659 1042 ratio:
684 1018 777 1048 quam
795 1008 910 1049 allegat
929 1007 1039 1039 Paulus

158 1056 185 1087 cl.
197 1055 224 1096 ἓ.
245 1063 267 1086 1.
287 1054 375 1094 quod
388 1053 413 1084 is
430 1054 460 1084 in
471 1051 668 1093 patrimonio
684 1050 793 1082 nostro
805 1049 901 1088 effet,
919 1049 947 1079 ἃ
965 1058 1039 1089 pau-

158 1097 321 1138 periorem
339 1094 368 1126 se
383 1094 502 1126 factum
519 1093 582 1125 esse
598 1093 745 1125 dominus
763 1092 898 1132 probare
916 1089 1038 1130 potest,

160 1137 316 1179 dignitate
333 1137 362 1168 δι
378 1135 463 1168 fama
479 1136 594 1168 domus
613 1136 738 1175 integra
756 1141 916 1165 manente.
947 1131 977 1163 Si
996 1140 1039 1162 ta-

159 1188 233 1212 men
253 1187 360 1220 pater,
376 1185 531 1219 corrupto
547 1176 614 1208 filio
631 1184 684 1207 aut
702 1175 784 1213 filia,
804 1173 951 1206 sustineat
969 1182 1040 1214 age-

159 1231 213 1260 re,
230 1220 376 1262 neglecta
394 1220 509 1251 domus
527 1217 613 1250 fama
628 1218 659 1249 ἃ
675 1217 848 1258 dignitate:
864 1224 929 1246 non
948 1216 1039 1246 inter·

160 1263 248 1295 cedit
270 1263 402 1300 Paulus,
418 1270 484 1301 quo
502 1260 604 1292 minus
621 1258 759 1290 ceffante
776 1257 901 1289 actione
924 1256 1043 1288 diretta

161 1314 202 1336 ex
218 1304 322 1336 Editti
347 1303 472 1341 verbis,
496 1302 599 1334 adhuc
623 1300 691 1332 utili
717 1300 900 1341 experiatur
917 1306 958 1329 ex
977 1298 1043 1338 eius

160 1346 328 1377 sententia.
352 1344 393 1376 Et
403 1351 517 1375 movet
536 1342 664 1375 Paulum
680 1340 812 1382 sequens
830 1340 932 1372 ratio:
950 1338 1042 1382 Quo-

161 1388 246 1420 niam
258 1386 387 1419 interest
399 1385 503 1417 nostra
514 1386 652 1416 animum
669 1383 843 1415 liberorum
860 1380 1043 1413 nostrorum

161 1437 228 1462 non
238 1428 420 1468 corrumpi;
437 1428 533 1467 idque
544 1425 656 1456 officio
673 1424 793 1465 judicis
808 1423 963 1455 aestimari.
981 1422 1044 1454 Sed

164 1481 231 1511 quo
248 1470 373 1502 niodo?
390 1468 497 1500 Lubet
516 1466 695 1499 adscribere
711 1475 752 1497 ex
769 1465 912 1503 Graecis,
929 1463 1045 1503 Bafilioe

164 1513 213 1544 lib.
229 1517 279 1543 60.
300 1512 346 1542 tit.
364 1514 392 1542 6.
413 1516 478 1541 tom.
497 1518 525 1549 7.
541 1515 571 1549 p.
591 1517 661 1549 203.
679 1507 722 1539 lit.
747 1506 788 1538 U.
811 1506 947 1538 Scholio
960 1507 998 1537 ad
1014 1507 1041 1536 h.

163 1555 214 1586 loc.
231 1553 321 1593 quod
338 1550 487 1592 sequitur.
512 1549 608 1594 Quale
624 1551 654 1580 id
663 1550 739 1589 quod
754 1546 871 1589 interest
887 1549 954 1580 binc
964 1546 1045 1588 fingi

159 1594 274 1638 potest?
296 1600 365 1632 pone
390 1593 561 1624 morientem
584 1593 728 1633 quendam
746 1589 826 1629 filios
842 1599 914 1622 meos
933 1589 1045 1620 heredes

163 1635 318 1678 instituiffe
333 1636 385 1671 lub
401 1634 581 1670 conditione,
597 1631 627 1671 fi
642 1634 719 1664 bonis
735 1634 861 1663 moribus
877 1631 992 1672 praediti
1009 1629 1046 1663 &⁹

158 1680 242 1721 patri
260 1678 394 1718 morigeri
401 1676 520 1716 fuerint
532 1698 541 1714 ,
558 1674 594 1709 δι’)
613 1675 661 1705 hos
677 1675 820 1715 quendam
837 1672 990 1713 corrupiffe
1008 1671 1045 1705 ὦ)

164 1727 346 1752 contumaces
363 1717 532 1756 reddidiffe:
546 1723 633 1756 arque
642 1716 686 1747 ita
700 1716 891 1747 conditionem
907 1713 1044 1754 defeczſje.

163 1769 231 1803 aget
255 1770 319 1802 ergo
340 1766 425 1800 pater
448 1758 515 1790 utili
538 1756 648 1789 afflone
671 1756 809 1791 adversus
833 1761 1043 1795 corruptorem,

165 1804 204 1840 ὃ)
224 1809 410 1843 consequetur
434 1798 650 1839 aestimationem
676 1797 863 1839 ususfrufiius
880 1799 1046 1828 hereditatis

166 1855 250 1888 quem
260 1843 318 1882 fibi
333 1841 501 1884 qutefiiffertt
524 1840 598 1880 filii,
615 1839 645 1879 fi
660 1840 771 1871 heredes
787 1838 953 1879 extitiffent.
997 1838 1049 1869 Sic

166 1885 361 1920 scholiastes
378 1884 528 1916 Graecus:
553 1881 609 1914 etfi
624 1891 691 1913 non
707 1882 808 1920 male3
825 1890 931 1912 tamen
950 1880 1048 1921 magis

168 1938 211 1961 ex
236 1927 288 1959 usu
312 1927 467 1968 temporis
483 1948 493 1963 ‚
517 1923 722 1966 posterioris,
747 1932 842 1963 quam
868 1921 970 1954 Pauli:
997 1923 1050 1953 cui

168 1971 334 2011 cognitum
350 1978 415 2001 non
433 1967 496 1999 fuit
512 1965 673 2007 peculium
688 1965 910 1996 adventitium.
930 1999 933 2002 Α

213 2007 312 2053 igitur
331 2010 473 2050 loquitur
490 2007 612 2039 Praetor
628 2007 667 2039 de
686 2006 777 2038 servo
794 2007 824 2038 &
843 2006 938 2037 serva.
978 2003 1051 2036 Nec

171 2053 286 2086 frustra
302 2052 390 2084 addit
401 2076 411 2090 ‚
428 2052 569 2083 Alienum
580 2073 589 2088 ,
606 2049 739 2080 alienam.
758 2047 840 2079 Nam
858 2046 987 2078 interest
997 2049 1052 2077 do-

172 2096 270 2132 miui,
286 2104 327 2126 ne
344 2094 384 2125 ab
401 2094 463 2125 alio
481 2099 704 2131 corrumpatur
721 2090 786 2130 ejus
804 2089 910 2120 servus
921 2096 975 2120 aut
992 2086 1051 2118 ser-

173 2147 223 2170 va.
247 2145 278 2167 at
295 2135 315 2167 fi
334 2135 398 2176 ipse
415 2134 500 2166 suurn
517 2133 640 2164 servum
652 2155 662 2171 ‚
680 2130 807 2163 suamve
824 2133 943 2162 servam
955 2153 965 2169 ,
981 2139 1051 2160 cor-

173 2187 321 2218 rumpat:
345 2186 409 2208 non
427 2173 556 2207 interest
572 2173 720 2212 alterius,
744 2174 776 2204 id
792 2182 857 2204 non
874 2170 953 2203 fieri.
975 2171 1052 2211 quid

173 2221 195 2253 fi
215 2229 276 2252 nec
294 2219 372 2251 dolo
389 2219 472 2250 malo
489 2215 599 2248 fecisse
615 2216 733 2247 dicitur
751 2214 917 2246 dominus:
932 2213 978 2244 rei
994 2211 1052 2243 suae

174 2263 270 2294 etiam
296 2263 327 2292 in
352 2260 517 2291 abutendo
534 2258 720 2289 moderator
737 2256 767 2288 δὲ
790 2257 907 2287 arbiter
921 2255 938 2286 l.
955 2264 1002 2286 21.
1021 2254 1054 2285 C.

175 2302 347 2336 Ilffandatz'?
361 2303 429 2341 J'ure
445 2300 540 2341 igitur
557 2300 644 2339 egit3
660 2307 721 2330 nec
736 2305 863 2329 tenetur
879 2298 939 2328 hac
956 2297 1040 2327 attio

174 2355 224 2377 ne.
251 2346 339 2377 Idem
356 2343 527 2376 dicendum
544 2340 605 2372 est:
619 2339 641 2372 fi
656 2340 726 2381 quis
737 2340 916 2380 corruperit
930 2337 1055 2369 servum

176 2396 194 2417 a
212 2387 240 2417 se
256 2387 342 2417 bona
359 2385 423 2418 fiee
440 2382 618 2425 poffeffum.
643 2391 714 2413 narn
732 2380 761 2413 &
777 2381 848 2419 hic,
866 2380 922 2412 etfi
939 2389 1003 2411 non
1020 2379 1057 2410 iit

177 2428 342 2466 dominus,
366 2436 424 2466 pro
439 2426 572 2459 domino
588 2423 740 2455 habetur:
764 2432 871 2463 eoque
889 2431 949 2453 nec
969 2422 1055 2453 vide-

178 2477 229 2500 tui·
247 2479 339 2509 agere
357 2469 435 2500 dolo
462 2467 566 2505 malo,
589 2473 799 2506 corrumpens
816 2466 939 2496 servum
958 2472 1054 2503 quem

179 2518 269 2550 putat
286 2510 346 2541 esse
363 2510 457 2541 suurn.
482 2508 563 2541 Haec
577 2516 648 2540 mea
665 2507 755 2538 ratio.
773 2506 831 2538 alia
851 2504 978 2546 Ulpiani
995 2505 1014 2535 l.
1029 2513 1054 2535 1.

179 2552 207 2594 §‚
230 2561 255 2582 1.
272 2553 299 2582 b.
319 2558 340 2581 t.
364 2552 384 2583 fi
402 2560 478 2583 vera
497 2550 541 2582 est
560 2549 628 2581 haec
645 2547 814 2589 scriptura:
831 2546 895 2590 Qui
914 2545 1057 2586 bonafide

171 2593 293 2635 Jbrvum
307 2594 391 2630 emit,
408 2594 457 2624 boe
474 2590 577 2624 Editio
594 2600 651 2622 non
667 2591 810 2621 tenebitur
823 2600 833 2620 .·
849 2589 920 2630 quia
937 2598 988 2619 nec
1002 2589 1058 2627 ipse

175 2635 284 2677 poterit
305 2635 385 2671 servi
407 2635 536 2674 corrupti
557 2641 658 2674 agere:
683 2633 752 2674 quia
773 2631 848 2662 nibil
864 2631 924 2672 ejus
941 2626 1059 2668 interest

174 2679 299 2717 servum
308 2684 366 2705 non
375 2676 527 2715 corrumpi.
551 2674 611 2706 Sed
623 2673 699 2706 mihi
712 2672 849 2712 suspecta
859 2671 923 2703 est:
938 2671 1041 2702 scribo
1050 2693 1061 2709 ,

182 2718 248 2763 Qui
263 2718 336 2748 bona
348 2715 410 2755 fide
425 2717 538 2751 servum
554 2717 642 2754 emit,
658 2717 709 2747 boc
728 2713 832 2746 Editio
845 2723 902 2745 nort
920 2714 1061 2744 tenebitur

183 2769 235 2791 nec
258 2759 314 2798 ipse
335 2757 439 2797 poterit
450 2757 531 2797 servi
547 2759 676 2798 corrupti
693 2766 787 2798 agere.
818 2755 934 2795 Juvant
952 2753 1059 2785 Graeci

184 2800 301 2840 Bafilic.
320 2800 366 2830 lib.
383 2803 434 2831 60.
450 2800 496 2828 tit.
511 2802 540 2829 6.
556 2806 621 2830 tom.
637 2807 666 2839 7.
684 2806 751 2840 pag.
775 2802 843 2836 184.
862 2798 905 2828 ita
923 2796 1058 2828 redden-

183 2850 254 2882 t'es,
278 2840 420 2872 Fabroto
438 2840 633 2879 interprete:
658 2840 721 2883 Qui
740 2838 886 2879 bonafide
902 2839 990 2876 emit,
1012 2847 1059 2868 ne-

206 2895 241 2916 ue
256 2884 428 2919 convenire,
450 2890 540 2921 neque
563 2884 710 2913 conveniri
725 2879 812 2921 potest
828 2880 904 2917 servi
922 2880 1059 2920 corrupti.

182 2895 279 2960 {lura
303 2924 400 2961 naulo
425 2921 506 2963 post.
549 2921 595 2952 Sit
620 2931 703 2953 nunc
719 2921 824 2953 fimilis
843 2921 1001 2953 dubitatio
1019 2921 1059 2953 de

185 2967 384 3001 hereditario
400 2964 513 3003 servo,
535 2961 612 2999 firab
631 2963 736 3002 aliquo
753 2963 789 2994 fit
801 2988 810 3001 ‚
825 2964 951 3003 jacente
971 2963 1060 2994 here-

186 3012 305 3046 ditate,
329 3014 508 3047 corruptus.
552 3003 615 3034 Vix
633 3005 716 3035 enirn
736 3005 840 3043 potest
858 3005 919 3036 dici
936 3003 1059 3036 alienus

186 3062 253 3085 non
279 3050 400 3081 habens
424 3047 600 3080 dominum.
623 3045 684 3085 jam
707 3045 795 3084 cujus
820 3045 968 3084 interest,
991 3055 1058 3078 non

187 3093 351 3132 corrumpi
370 3099 443 3123 eurn
461 3088 513 3133 qui
528 3087 564 3119 fit
580 3085 703 3119 nullius.
735 3087 826 3116 datur
844 3096 921 3117 vero
940 3088 1008 3119 baec
1026 3097 1057 3119 a·

187 3136 252 3167 &io
270 3135 298 3165 ei
316 3134 403 3172 cujus
420 3129 559 3164 interest.
602 3129 656 3162 Ait
674 3123 954 3173 tamenbUlpianus
970 3129 990 3160 l.
1010 3136 1059 3171 13⁴.

187 3178 217 3219 ς,
235 3186 255 3208 ι,
270 3175 298 3206 h.
311 3180 332 3205 t.
355 3173 377 3205 si
394 3174 463 3214 quis
482 3172 604 3204 servum
621 3170 844 3202 hereditarium
862 3171 1060 3209 corruperit,

184 3219 247 3252 hae
263 3216 389 3249 actione
407 3215 510 3248 teneri
529 3223 613 3247 eum.
640 3220 778 3252 nempe,
799 3209 872 3251 quia
885 3209 991 3250 jacens
1006 3209 1061 3242 he-

985 86 1253 123 NoonT
1310 86 1528 125 Cottii.

1074 176 1191 223 reditas
1207 178 1335 211 interim
1354 177 1484 220 fingitur
1499 178 1638 210 domina.
1669 185 1822 220 praeterea
1846 166 1952 222 potest

1075 219 1120 250 illi
1137 219 1342 261 noceriquafi
1354 223 1492 252 dominae
1504 243 1514 259 ‚
1531 220 1717 258 recipiendo
1735 222 1799 261 ejus
1819 221 1956 262 servum,

1077 268 1131 291 aut
1149 261 1180 292 ei
1190 261 1411 301 persuadendo
1429 263 1506 301 quid
1524 262 1601 293 dolo
1618 263 1716 294 malo.
1739 264 1828 294 addit
1846 262 1958 304 Ulpia.

1079 311 1156 339 nu3‚
1179 310 1251 334 eum
1278 303 1331 344 qui
1359 303 1481 335 sertum
1509 304 1735 335 hereditarium
1756 304 1954 346 corruperit,

1080 342 1204 384 insuper
1221 344 1405 377 hereditatis
1424 346 1583 386 petitione
1611 347 1712 376 teneri
1732 346 1816 385 quasi
1832 346 1956 386 praedoa

1080 393 1170 430 nern:
1193 387 1328 426 opinor,
1353 387 1461 428 politis
1479 387 1640 425 terminis,
1665 387 1814 427 petitioni
1835 387 1959 420 heredi-

1081 434 1155 470 tatie
1181 429 1462 473 convenientibus.
1487 428 1648 468 subjicitur
1672 428 1702 460 in
1721 429 1740 459 l.
1765 438 1810 468 14.
1834 436 1958 463 tantuin

1082 476 1192 513 venire
1207 477 1238 499 in
1249 468 1434 506 hereditatis
1446 471 1637 510 petitionem
1648 493 1657 508 ‚
1669 471 1865 511 quantumin
1875 470 1959 503 hanc

1080 508 1250 540 athonem.
1300 510 1439 542 Obtinet
1464 514 1559 553 igitur
1586 511 1665 542 servi
1691 511 1835 551 corrupti
1857 512 1959 554 actio,

1080 558 1241 596 corrupto*
1254 550 1345 596 servo
1362 553 1476 584 alieno.
1524 553 1576 584 De
1599 553 1763 585 communi
1782 554 1959 587 videamus.

1082 600 1178 637 ecce:
1203 591 1315 632 aliquis
1333 595 1477 635 corrupit
1494 595 1615 627 servum
1632 597 1739 627 mcum
1754 594 1783 625 δε
1801 593 1897 627 suum.
1918 595 1962 631 ait

1086 632 1239 679 Ulpianus
1256 634 1275 664 1.
1292 634 1367 679 9:1³·
1385 638 1406 666 t.
1432 637 1514 676 apud
1527 637 1687 677 Julianum
1705 636 1823 677 quaeri3
1846 639 1886 668 an
1901 634 1962 670 hae

1083 674 1209 706 achone
1232 683 1333 706 teneri
1362 676 1483 715 poffit?
1504 677 1579 709 facit
1597 678 1851 710 dubitationem:
1873 677 1962 718 quod

1083 716 1127 747 est
1139 725 1198 755 pro
1215 724 1304 756 parte
1321 717 1396 757 ejus.
1417 718 1469 750 sed
1486 718 1532 750 est
1543 729 1672 760 quoque
1689 729 1746 761 pro
1759 727 1846 760 parte
1862 728 1976 752 mensa
2020 721 2022 740 ¹

1083 758 1160 798 quid
1179 756 1362 798 Ulpianus?
1377 758 1535 799 Julianum
1554 767 1682 801 putare,
1699 765 1772 792 eum
1792 762 1894 792 teneri
1911 761 1959 792 so-

1084 809 1148 844 cio.
1175 799 1274 838 Socz‘o,
1291 801 1438 841 inquam:
1455 803 1622 842 quomodo
1637 801 1808 834 Florentiae
1824 803 1963 843 legitur,⁴

1085 841 1256 887 licet'aliaa
1276 842 1407 881 edatur,
1425 849 1478 883 pro
1488 843 1579 882 socio.
1608 845 1729 884 poterit
1748 844 1844 885 igitur
1859 845 1964 876 socius'

1085 891 1159 914 cum
1183 881 1272 913 foelo
1295 892 1389 923 agere
1413 893 1455 915 eo
1482 885 1630 923 nomine,·
1654 885 1742 924 quod
1767 884 1963 918 deteriorem

1086 923 1166 956 fecit
1184 932 1391 957 communem
1410 926 1552 958 servum:
1577 927 1849 966 quemadmodum
1865 926 1909 958 illi
1927 927 1962 958 li·

1087 974 1142 1010 cet
1157 975 1251 1006 agere
1268 975 1341 998 cum
1361 967 1508 1007 quolibet
1525 967 1578 1007 qui
1606 977 1672 999 rem
1691 976 1896 999 communem
1913 969 1967 1000 de-

1085 1015 1236 1039 teriorem
1255 1006 1336 1039 secit
1354 1008 1372 1039 l.
1388 1018 1434 1041 10.
1454 1009 1500 1040 D.
1517 1010 1550 1039 de
1565 1009 1662 1040 noxal.
1681 1008 1737 1040 att.
1761 1008 1814 1040 Est
1831 1008 1863 1040 id
1887 1018 1964 1048 prae-

1084 1050 1189 1093 sertim
1209 1058 1341 1094 verum3
1357 1049 1378 1081 fi
1398 1049 1499 1081 socius
1514 1052 1658 1090 corrupit
1675 1050 1809 1082 servum.
1833 1050 1928 1089 quid,
1944 1044 1967 1083 fi

1083 1090 1232 1130 recepit?
1258 1092 1384 1122 Vldetur
1401 1091 1556 1123 dubitass'e
1571 1092 1718 1132 Julianus.
1743 1091 1795 1123 sed
1814 1092 1966 1130 [ulpianus

1083 1140 1193 1172 putat,
1218 1130 1239 1163 fi
1265 1133 1390 1164 celandi
1415 1134 1522 1165 animo
1549 1133 1702 1174 suscepit,
1726 1132 1815 1174 posse
1833 1132 1966 1165 defendi

1084 1183 1158 1204 eum
1176 1174 1279 1204 teneri
1295 1176 1322 1205 d.
1339 1175 1357 1205 l.
1377 1184 1407 1211 9.

1110 1214 1255 1262 *Deinde
1271 1216 1313 1246 ait
1325 1216 1464 1247 Praetor:
1483 1215 1624 1257 Recepiffe
1636 1215 1839 1257 persuafiffeve
1855 1216 1926 1258 qnid
1941 1214 1968 1247 ei

1085 1257 1197 1288 dicetur
1206 1257 1269 1301 dolo
1281 1258 1353 1288 malo
1364 1280 1373 1296 ,
1389 1267 1444 1299 quo
1459 1267 1524 1289 eum
1543 1261 1706 1289 deteriorem
1715 1260 1841 1297 faceret.
1865 1255 1967 1290 Hisce

1086 1299 1192 1330 verbis
1208 1298 1326 1330 indicat
1344 1298 1464 1330 Praetor
1481 1298 1643 1340 duplicem
1666 1299 1805 1331 formam
1824 1308 1966 1331 corrum-

1086 1340 1183 1380 pendi
1210 1340 1309 1372 lervi:
1333 1349 1393 1371 una
1416 1340 1461 1372 est
1485 1340 1564 1372 servi
1589 1342 1756 1382 receptio,
1778 1342 1875 1372 altera
1897 1350 1969 1378 per-

1087 1380 1193 1412 suafio.
1218 1382 1258 1412 de
1284 1390 1418 1423 utraque
1447 1382 1489 1414 fic
1513 1382 1668 1419 Ulpianus
1695 1383 1714 1414 1.
1737 1392 1763 1414 1.
1780 1383 1810 1425 ἓ.
1828 1393 1855 1415 2.
1880 1381 1969 1426 Quod!

1086 1429 1182 1454 autem
1199 1423 1312 1454 Praetor
1325 1425 1368 1454 ait
1379 1447 1389 1462 ,
1414 1423 1581 1464 Recepisse
1592 1449 1601 1463 ‚
1625 1426 1667 1456 ita
1684 1426 1860 1464 accipimus‚·
1876 1423 1967 1464 fisu-

1086 1465 1204 1505 [ceperit
1221 1467 1345 1501 servunt
1370 1466 1497 1496 alienum
1517 1467 1617 1504 adse:
1640 1466 1676 1500 &²
1692 1464 1731 1505 el}
1746 1469 1858 1506 proprie
1878 1466 1968 1498 Reci-

1089 1515 1166 1546 pere
1177 1529 1187 1544 ‚
1205 1507 1354 1548 refugium
1371 1508 1561 1540 abscondendi
1574 1507 1660 1544 causa
1670 1505 1905 1548 servispra‘stire
1921 1507 1968 1537 vel

1087 1549 1120 1578 in
1132 1550 1184 1585 suo
1202 1556 1272 1588 agro
1297 1548 1343 1578 vel
1365 1549 1396 1579 in
1412 1548 1502 1579 alieno
1520 1549 1577 1579 loco
1594 1547 1757 1587 aedificiove.
1803 1548 1968 1580 haetenus

1088 1589 1174 1620 reete
1192 1588 1362 1629 Ulpianus:
1384 1589 1435 1620 sed
1457 1594 1543 1630 quod
1560 1590 1590 1620 in
1610 1588 1637 1630 §.
1658 1599 1683 1630 3.
1707 1595 1808 1629 porro*
1824 1589 1969 1630 subjicit,

1088 1638 1174 1661 caret
1191 1629 1288 1661 sensu.
1333 1631 1438 1662 Verba
1457 1632 1604 1671 Ulpiani:
1628 1631 1804 1668 Persuadere
1818 1639 1913 1663 autem
1929 1628 1970 1672 est

1085 1672 1173 1713 plus,
1196 1682 1284 1713 quam
1301 1673 1445 1712 compelli,
1468 1682 1556 1714 atque
1572 1672 1705 1711 sogistbi
1718 1680 1828 1713 parere.
1862 1673 1971 1706 Corri-

1088 1723 1132 1755 go
1149 1714 1178 1745 dc
1196 1713 1317 1745 scribo:
1346 1714 1520 1754 Persuadere
1537 1722 1633 1746 autem
1648 1712 1704 1756 est,
1718 1715 1785 1755 plus
1801 1717 1888 1757 quom
1903 1716 1974 1753 fua-i

1089 1758 1172 1786 dere:
1193 1757 1362 1797 persuadere
1378 1757 1455 1787 enim
1470 1755 1510 1796 esi
1521 1780 1530 1794 ‚
1550 1756 1708 1797 compellere
1723 1762 1808 1797 atque
1823 1767 1919 1799 cogere
1929 1755 1972 1795 fi·

1089 1798 1230 1836 biparert'.
1257 1795 1384 1836 Nempe
1401 1798 1584 1838 praepolitio
1597 1822 1605 1836 ‚
1623 1798 1697 1837 Per,
1714 1799 1833 1838 adjecta
1849 1799 1951 1830 verbo
1961 1821 1976 1838 ‚A

1092 1838 1236 1878 Suadere,
1260 1848 1355 1881 auget
1372 1839 1437 1880 ejus
1453 1839 1727 1881 significationem.
1754 1841 1904 1881 Auplejus
1923 1840 1975 1871 lib.-

1099 1890 1144 1912 1x.
1169 1880 1362 1921 Metamorpb.
1388 1889 1420 1921 p.
1450 1886 1516 1922 176.
1545 1881 1673 1913 onrem
1688 1882 1751 1923 ejus
1768 1883 1854 1913 tacite
1870 1880 1970 1920 suasi,

1093 1932 1127 1953 ac
1143 1923 1265 1964 denique
1277 1922 1415 1963 persuasi.
1455 1923 1534 1954 item
1558 1924 1717 1965 Apologia,
1734 1931 1765 1964 p.
1787 1933 1857 1964 321.
1885 1921 1971 1960 Sitofi

1093 1965 1180 1995 uxori
1196 1974 1278 2002 mete,
1295 1965 1378 2006 cujus
1389 1989 1398 2003 ,
1415 1971 1449 1996 ut
1464 1963 1512 2004 isti
1529 1965 1634 2005 ajunt,
1648 1966 1713 2006 jam
1729 1965 1878 2005 universas
1897 1965 1971 2003 opeis

1094 2012 1331 2042 transvoraram3
1352 2006 1449 2043 lilasi,
1471 2008 1610 2048 iuquam,
1634 2016 1669 2037 ac
1693 2007 1813 2048 (leuique
1830 2004 1971 2047 persuasi.

1094 2047 1205 2079 Simile
1221 2047 1317 2079 etiam
1333 2048 1364 2079 in
1385 2048 1489 2079 verbis
1507 2049 1574 2079 aliis
1591 2047 1759 2079 observare
1782 2048 1868 2079 licet.
1916 2047 1972 2078 Ul-

1096 2088 1206 2129 pianus
1229 2088 1272 2120 iic
1287 2088 1453 2131 perfeciffie,
1476 2089 1599 2130 inquit,
1620 2089 1777 2128 aedificium
1794 2090 1818 2119 is
1833 2090 1971 2128 videtur,

1095 2132 1146 2178 qui
1160 2130 1204 2162 ita
1219 2133 1444 2170 consummavit,
1462 2136 1496 2163 ut
1511 2131 1570 2170 jam
1586 2131 1617 2162 in
1635 2129 1690 2171 usu
1706 2129 1758 2171 effe
1769 2128 1852 2171 poffit
1870 2131 1888 2161 l.
1904 2139 1977 2171 139.

1096 2174 1125 2214 §-
1148 2181 1172 2203 1.
1194 2172 1240 2203 D.
1258 2173 1291 2202 de
1306 2175 1386 2204 verb.
1397 2171 1475 2214 fign.
1503 2173 1550 2205 Ita
1576 2182 1664 2204 reum
1689 2182 1802 2214 agere,
1826 2172 1910 2212 apud
1927 2171 1974 2202 O·

1098 2214 1219 2245 vidium
1237 2213 1283 2245 lib.
1306 2224 1331 2245 1.
1352 2214 1454 2246 Artior.
1473 2213 1556 2257 Eleg.
1574 2223 1602 2254 7.
1620 2213 1694 2251 vers.
1715 2222 1762 2245 22.
1794 2213 1860 2251 est,
1885 2222 1975 2245 reum

1097 2255 1252 2287 accusare.
1277 2265 1365 2287 reum
1385 2265 1537 2298 peragere
1557 2255 1695 2295 Ulpiano
1713 2255 1731 2287 l.
1746 2265 1774 2287 2.
1787 2256 1830 2286 D.
1841 2256 1892 2286 Ad
1902 2254 1973 2296 Leg.

1098 2296 1166 2338 Jul.
1183 2298 1215 2328 de
1232 2297 1325 2328 adult.
1350 2297 1395 2329 est
1413 2308 1499 2329 reum
1522 2299 1749 2329 condemnare.
1792 2295 1862 2327 Erit
1880 2297 1975 2336 igitur

1100 2348 1131 2370 in
1150 2340 1176 2369 d.
1193 2339 1211 2369 l.
1230 2348 1254 2370 1.
1269 2337 1296 2380 δ.
1315 2349 1343 2380 3.
1360 2339 1388 2370 h.
1407 2346 1428 2370 t.
1453 2349 1525 2371 narn
1543 2349 1584 2371 eo
1600 2340 1719 2375 redeo,
1737 2346 1826 2378 aptus
1847 2337 1974 2378 Ulpiani

1101 2380 1222 2412 sensus:
1238 2379 1258 2412 fi
1270 2382 1425 2421 legamus:
1442 2380 1618 2417 Persuadere
1627 2386 1721 2412 aretem
1734 2380 1800 2419 plus
1809 2376 1848 2420 est
1859 2402 1869 2417 ,
1884 2388 1974 2420 quam

1090 2423 1224 2462 suadere.
1252 2423 1423 2463 persuadere
1448 2424 1523 2453 enim
1539 2422 1605 2463 effe,
1630 2421 1808 2461 compellere,
1831 2426 1916 2461 atque
1930 2429 1979 2455 ‹to-1

1096 2473 1163 2505 gere
1178 2462 1235 2502 fibi
1255 2470 1367 2504 parere.
1403 2463 1510 2504 Pergit
1535 2463 1563 2494 in
1589 2465 1616 2494 d.
1635 2463 1662 2504 §.
1678 2472 1706 2503 3.
1731 2462 1892 2502 Ulpianus.
1917 2461 1976 2493 Sed

1095 2505 1266 2546 persuadere
1280 2507 1302 2534 Q
1319 2506 1401 2543 μέσων
1415 2506 1464 2537 tw
1475 2529 1485 2544 ,
1500 2506 1531 2536 id
1547 2503 1602 2544 est,
1617 2514 1654 2535 ex
1669 2505 1768 2534 mediis
1787 2504 1891 2534 verbis.
1906 2512 1975 2533 nam

1099 2546 1136 2581 δ’
1150 2548 1253 2577 bonurn
1269 2545 1417 2585 confilium
1433 2548 1499 2588 quis
1514 2547 1607 2577 dando
1624 2543 1712 2586 potest
1721 2546 1844 2585 suadere
1862 2544 1897 2579 δ’
1914 2554 1975 2576 ma·

1101 2588 1175 2620 lum:
1199 2587 1235 2622 69⁹
1258 2589 1317 2619 ideo
1342 2588 1450 2619 Prator
1465 2588 1569 2630 adjecit
1578 2598 1592 2626 ,’
1616 2587 1688 2618 Dolo
1713 2587 1804 2626 malo,
1826 2595 1882 2627 quo
1908 2588 1977 2617 eum'

1104 2631 1267 2661 deteriorem
1281 2630 1410 2668 faceret:
1424 2638 1515 2671 neque
1531 2631 1607 2660 enim
1619 2629 1779 2669 delinquit,
1793 2627 1848 2666 nifi
1863 2629 1914 2670 qui
1932 2634 1975 2658 ta-

1105 2673 1129 2702 le
1143 2671 1255 2713 aliquid
1267 2675 1350 2710 servo
1362 2672 1534 2711 persuadet,
1551 2680 1587 2702 ex
1601 2680 1655 2711 quo
1672 2680 1736 2701 eum
1744 2671 1842 2710 faciat
1859 2671 1977 2700 deterio-

1103 2723 1169 2744 rem.
1214 2711 1278 2757 Qui
1294 2714 1386 2753 igitur
1401 2717 1517 2749 servum
1534 2713 1666 2747 ,sollicitat
1681 2713 1717 2743 ad
1733 2712 1844 2752 aliquid
1860 2711 1974 2749 facien-

1103 2756 1172 2786 dum
1187 2756 1234 2785 vel
1250 2754 1436 2795 cogitandum
1459 2754 1509 2795 (id
1528 2753 1589 2792 est,
1607 2754 1816 2791 tentandum,
1839 2751 1903 2784 five
1920 2761 1976 2783 co-

1103 2796 1259 2828 nandum:
1281 2796 1449 2834 quomodo
1473 2797 1670 2837 cogitationem
1694 2796 1725 2826 in
1749 2795 1768 2826 l.
1796 2799 1843 2828 18.
1869 2794 1917 2825 D.
1943 2795 1977 2824 de

1097 2839 1191 2880 poenis
1206 2837 1308 2878 accipi
1322 2861 1331 2874 ,
1349 2836 1474 2868 ostendi
1487 2838 1573 2877 lupra
1583 2837 1638 2868 sub
1649 2835 1782 2874 Titulo‚
1800 2835 1887 2880 Quod
1901 2835 1980 2875 quis-

1101 2890 1156 2921 que
1167 2879 1247 2920 juris
1255 2879 1287 2909 in
1296 2879 1379 2910 alter.
1391 2876 1484 2920 siat.)
1501 2880 1641 2920 improbe,
1656 2879 1702 2909 bic
1718 2879 1835 2909 videtur
1848 2878 1897 2907 boc
1906 2875 1983 2907 Edie'

1102 2922 1145 2953 fto
1161 2921 1265 2953 notari.
1302 2919 1456 2953 Persuafit
1472 2921 1557 2952 enim
1575 2920 1666 2951 servo
1684 2920 1762 2952 dolo
1780 2919 1886 2956 malo,
1911 2926 1977 2956 quo

1102 2972 1174 2994 eum
1194 2962 1389 2994 deteriorem
1406 2962 1540 2994 faceret.
1563 2961 1604 2992 Et
1619 2960 1651 2992 su
1677 2970 1688 2992 t
1705 2961 1851 3000 exempla
1868 2961 1896 2990 d.
1912 2958 1931 2988 l.
1951 2967 1978 2989 1.

1101 3004 1130 3047 §.
1149 3005 1202 3036 ult.
1217 3004 1237 3036 l.
1256 3013 1284 3035 2.
1302 3003 1338 3038 δέ)
1355 3005 1373 3034 l.
1396 3013 1443 3045 ¹5-
1461 3004 1488 3035 b.
1505 3010 1527 3035 t.
1554 3003 1624 3034 satis
1641 2964 1728 3041 czrta
1745 3003 1774 3034 ὅ(
1791 3002 1890 3032 clara:
1910 3008 1977 3030 nnn

1102 3056 1184 3087 opus
1199 3046 1429 3085 explicatione.
1469 3044 1545 3077 Hoc
1561 3046 1658 3085 quaeri
1674 3044 1784 3084 ponit,
1809 3050 1912 3072 utrum
1933 3041 1978 3071 ita

1103 3095 1249 3120 teneatur
1259 3087 1388 3120 demum
1405 3095 1597 3127 corruptor,
1613 3086 1640 3117 ἢ
1652 3087 1746 3117 bona-2
1760 3083 1841 3123 frugi
1853 3081 1979 3113 servum

1102 3129 1243 3170 perpulit
1259 3129 1298 3161 ad
1316 3130 1587 3169 delinquendum,
1611 3137 1648 3158 an
1672 3135 1749 3157 vero
1774 3123 1803 3154 &
1823 3123 1843 3154 fi
1860 3124 1981 3155 malum

1103 3172 1271 3210 hortatus,
1294 3171 1347 3203 vel
1374 3171 1458 3203 malo
1479 3169 1683 3205 monstravit,
1706 3166 1980 3205 quemadmodum

1102 3211 1227 3246 faceret
1243 3212 1262 3245 *ἔ
1292 3212 1356 3245 Sed
1374 3215 1477 3245 verius
1496 3218 1588 3252 putat
1606 3210 1757 3249 Ulpianus
1774 3208 1803 3239 d.
1817 3207 1836 3240 l.
1857 3215 1884 3239 ι.
1900 3205 1930 3278 §h
1949 3215 1979 3276 it.
