2052 3487
193 87 264 137 {18

193 174 343 206 reiertur.
365 169 485 203 Adhaec
502 164 647 200 meminit
667 161 823 205 Ulpianus
840 163 863 194 l..
869 173 899 203 5.
917 162 945 205 §.
964 165 991 195 2‘.
1012 163 1055 210 D.

192 214 321 256 deservo
337 217 466 253 corrupto
482 208 594 249 capitis
612 217 652 239 ex
670 206 782 237 eadem
800 202 889 245 Lege
905 207 946 236 de
961 205 1057 237 aftio-

190 264 234 288 ne
257 255 335 287 servi
353 259 512 292 corrupti:
537 249 624 288 cujus
641 246 807 288 vestigium
826 245 865 276 V.
885 245 944 277 CL.
964 245 1056 278 Clau-

192 299 265 329 dius
295 295 462 326 Chifletius
478 314 487 329 ,
520 286 732 330 Disquifitione
746 289 796 323 <de
810 287 940 328 secundo
962 290 1055 329 capite

192 339 262 380 legis
283 336 408 377 Aquiliae
449 334 480 364 in
500 331 548 363 his
565 329 666 362 Plauti
684 328 816 360 seffamr
834 328 961 369 verbis,
984 334 1056 370 quae

192 379 263 411 sunt
286 380 316 408 in
334 375 454 407 Poenulo
472 371 527 403 aa.
543 381 571 413 3.
588 372 634 411 fc.
650 381 682 410 4.

278 415 401 457 Vidistis
423 438 433 452 ,
474 414 535 444 leno
565 422 632 444 cum
661 421 769 443 aurum
804 412 911 452 accepit
932 411 950 444 ἱ)
992 412 1058 443 AD.
1112 421 1121 438 ,ε

332 458 470 488 vidimus.

191 501 253 535 Ac.
276 499 355 531 Eum
384 506 436 528 vos
470 494 525 538 effes
556 498 650 526 meum
676 494 801 534 servum
821 496 908 540 scitis
930 493 948 526 ’ἓ
993 493 1058 525 An.
1109 506 1118 523 ,ι

333 538 482 575 scivimus.
570 567 576 575 .
798 555 801 572 ἒ
864 567 878 573 ,-

191 585 252 616 Ac.
279 581 349 612 Rem
365 580 504 619 adversus
512 576 688 620 popillilaepe
705 576 816 618 leges?
828 576 890 608 An.
902 575 1059 620 scivimus.

191 625 253 657 Sed
276 621 412 654 frustra:
446 629 542 661 quam
564 619 650 651 enim
670 618 799 650 Plautus
826 625 924 649 vocat
944 617 1061 658 Populi

191 666 340 707 Legem,
373 672 440 694 non
470 661 516 694 est
548 662 601 694 lex
635 660 760 700 Aquilia
790 659 831 702 de
865 658 958 690 servo
989 668 1057 691 cor-

192 715 290 747 rupto
308 729 317 744 ‚
349 704 402 737 sed
425 704 478 735 lex
499 708 559 735 xii.
589 699 790 733 Tabularum
808 700 861 732 *de
885 700 974 732 furto
998 709 1060 732 nec

192 746 374 780 manifesto.
405 755 445 777 ex
468 754 505 776 ea
531 743 662 784 fingitur
682 741 883 783 Agorastocli
905 750 978 773 nata
997 741 1060 773 effe

191 791 275 822 affin
292 790 323 820 in
344 787 475 828 duplum
492 784 641 817 adversus
659 785 810 816 lenonem
823 806 833 822 ,
857 784 913 824 qui
927 784 1060 815 ‘videba-

194 840 246 864 tur
262 832 289 863 ei
308 829 429 862 furtum
446 825 556 859 fecisse
572 824 769 857 inficiatione
790 824 912 866 ‘recepti
931 824 1010 856 servi
1029 825 1060 856 δι

196 880 316 913 argenti
339 873 380 902 ad
403 878 477 901 eum
498 868 700 910 pertinentis.
745 867 892 900 Plautum
917 867 989 899 audi
1012 875 1062 897 ea·

194 915 266 947 dem
290 912 391 944 scena.
473 924 475 927 ⁴
659 908 663 915 '

233 957 294 988 Ac.
319 954 353 985 Si
361 952 542 984 exieritleno
552 974 562 990 ,
577 950 695 991 censetis
710 950 850 981 hominem
867 950 1040 990 interrogem
1052 971 1061 987 ,

322 995 414 1028 Meas
436 994 537 1032 servus
556 991 586 1031 si
609 994 647 1024 ad
666 1001 731 1024 eum
755 993 869 1023 venerit
885 1014 896 1031 ,
926 1000 978 1022 nec
1000 990 1063 1023 ne?

385 1036 447 1068 AD.
473 1034 631 1078 quippini?

235 1079 298 1112 Ac.
323 1079 399 1110 Cum
421 1080 488 1118 auri
509 1076 641 1108 ducentis
658 1075 787 1107 nummis
807 1073 961 1116 Philippis.
997 1072 1062 1105 AD.

405 1122 437 1150 ui
476 1118 546 1150 ini?

237 1163 298 1195 Ao.
324 1126 532 1201 Ibi‘IextlZiiplo
556 1159 617 1191 leno
639 1158 758 1191 errabit.
788 1157 853 1190 An.
877 1166 936 1199 qua
957 1156 990 1188 cle
1010 1154 1066 1188 re?

388 1204 449 1234 Ac.
471 1201 580 1245 rogas?
869 1239 875 1246 ι

333 1244 417 1292 Quia
440 1250 555 1275 centum
576 1241 703 1277 nummis
724 1241 822 1274 minus
843 1240 969 1274 dicetur.
999 1239 1064 1273 An.

386 1288 452 1317 bene
464 1291 567 1327 putas.

785 74 1095 112 Gaainnr
1144 73 1372 111 Noonr

1110 173 1112 182 2
1139 161 1202 198 Ae.
1227 163 1337 208 Alizan
1353 160 1474 206 censebit
1497 161 1658 206 quaeritari.
1701 165 1762 199 An.
1779 169 1900 209 scilicet.

1138 206 1201 238 Ao.
1226 205 1380 246 Extemplo
1405 207 1564 247 denegabit.
1615 208 1678 242 AD.
1695 207 1818 249 juratus
1839 212 1962 252 quidem.

1139 246 1201 278 Ac.
1228 246 1323 279 Homo
1338 248 1422 288 furti
1435 248 1470 287 se
1493 246 1661 290 adstringit.
1704 249 1771 282 An.
1803 251 1883 284 haud
1912 255 1964 286 du-

1179 294 1183 299 ‘
1288 291 1367 320 bium
1383 290 1414 320 id
1431 290 1545 330 quidem
1559 288 1609 331 est.

1099 325 1143 360 Et
1164 328 1219 361 α’έῖ.
1241 339 1267 362 1.
1284 332 1328 371 sc.
1352 335 1386 362 1.

1138 370 1202 403 Mi.
1235 372 1349 413 Rogata
1360 395 1369 410 ,
1383 373 1486 412 servos
1503 373 1651 404 veneritne
1667 373 1705 403 ad
1722 382 1787 404 eum
1804 378 1884 405 tuus.

1234 412 1288 445 Ille
1307 423 1349 444 ine
1365 415 1483 454 censebit
1500 417 1600 455 quaeri.
1626 416 1762 446 continuo
1782 416 1835 446 tibi

1237 454 1378 496 Negabit.
1402 457 1472 497 quid
1487 461 1521 486 tu
1539 456 1671 494 dubitas,
1694 457 1766 496 quin
1787 455 1925 495 extemplo

1237 495 1331 536 Dupli
1346 498 1401 527 tibi
1414 498 1482 528 auri
1500 495 1536 531 &²
1552 498 1673 528 hominis
1684 497 1818 538 furleno
1827 495 1908 534 fiet?
1957 499 1959 501 ’

1103 533 1185 568 Illud
1204 546 1269 568 non
1289 535 1485 577 addiderim,
1512 538 1567 570 etsi
1585 538 1856 576 multis'videtur‚
1876 538 1972 570 etiam

1104 577 1174 618 lege
1192 577 1319 618 Aquilia·
1339 579 1532 611 nominatim
1556 579 1649 612 fuisse
1672 589 1801 611 cautum
1818 580 1858 610 de
1876 579 1973 610 inter-

1105 626 1201 660 cepta
1219 619 1358 651 utilitate
1378 630 1386 653 :
1417 630 1523 662 neque
1540 621 1572 653 id
1591 630 1701 662 putem
1718 621 1828 662 colligi
1852 629 1894 651 ex
1911 620 1972 652 Pli-

1103 660 1146 692 nii
1170 660 1276 692 verbis
1296 683 1306 700 ‚
1337 670 1406 702 quae
1427 662 1468 694 de
1493 663 1602 694 anthia
1621 663 1727 703 pisce,
1750 663 1779 694 ἀ
1804 664 1972 703 quomodo

1101 703 1128 733 is
1151 702 1313 743 capiatur,
1339 710 1457 734 ‘extant
1479 703 1563 735 hunc
1588 705 1619 735 in
1643 705 1774 735 modum
1793 704 1840 735 lib.
1858 713 1885 734 2.
1912 703 1972 734 Hi·

1094 742 1192 784 Jloriae
1215 742 1361 775 naturalis
1385 754 1410 776 c.
1428 754 1480 785 59.
1512 745 1730 777 Conciliatorem
1754 744 1829 785 noffe
1857 745 1895 775 ad
1920 745 1971 776 boc

1098 782 1213 826 prodest
1228 807 1241 829 ,
1273 793 1308 816 ne
1326 786 1471 827 capiatur.
1515 786 1621 818 Parcit
1639 787 1765 827 piscator
1782 787 1921 827 fugituro
1936 788 1969 817 in

1103 827 1247 868 reliquum
1264 836 1391 868 gregem.
1406 828 1515 868 ferunt
1532 829 1686 865 discordem
1695 829 1807 867 socium
1819 828 1886 858 auci
1902 826 1970 865 infi-

1104 869 1217 899 dianam
1233 868 1354 909 pulchre
1377 875 1441 900 noto
1466 869 1618 911 cepzffeque
1642 868 1773 909 malefica
1794 869 1969 900 voluntate:

1104 911 1241 951 agnitum
1258 911 1290 940 in
1306 910 1420 941 macello
1440 920 1457 941 a
1469 913 1566 949 socio,
1596 911 1682 953 cujus
1701 911 1814 953 injuria
1829 916 1911 948 erat,
1935 909 1973 945 &f

1106 952 1168 982 doti
1193 951 1294 982 damni
1312 951 1477 990 formulam
1511 953 1617 984 editam
1634 975 1644 992 ,
1679 954 1972 993 condemnatumque:

1105 993 1218 1024 addidit
1238 991 1399 1024 Marianus
1420 991 1558 1033 <estimato
1580 995 1631 1024 lite
1660 995 1753 1025 decem
1778 994 1867 1024 libris.
1911 992 1974 1024 Sed

1107 1034 1192 1065 enim
1216 1033 1308 1065 Plinii
1336 1033 1434 1065 verba
1463 1034 1526 1066 alio
1544 1035 1709 1076 pertinent
1727 1047 1735 1068 :
1767 1044 1830 1076 ego
1846 1034 1917 1065 sane
1937 1043 1975 1065 ea

1106 1075 1262 1117 imputem
1286 1075 1542 1115 interpretationi
1561 1075 1675 1108 horum
1691 1076 1864 1107 verborum
1888 1075 1974 1106 tertii

1108 1117 1223 1158 capitis
1246 1116 1325 1157 legis
1348 1117 1486 1157 Aquiliae
1501 1141 1511 1158 ,
1545 1117 1663 1162 Quanti
1683 1127 1716 1149 ea
1739 1127 1782 1148 res
1802 1118 1880 1148 erit:
1913 1125 1974 1156 qua

1108 1159 1256 1200 placuit,
1287 1158 1405 1189 damno
1422 1159 1531 1199 inJ'uria
1555 1166 1632 1192 dato
1649 1182 1659 1198 ,
1691 1168 1756 1191 non
1776 1165 1898 1190 tantum
1923 1167 1974 1189 ru-

1107 1208 1199 1241 ptum
1218 1200 1363 1232 aestimari
1383 1208 1523 1240 corpus,
1555 1201 1608 1232 sed
1624 1200 1690 1232 hoc
1707 1206 1863 1241 praetei·ea
1885 1199 1975 1241 quod

1107 1241 1225 1274 adoris
1242 1239 1391 1281 interest,
1414 1250 1480 1274 non
1497 1240 1589 1275 fuisse
1606 1250 1747 1284 ruptum.

922 1391 1134 1429 CAPUT
1185 1392 1251 1429 11.

198 1495 296 1541 Caput
314 1495 452 1539 primum
477 1493 554 1540 legis
580 1493 712 1539 Aquilice
738 1490 925 1538 restitutum.
976 1490 1009 1524 id
1029 1498 1121 1538 caput
1142 1488 1279 1537 persequi
1303 1491 1412 1526 ccedem
1428 1489 1520 1538 servi
1544 1497 1600 1525 aut
1619 1492 1752 1537 pecudis.

240 1553 298 1591 pro
313 1541 408 1588 servo
434 1544 501 1576 dici.

1811 1490 1978 1526 Hominem

555 1541 591 1577 Si
615 1543 692 1576 liber
718 1541 804 1575 homo
829 1538 940 1586 occisus
957 1538 1028 1584 fit,
1062 1541 1209 1576 direl‘lam
1226 1541 1303 1586 legis
1319 1540 1451 1586 Aquilia>
1476 1541 1623 1574 abbionem
1640 1538 1774 1586 cffire:
1787 1538 1847 1586 fied
1871 1542 1978 1574 utilem

245 1600 396 1637 receptam
419 1591 517 1625 videri
542 1591 679 1636 exainplo
705 1590 856 1634 elegantis
881 1589 1008 1624 Decreti
1034 1587 1165 1625 Taurini
1191 1589 1324 1635 Egnatii
1349 1588 1543 1632 Proconsulis
1570 1589 1694 1624 Baeticae
1709 1614 1719 1631 ,
1747 1586 1788 1628 &³
1794 1587 1977 1636 subsequuti

246 1639 404 1687 Rescripti
421 1641 502 1675 Divi
517 1640 686 1675 Hadriani.

244 1702 285 1737 ge
299 1689 427 1735 Aquilia
442 1689 540 1734 quid?
563 1688 618 1723 Ad
641 1688 662 1723 I.
682 1698 715 1723 2.
741 1685 770 1734 §.
791 1698 822 1721 2.
849 1686 894 1723 D.
922 1686 984 1721 eod.
1015 1687 1066 1721 tit.

259 1790 372 1834 xposui
389 1801 460 1833 quae
477 1792 518 1824 de
535 1791 614 1832 legis
633 1790 767 1831 Aquiliae
786 1789 939 1828 nomine,
963 1788 1069 1820 austo-

200 1797 250 1869 Ε»
281 1843 314 1865 re
333 1857 342 1873 ‚
374 1833 403 1865 &
429 1832 588 1874 capitibus
610 1832 706 1863 habui
733 1832 868 1862 dicere:
901 1831 998 1861 venio
1028 1830 1068 1861 ad

199 1875 296 1907 verba
321 1875 435 1917 capitis
460 1875 565 1916 primi.
588 1882 626 1905 ea
651 1872 748 1905 verba
765 1870 896 1903 fuerunt
916 1895 925 1908 ‚
956 1870 977 1902 fi
1001 1871 1068 1912 qui-

201 1917 275 1949 dem
292 1926 367 1948 vere
387 1915 485 1958 Gajus
506 1916 525 1947 l.
546 1925 575 1947 2.
602 1914 643 1946 D.
667 1915 716 1946 Ad
733 1914 821 1955 legem
839 1912 1003 1954 Aquiliam.

241 1958 306 2001 Qui
317 1958 439 1999 servum
462 1958 611 1992 servamve
633 1956 761 1988 alienum
778 1955 939 1986 alienamve
957 1977 966 1993 ,
998 1963 1068 1994 qua-

263 2001 415 2039 drupedem
431 2000 476 2030 vel
488 2001 624 2040 pecudem
650 1997 763 2040 injuria
780 1997 932 2034 occiderit,
964 1996 1071 2036 quanti

261 2042 293 2071 id
314 2042 346 2071 in
367 2050 395 2071 eo
412 2050 488 2072 anno
504 2040 626 2081 plurimi
635 2040 723 2081 fuit,
749 2044 866 2069 tantam
881 2047 917 2068 aes
938 2037 1007 2067 dare
1021 2036 1067 2066 do-

262 2084 339 2112 mino
357 2083 478 2112 damnas
495 2080 561 2121 esto.
841 2119 847 2125 ὁ

203 2123 256 2156 Sic
271 2122 379 2164 Gajus.
410 2122 463 2155 sed
482 2123 618 2163 primum
644 2120 748 2160 probo
774 2118 988 2159 conjecturam
1013 2117 1069 2148 ho·

203 2175 273 2198 rum
288 2188 297 2203 ,
322 2165 375 2204 qui
392 2173 450 2205 pro
468 2165 679 2205 quadrupedem
697 2162 743 2192 vel
753 2163 891 2202 pecudem
908 2167 1070 2205 reponunt

204 2207 453 2249 quadrupedemve
481 2206 626 2242 pecudem.
659 2205 763 2244 legem
797 2202 883 2234 enim
912 2202 1068 2240 Aquiliam

205 2248 310 2289 primo
335 2247 442 2286 capite
465 2246 505 2277 de
532 2246 665 2276 homine
699 2244 728 2274 &
753 2243 879 2284 pecude
902 2243 1070 2288 loquutam

205 2288 268 2321 esse
285 2311 294 2326 ,
322 2295 412 2328 patet
436 2297 476 2318 ex
496 2287 602 2327 capite
622 2286 689 2326 ejus
706 2285 803 2315 tertio
826 2285 915 2324 quod
933 2283 978 2315 est
997 2293 1027 2315 in
1051 2283 1070 2315 l.

206 2341 255 2371 27.
287 2328 316 2371 §.
335 2340 364 2369 5.
398 2328 439 2359 D.
463 2329 521 2359 eod.
549 2329 595 2359 tit.
620 2334 774 2368 praeterea
799 2326 841 2357 ait
859 2325 1071 2366 justinianus,

205 2379 333 2404 cautum
350 2369 413 2401 effe
430 2370 537 2410 capite
555 2369 677 2409 primo,
711 2368 744 2398 Si
758 2368 823 2408 quis
840 2369 966 2398 alienum
984 2366 1071 2397 homi-

207 2422 290 2451 nem,
312 2411 474 2442 alienamve
486 2411 714 2452 quadrupedem,
738 2419 799 2450 quae
808 2410 953 2450 pecudum
974 2418 1074 2439 nume-

207 2464 238 2485 ro
248 2452 308 2492 fit,
333 2453 446 2493 injuria
463 2454 614 2490 occiderit,
638 2458 686 2492 pr.
707 2449 779 2490 lust.
802 2453 835 2481 de
859 2451 919 2491 lege
936 2450 1070 2491 Aquilia.

206 2495 245 2527 ld
262 2494 398 2535 primum
424 2493 682 2525 observandum:
713 2492 779 2523 boc
801 2492 938 2531 deinde,
970 2493 1074 2532 legem

208 2536 367 2576 Aquiliam
387 2545 452 2566 non
469 2536 579 2566 domino
591 2559 601 2574 ‚
624 2534 675 2566 sed
692 2534 786 2572 bero,
800 2534 871 2573 vel,
897 2541 933 2565 ut
947 2533 978 2564 in
996 2533 1075 2565 Pan-

209 2577 310 2610 ‹ic-ctis
344 2575 538 2608 Florentinis
571 2576 616 2608 est
633 2599 643 2615 ,
681 2584 725 2606 ero
761 2575 872 2607 dixiss'e
886 2597 896 2614 ,
934 2572 1076 2615 Ulpiano

209 2619 316 2651 teste:
347 2618 400 2658 qui
425 2618 457 2649 id
483 2618 613 2649 verbum
637 2624 866 2657 interpretatur
889 2617 908 2648 l.
928 2626 977 2649 11.
1000 2616 1028 2656 §.
1045 2620 1076 2647 6.

210 2660 253 2693 D.
280 2659 337 2690 eod.
365 2660 412 2689 tit.
436 2659 497 2689 Sed
516 2660 588 2699 quia
606 2658 650 2690 est
669 2659 800 2689 minime
816 2657 953 2690 insolens
970 2681 979 2696 ‚
1014 2656 1077 2688 Ve-

210 2709 297 2734 teres
312 2702 345 2731 in
366 2700 535 2731 recitandis
554 2700 691 2742 Legibus
713 2700 811 2740 magis
828 2708 936 2731 earum
954 2698 1078 2730 senten·

211 2744 257 2775 tia
275 2742 340 2779 uti,
363 2749 455 2781 quam
480 2741 604 2780 verbis,
628 2741 724 2780 idque
749 2741 856 2771 multis
879 2739 1002 2772 ostendi
1021 2749 1078 2781 po-

213 2784 295 2822 test,
317 2791 382 2814 non
402 2782 450 2813 his
467 2782 606 2821 pluribus
623 2782 876 2814 immorabimur.

254 2825 365 2856 Potius
385 2823 583 2861 videbimus,
602 2823 729 2863 quando
744 2823 835 2854 locus
851 2822 886 2854 fit
901 2823 999 2864 capiti
1015 2825 1077 2863 pri·

212 2876 269 2900 mo
286 2866 363 2906 legis
383 2865 527 2904 Aquiliae.
552 2864 581 2895 &
600 2872 749 2904 apparet,
774 2872 840 2896 tum
859 2863 941 2903 esse,
970 2864 991 2896 si
1007 2865 1076 2904 quis

213 2910 353 2940 alienum
376 2905 499 2936 servum
516 2927 526 2942 ,
555 2905 737 2936 alienamve
768 2904 887 2937 servam
905 2928 915 2945 ,
945 2907 1079 2946 quadru-

215 2950 375 2991 pedemve
394 2947 571 2987 pecudem,
595 2946 705 2986 injuria
726 2947 903 2978 occiderit:
933 2946 975 2979 fic
992 2948 1077 2980 enim

214 2991 329 3023 sonant
346 2989 413 3029 ers
433 2989 538 3019 verba.
580 2986 645 3031 Qui
650 2987 772 3027 servum
785 2991 934 3024 servamve
950 2989 1078 3020 alienum

216 3033 398 3067 alienamve,
421 3030 669 3071 quadrupedemve
680 3030 817 3068 pecudem
839 3029 953 3069 injuria
972 3032 1077 3061 occide-

216 3075 266 3104 rit.
309 3072 447 3103 Primum
474 3070 517 3101 ait
541 3071 594 3102 lex
609 3093 619 3109 ,
643 3070 767 3100 Servum
776 3072 932 3109 servamve
953 3072 1079 3103 alienum

218 3113 388 3144 alienamve.
431 3111 607 3152 Imperator
629 3110 819 3151 justinianus
835 3117 884 3150 pr.
904 3109 977 3151 [nst.
994 3113 1027 3142 de
1044 3114 1080 3143 le-

240 3163 253 3183 e
271 3155 392 3193 Aquilia
417 3155 449 3185 in
469 3154 661 3185 recitatione
683 3152 773 3192 huius
798 3151 912 3191 capitis
934 3154 1080 3185 meminit

216 3162 356 3227 {dominis
371 3195 469 3227 alieni.
494 3194 557 3237 ipsa
575 3203 707 3237 quoque
726 3196 778 3226 lex
790 3193 918 3234 Aquilia
934 3193 1005 3226 infit
1019 3202 1079 3227 ter=

739 1638 891 1683 Ulpianus
907 1638 1078 1673 declaratus
1103 1639 1124 1673 l.
1145 1647 1177 1682 7.
1203 1637 1231 1685 §.
1249 1647 1284 1679 4.
1310 1637 1356 1674 D.
1382 1637 1437 1673 Ad
1449 1638 1547 1684 legem
1563 1638 1732 1683 Aquiliam.
1767 1639 1867 1673 Pecus
1887 1640 1919 1672 in
1937 1637 1981 1672 le-

1111 1789 1159 1821 tio
1179 1789 1286 1830 capite
1303 1812 1313 1828 ,
1344 1789 1521 1820 Ceterarum
1538 1796 1634 1818 rerum
1652 1793 1756 1829 praeter
1782 1788 1923 1820 bominem
1942 1786 1980 1823 δ’

1105 1833 1241 1871 pecudem
1258 1832 1358 1870 occijos
1381 1831 1399 1860 l.
1418 1838 1465 1870 27.
1483 1829 1512 1870 §.
1530 1839 1560 1869 5.
1577 1830 1619 1860 D.
1639 1830 1689 1860 Aa
1706 1830 1794 1871 legem
1812 1829 1977 1871 Aquiliam.

1111 1872 1173 1903 Sed
1199 1872 1360 1912 utrimque
1387 1870 1552 1903 hominem
1576 1879 1636 1911 pro
1663 1870 1755 1902 servo
1773 1872 1912 1912 accipe:
1946 1877 1981 1902 ut

1111 1913 1142 1944 in
1169 1913 1226 1944 iiio
1251 1911 1425 1951 Lampridii
1441 1936 1451 1952 ,
1485 1912 1655 1943 Alexandro
1679 1913 1783 1944 Severo
1812 1923 1837 1944 c.
1859 1922 1907 1953 23.
1936 1911 1982 1944 De

1113 1956 1242 1985 omnibus
1270 1954 1431 1985 hominibus
1451 1960 1504 1994 per
1520 1952 1620 1994 fideles
1642 1954 1767 1985 homines
1781 1956 1853 1994 suos
1875 1957 1982 1994 lemper

1111 1994 1262 2036 quoefivit:
1286 2004 1345 2035 pro
1362 2018 1371 2033 ,
1396 2004 1452 2035 per
1468 1993 1580 2026 fideles
1605 1994 1712 2027 servos
1732 1995 1814 2028 suos.
1852 1994 1980 2027 Eodem

1111 2036 1199 2067 sensu
1222 2036 1401 2076 Imperator
1424 2036 1451 2078 ᾗ.
1474 2046 1503 2072 9.
1528 2034 1602 2076 Inft.
1625 2037 1658 2067 de
1680 2037 1739 2077 lege
1762 2036 1887 2079 Aquilia
1907 2060 1916 2075 ,
1947 2036 1982 2067 Si

1111 2080 1194 2119 quis,
1220 2078 1345 2116 inquit,
1369 2077 1508 2108 hominem
1532 2085 1616 2108 tuum
1634 2100 1644 2116 ,
1675 2079 1727 2118 qui
1746 2078 1825 2109 hodie
1841 2078 1983 2116 claudus,

1111 2125 1163 2150 aut
1189 2128 1310 2149 mancus
1326 2141 1336 2156 ,
1368 2125 1421 2150 aut
1437 2119 1532 2154 luscus
1548 2120 1603 2149 erit
1622 2142 1630 2157 ‚
1661 2121 1794 2150 occiderit
1811 2130 1819 2151 ς
1854 2119 1885 2150 id
1911 2119 1956 2150 est
1970 2141 1981 2157 ‚

1113 2160 1237 2190 servum
1266 2167 1366 2191 tuum.
1413 2159 1579 2191 Honorius
1606 2168 1738 2200 quoque
1764 2161 1794 2191 ἂ
1823 2158 1984 2191 Theodo-

1113 2201 1171 2233 sius
1193 2202 1211 2231 l.
1230 2200 1284 2231 ult.
1309 2200 1342 2231 C.
1371 2200 1457 2247 Quod
1478 2210 1544 2232 cum
1565 2210 1594 2231 eo
1617 2202 1668 2242 qui
1692 2203 1723 2232 in
1738 2202 1833 2233 aliena
1843 2200 1982 2242 potestate

1112 2241 1160 2283 esi.
1205 2241 1313 2273 Verba
1330 2240 1469 2273 Honorii
1496 2242 1527 2273 ἀ
1551 2241 1740 2274 Theodosii.
1783 2242 1923 2274 Dominos
1940 2245 1982 2274 ita

1113 2282 1272 2324 constringi
1288 2281 1473 2323 manifestum
1490 2282 1529 2324 est
1542 2283 1652 2315 abbione
1668 2285 1805 2324 praitoria
1815 2307 1826 2324 ,
1857 2294 1920 2326 quoe
1934 2290 1983 2325 ap-

1110 2327 1238 2367 pellatur
1255 2326 1328 2366 quod
1339 2325 1421 2366 juffu
1432 2348 1442 2364 ,
1457 2324 1485 2362 fi
1508 2331 1613 2356 certam
1634 2330 1783 2356 numerari
1795 2327 1982 2367 praeceperint

1107 2370 1195 2408 servo
1216 2365 1341 2398 ac‘torive
1355 2368 1521 2406 pecuniam.
1565 2367 1664 2408 Igitur
1670 2366 1825 2406 sancimus
1840 2391 1851 2407 ,
1882 2367 1984 2408 utqui

1108 2411 1194 2450 servo
1214 2431 1224 2446 ,
1255 2409 1347 2439 colono
1366 2431 1375 2445 ‚
1406 2407 1590 2447 conduciori,
1615 2410 1825 2449 procuratori,
1857 2408 1985 2439 aelorive

1112 2448 1281 2491 paffeffionis
1295 2449 1450 2489 pecuniam
1467 2456 1601 2481 mutuam
1617 2451 1689 2488 dat,
1712 2451 1839 2481 dominos
1869 2448 1984 2491 offffo·

1116 2501 1206 2526 num,
1230 2491 1390 2521 caltoresve
1408 2496 1554 2523 terrarum
1575 2491 1696 2532 obligari
1714 2501 1773 2522 non
1784 2456 1869 2532 poſjle).
1892 2499 1985 2533 neque

1110 2533 1279 2573 familiares
1294 2529 1424 2572 epistolas
1434 2555 1443 2571 ,
1465 2534 1569 2574 quibus
1585 2533 1710 2563 homines
1724 2533 1895 2574 plerumque
1910 2542 1985 2564 coin-

1118 2575 1293 2605 mendantur
1316 2573 1495 2613 absentium,
1517 2574 1594 2604 inid
1616 2575 1728 2605 trabere
1747 2575 1892 2605 convenit.
1936 2573 1985 2605 lta

1119 2615 1291 2657 legendum
1310 2623 1350 2645 ex
1365 2614 1385 2646 l.
1404 2616 1483 2646 unic.
1501 2614 1569 2645 Cod.
1582 2614 1685 2645 Theod.
1706 2615 1793 2658 Qod
1805 2614 1896 2656 juffu.
1922 2614 1986 2646 Sed

1119 2657 1219 2697 vulgo
1243 2654 1366 2695 editur,
1389 2657 1492 2697 quibus
1514 2656 1637 2687 homines
1657 2656 1826 2697 plerumque
1847 2665 1985 2686 commen·

1119 2700 1189 2730 dant
1206 2699 1355 2738 absentem.
1386 2707 1481 2737 quam
1499 2696 1683 2737 scripturam
1705 2696 1911 2729 Triboniano
1930 2699 1987 2729 im·

1120 2747 1212 2781 putat
1238 2737 1276 2769 V.
1299 2737 1356 2769 CL.
1371 2738 1511 2779 Jacobus
1536 2737 1791 2778 Gothofredus3
1822 2738 1985 2778 causatus,

1120 2790 1194 2813 eum
1221 2778 1359 2820 fugiffe‚
1389 2780 1548 2820 abstentiam
1579 2780 1704 2811 homines
1735 2790 1794 2821 pro
1825 2781 1986 2820 absentium

1110 2823 1209 2863 Jervis
1240 2822 1314 2853 dici.
1364 2821 1427 2853 Sed
1459 2831 1523 2852 non
1555 2828 1619 2853 tam
1642 2823 1807 2862 imperitus
1828 2820 1891 2853 fuit
1914 2820 1984 2853 usus

1120 2865 1186 2904 ejus
1209 2861 1359 2895 vocabuli
1381 2861 1600 2894 Tribonianus
1616 2886 1625 2901 ‚
1649 2871 1682 2894 ut
1705 2864 1730 2895 is
1754 2871 1842 2894 error
1860 2862 1904 2893 illi
1927 2871 1985 2903 po·

1122 2907 1183 2978 gius
1204 2928 1214 2945 ‚
1247 2912 1341 2946 quam
1371 2905 1488 2936 Scribae
1522 2904 1679 2943 librario,
1708 2904 1912 2945 imputandus
1942 2902 1986 2935 vi-

1145 2954 1243 2978 eatur.

1161 2986 1327 3030 Quidquid
1351 2988 1437 3027 erit3
1467 2986 1520 3018 lex
1544 2986 1669 3028 Aquilia
1693 2992 1817 3018 tantum
1842 2983 1987 3025 loquitur

1122 3029 1163 3061 de
1186 3030 1297 3069 servo,
1328 3038 1394 3061 non
1419 3029 1514 3060 etiam
1533 3029 1572 3060 de
1596 3028 1727 3059 homine
1750 3027 1864 3059 libero,
1896 3035 1984 3058 nem-

1121 3079 1184 3112 pe,
1208 3073 1281 3112 quia
1300 3071 1390 3109 vult,
1422 3070 1556 3102 domino
1580 3069 1683 3101 sarciri
1706 3069 1854 3100 damnum
1877 3066 1986 3113 injuria

1122 3113 1259 3151 datum3
1289 3113 1425 3145 liberum
1450 3120 1556 3144 autem
1581 3120 1715 3152 corpus,
1738 3108 1985 3150 paterfamilias,

1122 3154 1211 3185 verbi
1235 3155 1356 3197 gratia,
1388 3162 1494 3193 neque
1526 3153 1690 3185 dominum
1723 3151 1845 3189 habet,
1882 3157 1985 3189 neque

1121 3194 1363 3231 aestimationem
1387 3195 1503 3236 recipit
1525 3195 1544 3227 l.
1566 3203 1611 3235 13.
1643 3192 1662 3224 l.
1681 3196 1732 3234 36.
1753 3191 1783 3234 §.
1808 3200 1834 3224 1.
1859 3190 1902 3223 D.
1932 3188 1983 3261 {led
