2036 3495
151 87 222 129 518

457 165 1653 254 GERARDINOODR

660 282 970 350 jurisconsulti
1008 283 1056 332 &
1092 283 1429 344 Antecefforis,

249 376 1185 479 DISSERTATIO
1259 339 1886 517 QUAR‘TA*

482 855 565 939 A
624 859 687 937 B
799 856 834 936 1
898 827 1113 935 ΜΡ
1170 854 1235 934 Ε
1292 855 1370 936 R
1431 858 1466 937 1
1527 858 1607 936 o

288 972 1247 1094 'JUREGENTI‘UM
1314 983 1782 1067 LIBERA,

166 1129 332 1180 Habita
358 1130 403 1179 in
433 1128 682 1178 Academia
703 1124 1121 1194 Lugduno-Batava
1151 1145 1186 1175 a.
1208 1127 1247 1176 d.
1275 1143 1345 1175 vl.
1378 1126 1439 1176 Id.
1463 1128 1595 1176 Febr.
1626 1129 1683 1177 A.
1713 1140 1946 1178 MDCCVI:

554 1214 659 1246 cum
684 1197 820 1244 abiret
849 1191 1088 1261 Magnifici
1117 1196 1324 1244 Rectoris
1356 1214 1556 1245 munere.

165 1320 577 1370 aiaggssggepofiturus,
594 1319 646 1351 ΑΛ
660 1344 669 1359 ,
686 1319 819 1363 ΓοὶεῑηῃῐΑ
836 1321 925 1349 more
944 1326 1037 1348 annu-

191 1355 208 1370 e
341 1369 378 1409 33<
403 1372 455 1394 um
487 1362 636 1403 principis
670 1361 848 1392 Academiae
876 1358 1036 1399 Magistra-

342 1413 379 1449 εκ
405 1404 585 1442 tum‚quod
595 1402 752 1433 convenit
763 1401 941 1432 celebrit'ati
960 1400 1035 1439 diei,

342 1454 379 1490 μ(
405 1443 553 1484 majestati
579 1445 661 1478 loci,
686 1443 714 1473 ἃ
738 1442 881 1482 dignitati
904 1442 1034 1472 concio-

163 1493 376 1535 233223223
402 1487 469 1524 nis,
485 1494 577 1525 quam
596 1483 794 1523 frequentis,
811 1491 872 1514 tam
889 1483 1036 1514 nobilita-

174 1525 196 1533 ”“
345 1523 365 1530 ’“
399 1534 449 1565 te,
473 1524 641 1564 sapientia,
663 1533 758 1564 atque
772 1525 952 1555 eruditione
968 1524 1034 1555 illu-

162 1569 251 1608 stris,
278 1568 386 1604 statui,
410 1576 469 1608 pro
494 1566 718 1597 mediocritate
744 1566 880 1606 ingenii,
905 1565 1035 1596 obviarn

160 1611 207 1643 ire
233 1610 396 1641 sententiae
424 1607 690 1645 existimantium,
714 1607 768 1638 ulli
790 1606 838 1637 fas
857 1605 918 1638 effe
935 1606 1034 1637 homi-

159 1653 214 1690 ni,
237 1651 304 1683 aliis
329 1651 484 1690 imperare
506 1657 558 1680 aut
577 1657 683 1680 vetare
703 1657 797 1687 quem
817 1647 877 1679 Dei
893 1648 1013 1678 cultum
1026 1671 1035 1686 ,

161 1693 389 1735 pigritiamque
407 1691 536 1732 parendi
556 1691 641 1721 bello
666 1697 718 1720 aut
740 1689 957 1729 iurisdictione
980 1698 1033 1719 co·

161 1738 282 1767 iircere.
310 1734 418 1774 Magni
437 1741 485 1764 res
504 1731 547 1763 est
565 1732 713 1772 ponderis
725 1753 734 1769 ,
750 1740 811 1762 nee
828 1731 1034 1762 minorismo-

159 1776 296 1814 liminis,
313 1775 473 1814 conjicere
489 1783 525 1804 ac
537 1772 627 1804 finire
645 1773 750 1810 litem,
766 1781 834 1812 quae
845 1771 956 1802 orbem
975 1779 1034 1802 ter-

157 1827 282 1855 rarum,
307 1826 375 1855 quae
399 1816 505 1847 omnia
524 1814 644 1852 secula,
668 1823 736 1853 quae
762 1823 872 1845 omnes
889 1813 1035 1843 homines

160 1858 404 1899 complectitur:
429 1857 459 1888 in
479 1865 538 1896 qua
563 1856 690 1887 libertas
707 1855 786 1894 llaepe
803 1856 873 1885 cum
891 1854 1032 1894 imperii,

160 1901 349 1941 plerumque
376 1908 447 1929 cum
465 1899 529 1928 veri
555 1896 732 1928 reverentia
748 1896 979 1934 committitur-3
1004 1896 1033 1926 ὅτ.

161 1942 326 1982 utriusque
341 1950 381 1972 eo
398 1939 507 1980 justior
525 1939 651 1969 videtur
667 1937 755 1968 causa
768 1961 776 1975 ,
801 1938 887 1976 quod
912 1938 951 1967 ad
968 1945 1034 1975 par-

163 1991 212 2014 tes
231 1992 357 2023 quoque
376 1989 510 2011 vocatur
534 1979 639 2011 Deus:
666 1979 752 2018 cujus
776 1977 858 2009 sacra
878 1987 914 2008 ac
939 1987 1032 2009 caere-

161 2025 278 2056 moniae
298 2023 458 2063 religionis
470 2031 576 2053 errore
592 2030 628 2052 ac
646 2019 777 2051 discidio
790 2019 967 2050 violentur:
984 2028 1032 2049 us-

163 2074 225 2105 que
249 2065 349 2103 adeo,
374 2072 407 2094 ut
426 2064 490 2103 ejus
509 2063 710 2093 atrocitatem
734 2059 883 2100 sacrilegii
904 2069 968 2091 non
990 2061 1034 2091 di-

160 2115 230 2138 cam
257 2106 337 2137 ratio
362 2106 390 2136 ἅ
420 2105 598 2136 communis
624 2102 744 2141 sensus,
769 2101 820 2133 sed
837 2100 900 2141 ipsa
920 2100 1034 2132 sentire

160 2147 319 2179 elementa
337 2145 563 2177 existimentur.
584 2147 628 2176 An
641 2145 709 2184 quis
727 2143 885 2183 ambigat,
902 2151 1032 2181 verum,

160 2189 312 2228 idemque
325 2186 476 2218 summum
494 2186 657 2217 contemni
669 2184 816 2223 Numen;
833 2193 905 2216 cum
922 2183 1032 2215 falsum

159 2230 297 2268 colitur3
313 2237 367 2260 aut
379 2227 459 2258 sacra
479 2228 537 2258 rite
555 2228 668 2258 tradita
681 2227 901 2268 negliguntur,
917 2225 945 2256 ἀ
963 2234 1031 2265 my-

159 2270 259 2303 steriis
276 2270 369 2302 novis
390 2278 425 2300 ac
444 2267 595 2300 maleficis
623 2276 732 2299 vetera
756 2268 785 2299 ὃς
813 2266 943 2298 salubria
968 2275 1033 2297 rnu-

161 2320 290 2351 tantur3
314 2311 400 2342 simul
418 2311 490 2342 mali
510 2319 631 2348 mores,
649 2309 728 2350 scope
746 2310 776 2340 &
795 2308 911 2340 scelera
928 2308 1031 2348 turpia

161 2362 257 2393 atque
272 2352 416 2393 improba
433 2351 595 2392 religionis
612 2350 807 2382 sacramento
819 2350 1029 2387 inducuntur3

161 2402 229 2426 tum
247 2394 426 2434 disputandi
444 2393 571 2424 licentia
596 2392 624 2423 &
650 2392 851 2423 contumacia
868 2389 1032 2421 inflexibili

162 2444 256 2474 atque
273 2435 428 2467 indomita
446 2434 598 2466 efficitur:
620 2440 655 2464 ut
678 2433 825 2471 diffidiis,
849 2432 966 2470 turbis,
992 2430 1034 2462 se·

161 2477 352 2515 ditionibus,
369 2476 587 2507 conciliabulis
598 2475 760 2515 publicum
772 2475 893 2511 otium,
910 2474 939 2504 &
956 2482 1033 2513 quo-

162 2518 335 2549 dammodo
361 2526 477 2549 naturae
503 2516 608 2549 foedus
633 2515 887 2556 interpelletur?
907 2515 948 2545 At
970 2515 1033 2554 jam

160 2559 285 2599 placet,
308 2558 375 2589 haec
392 2558 526 2590 monstra
553 2558 726 2595 horrenda,
749 2557 894 2594 infanda,
918 2556 1031 2596 impia,

162 2609 180 2631 e
201 2600 362 2639 republica
384 2609 478 2639 atque
501 2601 540 2631 ab
559 2600 722 2630 hominum
742 2598 891 2629 societate
906 2596 1031 2628 summis

161 2641 281 2672 viribus
298 2649 392 2679 atque
409 2642 555 2672 omnibus
573 2641 687 2680 opibus
704 2640 794 2680 ejici:
818 2648 879 2670 nec
895 2638 970 2678 quid
989 2638 1031 2669 ni-

161 2682 221 2714 mis
245 2682 374 2718 durum,
398 2683 542 2721 crudele,
565 2682 728 2722 asperum,
752 2681 943 2712 eradicando
967 2687 1032 2710 tan-

162 2731 198 2754 to
209 2723 310 2760 malo,
328 2722 523 2755 &servandis
541 2724 724 2755 hominibus
736 2722 929 2761 comparari:
946 2721 1031 2758 imo,

158 2763 181 2796 fi
200 2773 363 2804 poenarum
389 2771 686 2805 tormentorumque
711 2773 828 2805 genera
851 2762 964 2793 ordine
980 2771 1032 2792 ex-

160 2814 332 2847 ponantur,
345 2805 451 2835 oninia
463 2805 587 2836 sceleris
597 2807 782 2846 indignitate
794 2806 925 2836 nimium
936 2811 1032 2843 quan-

161 2856 230 2881 tum
248 2846 400 2886 superari:
425 2844 473 2875 sed
491 2855 593 2885 neque
610 2847 712 2885 sexui,
736 2855 841 2885 neque
858 2846 962 2882 aetati,
978 2853 1032 2876 ne-

161 2900 225 2931 que
249 2886 405 2927 sanguinis
427 2886 629 2918 affinitatisve
656 2888 902 2924 necessitudini,
928 2895 1032 2925 neque

161 2929 341 2964 conditioni
363 2927 488 2958 summae
512 2935 564 2957 aut
588 2927 720 2967 infimae,
743 2938 848 2969 neque
876 2928 954 2958 vivis
979 2935 1032 2958 aut

164 2971 299 3005 mortuis
318 2970 402 3008 parci
419 2976 514 3006 atque
532 2969 685 3008 indulgeri
710 2979 880 3009 oportere:
906 2968 980 3009 quin
997 2968 1030 2999 fi-

161 3015 235 3046 dem
247 3038 254 3050 ,
267 3011 435 3043 amicitiam
447 3034 456 3049 ,
467 3010 694 3041 humanitatem
707 3034 714 3048 ,
728 3011 929 3042 clementiam
942 3032 950 3046 ,
961 3018 1029 3049 quae

161 3056 210 3086 his
229 3053 419 3086 exhibeatur
431 3075 439 3089 ‚
456 3052 494 3082 ad
509 3050 689 3088 exemplum
707 3052 874 3090 pertinere.
914 3049 1031 3090 Neque

164 3097 232 3127 haec
258 3097 338 3126 intra
364 3093 459 3124 verba
481 3092 662 3123 constitere.
688 3101 736 3121 res
753 3091 834 3122 fasta
856 3091 918 3123 est:
943 3093 1030 3131 cujus

159 3138 223 3168 vim
235 3147 270 3167 ac
286 3135 485 3167 severitatem
503 3140 633 3172 experta
645 3131 711 3162 sunt
728 3132 848 3162 vetusta
865 3141 1030 3172 tempora,

156 3187 263 3220 neque
279 3186 381 3217 nova,
396 3186 432 3208 ac
450 3185 489 3208 ne
506 3173 609 3207 nostra
626 3173 756 3214 quidem
775 3173 934 3213 ignorant,
954 3175 1030 3214 quid

164 1355 206 1493 §2532

1080 1317 1197 1355 refert,
1213 1317 1349 1360 fingulos
1365 1318 1489 1351 adferre
1505 1319 1652 1350 homines
1664 1341 1673 1357 ,
1690 1327 1760 1350 cum
1774 1326 1886 1359 gentes
1901 1328 1953 1351 nan

1081 1360 1251 1398 tionesque
1265 1360 1482 1392 concufferit?
1505 1360 1589 1392 testis
1608 1360 1693 1398 Asia,
1718 1360 1803 1392 testis
1822 1359 1949 1398 Africa,

1082 1400 1167 1431 testis
1184 1399 1324 1441 Europa.
1370 1402 1548 1433 Amet-icam
1566 1411 1695 1441 quoque
1715 1409 1765 1432 tot
1782 1401 1893 1433 seculis
1909 1402 1954 1432 in-

1081 1442 1240 1482 cognitam
1257 1452 1294 1473 ac
1311 1443 1363 1474 vix
1381 1452 1537 1484 repertam
1557 1443 1779 1482 deprehendit.

1121 1484 1162 1514 At
1188 1483 1262 1514 mihi
1289 1483 1405 1523 visum,
1430 1485 1511 1524 ΛΑ,
1535 1484 1722 1515 sententiam
1741 1492 1801 1515 tam
1821 1484 1951 1520 duram,

1081 1531 1209 1564 tamque
1223 1525 1378 1557 immitem
1398 1535 1461 1556 non
1477 1535 1493 1556 a
1511 1526 1650 1562 ratione,
1668 1534 1773 1565 neque
1786 1534 1802 1555 a
1818 1525 1879 1555 Dei
1895 1524 1953 1555 ho-

1079 1567 1265 1605 minumque
1281 1566 1401 1604 studio,
1416 1576 1524 1598 verum
1539 1567 1577 1597 ab
1593 1566 1740 1603 avaritia,
1756 1566 1951 1603 ambitione,

1080 1607 1108 1637 &
1125 1607 1308 1638 dominandi
1326 1608 1457 1639 libidine
1474 1607 1651 1648 proficisci:
1676 1616 1736 1638 nec
1753 1606 1860 1638 vessrae
1876 1616 1952 1641 con-

1079 1649 1167 1678 venit
1183 1650 1402 1687 verecundiae‚
1417 1658 1470 1679 aut
1484 1658 1557 1680 meo
1573 1658 1646 1689 erga
1663 1648 1889 1680 humanitatem
1907 1646 1953 1678 af-

1076 1688 1194 1728 feffitui3
1219 1697 1252 1720 ut
1276 1688 1388 1726 sinam,
1416 1690 1561 1722 homines
1581 1690 1619 1721 ab
1645 1689 1825 1721 hominibus
1847 1689 1952 1726 verbis

1077 1739 1114 1761 ac
1139 1731 1320 1762 nominibus
1344 1732 1460 1772 decipi.
1512 1731 1591 1762 Haec
1618 1732 1718 1762 danda
1743 1740 1867 1771 opera;
1897 1738 1951 1768 ut,

1078 1773 1165 1811 quod
1184 1782 1200 1802 e
1219 1781 1251 1802 re
1269 1772 1412 1804 omnium
1429 1772 1492 1811 est,
1517 1773 1665 1804 omnibus
1684 1773 1820 1813 liqueat,
1837 1771 1951 1803 severi-

1079 1821 1176 1844 tatem
1196 1822 1264 1853 quae
1284 1813 1433 1846 hactenus
1448 1813 1511 1845 Dei
1529 1815 1556 1845 r&
1580 1814 1696 1855 egregii
1722 1814 1838 1854 publici
1857 1822 1952 1844 vene-

1078 1856 1202 1885 ratione
1219 1856 1353 1895 tegitur,
1370 1865 1442 1886 cum
1462 1856 1599 1887 detrassa
1618 1855 1721 1893 veste,
1739 1856 1820 1886 nuda
1840 1855 1867 1886 &
1885 1854 1952 1887 fine

1078 1894 1157 1926 fuco
1173 1897 1273 1927 oculis
1289 1904 1384 1936 atque
1399 1897 1510 1927 animis
1528 1897 1636 1928 vestris
1652 1906 1816 1933 occurret,
1833 1905 1951 1935 quanta

1078 1945 1195 1976 quanta
1211 1937 1274 1976 cst,
1286 1938 1328 1968 nil
1347 1937 1400 1968 nisi
1416 1936 1591 1978 superbiam
1602 1946 1695 1977 atque
1711 1938 1951 1977 improbitatem

1078 1977 1150 2009 effe.
1175 1987 1236 2018 qua
1253 1980 1305 2018 (ut
1328 1980 1452 2010 mittam
1470 1987 1577 2010 mutua
1594 1978 1843 2010 Christianorum
1862 1977 1951 2010 Gen·

1078 2019 1246 2060 tiliumque
1263 2020 1355 2058 odia,
1372 2028 1437 2051 tum
1451 2019 1587 2060 ipsorum
1604 2020 1633 2050 iu
1652 2019 1758 2059 primis
1775 2020 1805 2050 in
1822 2018 1852 2050 se
1867 2019 1949 2051 invi·

1077 2069 1148 2092 cem
1175 2061 1367 2092 l‘aevienti‘um
1392 2060 1533 2092 furorem
1558 2059 1827 2100 Christianorum)
1850 2061 1948 2092 etiam

1078 2101 1280 2139 Anacharsis,
1299 2102 1328 2133 ὅ(
1347 2101 1512 2140 Socrates,
1537 2102 1674 2141 denique
1690 2101 1834 2133 homines
1850 2102 1949 2133 virtu-

1078 2149 1127 2182 te,
1151 2142 1318 2183 sapientia,
1335 2143 1477 2174 doctrina
1489 2167 1498 2182 ‚
1517 2142 1754 2174 emendatissimi
1766 2166 1774 2180 ‚
1791 2152 1863 2174 cum
1881 2151 1949 2174 om-

1077 2185 1107 2215 ni
1128 2184 1217 2215 vacui
1229 2183 1296 2216 sunt
1312 2193 1376 2215 uon
1393 2185 1523 2215 crimine
1535 2192 1656 2216 tantum
1670 2208 1679 2222 ,
1693 2183 1745 2215 sed
1761 2184 1788 2214 ἃ
1808 2183 1946 2216 criminis

1075 2224 1251 2265 suspicione
1267 2248 1276 2264 ,
1301 2225 1404 2266 specie
1429 2226 1624 2257 vindicandae
1649 2226 1764 2257 divinae
1790 2224 1947 2257 humanae·

1076 2275 1138 2307 que
1156 2267 1323 2306 majestatis
1336 2290 1344 2306 ‚
1369 2266 1479 2298 misere
1499 2276 1535 2297 ac
1552 2266 1672 2298 nefarie
1690 2267 1926 2306 impenduntur.

1118 2307 1287 2348 Intellig0‚
1311 2308 1397 2344 AA,
1420 2318 1471 2339 me
1493 2309 1614 2348 ingredi
1633 2308 1694 2339 iter
1719 2309 1847 2348 plenum
1866 2307 1945 2339 invi·
1971 2316 1972 2321 ¹

1076 2349 1154 2388 diat,
1175 2350 1259 2387 odii,
1276 2350 1305 2380 &
1321 2349 1504 2381 calumniae:
1528 2349 1548 2381 li
1571 2350 1742 2381 dicendum
1760 2349 1847 2380 foret
1863 2348 1945 2386 apud

1078 2400 1135 2421 eos
1151 2399 1285 2430 quorum
1302 2389 1440 2430 interfit,
1462 2391 1578 2422 liberos
1597 2391 1743 2422 homines
1759 2398 1822 2422 tam
1839 2389 1946 2422 defor-

1078 2432 1119 2463 mi
1136 2433 1236 2471 premi
1253 2431 1414 2463 servitute.
1439 2431 1499 2464 Sed
1518 2433 1636 2463 bonum
1654 2431 1791 2471 faenum
1810 2431 1895 2472 quod
1910 2437 1945 2463 ut:

1078 2472 1217 2513 sperem,
1236 2473 1329 2504 vobis
1345 2482 1409 2505 non
1428 2473 1584 2515 ingratum
1605 2472 1677 2504 fore
1694 2481 1827 2504 examen
1846 2471 1945 2511 tanti,

1077 2522 1206 2554 tamque
1223 2515 1309 2546 ardui
1329 2515 1470 2554 negotii,
1494 2524 1554 2546 nec
1571 2516 1673 2546 minus
1690 2514 1834 2552 summis,
1852 2522 1943 2554 quam

1077 2555 1191 2587 infimis
1208 2555 1394 2596 periculosi,
1420 2554 1484 2587 Dei
1501 2555 1680 2593 beneficio,
1704 2556 1733 2587 ὅ(
1753 2557 1869 2586 virtute
1885 2563 1944 2586 rna-

1072 2597 1176 2637 jorurn
1196 2596 1394 2635 nostrorum,
1419 2596 1657 2628 fortissimorum
1675 2596 1860 2635 hominum,
1875 2596 1944 2627 ade·

1076 2641 1122 2679 pti
1139 2638 1256 2669 sumus:
1275 2639 1327 2678 qui
1345 2647 1449 2678 neque
1466 2637 1602 2679 sanguini
1622 2638 1693 2677 suo,
1712 2647 1815 2678 neque
1832 2637 1942 2678 opibus

1075 2687 1306 2720 pepercerunt,
1330 2688 1364 2711 ut
1387 2679 1547 2711 infamiam
1573 2688 1753 2719 temporum
1783 2686 1943 2719 expunge-

1075 2729 1164 2759 rent3
1181 2721 1209 2752 ὅι
1227 2720 1410 2752 servitutem
1428 2730 1517 2761 atque
1534 2720 1675 2761 injustam
1688 2745 1695 2758 ‚
1713 2730 1748 2751 ac
1765 2720 1882 2751 foedam
1900 2725 1942 2750 at-

1075 2771 1138 2801 que
1155 2762 1332 2803 indignam,
1357 2763 1396 2793 tle
1420 2762 1525 2794 liberis
1549 2763 1725 2794 cervicibus
1751 2762 1941 2806 dejicerent3

1076 2804 1106 2835 ἃ.
1123 2811 1184 2835 tam
1205 2804 1315 2841 nobis,
1340 2813 1433 2843 quam
1457 2804 1604 2835 omnibus
1630 2804 1722 2834 bonis
1746 2812 1782 2833 ac
1800 2802 1944 2842 sapienti-

1076 2846 1134 2877 bus
1151 2852 1223 2875 toto
1239 2845 1319 2875 orbe
1334 2845 1533 2876 admirationi
1552 2844 1659 2876 essent.
1685 2844 1767 2875 Date
1784 2843 1877 2884 igitur
1893 2840 1941 2873 fe-

1076 2886 1186 2917 licitati
1212 2886 1384 2926 temporis3
1408 2895 1442 2917 ut
1465 2885 1512 2917 fas
1538 2886 1573 2917 fit
1596 2885 1842 2925 jurisconsulto,
1866 2884 1895 2914 in
1910 2891 1942 2913 a·

1076 2930 1137 2958 trio
1150 2927 1303 2958 libertatis
1313 2927 1440 2958 Batava?
1455 2937 1547 2968 agere
1563 2927 1682 2958 causam
1695 2926 1818 2967 generis
1837 2926 1943 2954 huma-

1075 2970 1124 3007 ni,
1142 2969 1171 2999 δε
1190 2978 1230 2999 ex
1248 2968 1429 3000 sanstrffimo
1440 2967 1568 2999 Natura*
1586 2977 1622 2999 ac
1639 2967 1791 2998 Gentium
1807 2964 1878 3010 Jure
1893 2963 1941 2993 lo-

1074 3011 1126 3049 qui
1153 3019 1211 3049 pro
1246 3010 1391 3041 libertate
1415 3010 1595 3050 reipublicct¹
1620 3009 1699 3039 illius
1723 3006 1847 3045 majoris
1869 3012 1943 3041 quae

1076 3051 1138 3083 Uei
1158 3052 1186 3082 ἃ
1205 3051 1370 3083 hominum
1389 3051 1540 3082 societate
1560 3049 1777 3091 conjungitur;
1795 3053 1854 3075 nec
1869 3043 1940 3075 fere

1073 3100 1185 3123 monte
1201 3100 1253 3123 aut
1276 3092 1424 3131 flumine,
1448 3101 1501 3123 aut
1528 3091 1646 3130 exiguis
1676 3088 1796 3126 ipatus,
1820 3085 1872 3116 sed
1888 3085 1941 3116 de·

1073 3143 1158 3166 mum
1175 3143 1298 3164 oceano
1317 3134 1346 3164 &
1365 3133 1435 3165 solis
1453 3133 1501 3163 via
1520 3133 1713 3175 terminatur.
1814 3166 1821 3172 ·
1867 3167 1873 3172 1

1112 3176 1163 3206 Sic
1187 3176 1270 3207 enim
1295 3173 1427 3213 censeo,
1452 3173 1533 3212 AA,
1559 3172 1743 3211 religionem
1769 3175 1940 3206 umculque

1882 3216 1940 3239 no-
