2052 3487
182 131 230 165 26

179 215 294 247 erroris
311 211 341 245 ’ἀ
363 210 501 245 stultitiae
525 206 679 248 suspicio,
699 210 750 244 per
771 201 897 251 Gloffam
920 210 951 232 in
966 201 988 233 l.
1011 210 1036 233 1.

180 259 213 288 in
233 256 296 297 fine
323 253 364 286 D.
386 255 419 284 de
432 251 553 292 abigeis,
577 248 614 282 ὅ)
641 253 753 277 textum
778 254 809 290 in
834 243 853 273 l.
881 251 926 274 12.
950 242 979 283 §.
1007 252 1034 273 2.

181 297 218 332 δ’
235 307 264 338 3.
291 295 331 327 D.
355 296 388 326 de
404 291 512 324 liberali
528 289 641 329 causa)
665 287 715 317 sed
732 294 806 325 quia
825 293 882 323 per
906 285 1035 323 culpam

181 339 259 369 dolo
290 337 466 377 proximam
495 332 585 362 dolus
620 326 878 372 repraesentatur,
908 324 1036 371 auetore

180 378 320 419 Ulpiano
340 377 371 407 in
389 376 409 406 l.
433 383 457 405 1.
475 373 503 414 §.
524 382 551 403 2.
574 370 613 401 D.
634 369 699 400 siis
714 364 1036 409 quiiestameiziolzber:

180 420 245 451 hoc
264 418 411 456 est‚quia
425 416 485 447 lata
501 413 593 452 culpa
611 406 965 452 praesumptionendolus
976 405 1036 437 est:

179 469 215 492 ut
234 460 315 490 bene
339 457 404 488 Viri
424 454 607 490 Clariffimi,
634 452 774 483 Andreas
796 448 936 479 Alciatus
955 447 993 478 ad
1009 447 1037 477 d.

180 502 200 532 l.
225 503 292 532 226.
319 498 360 529 D.
386 497 580 528 deverhoium
591 491 805 533 significatione
823 489 852 519 &
878 487 1037 527 johannes

182 540 326 575 Coralius
344 539 391 569 lib.
411 548 440 576 4.
463 535 625 576 Miscellun.
641 539 705 572 cap.
726 541 752 577 1.
771 530 807 564 ὅ)
823 540 851 560 2.
868 528 1038 567 Praesump-

180 586 287 620 tione,
311 581 458 620 inquam:
482 577 572 608 dolus
597 575 681 606 enim
699 581 772 617 quia
790 571 985 618 ple-rumque
1002 569 1038 601 fit

178 625 315 656 latenter
329 644 339 660 ,
376 618 562 658 versuteque
578 639 587 655 ,
623 617 698 647 ideo
737 612 872 644 difficilis
903 611 1037 643 babetur

177 664 384 703 conjeffturzm
407 661 456 698 ὄσ,
481 668 515 691 ut
534 659 610 690 dicit
626 658 644 687 l.
659 659 693 686 ό.
720 655 786 685 Cod.
802 654 843 699 *cie
866 652 925 699 dolo
944 652 1037 698 malon,

178 716 219 737 ex
238 702 408 746 perspicuis
427 701 567 738 indiciis,
593 698 665 735 vel,
690 705 723 727 ut
749 696 826 741 legit
842 694 969 740 allicubi
981 693 1039 725 Vir

179 747 326 778 Summus
339 768 346 781 ‚
361 743 497 784 Jacobus
516 740 680 779 Cujacius,
698 736 831 782 mihine,
848 733 1039 766 sufficienter

178 788 372 819 ostenditur:
399 795 457 823 ne,
481 782 500 814 fi
519 782 656 813 certiora
673 779 702 810 &
722 778 865 823 pleniora
884 775 1040 822 desideret

178 834 382 870 argumenta,
405 834 498 864 quam
516 824 595 854 ratio
614 829 667 852 aut
683 827 836 858 temporis
851 825 905 849 aut
916 825 1035 863 negotii

177 862 313 911 produci
340 874 476 907 pititur,
508 864 600 895 dolus
630 862 833 893 severitatem
865 858 945 905 juris
973 858 1036 889 sola

176 909 331 952 probandi
351 906 539 938 difficultate
556 911 610 935 aut
640 909 802 939 moretur,
834 909 886 931 aut
911 909 1037 945 inanem

176 952 285 983 faciat.
311 950 348 979 At
367 949 452 988 quod
476 945 582 987 potest
598 945 662 977 dari
694 943 897 974 commodius
921 940 1037 972 machi-

176 993 315 1024 nationis
340 995 581 1030 argumentum,
605 994 699 1026 quain
722 985 783 1015 lata
808 982 925 1023 culpa?
948 982 1038 1028 Solet

177 1034 259 1070 dici,
282 1031 469 1071 qualitatem
502 1028 674 1059 naturalem
703 1025 834 1066 intelligi
867 1025 1039 1070 unicuique

176 1074 300 1106 homini
329 1071 513 1103 naturaliter
538 1068 642 1101 ineffe.
668 1066 767 1110 Quod
785 1065 806 1097 fi
824 1065 890 1103 est,
913 1067 1039 1105 quaelo,

178 1125 217 1147 an
240 1115 289 1146 cui
309 1113 381 1144 sano
401 1111 523 1143 homini
546 1110 708 1142 videbitur
734 1117 797 1139 non
816 1106 962 1138 affectata
977 1105 1039 1152 effe

176 1158 355 1197 ignorantia
385 1154 469 1194 ejus,
506 1153 560 1194 qui
591 1151 722 1191 quidem
755 1148 892 1186 fatetur,
930 1147 959 1178 se
988 1148 1039 1178 alii

177 1196 337 1231 noctiiffe;
354 1194 406 1226 sed
427 1195 499 1235 quia
518 1203 583 1225 uon
601 1191 759 1224 intellexit
779 1190 810 1221 id
829 1189 917 1230 quod
930 1198 1041 1234 omncs

177 1239 323 1270 homines
349 1236 556 1276 intelligunt?
589 1233 665 1266 Non
692 1239 791 1273 pum,
826 1240 930 1270 neque
958 1231 1042 1278 aliud

176 1281 260 1312 velle
282 1277 527 1319 jurisconsultos
552 1277 583 1308 in
600 1277 628 1306 d.
656 1275 673 1305 l.
701 1283 748 1309 29-
775 1272 814 1303 D.
845 1272 992 1303 Mundam.
1013 1273 1041 1302 d.

176 1322 196 1353 l.
215 1325 284 1353 226.
303 1319 341 1350 D.
360 1320 393 1350 de
409 1320 560 1350 verborum
575 1315 801 1358 significatione.
820 1315 847 1344 d.
864 1314 883 1344 l.
913 1322 937 1344 1.
963 1313 991 1354 §.
1009 1323 1039 1352 5.

177 1363 219 1394 D.
239 1363 272 1392 tie
289 1361 508 1402 obligationibus
527 1359 563 1393 &³
580 1359 750 1390 ustionibus.
769 1355 788 1385 l,
807 1359 834 1389 8.
859 1355 887 1396 §.
904 1364 934 1395 3.
955 1356 996 1385 D.
1009 1355 1042 1384 cie

171 1404 314 1445 precario.
338 1404 357 1433 l.
387 1406 416 1436 8.
443 1400 483 1432 D.
510 1403 543 1431 cle
572 1400 684 1431 edendo.
718 1397 944 1440 Quamquam,
968 1404 1041 1426 cum

177 1444 360 1486 conjectura
379 1444 472 1474 cedat
483 1442 671 1482 conjecturae
684 1463 692 1477 ,
710 1438 740 1469 &
762 1438 1040 1484 praesumptionem

178 1497 248 1528 quae
277 1486 398 1522 levior,
429 1485 536 1515 vincat
558 1485 683 1524 gravior
707 1480 932 1520 pi-aeiurnptm,
958 1477 1040 1509 haud

177 1529 263 1560 idem
287 1527 458 1558 dicendum
484 1525 618 1556 censeo:
642 1522 663 1554 si
683 1521 808 1553 aliunde
826 1527 974 1567 appareat
999 1520 1042 1565 de

178 1569 316 1601 hominis
335 1568 471 1607 ineptia,
497 1566 559 1597 sive
579 1565 658 1596 vitio
678 1569 816 1599 naturae,
841 1564 902 1592 live
920 1559 1043 1606 sequio-

178 1621 212 1642 re
229 1609 442 1647 educatione,
466 1607 528 1639 sive
547 1607 688 1639 similiter
706 1602 886 1634 conti-aeia:
910 1609 944 1632 ut
968 1611 998 1632 iii
1022 1601 1041 1632 l.

179 1662 246 1694 213.
272 1651 299 1693 ἓ.
314 1650 361 1690 fliz
377 1649 418 1681 D.
435 1650 469 1680 de
484 1651 634 1680 verborum
649 1643 869 1687 significatione.
893 1643 913 1674 l.
934 1653 983 1683 32.
1001 1642 1043 1675 D.

177 1692 300 1733 dopofflii.
326 1693 355 1723 ci.
387 1691 405 1722 l.
429 1700 454 1722 1.
472 1690 501 1732 §.
527 1699 550 1721 1.
573 1689 613 1720 D.
634 1688 667 1718 Si
682 1685 916 1726 mensorfallum
932 1685 1045 1714 modurn

178 1728 294 1766 dixerit.
306 1733 326 1764 l.
346 1742 375 1774 3.
393 1731 421 1773 §.
443 1742 489 1763 22.
513 1731 550 1762 D.
563 1732 596 1761 de
615 1727 865 1766 Senatusconsullo
880 1725 1041 1757 Silaniano.

179 1777 197 1808 l.
227 1786 254 1816 7.
283 1775 311 1817 §.
338 1784 367 1814 4.
394 1773 436 1805 D.
453 1775 485 1804 de
501 1771 713 1815 jurisdiftione.
731 1767 751 1799 l.
780 1777 806 1800 l.
828 1767 857 1809 ᾗ.
876 1768 930 1799 ult.
951 1765 993 1797 D.
1011 1768 1043 1797 de

178 1818 295 1849 edendo.

222 1868 267 1891 11.
293 1855 355 1888 Sed
378 1854 527 1896 quorsum
548 1852 643 1886 haec?
667 1851 836 1897 nimirum,
860 1856 894 1880 ut
909 1856 1042 1895 pateat,

179 1901 330 1941 quotiens
354 1897 432 1929 dolo
461 1898 605 1936 proxima
629 1893 674 1925 est
704 1901 799 1923 nimia
833 1892 1043 1936 negligentia3

179 1942 301 1973 totiens
320 1948 388 1970 eam
406 1947 496 1978 aeque
515 1946 551 1969 ac
568 1932 818 1968 doluminfamia
835 1933 940 1978 puniri
957 1940 1044 1962 uiro-

180 1992 242 2024 que
264 1982 351 2022 jure,
382 1981 413 2011 id
440 1979 502 2017 est,
526 1975 727 2021 gentiunt&
753 1974 858 2005 civili:
875 1981 957 2019 *quia
977 1981 1042 2018 non

180 2022 337 2058 minorem
349 2045 358 2060 ,
375 2030 467 2061 quam
489 2021 580 2052 dolus
592 2043 600 2058 ,
616 2017 767 2049 malitiam
791 2022 959 2060 continet:
976 2022 1041 2058 imo

181 2066 321 2098 creditur
345 2063 437 2095 dolus
462 2062 542 2100 ess'e,
566 2060 618 2092 sed
643 2058 726 2090 ferre
751 2055 887 2096 speciem
909 2063 1042 2102 ignavue

180 2117 247 2139 non
272 2113 387 2135 veram.
416 2103 520 2144 Atque
540 2104 582 2133 ita
604 2099 749 2139 intelligo
776 2096 1042 2143 Ulpia-immund.

180 2149 198 2181 l⁴
225 2159 253 2188 7.
277 2146 305 2188 §.
327 2156 353 2178 1.
375 2144 414 2176 D.
435 2147 467 2176 de
483 2143 614 2183 suspectis
633 2141 792 2177 tutoribus3
824 2139 897 2175 ubi,
915 2137 972 2184 δι,
996 2146 1040 2184 in-

181 2191 271 2230 quit,
295 2188 380 2223 fraus
396 2196 454 2216 nou
475 2184 515 2224 sit
541 2184 678 2223 acliniffli,
694 2181 746 2220 sttl
766 2180 826 2210 lara
844 2179 1040 2220 negligentia,

181 2234 250 2273 quia
266 2228 319 2265 isica
333 2234 417 2268 prope
431 2228 568 2266 fraudem
577 2225 684 2257 accedit
695 2246 704 2259 ,
723 2223 860 2251 removeri·
876 2218 1040 2265 hiiiicqucifi

172 2271 335 2316 fiispefflurn
354 2274 468 2309 oportet.
511 2267 624 2299 Sensus
643 2262 808 2308 enimhest,
835 2262 881 2292 Ad
908 2269 1038 2307 remoti-

181 2322 277 2346 onem
301 2311 415 2342 tutoris
440 2309 569 2350 suspecti
602 2317 667 2340 non
697 2311 806 2344 utique
836 2302 1038 2349 necessariam

181 2354 244 2387 esse
271 2352 494 2393 probationem
520 2349 638 2382 fraudis
661 2353 778 2387 aperta:
795 2345 822 2376 dt
844 2343 1037 2389 manifestass

181 2397 235 2427 sed
260 2393 401 2426 sufficere
428 2393 521 2424 latam
558 2392 702 2431 culpam:
724 2395 795 2426 quae
826 2385 880 2417 etii
913 2394 1041 2432 proprie

180 2447 247 2470 non
264 2436 298 2468 iit
318 2435 429 2471 dolus;
453 2442 558 2465 tamen
576 2443 617 2465 ex
636 2441 687 2468 ca,
712 2427 793 2468 quali
805 2437 845 2457 ex
862 2427 1043 2467 conjectura

181 2479 253 2510 satis
271 2477 405 2514 idonea,
430 2475 617 2516 plerumque
634 2473 796 2516 dolum-ac
815 2467 959 2499 fraudem
973 2467 1041 2498 col-

180 2520 246 2562 ligi.
272 2524 443 2555 caeterum‚
466 2516 487 2548 si
504 2517 595 2557 culpa
619 2516 678 2546 lata
696 2510 773 2542 nihil
790 2509 905 2556 babeat
928 2517 1042 2550 praeter

181 2569 302 2595 meram
332 2558 517 2599 segnitiem,
540 2557 766 2598 rusticitatem,
793 2559 952 2598 inertiam,
976 2550 1041 2582 slm-

181 2603 382 2645 plicitatem:
414 2608 449 2630 ut
475 2599 496 2631 fi
523 2607 628 2635 tutor,
653 2595 740 2627 verbi
764 2600 880 2638 gratia,
904 2592 1041 2633 probet,

180 2645 213 2677 se
238 2643 275 2675 ad
302 2642 389 2673 suum
417 2641 548 2672 modum
580 2637 734 2670 versatum
760 2634 822 2665 effe
848 2643 878 2664 in
917 2635 1042 2668 tutela:

182 2687 316 2728 (neque
335 2682 419 2713 enim
442 2682 507 2722 ipse
534 2680 565 2712 se
582 2680 750 2719 decipere,
773 2683 826 2706 aut
844 2675 898 2706 fibi
925 2684 1044 2708 nocete

181 2727 348 2769 quisquam
379 2723 476 2755 facile
513 2718 738 2762 praesumitur)
773 2725 912 2763 putem,
942 2720 1043 2763 magis

183 2768 264 2805 effe,
288 2775 322 2797 ut
339 2774 400 2796 nec
426 2767 490 2799 iure
509 2764 671 2806 gentium,
694 2768 754 2807 nec
777 2767 867 2789 more
884 2766 1041 2805 civitatis,

180 2810 335 2852 probrum
358 2806 491 2838 existat:
516 2814 551 2836 ut
566 2804 655 2844 supra
678 2803 763 2837 dix13
787 2799 816 2830 ὅ(
841 2807 964 2847 optime
982 2801 1041 2832 dis-

180 2855 274 2894 'putat
300 2847 533 2889 Tryphoninus
552 2846 571 2877 l.
595 2845 648 2876 ult.
674 2842 714 2874 D.
743 2840 804 2886 Ubi
826 2841 955 2881 pupillus
976 2843 1042 2873 edu-

181 2891 305 2925 carivel
315 2890 421 2932 morari
438 2890 550 2926 debeat,
574 2887 604 2919 ἂ
623 2884 780 2931 Ulpianus
798 2891 828 2912 in
855 2882 874 2913 l.
893 2892 922 2924 3.
938 2882 966 2924 §.
984 2883 1039 2920 uit,

180 2933 218 2970 θ’
236 2934 255 2965 l.
274 2941 301 2972 4.
323 2931 365 2962 D.
382 2932 421 2961 ‘cle
439 2929 571 2970 fuspestis
591 2927 744 2958 tutoribus.
893 2965 897 2969 .
1011 2965 1017 2970 ¹

225 2972 345 3006 1'2..÷‘At
371 2972 464 3003 nimis
488 2978 599 3009 aperte
627 2964 808 2999 adversatur
825 2963 978 3004 Ulpianus
1009 2974 1041 2996 in

182 3017 209 3046 d.
228 3017 244 3046 l.
258 3025 306 3055 42.
331 3013 372 3045 J).
383 3014 416 3044 de
431 3014 581 3043 verborum
584 3008 812 3051 significantium
830 3015 922 3043 cnm,
940 3006 1041 3037 Enim-

181 3066 268 3093 vero,
292 3056 413 3095 inquit,
437 3054 532 3085 tutelae
548 3054 684 3083 damnari
697 3050 746 3079 boc
769 3055 826 3094 min
851 3054 960 3077 natura
973 3055 1040 3087 pro-

180 3093 264 3128 brum
279 3094 336 3135 est,
357 3097 403 3133 fiai
419 3104 493 3126 more
514 3094 653 3125 civitatis.
680 3090 744 3122 Nec
760 3096 834 3135 emin
856 3094 963 3135 natum
977 3095 1040 3127 pro-

180 3135 264 3168 hrum
294 3134 351 3175 est,
373 3138 448 3176 quod
471 3134 561 3177 potes}
585 3136 670 3165 etiam
693 3134 723 3163 in
746 3131 884 3160 bominem
908 3131 1041 3160 idoneum

181 3178 312 3209 incidere.
340 3177 476 3208 Falleris.
501 3186 565 3209 non
586 3173 766 3207 adversatur
791 3170 962 3210 Ulpianus3
989 3170 1041 3202 sed

180 3223 292 3251 manus
311 3217 522 3258 'Interpretis:
554 3221 608 3261 qui
643 3226 716 3249 cum
744 3215 889 3252 videret,
919 3213 1041 3245 furtum

785 115 1085 151 GERARD1

1136 109 1362 144 Noonr

1079 206 1176 239 atque
1199 195 1389 228 adulterium
1405 195 1558 237 appellari
1583 196 1700 238 probra
1722 194 1791 238 iure
1806 193 1940 231 naturali

1079 239 1182 279 turpia
1198 261 1208 276 ‚
1231 238 1270 268 ab
1295 238 1396 278 iisque
1426 238 1556 270 tutelam
1586 238 1739 279 separari;
1762 239 1901 271 deducto
1922 250 1941 272 a

1079 280 1242 312 contrario
1268 277 1353 309 sensu
1377 286 1587 320 argumento,
1618 281 1750 319 docuit,
1774 289 1844 312 eam
1874 289 1941 313 non

1079 329 1189 353 natura
1207 320 1337 360 quidem
1351 321 1475 359 notari,
1498 319 1550 352 sed
1569 328 1674 354 tamen
1692 331 1783 353 more
1800 321 1943 354 civitatis

1080 362 1243 394 infamiam
1262 371 1325 392 non
1344 360 1505 402 effugere.-
1529 362 1612 402 quasi
1629 363 1749 402 probro
1770 363 1942 404 dupliciter

1081 402 1181 435 diviso
1193 425 1202 441 ,
1226 402 1257 433 in
1275 402 1370 441 illud,
1395 404 1483 443 quod
1500 404 1604 442 civili,
1622 405 1774 445 quodque
1790 404 1942 443 naturali,

1078 446 1148 485 jure
1178 443 1331 484 probrum
1361 443 1424 481 est,
1449 445 1556 476 tutelae
1585 446 1791 478 condemnari
1817 445 1943 476 faceret

1083 484 1268 526 posterioris
1292 485 1426 516 membri
1453 486 1655 526 exemplum,
1679 495 1753 518 cum
1778 495 1843 518 non
1864 485 1943 519 effet

1083 526 1210 568 prioris.
1241 524 1327 566 Ergo
1351 525 1494 558 Glossam
1519 528 1618 564 tolle,
1644 528 1673 559 ἀ
1699 528 1769 559 sana
1797 535 1835 558 ac
1863 533 1945 558 tran·

1080 567 1178 608 quilla
1202 568 1261 598 erit
1286 577 1376 598 mens
1407 566 1646 607 jurisconsulti:
1680 569 1811 601 tolletur
1836 576 1944 600 autem

1080 609 1164 641 haud
1188 608 1443 648 improbabiliter
1462 609 1524 640 hoc
1544 612 1655 642 modo.

1121 650 1263 682 Probrum
1283 649 1319 684 &⁰
1338 651 1517 690 opprobrium
1534 652 1605 682 idem
1622 649 1679 692 est:
1694 650 1797 689 probra
1812 649 1944 690 quaedam

1141 695 1250 722 natura
1275 693 1374 730 turpia
1387 692 1482 730 sunt,
1505 694 1633 733 quiedam
1652 691 1775 723 civiliter
1800 689 1836 724 ἑὸ)
1862 688 1945 731 quasi

1140 741 1213 762 ‘more
1229 732 1378 769 civitatis,
1402 738 1435 763 ut
1449 739 1524 772 puta
1536 734 1674 771 furtum,
1697 731 1873 762 adulterium
1889 741 1943 761 na·

1142 779 1210 804 tura
1236 779 1317 814 turpe
1343 772 1390 814 est.
1417 773 1575 805 Enimvero
1603 775 1696 805 tziielae
1721 773 1872 811 damnari,
1895 773 1946 803 hoc

1141 824 1199 845 non
1229 820 1334 845 natura
1350 816 1488 855 probrum
1514 814 1562 856 eJl.
1606 820 1624 836 a<
1649 815 1714 846 Nec
1739 816 1813 845 enim
1837 818 1946 844 natura

1134 857 1274 896 probrum
1290 855 1347 895 ost,
1372 857 1446 897 quod
1463 855 1552 898 potest
1568 858 1654 888 etiam
1674 859 1706 887 in
1731 856 1869 887 hominem
1884 856 1945 886 iiio·

1140 906 1224 927 neum
1241 897 1372 927 incidere.

1079 936 1170 969 Nihil
1193 938 1256 968 dici
1282 947 1388 977 neque
1409 945 1473 969 tam
1497 945 1588 978 apte,
1612 948 1719 979 neque
1739 946 1803 969 tam
1826 946 1946 969 conve-

1081 979 1206 1009 nientcr
1226 977 1386 1018 Ulpiano,
1411 978 1527 1018 potest.
1552 979 1708 1012 Probrum
1733 978 1878 1011 bifariam
1902 979 1947 1010 di-

1083 1020 1183 1055 v1dit3
1216 1018 1286 1056 sed,
1319 1021 1407 1059 quod
1433 1029 1553 1051 novum
1578 1031 1643 1052 non
1668 1021 1760 1052 estin
1782 1019 1846 1051 istis
1870 1020 1949 1052 Pan-

1083 1061 1232 1092 dectarun
1262 1060 1475 1101 Fragmentis,
1501 1061 1645 1093 divisioni
1672 1063 1763 1093 unius
1781 1062 1948 1093 dumtaxat

1083 1101 1198 1141 speciei
1216 1103 1398 1142 exemplum
1418 1101 1561 1141 subjicit,
1584 1112 1649 1134 non
1672 1103 1860 1142 utriusque3
1884 1101 1949 1134 sen-

1084 1143 1130 1175 sus
1144 1153 1220 1174 vero
1238 1143 1301 1181 est,
1330 1143 1447 1174 Probra
1460 1145 1603 1183 quaedam
1620 1151 1729 1175 natura
1746 1144 1848 1184 turpia
1857 1143 1948 1181 suut,

1085 1185 1227 1223 quaedam
1249 1184 1386 1215 civiliter
1404 1186 1433 1215 ἅ
1451 1184 1536 1224 quasi
1550 1195 1639 1216 more
1657 1185 1815 1220 civitatis;
1830 1191 1950 1225 utputa

1084 1225 1205 1256 furtum
1225 1226 1252 1256 o:
1270 1225 1460 1257 adulterium
1480 1234 1589 1258 natura
1606 1234 1698 1266 turpe
1718 1226 1778 1257 est:
1804 1226 1867 1256 hoc
1881 1225 1948 1264 est,

1085 1276 1196 1298 natura
1216 1269 1337 1306 temper
1355 1275 1446 1305 turpe
1467 1266 1535 1306 est3
1558 1269 1630 1308 quia
1644 1292 1652 1307 ‚
1671 1267 1725 1299 nisi
1745 1268 1835 1299 doliis
1851 1266 1950 1305 adsit,

1085 1317 1145 1339 nec
1165 1308 1301 1346 furtum,
1327 1317 1387 1339 nec
1406 1309 1618 1348 adulterium,
1642 1310 1703 1340 dici
1728 1308 1852 1349 potest:
1870 1308 1950 1339 teste

1086 1349 1226 1389 Ulpiano
1255 1351 1284 1379 in
1311 1351 1330 1379 l.
1350 1359 1399 1389 51.
1424 1349 1464 1380 D.
1491 1349 1548 1381 Pro
1562 1351 1657 1391 socio,
1682 1349 1767 1390 Gaio
1787 1350 1818 1381 in
1841 1350 1860 1381 l.
1880 1356 1949 1390 pen.

1084 1390 1125 1422 D.
1159 1390 1208 1421 Ari
1232 1391 1318 1430 legem
1342 1391 1459 1430 Juliuin
1481 1392 1514 1422 de
1536 1393 1688 1423 adulteriis
1718 1393 1747 1423 <Sc
1771 1390 1949 1432 Augustino

1083 1432 1167 1472 apud
1196 1430 1382 1464 Gratianum
1400 1432 1429 1462 in
1454 1430 1518 1470 c.fi
1536 1435 1629 1474 virgo.
1657 1443 1704 1472 534.
1729 1430 1824 1473 quaest.
1848 1441 1873 1463 1.
1896 1431 1952 1463 sed

1085 1474 1193 1504 tutelae
1224 1473 1362 1504 damnari
1390 1482 1456 1504 non
1482 1481 1592 1505 natura
1626 1475 1781 1515 probrum
1803 1472 1866 1505 est:
1889 1481 1950 1504 nec

1087 1516 1173 1545 enim
1201 1522 1310 1545 natura
1337 1514 1489 1554 probrum
1517 1515 1581 1553 est,
1605 1516 1692 1555 quod
1719 1514 1825 1555 potest
1854 1516 1951 1546 etiam

1087 1556 1118 1588 in
1147 1555 1311 1586 hominem
1339 1556 1491 1589 idoneum
1517 1557 1679 1589 incidere:
1709 1556 1773 1587 hoc
1806 1555 1870 1594 est,
1902 1563 1951 1587 tu-

1088 1597 1158 1628 telae
1185 1597 1326 1628 damnari
1349 1606 1415 1628 non
1443 1597 1564 1638 semper
1588 1607 1697 1629 natura
1715 1597 1868 1638 probrum
1886 1595 1950 1629 est:

1088 1647 1160 1669 nam
1191 1647 1278 1669 tutor
1312 1639 1416 1668 tutelae
1447 1648 1511 1670 non
1544 1640 1654 1680 utique
1688 1640 1732 1670 ob
1760 1638 1870 1670 dolum
1898 1636 1952 1669 seu

1087 1678 1273 1720 perfidiam,
1296 1678 1348 1710 sed
1376 1680 1471 1711 etiam
1498 1679 1542 1710 ob
1565 1681 1712 1720 culpam,
1735 1680 1779 1711 ob
1804 1680 1952 1720 ignoran-

1088 1728 1179 1758 tiam,
1204 1722 1248 1751 ob
1267 1720 1453 1761 segnitiem,
1476 1721 1749 1761 rusticitatemque
1775 1721 1951 1752 naturalem

1089 1763 1270 1794 damnatur:
1293 1771 1362 1802 quae
1383 1769 1493 1793 natura
1526 1762 1678 1803 probrum
1700 1771 1765 1794 non
1789 1762 1853 1798 est;
1877 1771 1952 1794 cum

1087 1804 1275 1844 plerumque
1307 1803 1428 1834 incidat
1461 1804 1491 1834 in
1521 1804 1686 1835 hominem
1725 1804 1894 1835 idoneum:
1917 1803 1952 1834 id

1087 1844 1151 1883 est,
1177 1853 1210 1875 ut
1231 1844 1343 1875 Paulus
1362 1844 1552 1884 loquiturin
1583 1845 1601 1876 l.
1627 1854 1656 1884 4.
1684 1844 1725 1876 D.
1749 1846 1783 1875 de
1803 1844 1950 1918 populari-

1086 1887 1139 1916 bus
1163 1885 1340 1923 actionibus,
1373 1886 1405 1917 in
1435 1885 1599 1926 personam
1624 1887 1801 1927 integram,
1842 1895 1894 1917 ive
1918 1886 1951 1918 in

1087 1926 1253 1966 personam
1283 1934 1390 1967 itegrae
1416 1927 1667 1959 existimationis.
1713 1937 1785 1958 nam
1804 1927 1833 1959 &
1857 1927 1952 1959 Pom-

1089 1968 1200 2007 ponius
1221 1968 1284 1997 hoc
1304 1967 1390 1998 sensu
1417 1969 1461 1998 ait
1478 1968 1509 1999 in
1533 1968 1553 1999 l.
1581 1977 1645 2000 112.
1665 1968 1693 2010 §.
1722 1977 1747 2000 1.
1771 1968 1814 1999 D.
1833 1970 1866 1999 de
1886 1977 1951 1999 ver·

1084 2010 1181 2038 borum
1208 2009 1427 2048 obligationibus
1443 2031 1452 2046 ,
1486 2018 1591 2040 rerum
1616 2010 1769 2041 idoneum
1792 2019 1857 2040 non
1885 2017 1948 2041 tam

1085 2050 1298 2089 pati-intonit),
1333 2058 1426 2089 quam
1454 2047 1516 2080 fide
1544 2058 1700 2090 quoque,
1724 2050 1894 2088 aestimari,
1918 2050 1949 2082 δε

1083 2090 1253 2130 javolenus
1271 2091 1300 2121 in
1325 2090 1342 2119 l.
1370 2091 1423 2121 ult.
1451 2090 1488 2121 D.
1514 2092 1547 2121 de
1571 2091 1677 2122 tabulis
1699 2092 1884 2129 exhibendis,
1908 2092 1950 2122 de

1086 2133 1199 2162 tabulis
1222 2132 1411 2162 exhibendis
1436 2131 1640 2163 interditum]
1668 2141 1856 2172 competere
1882 2141 1949 2164 non

1084 2181 1238 2212 oportere
1257 2196 1266 2211 ,
1305 2172 1325 2203 ii
1359 2173 1545 2205 hereditatis
1577 2173 1794 2205 controversia
1826 2184 1865 2205 ex
1900 2174 1948 2205 his

1085 2216 1207 2255 pendet
1224 2237 1233 2252 ,
1268 2212 1320 2245 sed
1342 2214 1371 2244 in
1400 2214 1467 2245 aede
1490 2213 1573 2245 sacra
1596 2216 1722 2246 interim
1740 2215 1948 2256 deponendas

1084 2255 1146 2286 ess'e
1159 2279 1169 2293 ,
1196 2265 1249 2286 aut
1265 2257 1303 2286 ad
1323 2255 1425 2287 virum
1443 2256 1604 2287 idoneum.
1645 2255 1691 2287 Ita
1707 2256 1783 2288 mihi
1801 2257 1947 2295 videtur,

1080 2296 1111 2327 «St
1139 2299 1275 2328 noviter.
1319 2296 1419 2327 Aliter
1444 2297 1484 2327 de
1509 2297 1596 2328 bisce
1617 2296 1756 2337 Jacobus
1779 2297 1946 2338 Cujacius,

1082 2337 1248 2370 Albericus
1269 2337 1408 2368 Gentilis
1424 2337 1454 2368 δε
1479 2336 1640 2377 johannes
1658 2338 1834 2370 Goeddaeus
1857 2340 1894 2370 ad
1915 2340 1945 2370 d.

1086 2382 1105 2410 l.
1126 2390 1174 2418 42.
1199 2380 1275 2410 item
1293 2378 1450 2410 Antonius
1471 2379 1606 2410 Contius
1625 2379 1654 2411 &
1669 2380 1807 2420 Jacobus
1818 2379 1948 2411 Gotho-

1087 2420 1197 2451 fredus
1214 2423 1251 2451 acl
1274 2421 1292 2450 l.
1316 2430 1363 2461 23.
1394 2419 1432 2450 D.
1460 2422 1492 2451 de
1514 2421 1621 2461 regulis
1639 2421 1733 2459 juris,
1763 2420 1946 2452 Franciscus

1085 2462 1254 2493 Duarenus
1281 2462 1318 2491 ad
1342 2462 1388 2491 iit.
1417 2461 1554 2492 Pande&
1583 2463 1616 2492 de
1641 2464 1672 2493 in
1696 2463 1773 2492 litem
1797 2463 1946 2503 jurando,

1085 2513 1164 2534 num.
1191 2501 1442 2544 35.1FranCiscus
1461 2502 1640 2534 Hotmanus
1655 2526 1664 2541 ,
1690 2503 1850 2535 Arnoldus
1869 2504 1945 2536 Vin·

1084 2546 1171 2583 nius,
1195 2545 1245 2575 alii
1271 2545 1308 2574 ad
1332 2545 1360 2574 d.
1382 2543 1410 2584 §.
1437 2547 1467 2574 6.
1493 2543 1564 2584 Inft.
1584 2545 1617 2574 de
1630 2543 1772 2584 suspeetis
1789 2546 1943 2576 tutoribus.

1128 2595 1173 2626 13.
1199 2586 1293 2617 Plane
1308 2593 1400 2623 ante,
1426 2593 1518 2625 quam
1538 2586 1611 2616 hinc
1634 2585 1789 2618 discedam
1806 2609 1816 2625 ‚
1840 2587 1945 2617 adhuc

1086 2627 1282 2659 monendum
1299 2625 1368 2664 est,
1399 2634 1439 2656 ne
1456 2625 1584 2657 fortasse
1605 2627 1698 2665 paulo
1718 2627 1828 2658 durior
1838 2628 1944 2658 videa-

1086 2677 1137 2700 tur
1154 2668 1333 2707 conjectura
1352 2666 1477 2706 nostra,
1500 2668 1579 2699 nihil
1599 2677 1689 2708 aeque
1711 2667 1864 2699 familiare
1880 2668 1943 2700 esse

1086 2711 1247 2751 plerisque
1273 2709 1499 2748 scriptoribus,
1531 2718 1624 2749 quam
1649 2710 1694 2740 uti
1725 2709 1944 2740 locutionibus

1086 2761 1155 2792 quae
1179 2752 1282 2782 multo
1306 2749 1383 2788 fint,
1405 2759 1499 2789 quam
1516 2760 1568 2781 eas
1592 2750 1654 2781 effe
1676 2758 1830 2791 oportet,
1855 2751 1944 2782 latio-

1084 2803 1156 2825 res:
1181 2801 1241 2823 nec
1257 2800 1363 2823 tamen
1382 2799 1513 2831 usquam
1535 2791 1658 2823 facilius
1676 2793 1735 2823 labi
1752 2793 1847 2823 etiam
1864 2791 1942 2822 sum-

1085 2844 1154 2866 mos
1173 2832 1383 2874 interpretes‚·
1407 2841 1500 2872 quam
1516 2842 1587 2864 cum
1604 2833 1750 2865 incidunt
1764 2836 1794 2865 in
1809 2835 1944 2873 ejusmo-

1085 2877 1116 2907 di
1142 2875 1238 2906 verba
1261 2884 1329 2915 quae
1360 2873 1502 2905 adhibita
1533 2875 1774 2914 moderatione,
1799 2874 1883 2914 sive,
1907 2882 1942 2905 ut

1084 2918 1182 2958 vulgo
1205 2917 1339 2954 dicitur,
1371 2916 1477 2954 potius
1503 2916 1675 2948 secundum
1703 2918 1779 2958 quid
1802 2915 1871 2950 sunt
1890 2924 1940 2947 ca-

1084 2960 1217 3000 pienda,
1240 2965 1334 2998 quam
1360 2955 1554 2996 fimpliciter.

1129 3009 1172 3037 14.
1199 2998 1246 3030 Ex
1273 2999 1337 3029 hoc
1366 3007 1484 3038 genere
1507 2997 1678 3031 adscribam
1710 2999 1817 3031 locum
1843 3005 1941 3028 unum

1083 3048 1179 3081 atque
1188 3041 1341 3074 alterum;
1357 3047 1442 3078 tum,
1459 3040 1530 3080 quia
1546 3039 1688 3079 praesenti
1700 3040 1833 3081 speciei,
1848 3039 1941 3070 item-

1084 3091 1145 3121 que
1161 3082 1256 3121 capiti
1272 3081 1375 3121 primo
1394 3081 1482 3121 hujus
1498 3082 1589 3120 libri,
1609 3084 1754 3114 videntur
1771 3080 1941 3117 inservire;

1084 3131 1151 3154 tum
1179 3125 1292 3162 etiam,
1316 3123 1388 3163 qnia
1411 3124 1530 3155 habent
1556 3122 1762 3162 sententiam,
1794 3121 1943 3154 omnibus

1879 3171 1945 3194 non

1122 3218 1138 3234 ¹*
1159 3220 1212 3248 Sed
1230 3228 1307 3247 more
1327 3218 1456 3247 civitatis.
