2052 3487
217 185 286 210 110

216 262 311 295 etiam
328 262 360 292 in
378 256 581 291 universitate
607 252 768 285 causarum
784 263 792 284 :
822 259 858 283 ut
875 253 906 284 in
924 251 1077 294 sequente

215 303 431 342 inscriptione.

255 354 286 375 c,
308 347 512 374 VALERIO.
535 344 742 368 POPLICIO

254 393 337 415 cos.
362 390 454 412 oni).
478 386 591 410 irem
614 384 930 408 coo-noscerem

251 434 317 456 AD.
342 429 513 453 sAcRAs.
539 426 903 450 APPELLATIONES

214 466 296 498 Item
324 465 354 495 in
376 463 428 494 illa
450 461 532 502 apud
562 459 747 491 Manutium
782 458 829 489 De
861 457 1079 499 Orthographia

230 517 247 538 a
269 531 276 537 .
294 515 310 536 2
336 529 342 536 .

207 514 229 548 p
245 516 289 579 ἰ.
312 516 486 577 5Caesonius.
512 542 549 574 C.
574 542 631 574 Fil.
655 541 801 584 Quirina.
825 539 975 585 Lucillus·

248 589 372 620 Macer.
398 584 595 616 Rufinianus.
620 583 698 615 Cos.
725 582 845 614 Frater.
872 579 993 612 Arvalis

249 627 347 661 Praef.
371 626 464 658 Urbi.
490 625 628 658 Eleous.
653 625 703 656 ad.
729 622 978 665 cognoscendas.

248 670 332 701 vice.
359 667 488 701 Caesaris
512 667 725 708 cognitiones.
750 666 813 698 &c-
966 681 968 686 v

210 711 280 744 Alia
298 711 382 751 apud
405 709 554 741 eumdem
576 717 647 748 pag.
664 717 736 745 494.
815 747 822 752 ·

249 752 299 784 M.
330 751 458 783 Maecio.
482 749 642 781 Memmio
666 748 728 780 &c.
752 746 823 787 Judi

248 795 288 826 ci.
312 794 476 826 Sacrarum
498 790 732 833 cognitionum

894 922 1106 956 CAPUT

207 1043 258 1078 De
275 1041 486 1087 jurisdiffione
511 1054 575 1088 qiice
592 1046 761 1088 prorogata
780 1039 963 1085 appellatur.

816 164 1120 200 Gnninni
1169 162 1399 200 Noonr

1159 250 1286 283 Tertio.
1309 252 1423 292 Judici.
1449 252 1579 285 Iterum.
1603 262 1654 286 ex.
1677 251 1732 285 De

1160 294 1385 333 legationibus.
1407 294 1520 326 Sacris.
1543 294 1609 327 Prae

1158 333 1257 366 fecto.
1283 335 1437 367 Praetorio
1461 344 1510 367 et..
1525 336 1627 376 Judici

1159 374 1287 408 Tertio.
1312 376 1452 409 Consuli.
1478 376 1663 409 ordinario.

1122 415 1222 460 Quod
1239 417 1257 449 si
1275 426 1377 450 tamen
1394 418 1463 458 quis
1483 420 1567 459 apud
1587 417 1786 450 Gordianum
1804 417 1985 460 delegatum

1117 458 1264 499 judicem
1281 460 1474 501 interpretur
1490 460 1720 491 mandatarium
1738 460 1984 500 jurisdifilionm,

1123 500 1248 540 qualem
1266 500 1382 533 sensum
1402 502 1430 532 ei
1455 509 1510 533 aut
1534 501 1714 542 Inter-pres,
1743 509 1796 532 aut
1813 500 1984 534 'l'ribonia-

1119 550 1196 580 nus,
1220 542 1355 580 tribuit;
1379 541 1481 573 sensus
1497 542 1589 575 falsus
1605 543 1683 574 erit:
1708 543 1782 583 quia
1796 542 1916 582 Judicis
1932 546 1984 574 da-

1120 584 1168 614 tio
1185 584 1382 615 mandat-ario
1395 584 1619 624 jurisdictionis
1635 593 1790 624 nusquam
1807 584 1909 615 ablata
1920 585 1983 623 est,

1118 633 1182 656 non
1208 626 1308 656 modo
1327 633 1400 656 ante
1428 624 1584 657 Gordiani
1601 634 1765 666 tempora,
1794 624 1847 657 scd
1867 635 1906 656 ne
1929 636 1986 666 per

1118 665 1319 698 Gordianum
1342 667 1470 706 quidem
1495 668 1527 698 in
1554 668 1581 698 d.
1608 667 1626 698 l.
1642 678 1671 707 5.
1697 668 1770 707 quia
1798 666 1829 698 in
1854 676 1889 697 ea
1920 677 1984 698 non

1117 707 1165 747 jus
1185 716 1303 738 novum
1326 709 1495 739 conditum
1512 708 1556 738 est
1572 731 1581 747 ‚
1611 707 1664 740 sed
1683 708 1842 740 Marcello
1863 717 1986 740 tantum

1120 749 1158 780 ad
1176 747 1293 781 factum
1310 747 1498 791 rescriptum
1517 748 1572 781 est.

1183 922 1306 959 XII.

1016 1037 1098 1072 Eam
1126 1036 1302 1082 confirmari
1331 1037 1417 1085 Lege
1444 1037 1539 1082 chli'a
1560 1038 1756 1084 privatorum
1770 1039 1981 1086 judiciorum:

256 1089 340 1137 nasci
364 1099 465 1125 aurem
485 1103 525 1125 ex
541 1092 748 1137 qualicumque
763 1087 903 1135 exprcffa
924 1088 1138 1129 conventione,
1162 1085 1232 1131 five
1248 1087 1347 1129 nuda,
1367 1085 1441 1131 five
1460 1098 1517 1122 non
1535 1087 1627 1123 nuda.

206 1203 306 1278 Post
330 1203 509 1235 mandatam
535 1202 787 1243 iurisdictionem
813 1209 907 1242 quam
932 1199 1071 1246 diifimus

278 1245 412 1277 alienam
437 1245 556 1283 videri,
579 1242 737 1285 superest,
762 1249 796 1273 ut
823 1243 863 1274 de
881 1251 918 1274 ea
933 1242 1072 1282 dilpute-

207 1295 296 1325 mus,
320 1295 389 1327 quae
420 1285 617 1327 Magistratui
644 1286 731 1325 cujus
756 1283 801 1316 est
817 1284 940 1324 aliqua,
965 1291 1073 1323 quam-

208 1336 303 1367 quam
321 1329 566 1367 incompetenS‚
580 1326 772 1367 jurisdictiO,
790 1325 981 1366 litigantium
997 1332 1072 1355 con-

202 1369 363 1400 ·ventione
392 1370 442 1401 vel
469 1368 635 1407 tribuitur,
660 1369 711 1399 vel
737 1374 879 1407 augetur.
921 1365 1071 1405 Eajuris-

208 1410 307 1441 (116110
324 1411 421 1451 vulgo
439 1418 609 1452 prorogata
626 1409 823 1450 appellatur:
845 1408 948 1439 minus
967 1405 1073 1452 reete:

207 1460 280 1483 nam
301 1453 488 1492 prorogatio
504 1452 634 1492 proprie
658 1450 812 1490 temporis
835 1449 898 1488 est;
922 1456 1074 1480 termino-

207 1502 277 1523 rum
300 1501 406 1524 autem
429 1493 657 1533 jurisdictionis
681 1499 735 1522 aut
762 1491 886 1531 imperii
912 1499 977 1521 non
1009 1496 1073 1520 tam

208 1535 396 1574 prorogatio
418 1535 554 1572 dicitur,
578 1543 672 1573 quarn
692 1532 830 1572 prolatio
852 1531 900 1562 vel
920 1539 1072 1571 propaga—

204 1576 269 1607 tio:
289 1584 323 1606 ut
341 1574 498 1606 veriffime
513 1574 738 1606 animadvertit
750 1574 869 1604 amicus
888 1572 917 1604 δι
938 1572 1072 1611 Collega

205 1625 315 1655 meus,
341 1615 380 1647 V.
407 1617 466 1647 Cr..
489 1616 626 1656 Jacobus
644 1615 832 1647 Perizonius
852 1612 1070 1650 Animciclverfi-

205 1659 306 1688 onibus
324 1655 499 1697 Historias,
515 1664 579 1698 cap.
597 1665 643 1688 v1.
654 1664 724 1698 pag.
736 1666 804 1692 229.
823 1655 926 1696 &seq
947 1654 1075 1699 Ferit-um

205 1706 312 1730 tamen
337 1698 382 1730 est
405 1699 594 1730 docentium
613 1697 686 1736 usu,
709 1704 744 1728 ut
761 1698 790 1728 dc
808 1696 970 1737 prorogari
990 1696 1075 1726 dice-

203 1748 291 1771 retur
306 1740 502 1780 jurisdiCli03
527 1749 600 1771 cum
619 1739 811 1780 litigantium
830 1737 983 1769 consensu
999 1745 1073 1776 pro-

202 1780 306 1813 fertur
323 1781 403 1812 ultra
422 1781 575 1812 terminos
595 1780 710 1820 quibus
727 1779 912 1810 includitur.
957 1777 1010 1809 Est
1021 1788 1074 1808 ve-

203 1832 241 1854 ro
268 1823 298 1854 δι
321 1822 372 1854 illa
400 1822 644 1863 quodammodo
670 1820 789 1861 species
814 1820 924 1851 alienae
947 1819 1072 1859 jurisdi-

206 1863 339 1902 Ctionss,
363 1862 416 1895 sed
434 1872 503 1904 quae
527 1873 568 1895 ex
594 1862 786 1894 aueoritate
805 1860 901 1901 Legis
926 1860 1073 1900 ,1111131311-

204 1905 372 1937 diciorum·
389 1905 585 1945 privatorum
615 1903 769 1935 consensu
800 1903 828 1934 ei
847 1902 934 1942 cuius
953 1901 998 1932 est
1020 1902 1074 1933 ali-

202 1955 264 1983 qua
279 1946 477 1986 jurisdistio,
500 1946 541 1978 fic
553 1945 747 1985 adquiritur,
770 1952 805 1975 ut
823 1944 970 1975 mandata
983 1943 1073 1982 jiiris-

203 1986 301 2019 diclio
318 1988 496 2019 mandantis
516 1987 683 2018 voluntate
700 1986 751 2017 vel
775 1984 974 2026 Magistratui
987 2007 996 2022 ,
1021 1983 1073 2015 vel

203 2029 330 2069 privato
348 2031 469 2068 cuivis,
494 2029 585 2060 datur
603 2037 694 2060 more
710 2027 875 2067 majorum.
919 2024 1000 2069 Quae
1021 2034 1072 2055 au-

205 2078 269 2101 tem
295 2070 390 2102 verba
416 2068 512 2110 Legis
541 2069 631 2109 Juliae
657 2067 778 2100 fuerint
796 2092 806 2106 ,
838 2076 903 2098 non
921 2091 931 2106 ,
963 2073 1043 2107 puto
1060 2089 1069 2105 ‚

207 2110 304 2143 facile
322 2112 407 2143 dictu
424 2111 487 2143 est:
510 2120 664 2150 nusquam
683 2111 768 2142 enim
787 2116 918 2147 extant3
941 2116 1070 2148 praeter-

204 2162 298 2192 quam
313 2153 401 2192 quod
422 2152 575 2193 Ulpianus
584 2152 603 2182 l.
624 2161 652 2183 2.
669 2151 698 2193 ὃ.
718 2161 743 2183 1.
764 2150 805 2182 D.
824 2152 857 2181 <ie
866 2150 988 2192 judiciis
999 2158 1070 2189 pro-

204 2195 285 2225 didit
311 2193 494 2234 sequentia,
524 2191 638 2235 QUO
683 2191 783 2223 MlN
799 2190 857 2223 Uei
900 2189 1070 2222 INTER

201 2235 227 2266 P
245 2233 487 2267 RIVATOS
547 2233 621 2267 CO
640 2232 672 2265 N
692 2234 719 2266 V
738 2231 942 2265 ENIAT.
994 2231 1071 2263 Sen-

201 2275 269 2307 sum
293 2285 399 2307 tamen
427 2275 584 2316 Ulpianus
608 2275 758 2313 expreffit
782 2275 801 2305 l.
823 2283 848 2306 1.
867 2273 910 2305 D.
938 2274 997 2304 eod.
1021 2274 1069 2304 tit.

202 2327 276 2349 cuin
301 2316 388 2349 infit:
414 2317 487 2357 Sise
496 2317 660 2358 subjiciam
681 2317 774 2357 aliqui
790 2314 1009 2357 jurisdz'fti'oni,
1033 2314 1070 2349 &³

202 2359 400 2398 consentiant,
415 2360 490 2389 inter
508 2360 710 2394 consencientes
728 2358 861 2399 cujusvis
871 2357 983 2398 judicis
995 2379 1005 2394 ,
1020 2357 1070 2397 qui

203 2400 345 2431 tribunali
369 2398 489 2440 praeest,
517 2400 564 2431 vel
591 2400 680 2431 aliam
700 2398 933 2440 jurisdifr‘ionem
962 2397 1043 2428 habet
1058 2420 1068 2436 ,

203 2444 242 2482 est
252 2441 427 2484 jurisdictio.
452 2441 503 2473 Ex
523 2451 588 2482 quo
605 2449 756 2481 apparet,
779 2450 849 2471 eam
869 2438 964 2480 Legis
976 2439 1068 2479 Juliae

203 2492 345 2514 mentem
369 2482 482 2523 fuiss'e3
505 2491 560 2522 ut,
584 2482 604 2514 fi
623 2483 693 2521 quis
714 2481 935 2513 conventione
960 2480 1012 2512 sua
1038 2479 1068 2511 se

204 2522 381 2564 subjecisset
398 2523 762 2564 alteriusjuristliffioni,
786 2523 825 2553 ab
843 2531 949 2562 eoque
968 2523 997 2553 ei
1018 2522 1068 2562 jus

203 2565 322 2596 disturn
339 2564 433 2604 esset,
457 2565 521 2596 1100
546 2574 609 2597 tam
632 2572 733 2596 ratum
759 2564 950 2602 haberetur,
973 2573 1068 2603 quarn

201 2606 225 2638 fi
240 2607 270 2637 ei
285 2606 334 2646 jus
353 2605 471 2638 dietum
488 2606 576 2639 foret
599 2607 631 2638 in
656 2606 787 2647 proprio
806 2606 836 2637 dt
860 2612 1070 2645 competente

203 2648 289 2679 foro.
333 2646 479 2678 Pertinet
496 2658 575 2679 vero
594 2657 631 2679 ea
654 2648 721 2679 Lex
745 2649 776 2678 in
801 2647 910 2687 primis
927 2647 966 2677 ad
984 2646 1068 2678 utili-

203 2697 304 2721 tatem
320 2688 536 2727 privatorum:
559 2688 700 2726 scilicet,
725 2696 758 2720 ut
776 2698 817 2720 ex
834 2687 973 2728 ipsorum
991 2696 1068 2719 con-

203 2730 293 2762 sensu
308 2729 364 2760 flat
384 2729 547 2770 aliquanto
564 2729 690 2761 facilior
707 2730 787 2760 ratio
803 2729 995 2769 expediendi
1019 2730 1066 2768 ju-

204 2772 257 2804 ris.
281 2771 345 2802 Sed
363 2779 435 2802 cum
446 2771 563 2811 duplex
575 2771 670 2802 fuerit
689 2769 1047 2811 LexJuliajudiciorum
1059 2794 1069 2809 ,

204 2822 267 2845 una
282 2812 488 2853 publicorum
499 2836 509 2851 ,
525 2813 623 2844 altera
640 2812 835 2852 privatorum
849 2822 858 2850 ;
875 2812 972 2853 magis
985 2812 1070 2843 vide·

204 2862 256 2886 tur
272 2854 336 2885 hoc
351 2860 448 2893 caput
471 2862 536 2893 quo
552 2854 593 2885 de
609 2852 834 2894 agiinus,'effe
858 2853 947 2892 Juliae
967 2854 1068 2893 priva-

204 2904 311 2927 torum
325 2895 535 2935 judiciorum:
551 2904 623 2926 cum
635 2893 1065 2935 praesertimUlpianusidem

203 2944 301 2978 caput
323 2936 385 2976 (ut
409 2937 513 2976 liquet
533 2945 574 2966 ex
599 2935 807 2973 inscriptione
832 2936 852 2967 l.
877 2945 900 2966 1.
917 2935 953 2969 ὅ)
970 2946 997 2967 2.
1021 2935 1061 2967 D.

203 2980 237 3009 ἀι·
257 2978 406 3019 judiciis)
429 2978 655 3017 interpretatus
679 2975 715 3007 fit
734 2976 818 3007 libris
840 2977 878 3007 ad
896 2976 1061 3009 Edictum:

204 3021 319 3059 quibus
344 3019 399 3050 ille
421 3028 527 3059 neque
544 3017 670 3058 publica
686 3017 801 3057 judicia
820 3017 985 3057 exposuit,
1009 3028 1061 3049 ne-

203 3069 267 3100 que
281 3069 393 3092 eorum
404 3060 549 3092 ordinem
559 3067 613 3090 aut
621 3058 757 3090 formam
768 3068 777 3096 3
790 3059 841 3098 qui
852 3067 907 3098 >pe
919 3067 991 3090 cum
1002 3069 1062 3090 nee

202 3102 243 3132 de
262 3101 309 3132 his
329 3101 528 3143 propofitum
551 3100 628 3132 effet
650 3099 815 3131 Edictum:
853 3100 892 3130 ed
907 3100 943 3129 iis
963 3100 1063 3139 perse-

201 3148 317 3181 quutus
332 3142 377 3174 est
396 3143 543 3174 ordinem
568 3142 598 3173 &
615 3140 752 3173 formam
775 3141 972 3180 privatorum
986 3141 1065 3180 jndi-

204 3183 345 3220 ciorum;
363 3185 402 3214 ad
421 3184 659 3224 quaespefilffibat
677 3183 759 3214 ratio
777 3182 879 3213 Etiitii
898 3182 1064 3221 perpetui,

204 3223 235 3255 &
253 3222 320 3254 Lex
334 3223 415 3263 Julia
432 3226 629 3264 privatorum
646 3225 854 3264 judiciorum:
872 3231 906 3253 ut
923 3232 961 3253 eit
974 3222 1052 3263 Frag-

199 3264 319 3296 mentis
343 3273 414 3304 qua:
437 3265 618 3306 supersunt,
643 3266 712 3298 satis
738 3265 870 3306 intelligi
895 3264 1010 3305 potest.
1035 3265 1062 3295 Ε

1115 1197 1257 1270 reflerit,
1282 1207 1351 1230 earn
1376 1197 1497 1240 Legem
1517 1199 1612 1240 paulo
1636 1199 1820 1243 diligentius
1843 1200 1986 1233 confide-

1116 1248 1148 1270 ra
1177 1249 1204 1270 e.

1157 1281 1211 1311 Ait
1237 1279 1325 1319 Lex,
1348 1280 1417 1324 Quo
1440 1283 1537 1313 minus
1567 1283 1643 1313 inter
1666 1283 1798 1322 privatos
1823 1283 1988 1314 conveniat·

1116 1321 1303 1353 Conventio
1327 1323 1372 1354 est
1394 1323 1529 1355 duorum
1554 1324 1735 1364 pluriumve
1762 1324 1793 1356 in
1818 1325 1901 1355 idem
1924 1327 1988 1363 pla-

1116 1363 1215 1395 citum
1226 1363 1255 1395 81,
1274 1363 1443 1396 consensus
1456 1375 1463 1396 :
1478 1374 1580 1406 eaque
1595 1367 1772 1397 conventio
1790 1374 1844 1397 aut
1860 1375 1986 1406 expres.

1117 1404 1146 1435 sa
1161 1404 1224 1443 est,
1248 1412 1301 1436 aut
1312 1406 1425 1437 tacita:
1449 1405 1609 1445 expressa3
1632 1414 1668 1438 ut
1685 1406 1706 1438 fi
1726 1408 1795 1447 quis
1816 1407 1846 1438 se
1858 1407 1986 1438 alterius

1118 1444 1194 1477 foro
1224 1447 1325 1486 palam
1351 1447 1457 1478 verbis
1483 1448 1647 1488 subjiciat3
1671 1448 1723 1479 vel
1745 1448 1765 1479 si
1791 1449 1895 1479 verbis
1923 1447 1987 1479 fori

1117 1486 1158 1518 sui
1184 1488 1350 1529 privilegio
1369 1490 1547 1520 renunciet.
1573 1489 1641 1520 haec
1659 1490 1839 1520 conventio
1856 1498 1908 1520 aut
1931 1499 1987 1520 iiu-

1117 1528 1156 1559 da
1172 1528 1237 1567 est,
1254 1537 1380 1561 autnon
1399 1531 1500 1562 nuda:
1517 1531 1600 1561 nuda
1619 1530 1726 1561 finitur
1744 1530 1811 1562 solo
1828 1529 1987 1569 paciscen-

1116 1570 1194 1600 tium
1219 1570 1339 1610 placito
1366 1571 1395 1603 &
1415 1572 1589 1604 consensu:
1614 1581 1677 1603 non
1699 1573 1780 1603 nuda
1804 1572 1867 1610 est,
1893 1571 1983 1603 verbi

1114 1612 1236 1651 gratia,
1261 1620 1332 1651 quae
1351 1615 1382 1644 in
1401 1612 1601 1645 contractum
1622 1613 1739 1644 transit.
1765 1613 1808 1645 At
1828 1622 1896 1644 utra
1909 1623 1986 1644 con-

1118 1655 1231 1683 ventio
1254 1652 1291 1684 fit
1315 1663 1376 1694 qua
1394 1654 1463 1693 quis
1482 1654 1512 1685 se
1529 1654 1657 1686 alterius
1683 1654 1894 1694 jurisdictioni
1915 1654 1985 1685 sub-

1113 1692 1220 1732 jiciat,
1249 1694 1327 1726 nihil
1357 1695 1476 1726 refert:
1500 1696 1572 1735 quia
1605 1695 1675 1727 Lex
1710 1695 1895 1736 simpliciter
1924 1696 1985 1735 ait,

1116 1732 1185 1776 ⁴Qgio
1202 1735 1299 1765 minus
1316 1737 1480 1768 conveniat.
1505 1736 1629 1768 Sufficit
1646 1737 1759 1777 igitur,
1783 1745 1984 1769 conventum

1117 1776 1199 1806 eise:
1237 1778 1464 1808 conventionis
1500 1785 1608 1808 autem
1644 1777 1779 1809 verbum
1818 1785 1986 1818 utramque

1118 1817 1347 1856 complectitur
1357 1819 1632 1850 conventionem:
1649 1819 1680 1850 id
1700 1818 1837 1857 est‚tam
1850 1820 1986 1858 nudam,

1116 1866 1210 1896 quam
1236 1867 1301 1889 non
1325 1860 1450 1891 nudam.
1494 1858 1612 1900 Neque
1634 1861 1761 1892 videtur
1786 1860 1860 1892 huic
1883 1870 1985 1901 expo-

1115 1898 1220 1945 sitioni
1239 1899 1378 1932 resistere
1402 1902 1490 1941 quod
1513 1911 1555 1933 cx
1579 1900 1674 1942 pasto
1697 1902 1784 1933 nudo
1803 1901 1878 1942 Jure
1897 1902 1984 1934 civili

1116 1940 1325 1985 actioneque
1352 1942 1461 1981 datur,
1486 1952 1592 1983 neque
1616 1942 1750 1975 tollitur.
1795 1942 1880 1975 Nam
1911 1952 1984 1975 cum

1117 1989 1284 2021 quaeritur,
1309 1992 1347 2014 an
1362 1983 1541 2023 jurisdictio
1564 1984 1648 2016 nuda
1671 1985 1892 2017 conventione
1910 1994 1984 2025 pro-

1116 2030 1268 2067 rogetur3
1290 2032 1354 2055 non
1382 2024 1445 2056 hoe
1469 2025 1623 2064 vertitur,
1646 2034 1685 2056 an
1701 2026 1744 2057 ob
1769 2026 1886 2058 nudam
1908 2036 1985 2057 con-

1113 2073 1302 2096 ventionem
1333 2065 1436 2097 danda
1467 2066 1507 2098 de
1528 2065 1603 2098 foro
1626 2067 1799 2107 paciscenti
1827 2067 1865 2098 fit
1897 2076 1983 2098 nova

1113 2104 1213 2136 aelio:
1237 2106 1378 2138 minime.
1399 2107 1432 2138 id
1454 2108 1625 2148 quaeritur,
1648 2106 1669 2139 si
1687 2117 1756 2148 quae
1773 2107 1856 2140 actio
1876 2109 1904 2140 ei
1930 2118 1983 2140 an-

1114 2153 1146 2177 te
1164 2148 1336 2187 competiit
1355 2154 1409 2179 aut
1430 2149 1516 2179 civili
1533 2157 1587 2179 aut
1605 2150 1757 2189 praetorio
1775 2148 1868 2190 Jure3
1889 2159 1930 2181 an
1948 2151 1983 2181 il-

1114 2187 1142 2219 la
1159 2188 1261 2226 aelio,
1285 2188 1329 2219 ob
1345 2187 1566 2230 subsequutam
1583 2192 1699 2222 nudam
1722 2191 1980 2223 conventionem

1114 2229 1374 2301 defproroganda
1395 2231 1633 2271 jurisdictione,
1657 2232 1752 2272 poffit
1777 2231 1894 2263 institui
1917 2232 1980 2264 alio

1114 2270 1145 2301 in
1177 2280 1257 2308 oro,
1280 2280 1375 2312 quam
1394 2275 1424 2303 in
1448 2281 1535 2312 quo,
1558 2273 1678 2313 absque
1696 2274 1919 2305 conventione
1931 2273 1981 2304 fo·

1113 2319 1181 2350 ret,
1205 2312 1395 2345 instituenda
1413 2312 1500 2345 esset.
1534 2311 1635 2357 Quod
1649 2314 1728 2346 milii
1746 2314 1883 2346 videtur.
1907 2324 1980 2346 nam

1112 2352 1133 2384 fi
1150 2354 1314 2394 paciscor,
1338 2361 1372 2385 ut
1389 2355 1502 2395 poffim
1519 2356 1582 2387 alio
1601 2356 1634 2386 in
1648 2355 1724 2387 foro
1736 2378 1746 2395 ‚
1771 2365 1865 2396 quam
1884 2365 1957 2387 meo
1969 2379 1980 2395 ‚

1111 2395 1303 2441 conveniri3
1324 2395 1389 2426 hoc
1417 2406 1497 2437 ago,
1522 2405 1556 2428 ut
1581 2396 1643 2428 fori
1662 2397 1723 2428 mei
1742 2397 1911 2438 privilegio
1934 2407 1979 2428 re-

1111 2445 1282 2475 nunciem;
1304 2446 1400 2468 nemo
1419 2446 1525 2469 autern
1543 2439 1694 2479 ambigit,
1709 2439 1785 2478 quin
1805 2448 1846 2470 nu
1862 2441 1888 2469 la
1904 2448 1980 2470 con-

1111 2478 1224 2508 ventio
1256 2487 1293 2509 ca
1323 2479 1353 2509 in
1381 2477 1484 2519 specie
1518 2480 1558 2511 ad
1589 2481 1824 2521 prorogandam
1852 2480 1978 2519 jurisdi-

1113 2518 1251 2550 &tionem
1267 2518 1408 2551 sufficiat.
1426 2520 1536 2561 estque
1549 2523 1732 2562 exemplum
1752 2521 1835 2560 apud
1847 2522 1978 2553 Paulum

1111 2560 1130 2591 l.
1154 2570 1179 2592 1.
1201 2560 1243 2591 D.
1267 2561 1301 2591 Sz·
1317 2563 1382 2602 quis
1407 2563 1501 2602 injus
1518 2569 1640 2593 vocatus
1657 2572 1714 2593 non
1730 2564 1814 2601 ierit,
1839 2563 1868 2593 ἃ
1889 2561 1979 2602 Ulpi-

1112 2611 1206 2633 anum
1226 2602 1244 2633 l.
1263 2611 1290 2640 7.
1310 2602 1351 2633 D.
1373 2602 1590 2649 Quisacisdare
1610 2609 1762 2644 cogantur.
1788 2603 1864 2644 quid
1877 2604 1974 2644 niigi-

1113 2651 1163 2674 tur
1180 2642 1200 2675 si
1217 2643 1323 2683 pastus
1342 2643 1395 2674 siin
1412 2667 1422 2683 ,
1450 2652 1482 2675 ut
1504 2644 1567 2675 alio
1585 2645 1616 2675 in
1641 2645 1717 2676 soro
1732 2667 1743 2684 ,
1767 2653 1860 2685 quam
1880 2653 1977 2683 meo,

1110 2685 1306 2722 conveniar,
1339 2684 1497 2716 sufficiet?
1526 2684 1631 2726 finge,
1655 2694 1707 2716 me
1731 2685 1921 2724 conveniri,
1946 2686 1978 2717 ὅ(

1109 2727 1140 2757 111
1158 2725 1291 2767 ingress'u
1309 2726 1370 2757 litis
1386 2725 1449 2757 fori
1468 2726 1697 2766 exceptionem
1715 2736 1900 2767 opponere:
1917 2729 1977 2758 uti-

1114 2777 1176 2808 que
1194 2767 1253 2799 erit
1272 2767 1328 2798 tibi
1344 2767 1413 2807 Jus‚
1437 2777 1507 2799 eain
1524 2768 1642 2800 elidere
1657 2776 1713 2808 per
1728 2768 1976 2808 replicationem

1112 2809 1196 2850 pasti
1223 2810 1403 2848 conventi3
1426 2818 1499 2840 cum
1525 2809 1670 2847 constet,
1695 2818 1736 2840 ex
1756 2809 1850 2850 pafto
1867 2811 1976 2848 nudo,

1112 2850 1168 2882 etsi
1192 2850 1274 2881 actio
1302 2859 1365 2881 non
1394 2851 1506 2887 detur,
1531 2858 1637 2882 tamen
1657 2854 1888 2891 exceptionem
1909 2852 1975 2881 dari

1108 2899 1152 2933 pr.
1174 2890 1246 2931 lust.
1264 2892 1296 2921 cie
1314 2891 1555 2931 replicationibus.
1579 2892 1686 2932 Atque
1703 2891 1768 2924 hoc
1783 2891 1974 2932 Justinianus

1106 2933 1222 2974 probat
1248 2933 1266 2962 l.
1280 2939 1347 2973 pen.
1368 2933 1400 2964 C.
1419 2934 1452 2963 de
1465 2932 1569 2973 pastis.

1146 2975 1208 3006 Sed
1228 2982 1342 3005 contra
1366 2973 1532 3006 Africanus
1550 2975 1568 3005 l.
1590 2981 1637 3011 18.
1655 2974 1697 3006 D.
1715 2975 1749 3006 de
1759 2972 1973 3015 jurisdiftione.

1106 3015 1213 3047 Verba
1233 3014 1383 3046 Africani.
1430 3015 1463 3046 Si
1480 3017 1664 3055 convenerit,
1687 3021 1720 3046 ut
1740 3016 1815 3047 alius
1839 3015 1950 3046 Praetor
1964 3038 1975 3055 ‚

1105 3068 1192 3099 quam
1211 3059 1294 3097 ciijzis
1305 3056 1466 3098 jiciisdifi‘z'o
1489 3056 1552 3098 effer
1567 3081 1577 3096 ,
1596 3058 1647 3098 jus
1671 3058 1791 3094 diceret,
1816 3055 1852 3090 &⁹
1871 3059 1971 3096 prius-

1107 3109 1195 3140 quam
1212 3100 1357 3136 adiretur,
1380 3104 1493 3129 mittam
1515 3099 1651 3129 voluntas
1665 3098 1778 3134 fuerit:
1796 3098 1899 3136 procul
1919 3099 1973 3128 clu-

1109 3142 1151 3170 hio
1161 3150 1238 3170 nemo
1256 3139 1436 3180 compelletur
1453 3140 1590 3180 ejusmodi
1598 3138 1781 3170 conventioni
1788 3136 1878 3178 stare.
1901 3138 1948 3169 En
1960 3161 1971 3177 ,

1108 3182 1190 3213 inter
1218 3182 1298 3212 duos
1327 3182 1502 3219 convenit,
1526 3189 1562 3211 ut
1585 3180 1662 3210 alius
1686 3188 1745 3219 pro
1769 3180 1830 3210 alio
1848 3180 1971 3211 Praetor

1107 3223 1262 3253 adiretur:
1284 3222 1325 3252 ait
1347 3221 1535 3260 Africanus,
1560 3221 1720 3252 neminem
1735 3221 1906 3260 compelli,
1924 3219 1972 3251 isti

1107 3263 1320 3295 conventioni
1337 3262 1437 3301 stare3
1460 3262 1480 3294 ii
1500 3263 1646 3294 voluntas
1665 3269 1785 3294 mutata
1802 3262 1857 3302 fit,
1882 3268 1970 3291 antc-

1876 3310 1970 3342 quain
