2052 3487
426 150 490 186 Da
541 150 908 196 Junisnrcrioniz

65 239 176 278 minis,
198 248 304 282 neque
328 238 433 272 voluit
456 237 622 278 exspatiari
638 239 729 271 ultra.
775 239 883 282 Quid,
907 238 929 271 fi

62 283 219 313 convenit
236 284 319 314 inter
337 282 530 322 litigatores,
555 288 588 310 ut
607 281 646 311 de
660 281 780 320 majore
797 290 929 322 quoque

63 323 257 363 rejudicet?
279 324 322 354 ait
334 323 494 364 Julianus,
518 322 612 352 etiam
634 324 674 353 de
690 332 723 353 re
745 324 863 363 majore
880 325 926 364 ju-

62 366 240 397 dicaturum
257 365 274 396 l.
298 374 345 405 74.
369 365 398 405 §.
421 372 448 395 1.
466 362 508 393 1).
527 365 559 392 [le
574 363 704 403 judiciis.
747 363 830 396 Nam
862 366 891 396 ὃς
907 363 927 395 fi

58 407 164 447 Judex
182 407 347 437 notionem
372 404 535 444 acceperit
557 413 573 434 a
590 405 732 436 Praetor-e
763 415 862 447 usque
887 406 924 437 ad

61 457 184 479 certum
203 456 325 488 tempus
342 458 350 479 :
375 454 480 477 tamen
504 445 524 476 si
546 445 670 486 placeat
687 447 769 478 inter
786 448 924 489 litigato-

58 499 110 522 res
138 489 332 529 &judicem
348 511 358 526 ,
382 495 416 518 ut
443 495 513 518 eam
539 487 669 520 ulterius
693 488 829 528 habeat,
854 499 924 530 per-

58 531 260 569 duracmam,
284 528 438 570 Ulpianus
459 529 478 559 l.
501 538 525 559 2.
547 528 575 569 §.
605 540 631 561 2.
656 529 697 560 D.
723 532 756 560 de
779 530 924 571 justiciis.-

58 572 134 613 quia
157 573 298 610 Praetor,
322 580 396 603 cum
412 569 560 601 formula.»
579 570 682 602 inserit
702 579 826 603 certum
843 580 922 604 tem-

55 623 134 655 pus,
168 613 306 645 intendit
329 613 368 645 ad
392 613 561 644 utilitatem
590 613 783 654 litigatorum
813 624 850 645 ac
871 614 924 654 Ju-

56 656 156 687 dicis:
180 656 232 696 qui
256 653 277 686 fi
296 655 325 686 ei
344 655 527 686 renuntiant
544 655 664 694 privata
680 657 900 687 conventione
913 678 923 694 ‚

53 696 124 737 jure
142 696 250 729 facere
270 696 438 735 videntur3
462 694 618 735 siquidem
635 705 761 736 aequum
782 697 846 734 est,
870 705 925 727 vo·

54 739 159 773 lentes
179 738 224 770 uti
243 737 388 770 Praetoris
408 737 570 769 beneficio
587 761 596 776 ,
619 738 769 769 nolentes
785 747 851 769 non
869 747 922 768 co-

55 781 88 821 gi
117 781 169 812 uti.
215 780 277 812 Sed
306 781 337 811 id
361 780 507 818 obtinet,
533 779 585 810 nisi
604 779 782 819 specialiter
807 779 923 824 Princi-

56 822 118 863 pali
134 822 265 862 jiiffione
281 821 463 854 inhibeatur
483 822 684 862 prorogatio:
708 828 741 851 ut
769 818 924 866 Ulpianus

55 864 199 903 loquitur
214 866 243 896 d.
259 865 277 895 l.
299 863 371 905 2.§.
394 873 421 895 2.
443 862 484 893 D.
511 865 544 893 de
556 863 697 903 judiciis,
724 862 794 900 vel,
816 866 837 893 li
859 871 922 893 ma-

56 906 123 944 vis,
139 905 375 937 Tribonianus:
391 914 407 936 a
423 913 488 945 quo
508 905 621 936 inlerta
639 904 683 935 illi
703 904 778 935 loco
798 902 922 934 esthaec

57 945 193 979 clausula
211 957 250 979 ex
267 947 286 980 l.
302 956 348 988 13.
368 946 400 977 C.
410 947 587 987 dejudiez'z‘s:
604 946 766 990 pariter-ut
781 945 812 975 in
829 945 849 975 l.
870 953 920 989 32.

55 986 99 1019 D.
123 991 179 1019 eod.
203 990 251 1021 tit.
275 998 316 1020 ex
341 988 453 1020 eadem
480 988 499 1019 l.
531 996 576 1028 13.
610 987 723 1019 inici-ta
752 985 797 1017 est
821 984 925 1017 finalis

57 1028 202 1062 clausula.
791 1068 798 1074 .

96 1071 196 1112 Igitur
212 1071 333 1103 Praetor
343 1070 490 1112 Judicem
505 1069 719 1111 litigatoribus
737 1070 767 1100 in
785 1077 855 1114 jure
872 1067 923 1099 ad·

57 1111 205 1152 dicebat3
228 1111 316 1143 fimul
333 1113 421 1144 litem
440 1112 675 1151 formulamque
697 1109 920 1155 concipiebat;

58 1153 90 1183 ἃ
115 1153 174 1185 hac
206 1153 319 1195 agendi
349 1153 574 1194 judicandique
598 1152 677 1183 fines
702 1151 854 1191 ponebat.
887 1151 920 1181 id

57 1196 198 1227 maxime
215 1196 246 1226 in
261 1195 388 1235 judiciis
404 1193 498 1225 stricti
514 1194 607 1232 juris:
630 1202 701 1224 narn
721 1193 752 1223 in
772 1192 865 1223 bonae
884 1191 918 1223 fi-

56 1236 108 1267 dei
129 1236 253 1276 judiciis
276 1236 439 1276 aliquanto
462 1234 564 1265 laxior
589 1242 656 1265 erat
675 1232 814 1274 potestas
828 1233 916 1273 Judi·

54 1277 101 1308 cis
122 1278 151 1318 §.
168 1286 218 1318 30.
240 1274 312 1317 Inst.
336 1277 369 1306 de
383 1275 560 1306 aaronitas:
585 1285 650 1306 non
668 1276 759 1306 aliam
782 1275 826 1305 ob
844 1283 916 1306 cau-

51 1316 142 1357 sam,
166 1325 259 1357 quam
286 1317 356 1358 quia
373 1317 405 1348 in
428 1315 477 1347 his
502 1317 624 1348 Praetor
649 1315 797 1348 formulae
821 1316 917 1347 adde·

50 1357 108 1390 bat
128 1358 317 1397 clausulam,
339 1358 392 1389 Ex
411 1359 483 1389 bona
498 1357 577 1397 fide,
601 1357 796 1396 similemve,
821 1357 917 1404 inul-

49 1400 90 1432 lis
122 1399 215 1431 talem
233 1401 262 1431 ei
285 1398 452 1432 clausulam
470 1409 535 1431 non
560 1400 712 1432 addebat:
737 1408 842 1440 neque
864 1408 917 1440 igi-

51 1448 105 1472 tur
123 1441 257 1479 mirum,
281 1440 302 1472 fi
320 1441 424 1482 Judex
441 1464 450 1480 ,
473 1450 545 1472 cum
563 1442 602 1473 ad
626 1451 699 1473 eum
720 1448 853 1472 ventum
870 1451 916 1472 es·

50 1482 119 1521 set,
141 1483 173 1514 in
201 1482 257 1514 ista
280 1481 385 1523 specie
401 1483 548 1514 formulae
567 1484 596 1513 &
619 1484 724 1524 legum
750 1482 915 1514 subtilitati

50 1523 188 1562 servire,
211 1532 306 1564 atque
335 1525 413 1555 intra
440 1534 508 1556 eam
529 1523 719 1563 consistere3
742 1524 773 1555 in
799 1524 850 1555 illa
874 1533 913 1555 ex

50 1565 140 1597 bono
159 1565 188 1596 ἀ
203 1574 317 1606 aequO,
341 1575 405 1597 non
424 1566 518 1597 etiam
539 1576 580 1597 ex
605 1566 707 1597 subtili
731 1566 800 1605 jure
825 1566 853 1596 ἃ
871 1566 913 1596 le-

49 1616 123 1647 gum
159 1606 343 1646 severitate,
365 1607 506 1647 judicare
537 1615 718 1648 cogeretur.
761 1607 821 1638 Sed
849 1606 915 1637 hoc

48 1648 169 1680 Cicero
179 1647 318 1680 ostendit
338 1649 395 1680 Pro
413 1649 512 1685 Roscio
529 1649 657 1680 Coiizoedo
675 1655 737 1689 cap.
759 1658 787 1687 4.
810 1648 915 1681 Verba

49 1688 232 1721 Ciceronis.
252 1690 381 1721 Pecunia
396 1692 446 1721 tibi·
464 1691 614 1721 debebatur
630 1697 726 1729 certa,
749 1700 812 1732 quae
834 1700 914 1720 nunc

46 1734 160 1773 petitur
172 1738 224 1770 per
243 1731 389 1772 judicem,
414 1733 445 1762 in
463 1742 522 1772 qua
545 1732 674 1773 legitimoe
686 1735 782 1773 partis
802 1729 914 1772 sponsio

43 1772 131 1813 satia
150 1772 198 1811 ell.
243 1772 304 1803 Hie
329 1779 362 1803 tu
378 1771 405 1810 fi
431 1774 555 1812 amplius
581 1774 640 1804 HS
661 1783 776 1804 nummo
795 1775 910 1813 petisti,

52 1824 140 1855 qnam
157 1809 210 1844 tibi
226 1814 352 1844 debitum
369 1814 426 1852 est,
452 1817 564 1850 caulam
576 1813 727 1855 perdidisti
737 1826 745 1845 .·
762 1820 912 1854 propterea

50 1858 126 1897 qil-vri
144 1855 225 1886 eliud
240 1853 279 1895 eft
291 1855 456 1896 judicium-¹2,
480 1857 562 1886 aliud
582 1857 745 1886 arbitrium.
764 1856 911 1896 judicium

50 1895 90 1937 est
109 1898 236 1937 pecuniae
262 1903 360 1936 eertae,
384 1898 535 1928 arbitrium
560 1899 682 1928 incertae.
707 1897 912 1937 adjudicium

50 1938 101 1969 hoc
119 1940 195 1969 :nodo
212 1940 359 1971 venimus.
383 1946 416 1969 nt
431 1944 519 1968 rotam
542 1938 619 1969 litem
635 1945 689 1969 aut
713 1939 889 1968 obtineamus
900 1960 910 1976 ,

49 1985 102 2010 ant
121 1982 305 2010 amittantur.-
324 1979 382 2019 ejus
399 1981 440 2010 rei
456 1981 516 2019 ipsa
533 1981 620 2010 verba
631 1979 767 2017 jiirtnuloe
786 1977 909 2018 testiino-

48 2021 95 2051 nio
112 2023 188 2056 lunt.
214 2019 296 2062 „Quid
314 2019 350 2061 est
368 2023 397 2051 in
410 2020 544 2062 judicio?
568 2019 739 2057 Direflum,
763 2019 908 2066 asperum,

42 2061 174 2102 simplex.
219 2064 251 2093 Si
270 2068 350 2101 paret
366 2072 389 2094 Η
420 2071 523 2094 8100)
545 2062 611 2093 dari
627 2067 768 2100 oportere,
793 2062 838 2091 hic
854 2059 910 2097 nist

46 2103 169 2144 planum
186 2104 266 2141 facit
288 2112 401 2135 HSIQOQ
424 2105 461 2134 ad
486 2104 608 2134 libellam
624 2102 681 2141 fitz·
704 2104 820 2140 deberi,
844 2112 911 2132 cau·

50 2145 109 2182 sam
123 2147 227 2185 perdit.
274 2144 357 2190 Quid
378 2143 417 2185 est
441 2146 472 2175 in
497 2144 641 2176 arbitrio?
664 2143 761 2182 Mite,
785 2145 910 2189 niodern-

49 2191 130 2222 zum,
152 2193 259 2227 quanto
274 2189 383 2226 aequius
403 2186 503 2217 melius
529 2187 559 2217 id
576 2187 649 2217 dari.
674 2184 749 2216 Hoc
774 2185 912 2216 Cicero:

49 2227 136 2258 idem
164 2227 214 2259 vel
242 2227 340 2258 simile
366 2227 498 2258 Seneca.
542 2227 590 2258 De
611 2226 751 2266 beneficiis
769 2227 817 2257 lib.
838 2236 864 2267 3.
886 2236 901 2256 c

50 2276 83 2308 7.
111 2268 314 2309 Quaecunque,
339 2269 505 2309 inquiens,
526 2269 558 2300 in
575 2269 765 2310 cognitionem
782 2271 910 2314 cantent,

49 2311 244 2346 comprehendi
265 2309 379 2350 poffunt
395 2334 403 2347 ,
429 2309 466 2345 ἐπ”
494 2320 551 2341 non
575 2312 643 2342 dare
659 2309 808 2349 infinitam
827 2309 910 2340 licen-

49 2352 123 2381 tiam
136 2350 236 2391 judici.
261 2351 325 2382 Ideo
341 2352 436 2382 melior
452 2353 568 2383 videtur
586 2353 706 2383 conditio
716 2352 805 2388 causeo
815 2351 909 2389 bonae,

47 2390 77 2430 fi
92 2393 129 2422 od
144 2392 272 2432 judicem
284 2415 293 2432 ,
323 2402 410 2433 quom
422 2391 451 2430 fi
465 2394 502 2424 ad
515 2395 656 2426 arbitrum
669 2393 817 2423 mittitur:
840 2393 909 2433 qnia

53 2433 134 2464 illum
144 2434 275 2473 formula
289 2434 411 2465 includit
431 2433 467 2468 ἐπ’)
481 2441 588 2473 certos,
611 2444 681 2477 quos
697 2444 753 2465 non
771 2437 907 2471 excedat,

49 2476 186 2505 terminos
198 2476 300 2515 ponit.-
323 2475 408 2516 hujus
425 2476 513 2507 libera
532 2476 568 2511 ὅ)
585 2477 673 2508 nullis
689 2473 827 2515 adstricta
845 2476 911 2505 vin-

54 2516 126 2546 culis
145 2516 240 2557 religio
257 2515 294 2551 ὃ)
314 2517 458 2548 detrahere
474 2518 586 2560 aliquid
596 2516 702 2560 p‘Mst,
719 2516 755 2551 ὃ)
772 2517 911 2555 adjicere,

54 2556 275 2597 &sententiam
283 2557 372 2598 suam
388 2568 444 2589 non
455 2560 598 2598 prontlex
607 2557 910 2600 azitjztslitiasuuclet,

53 2599 99 2634 led
112 2599 371 2639 prouthumanitczs
389 2599 425 2633 ὅ)
441 2602 636 2640 misericordia
652 2600 787 2641 impulit,
809 2608 913 2640 regere.

52 2637 127 2670 Huc
143 2649 242 2679 usque
258 2640 389 2672 Seneca.

96 2680 143 2710 Ex
160 2690 224 2721 quo
242 2681 420 2713 differentia
436 2684 602 2723 utriusque
618 2682 766 2715 formulae
781 2682 864 2713 clara
882 2680 913 2712 δε

58 2728 163 2758 certa,
187 2722 318 2753 effeetus
335 2724 411 2755 item
436 2724 510 2755 clari
534 2724 564 2755 &
581 2725 669 2756 certi.
715 2724 787 2754 Nec
806 2732 912 2754 tamen

59 2759 206 2793 assentior
225 2763 390 2795 Francisco
408 2765 566 2797 Connano
578 2767 623 2796 lib.
634 2777 662 2805 5.
684 2765 837 2795 Continent.
849 2765 914 2805 jur.

59 2801 147 2832 Civil.
165 2812 188 2832 c.
207 2813 236 2842 5.
255 2813 284 2835 n.
303 2815 330 2836 2.
355 2806 486 2847 aliisque
506 2807 699 2839 Doctiffimis
723 2806 825 2843 Viris;
847 2806 913 2836 exi-

56 2841 272 2883 stimantibus,
302 2847 410 2878 deberi
433 2856 551 2879 naturae
576 2848 828 2887 differentiaeque
851 2846 915 2877 for-

57 2885 212 2915 mularum
231 2894 298 2924 quae
312 2896 328 2917 a
347 2888 487 2920 Praetore
505 2891 618 2921 dantur
633 2890 663 2921 in
679 2889 804 2929 judiciis
821 2889 914 2919 bonae

54 2924 130 2956 fidei
153 2925 183 2956 ὅ(
206 2924 297 2957 striffi
313 2930 405 2967 juris,
427 2931 514 2970 quod
542 2930 640 2965 usurae
663 2932 692 2962 in
719 2931 813 2961 bonae
840 2928 913 2960 fidei

56 2967 182 3006 judiciis
207 2977 248 2998 ex
274 2976 361 2999 mora
386 2971 570 3010 praestantur
595 2972 706 3003 officio
719 2971 859 3012 Judicis;
882 2971 913 3002 in

58 3007 153 3038 ssristi
170 3008 245 3048 juris
261 3009 385 3048 judiciis
408 3021 446 3042 cx
472 3022 561 3044 mora
586 3014 695 3045 officio
709 3014 831 3053 Judicis
849 3021 913 3043 non

58 3048 254 3089 praestamur.
279 3052 344 3082 imo
362 3051 437 3082 mihi
456 3052 648 3093 persuadeo,
680 3056 783 3086 usura-
803 3063 842 3084 ex
863 3063 914 3084 ve-

58 3098 128 3121 tere
153 3091 267 3121 horum
283 3092 474 3131 judiciorum
497 3093 549 3125 usu
566 3105 631 3127 non
653 3098 749 3136 magis
767 3096 797 3126 in
821 3095 915 3126 bonae

59 3131 132 3163 fidei
147 3155 156 3170 ,
180 3141 273 3172 quam
291 3134 320 3164 in
339 3134 432 3165 stricti
447 3135 540 3174 juris,
561 3137 685 3176 judiciis
703 3129 813 3168 officio
828 3137 914 3176 judi-

59 3182 104 3204 ας
123 3183 162 3205 ex
178 3183 266 3204 mora
296 3174 481 3207 obtinuisse:
506 3186 706 3218 primumque
725 3177 854 3210 tentass'e
864 3178 916 3210 ali-

58 3215 134 3255 quid
150 3215 318 3248 Antistium
335 3215 521 3250 Labeonem
538 3230 545 3249 :
570 3229 634 3252 non
655 3220 783 3261 quidem
802 3220 832 3252 in
849 3229 914 3252 om-

958 159 1014 183 ni*
1067 151 1272 188 Iiii‘rzmo.
1325 153 1414 190 LIE.
1442 155 1468 192 Ι.
1795 169 1842 203 95

973 238 1067 273 nibus
1086 241 1181 274 bonae
1201 241 1275 274 fidei
1290 243 1443 284 judiciis:
1470 244 1521 276 sed
1545 245 1575 277 in
1596 254 1657 277 una
1676 255 1734 286 pro
1752 245 1841 278 socio

971 282 1116 315 actione:
1149 294 1208 316 nec
1233 285 1276 316 ibi
1306 286 1398 324 alias,
1432 296 1526 326 quam
1556 286 1610 318 sub
1639 290 1751 320 colore
1773 289 1839 327 ejus

970 326 1059 363 quod
1085 325 1223 358 interest.
1249 335 1401 358 caeterum
1419 330 1506 368 quod
1531 339 1555 361 is
1578 330 1840 367 subverecundo,

970 367 1000 395 <Sc
1019 367 1184 398 dumtaxat
1207 368 1352 400 adhibito
1376 370 1507 408 colore,
1542 380 1637 411 atque
1661 373 1691 402 in
1711 381 1770 402 una
1787 372 1838 402 illa

969 415 1027 446 pro
1054 407 1141 440 socio
1167 409 1319 448 actione,
1351 411 1533 449 inchoavit,
1566 413 1683 443 deinde
1717 412 1837 444 Divum

968 449 1059 480 Pium
1084 451 1113 481 in
1142 450 1288 482 omnibus
1308 452 1402 483 bonae
1427 452 1501 483 fidei
1523 454 1666 493 judiciis,
1694 455 1839 493 itemque

968 490 1078 531 legatis
1097 492 1126 523 &
1146 491 1413 532 fideicommiffis,
1431 495 1531 533 palam
1551 495 1755 526 constitulffe.
1773 498 1837 528 sed

966 530 1050 570 hoc,
1083 533 1136 564 etii
1162 533 1371 574 dignissimum
1404 534 1593 574 observatu,
1628 538 1656 568 <Se
1683 536 1835 567 haetenus

966 574 1117 606 incastum
1147 575 1232 613 aliis,
1267 584 1373 606 tamen
1395 575 1467 616 quia
1496 578 1664 618 diligenter
1700 579 1836 618 exposui

968 613 1015 644 De
1032 614 1146 646 Foenore
1176 615 1213 650 ὅ)
1241 615 1348 657 Usztris
1364 617 1410 647 lib.
1428 626 1455 657 3.
1473 627 1497 648 e.
1516 623 1547 649 6.
1568 618 1603 652 ὅ)
1615 622 1678 660 seq.
1697 619 1769 659 hic,
1794 629 1835 651 ne

967 656 1071 688 aetum
1089 667 1196 698 agam,
1222 658 1352 690 ulterius
1369 667 1434 690 non
1449 668 1600 700 exequar.

1006 697 1118 730 Potius
1147 700 1186 730 de
1219 701 1415 739 exceptione
1444 709 1544 740 pauca
1570 699 1743 741 subjiciam.
1790 702 1836 734 est

967 739 1052 769 enim
1079 740 1129 770 vel
1157 741 1238 771 circa
1264 750 1333 772 eam
1362 741 1526 783 egregius,
1552 742 1582 773 ἃ
1605 751 1655 782 qui
1676 742 1712 774 fit
1729 745 1835 783 magui

967 778 1038 809 usus
1050 803 1058 818 ‚
1082 780 1213 812 effcCtus
1225 782 1433 814 dillinffionis
1442 784 1634 822 judiciorum
1646 784 1740 816 bonae
1760 785 1835 816 fidei

967 820 997 851 ἃ
1027 820 1120 852 stricti
1147 822 1234 861 juriS.
1278 823 1389 862 Ecce,
1412 826 1501 856 actor
1529 824 1710 865 postulabat
1737 827 1790 858 fibi
1818 836 1835 857 a

967 861 1110 893 Praztorc
1129 863 1288 895 actionem
1310 864 1502 903 &judicem
1525 867 1589 898 dari
1609 867 1639 898 ὃ(
1669 868 1698 898 ei
1724 878 1834 908 puram

967 904 1126 943 praeicribi
1145 904 1334 944 formulatri3
1351 906 1488 945 scilicet,
1505 907 1537 939 Si
1551 915 1652 949 paret,
1669 918 1749 940 reum
1765 911 1835 940 dore

961 944 1062 984 facere
1078 950 1202 984 oportere
1214 969 1223 984 ,
1240 949 1406 979 condemna.
1422 956 1533 980 contra
1546 950 1725 989 postulabat
1740 961 1831 989 reus,

968 984 1116 1016 formula:
1132 986 1202 1017 addi
1214 990 1461 1028 exceptionem,
1478 999 1615 1030 nempe,
1638 991 1735 1022 Extra
1745 1003 1834 1033 (ματη

960 1024 990 1064 Ji
1005 1026 1121 1066 paetum
1136 1035 1325 1067 conventum,
1349 1036 1401 1060 aut
1415 1031 1497 1061 dolus
1514 1033 1625 1071 malus,
1650 1040 1702 1064 aut
1715 1033 1807 1071 simile
1821 1057 1833 1073 ,

966 1070 1164 1099 intervenerit.
1206 1069 1286 1101 Eam
1302 1073 1530 1111 exceptionem
1548 1073 1568 1104 fi
1591 1073 1738 1106 formulae
1757 1075 1834 1106 inse-

965 1118 1048 1144 reret
1075 1110 1214 1142 Praetor:
1240 1120 1307 1142 tum
1326 1113 1443 1143 deinde
1466 1122 1592 1153 poterat
1615 1125 1687 1147 reus
1705 1126 1774 1148 eam
1800 1118 1832 1148 in

961 1150 1082 1190 judicio
1100 1151 1168 1191 post
1186 1152 1275 1183 litem
1294 1152 1524 1193 contestatam,
1549 1157 1601 1186 ubi
1624 1158 1710 1188 atior
1728 1160 1833 1190 inten-

965 1194 1089 1222 tionem
1109 1193 1190 1223 suam
1211 1194 1406 1233 probaverat
1426 1195 1556 1228 testibus
1572 1206 1624 1228 aut
1647 1198 1832 1231 instrumen-

962 1234 1020 1270 tis,
1040 1233 1145 1273 Judici
1174 1235 1331 1274 probare3
1356 1236 1384 1266 &
1403 1236 1509 1276 Jndex
1531 1247 1660 1277 poterat
1684 1250 1754 1272 eam
1779 1242 1833 1272 ad-

959 1275 1109 1306 mittere:
1133 1274 1175 1306 fin
1198 1285 1234 1307 ea
1258 1276 1371 1316 injure
1389 1278 1518 1317 omissa,
1544 1288 1596 1310 aut
1615 1282 1714 1317 petita
1731 1305 1740 1320 ‚
1764 1292 1830 1314 nou

961 1316 1151 1357 impetrata,
1167 1316 1264 1357 effet3
1284 1318 1400 1350 deinde
1411 1321 1545 1359 probata
1563 1323 1593 1352 in
1610 1322 1733 1361 judicio
1745 1324 1830 1355 atto-

961 1357 1001 1389 ris
1034 1358 1235 1398 intentione,
1267 1358 1380 1391 frustra
1408 1361 1492 1402 apud
1519 1362 1667 1403 judicem
1701 1364 1831 1404 objicie-

961 1398 1072 1438 batur3
1095 1409 1135 1431 eo
1161 1401 1248 1441 quod
1271 1402 1299 1432 ei
1322 1400 1462 1434 formula
1485 1403 1582 1435 finem
1610 1404 1776 1445 posue1·at;
1802 1406 1832 1437 δε

960 1442 1092 1481 aequitas
1110 1450 1179 1482 quae
1192 1449 1282 1474 extra
1298 1443 1457 1476 aetionem
1479 1453 1635 1486 extraque
1653 1446 1827 1478 formulam

958 1491 1046 1520 erat,
1068 1483 1097 1514 ei
1119 1491 1228 1522 parum
1249 1484 1412 1517 commissa
1439 1487 1642 1520 credebatur.
1666 1488 1710 1520 ita
1738 1498 1830 1528 reus,

958 1524 1030 1563 quia
1053 1525 1211 1564 liquebat,
1230 1535 1303 1557 eum
1321 1527 1422 1558 teneri
1434 1537 1473 1559 ex
1486 1529 1703 1569 regulisjuris,
1720 1539 1830 1570 quam·

958 1566 1187 1606 unanimique,
1208 1575 1313 1598 tamen
1333 1568 1475 1608 aJudice
1492 1570 1554 1600 line
1564 1571 1625 1602 ulla
1649 1571 1830 1612 religione,

958 1608 1245 1639 condemnabatur.
1288 1608 1366 1640 Hoc
1398 1611 1428 1641 in
1458 1611 1584 1649 judiciis
1622 1612 1703 1643 trieti
1734 1613 1826 1653 juris:

959 1648 989 1678 in
1010 1648 1057 1680 his
1075 1657 1181 1680 autem
1200 1658 1270 1689 quae
1287 1658 1377 1682 erant
1396 1651 1490 1682 bonae
1510 1652 1602 1691 fidei,
1620 1654 1697 1685 nihil
1715 1655 1829 1685 attine-

959 1690 1032 1728 bat,
1055 1691 1285 1732 exceptionem
1305 1692 1419 1732 injure
1440 1702 1456 1723 a
1478 1693 1618 1725 praetore
1638 1697 1829 1727 nominatim

957 1731 1141 1770 impetrari:
1168 1742 1238 1764 nam
1262 1732 1316 1764 etsi
1347 1736 1376 1764 in
1409 1733 1548 1766 formula
1579 1736 1686 1768 omiffa
1713 1736 1789 1768 essct
1812 1747 1828 1769 a

957 1772 1100 1804 Praetore
1115 1796 1123 1811 ,
1146 1775 1177 1804 in
1193 1774 1314 1813 judicio
1333 1774 1536 1815 supplebatur
1558 1777 1668 1809 officio
1684 1779 1828 1819 Jutlicis,

955 1814 1042 1853 cujus
1062 1815 1124 1853 jam
1142 1815 1304 1846 arbitrium
1324 1816 1454 1848 liberum
1481 1818 1510 1848 ἃ
1537 1820 1671 1850 vinculis
1691 1821 1828 1852 inlutum

954 1856 1132 1887 videbatur.
1158 1858 1199 1886 ita
1226 1857 1380 1897 exceptio
1410 1859 1439 1889 in
1467 1859 1593 1898 judiciis
1622 1860 1716 1893 strifti
1748 1862 1825 1901 juris

955 1896 1105 1928 Praetoris
1121 1896 1226 1936 facto,
1252 1898 1282 1928 in
1302 1899 1430 1938 reliquis
1449 1900 1516 1940 ipso
1533 1901 1618 1940 jure,
1648 1903 1828 1934 nitebatur:

955 1939 985 1968 <Sc
1008 1937 1027 1968 ss
1053 1938 1177 1978 pactum
1195 1946 1247 1969 aut
1265 1939 1357 1971 dolus
1376 1943 1615 1980 moervenrffcc,
1641 1946 1672 1974 in
1695 1945 1824 1984 judiciis

954 1978 1048 2009 stricti
1065 1979 1142 2018 juris
1161 1980 1244 2010 atrro
1263 1982 1392 2020 quidem
1411 1990 1483 2013 nata
1501 1984 1688 2024 dicebatur,
1707 1986 1758 2016 sed
1771 1995 1827 2016 ex—

953 2020 1106 2060 ceptione
1135 2020 1285 2052 infirmari
1314 2025 1333 2053 l.
1357 2027 1407 2063 36.
1439 2023 1480 2054 D.
1499 2026 1531 2054 (le
1548 2027 1698 2057 veriorum
1722 2027 1827 2067 ohliga-

955 2062 1098 2093 tionibus.-
1111 2061 1153 2093 fin
1171 2072 1208 2093 ea
1225 2064 1254 2094 in
1271 2064 1397 2103 judiciis
1417 2064 1510 2096 bonae
1528 2065 1601 2097 fidei
1614 2076 1826 2107 apparerent,

955 2104 1003 2143 agi
1027 2112 1092 2134 non
1118 2111 1262 2144 poterat:
1287 2104 1328 2136 fic
1351 2107 1435 2137 enim
1461 2106 1572 2138 Paulus
1593 2109 1737 2149 loquitur
1756 2114 1775 2140 l.
1794 2120 1823 2150 3.

954 2143 996 2175 D.
1014 2145 1047 2174 de
1058 2144 1242 2184 rescindendo
1256 2148 1440 2178 venditione:
1450 2156 1530 2187 puto
1541 2172 1550 2187 ,
1563 2151 1635 2189 quia
1650 2150 1695 2181 hia
1707 2159 1825 2190 excep-

955 2186 1059 2217 tiones
1085 2185 1199 2225 inesse,
1224 2188 1275 2219 vel
1293 2197 1327 2218 ut
1355 2188 1468 2220 Paulus
1497 2198 1541 2220 ait
1557 2191 1575 2221 l.
1593 2196 1642 2231 538.
1666 2191 1708 2222 D.
1728 2194 1761 2222 cie
1782 2194 1827 2221 le·

953 2228 1087 2258 reditatis
1101 2229 1255 2268 petitione,
1280 2228 1389 2260 officio
1406 2230 1526 2270 Judicis
1552 2233 1712 2264 contineri
1737 2234 1825 2264 vide-

955 2268 1090 2300 bantur:
1108 2270 1139 2300 id
1160 2269 1223 2308 est,
1241 2279 1274 2301 ut
1292 2271 1357 2311 ipse
1374 2272 1513 2310 indicat,
1531 2273 1585 2304 etfi
1603 2274 1710 2314 injure
1728 2276 1827 2305 omis-

955 2312 991 2340 1ae
1010 2309 1128 2348 essent,
1148 2319 1253 2342 tamen
1271 2312 1300 2342 in
1315 2312 1437 2352 judicio
1458 2316 1600 2354 opponi,
1626 2316 1656 2346 ἃ
1675 2317 1726 2347 vel
1743 2316 1824 2347 Prae-

955 2351 1033 2383 toris
1051 2351 1160 2392 injussu
1180 2354 1304 2383 admitti
1323 2362 1482 2392 poterant.
1508 2356 1583 2393 quid
1599 2357 1725 2388 inulta?
1748 2357 1826 2389 Pau-

956 2393 1003 2424 lus
1021 2393 1048 2424 (l.
1068 2393 1087 2424 l.
1107 2403 1135 2434 3.
1154 2392 1195 2424 D.
1214 2395 1247 2424 cie
1260 2394 1446 2433 rescindenda
1462 2397 1627 2427 venditione
1643 2399 1705 2436 ait,
1729 2408 1825 2430 exce-

954 2435 1083 2475 ptiones
1099 2444 1168 2475 quae
1197 2436 1375 2467 aetionibus
1394 2436 1487 2467 bonae
1504 2436 1577 2468 fidei
1596 2438 1700 2469 insunt
1715 2462 1724 2478 ‚
1750 2440 1825 2471 affl·

957 2485 1036 2506 ones
1061 2475 1127 2516 ipso
1151 2476 1220 2515 J'ure
1246 2477 1380 2508 tollere:
1404 2478 1569 2519 ipsumque
1597 2478 1753 2520 Ulpianus
1773 2481 1823 2513 iir-

957 2524 1023 2548 mat
1040 2517 1060 2548 l.
1084 2521 1130 2548 16.
1154 2517 1183 2558 §.
1206 2526 1231 2549 1.
1259 2517 1301 2548 D.
1328 2519 1361 2549 de
1386 2521 1553 2551 minorihus.
1577 2522 1711 2561 amplius
1736 2523 1823 2554 idem

959 2558 1112 2598 Ulpianus
1132 2568 1184 2590 eas
1210 2559 1358 2591 Praetoris
1373 2559 1460 2591 facio
1479 2562 1505 2591 d.
1525 2561 1553 2602 ς.
1578 2571 1603 2595 1.
1622 2563 1640 2593 l.
1672 2567 1717 2595 16.
1745 2565 1823 2596 Pau-

958 2599 1006 2630 lus
1023 2600 1051 2630 d.
1074 2599 1094 2630 l.
1112 2609 1141 2640 3.
1159 2601 1410 2641 exceptionibus
1429 2604 1592 2643 opponit:
1620 2604 1704 2645 quasi
1728 2615 1823 2637 exce-

958 2641 1085 2679 ptiones
1104 2650 1168 2672 non
1183 2641 1241 2673 {int
1260 2651 1330 2682 quae
1350 2643 1475 2674 afflone
1492 2645 1720 2686 continentur,
1746 2648 1775 2679 ἀ
1791 2649 1822 2679 in

953 2683 1074 2721 judicio
1094 2705 1103 2720 ,
1136 2683 1189 2714 etsi
1223 2686 1307 2724 apud
1333 2683 1506 2717 Praetorein
1536 2687 1723 2719 contestatae
1756 2698 1823 2720 non

957 2722 1149 2761 lint,adliuc
1161 2725 1276 2764 judicis
1285 2724 1396 2757 officio
1409 2725 1605 2768 supplentur.
1631 2728 1693 2760 Sed
1713 2739 1822 2771 quem-

957 2765 1129 2796 admodum
1157 2767 1253 2797 verba
1286 2767 1381 2806 haec,
1422 2769 1477 2808 ipso
1504 2769 1573 2810 jure
1606 2771 1722 2801 nulium
1744 2771 1820 2811 cffe,

958 2806 987 2837 ἃ
1001 2813 1054 2847 per
1073 2809 1263 2847 exceptionem
1281 2809 1363 2848 tolli,
1388 2811 1528 2841 invicem
1547 2819 1754 2852 opponuntur
1767 2812 1822 2843 libi

957 2847 976 2878 l.
993 2852 1041 2882 28·
1059 2847 1102 2879 D.
1126 2850 1159 2879 de
1175 2848 1334 2881 actionibus
1352 2852 1439 2890 empti
1456 2850 1492 2890 ὅ)
1507 2854 1641 2889 venditi,
1667 2853 1702 2887 &²
1729 2853 1747 2882 l.
1773 2861 1822 2892 27.

956 2888 999 2920 I).
1025 2890 1058 2920 de
1081 2890 1186 2931 regulis
1201 2891 1300 2933 juris.-
1323 2892 1366 2923 ita
1388 2891 1458 2930 illa,
1485 2899 1537 2933 per
1561 2896 1767 2935 exceptionem,
1792 2894 1823 2924 &

955 2929 1044 2970 officio
1065 2930 1201 2971 Jztclicis,
1225 2932 1278 2964 fibi
1296 2934 1542 2965 committuntur
1558 2936 1575 2965 l.
1601 2945 1643 2966 ιι.
1662 2934 1703 2965 D.
1721 2937 1754 2964 (ie
1770 2945 1822 2965 no.

955 2972 1070 3003 xalthus
1086 2972 1246 3005 aetionilius
1258 2999 1267 3013 ‚
1282 2976 1310 3006 d.
1329 2975 1348 3006 l.
1369 2979 1418 3016 38.
1433 2975 1471 3006 D.
1490 2976 1696 3006 determinatis
1710 2977 1822 3015 petitio-

956 3023 1008 3052 πθ,
1031 3014 1067 3047 &²
1084 3014 1103 3044 l.
1118 3026 1146 3057 3.
1165 3015 1192 3057 §.
1217 3016 1270 3048 ult.
1293 3015 1336 3047 D.
1357 3016 1468 3047 Nauna
1494 3014 1822 3056 cirziponesstimulat-ii:

956 3054 1011 3086 ista
1030 3064 1177 3096 quoque,
1195 3065 1249 3097 per
1270 3059 1459 3095 exceptionem
1478 3058 1555 3093 tolli,
1580 3057 1731 3097 &jndicio
1749 3060 1823 3089 ines·

947 3099 981 3136 se
999 3100 1188 3137 exceptionem
1205 3100 1232 3130 d.
1250 3099 1269 3130 l.
1280 3110 1308 3141 3.
1328 3096 1371 3130 D.
1391 3100 1424 3129 de
1439 3099 1623 3138 rtycindcnzia
1637 3100 1820 3135 venditione,

957 3138 976 3169 l.
997 3147 1043 3169 21.
1061 3137 1103 3170 D.
1123 3140 1219 3172 Soluto
1242 3140 1444 3178 matrimonio,
1469 3139 1505 3172 ὅ)
1522 3138 1542 3170 l.
1562 3143 1610 3179 84.
1631 3138 1659 3180 §.
1678 3151 1707 3181 5.
1728 3140 1770 3173 D.
1788 3143 1822 3172 cie

957 3179 1060 3221 legatis
1076 3181 1125 3213 lib.
1153 3190 1178 3212 1.

1750 3304 1821 3339 CA-
