2036 3495
637 70 728 105 DE

157 160 271 196 statem
287 159 474 202 disponendi
490 158 531 192 de
546 157 686 191 utilitate
700 159 746 191 rei
757 158 956 200 fructuariae,
966 169 1033 192 non

155 210 357 246 repugnante
380 210 494 234 natura
515 199 710 233 ususfructus
727 223 737 239 ‚
760 201 902 242 ideoque
924 202 1034 243 (quod

156 245 345 278 Marcianus
360 243 509 276 observat
526 243 546 274 l.
557 251 570 274 1
580 251 604 273 1.
621 241 650 283 §.
661 251 690 274 2.
705 243 740 273 de
749 243 941 285 pignoribus)
958 253 1032 275 ven·

157 288 230 320 dito
255 296 293 318 ac
315 285 436 318 tradito
460 294 478 317 a
501 283 676 317 fructuario
702 283 886 324 usufructu,
908 284 1034 317 fi.velit

156 327 387 372 proprietarius
411 335 486 360 cum
511 333 661 367 emptore
686 334 800 367 agere,
824 326 864 357 Ei
884 335 951 358 non
969 326 1033 359 effe

153 373 203 413 jus
228 370 274 402 uti
296 369 380 408 frui,
401 368 506 401 invito
523 366 570 399 se:
594 367 738 399 tuebitur
753 376 936 409 emptorem
952 368 1032 400 Prae-

156 420 210 445 tor
227 410 441 452 exceptione,
463 410 494 441 Si
519 417 585 441 non
608 409 693 441 inter
710 411 939 451 emptorem&
957 419 1030 442 eum

153 454 195 486 ad
210 461 305 494 quem
322 452 463 493 pertinet
484 448 696 490 ususfructus,
720 453 930 490 convenerit,
954 460 988 483 ut
1004 453 1029 484 is

153 496 245 536 hujus
265 495 334 535 jure
359 500 514 525 uteretur.
556 491 612 523 Eo.
624 494 720 533 igitur
736 494 837 525 modo
855 503 929 526 curn
946 493 1029 526 usus-

154 536 277 569 fructus
302 535 441 575 emptori
461 543 478 565 a
499 532 677 565 fructuario
704 544 770 567 non
794 535 897 567 dicam
915 536 1029 576 injure

153 579 281 610 ceditur
296 577 355 617 (de
372 585 438 617 quo
455 575 529 607 alibi
548 576 609 607 erit
625 576 754 608 dicendi
770 577 883 618 locus)
900 576 953 609 sed
971 586 1029 608 tra-

152 621 259 658 ditur3
282 617 382 658 ipsum
405 618 535 658 quidem
557 617 627 657 jus,
648 618 680 650 id
707 618 772 658 est,
797 619 977 651 dominium
995 628 1028 649 u-

150 659 341 699 susfructus,
357 659 502 701 personae
517 659 705 699 cohaerens,
720 661 804 701 apud
820 659 1028 692 fructuarium

147 709 259 735 manet
282 700 357 741 Jure
379 700 495 734 Civili:
519 699 571 732 sed
590 700 750 734 fructuum
767 702 939 743 perceptio
956 711 1028 742 quae

149 743 195 776 est
210 742 306 782 facti,
331 743 361 775 ὅ(
384 752 401 775 a
422 743 556 783 persona
582 743 676 785 avelli
695 742 802 784 potest
825 744 842 776 l.
862 753 911 785 27.
930 743 958 785 §.
980 751 1027 775 11.

148 785 193 817 D.
215 785 266 816 Ad
288 785 382 826 legem
400 783 519 824 Juliam
541 785 576 815 de
591 784 764 824 adulteriis,
786 785 827 817 ad
843 793 1027 826 emptorem

149 827 241 858 venit
270 825 344 867 Jure
380 825 537 858 Gentium
566 825 585 858 l.
607 830 658 857 66.
686 825 730 858 D.
763 827 884 868 dejure
904 827 1026 858 dotiuiiz.

146 868 227 902 Hoc
247 879 255 901 ε
279 867 301 900 fi
325 867 516 900 fructuarius
538 869 658 899 vendat
681 876 735 900 aut
761 869 851 900 locet
874 866 1028 900 usumfru-

149 910 248 942 ctum.
293 908 448 950 Idemque
471 909 535 949 est,
558 908 580 940 fi
604 918 678 941 eum
697 910 824 951 pignori
841 910 913 941 det:
937 918 1026 941 rece-

146 959 205 993 pta
221 950 308 984 enim
324 952 534 990 venditione,
558 950 634 990 quid
650 952 681 982 ni
697 951 812 993 pignus
828 950 1026 991 recipiatur?

143 993 205 1026 -sed
219 993 249 1025 ἃ
266 992 332 1025 hoc
350 993 535 1025 Marcianus
551 992 668 1032 probat
683 994 712 1025 d.
731 994 751 1025 l.
774 1001 822 1024 11.
837 992 867 1034 §.
883 1002 912 1024 2.
935 992 979 1023 ait
996 1000 1026 1022 e-

146 1036 234 1074 nim,
259 1035 467 1076 Papinianum
494 1033 632 1065 scribere
655 1033 703 1065 lib.
726 1043 772 1066 11.
797 1033 1024 1075 Responfhrum,

146 1076 307 1109 tuendum
338 1076 559 1108 creditorem:
591 1075 621 1107 &
644 1074 667 1107 fi
691 1076 771 1107 velit
795 1075 1024 1116 proprietarius

146 1128 222 1150 cum
246 1127 286 1150 eo
311 1127 425 1159 agere,
449 1116 527 1150 Non
560 1115 623 1148 esse
649 1117 677 1148 ei
698 1117 769 1157 jus,
792 1117 897 1148 invito
921 1115 951 1147 se
977 1116 1024 1147 uti

146 1159 231 1199 frui,
256 1160 410 1191 tuiturum
435 1168 509 1190 eum
533 1157 709 1189 Praetorem
735 1158 789 1189 tali
805 1158 1023 1202 exceptione,

147 1201 180 1233 Si
205 1210 270 1232 non
296 1201 380 1232 inter
405 1200 603 1242 creditorem
627 1199 657 1230 &
680 1208 754 1231 eum
769 1199 808 1230 ad
825 1208 921 1239 quem
943 1199 1025 1230 ulus-

142 1242 267 1275 fructus
292 1242 452 1282 pertinet,
477 1238 689 1279 convenerit,
714 1247 749 1272 ut
767 1239 962 1272 ususfructus
980 1243 1025 1280 pi-

143 1284 238 1325 gnori
255 1282 302 1315 fit.
333 1291 404 1314 nam
429 1291 503 1314 cum
530 1289 712 1321 emptorem
728 1281 924 1314 ususfruclms
942 1290 1026 1313 tuea-

143 1333 196 1356 tur
212 1324 355 1363 Praetor3
370 1333 446 1363 cur,
465 1323 590 1364 inquit,
608 1331 673 1354 non
693 1322 723 1354 δε
740 1323 937 1355 creditorem
955 1331 1024 1354 tue-

143 1365 257 1398 bitur?
279 1366 377 1406 igitur
399 1365 456 1402 (ut
477 1363 652 1405 Javolenus
668 1364 746 1395 aitl.
767 1364 822 1397 ult.
844 1364 887 1396 D.
905 1366 940 1396 de
954 1365 1023 1403 ulii-

143 1409 185 1439 ris
198 1416 269 1448 quae
286 1405 332 1438 est
348 1416 389 1438 ex
405 1406 476 1437 libro
493 1406 559 1446 ejus
574 1406 658 1437 tertio
673 1415 710 1437 ex
734 1404 944 1446 Posteriori'bus
961 1406 1023 1437 La-

142 1450 256 1488 beonis,
280 1457 346 1489 quo
366 1456 440 1479 eum
465 1447 506 1479 de
523 1445 686 1479 usufructu
704 1447 818 1488 egiss'e,
841 1448 964 1489 colligo
981 1457 1024 1479 ex

142 1491 164 1522 l.
183 1500 232 1530 24.
251 1489 294 1522 D.
327 1488 445 1532 Quibus
466 1490 557 1520 modis
580 1488 768 1529 ususfructus
785 1490 934 1520 amittitur
951 1498 1022 1530 quae

142 1541 186 1563 ex
208 1531 326 1564 eodem
348 1531 430 1564 libro
455 1530 521 1572 est)
542 1529 667 1562 Frzinus
693 1532 737 1562 rei
758 1529 816 1572 est,
839 1531 886 1562 vel
901 1531 1022 1572 pignori

141 1574 209 1605 dari
240 1573 333 1605 licere.
375 1570 489 1604 Sensus
517 1571 664 1612 Javoieni
688 1571 762 1612 est,
791 1572 880 1604 Inter
903 1581 1021 1604 caetera

143 1616 318 1648 commoda
333 1637 344 1653 ‚
366 1613 541 1646 fructuario
564 1614 790 1654 competentia
812 1613 935 1646 fructus
961 1623 1020 1645 no-

140 1657 249 1695 mine,
264 1657 317 1688 vel
333 1656 386 1697 (id
404 1654 469 1695 est,
487 1655 605 1695 etiam)
627 1654 708 1694 effe;
724 1656 813 1696 quod
829 1655 1021 1688 fructuarius

141 1698 251 1740 potest
273 1696 502 1729 usumfructum
524 1696 652 1738 pignori
677 1697 753 1729 dare
769 1698 922 1729 creditori
940 1697 1021 1729 faci-

139 1741 203 1773 lius
231 1740 348 1771 daturo
375 1745 518 1770 mutuam
544 1739 714 1779 pecuniam
733 1737 788 1770 sub
806 1748 847 1770 eo
863 1740 1020 1781 pignore,

141 1790 239 1822 quam
255 1780 318 1811 fine
333 1789 386 1811 eo.
424 1780 466 1810 At
483 1788 548 1810 non
565 1786 690 1810 tantum
705 1781 867 1820 vendere,
891 1781 1020 1820 locare,

142 1829 197 1854 aut
222 1821 440 1862 oppignorare
457 1843 468 1859 ,
498 1819 727 1853 usumfructum
752 1821 859 1862 potest
883 1820 1023 1854 fructua-

142 1864 227 1895 rius:
244 1862 317 1901 sed,
334 1869 370 1893 ut
389 1859 546 1903 Ulpianus
564 1860 666 1893 refert
682 1863 710 1894 d.
727 1861 748 1894 l.
768 1872 814 1895 12.
831 1862 860 1905 §.
881 1872 910 1894 2.
927 1862 971 1894 D.
989 1863 1022 1894 de

143 1903 323 1944 usufructu,
339 1904 436 1935 etiam
453 1902 561 1943 potest
579 1912 653 1935 eum
671 1906 819 1944 precario
836 1904 1022 1936 concedere

142 1954 197 1978 aut
219 1946 352 1978 donare.
384 1945 415 1976 &
439 1944 524 1976 bene
550 1944 620 1975 haec
647 1944 828 1986 distinguit:
852 1946 1022 1987 quomodo

142 1988 294 2026 Plautus,
317 1986 348 2017 in
367 1985 557 2017 Menaechmis
572 1985 628 2017 ast.
646 1995 675 2026 4.
686 1987 732 2026 sc.
751 1997 780 2020 2.
797 1989 873 2025 vers.
889 1996 940 2027 94.

181 2045 194 2053 ·
216 2045 226 2052 -
248 2046 260 2054 -
284 2027 372 2059 Illam
385 2037 443 2058 non
460 2028 639 2065 condonavi,
661 2028 709 2065 ssed
718 2027 764 2066 fic
778 2029 917 2060 utendam
932 2029 1006 2062 dedi.

138 2068 245 2107 Nam,
268 2075 304 2100 ut
321 2068 367 2101 est
382 2069 414 2100 in
432 2068 602 2099 Trinummo
617 2067 675 2100 aa.
693 2079 723 2109 5.
735 2070 783 2109 sc.
801 2080 829 2102 2.
848 2070 923 2110 verfi
941 2074 971 2102 6.

177 2110 357 2151 Beneficium
372 2110 483 2158 homini
492 2112 645 2152 proprium
660 2112 735 2152 quod
746 2113 855 2151 datur,
867 2112 1020 2153 proprium

271 2161 319 2183 um
351 2157 425 2183 erit:

178 2151 278 2238 ρμοιζ
289 2152 389 2224 ἀάξίηι
411 2190 451 2233 eft
475 2193 636 2233 utendum,
661 2194 691 2225 id
711 2194 854 2234 repetendi
868 2195 948 2236 copia
964 2192 1019 2236 ss,

284 2235 379 2266 uando
394 2234 478 2267 velis.

142 2273 244 2317 Igitur
284 2276 457 2308 ructuarius
477 2276 553 2316 iuris
577 2275 621 2308 sui
638 2276 810 2309 utilitatem
825 2277 877 2309 alii
893 2277 1018 2309 donans

138 2325 193 2349 aut
208 2318 353 2357 precario
363 2318 548 2350 concedens
559 2341 569 2358 ,
579 2317 666 2350 recte
682 2318 800 2350 dicitur
815 2328 856 2350 eo
872 2319 919 2350 uti
934 2318 1017 2350 frui:

137 2359 353 2400 spectantibus
383 2358 534 2390 exercitae
563 2360 765 2399 voluptatem
795 2359 1016 2399 liberalitatis,

137 2408 192 2432 aut
207 2399 344 2439 famam,
362 2407 416 2431 aut
433 2400 609 2432 naturalem
628 2401 862 2442 obligationem
878 2411 940 2441 qua
960 2402 1017 2433 do-

135 2442 273 2474 natarius
288 2441 316 2472 ei
332 2449 459 2473 tenetur
467 2442 507 2473 ad
518 2444 796 2475 remunerandum.
819 2442 1017 2483 postremum

137 2482 287 2514 observat
304 2481 404 2523 Gajus
420 2482 439 2514 l.
448 2493 499 2523 54.
515 2483 545 2525 §.
559 2492 584 2515 1.
603 2483 647 2515 D.
667 2485 699 2514 de
708 2485 824 2522 furtis:
848 2485 954 2525 priora
971 2485 1017 2516 in-

136 2523 230 2565 super
245 2524 367 2556 Seneca
378 2547 388 2563 ,
412 2524 460 2556 lib.
477 2534 507 2556 2.
523 2524 571 2556 De
586 2525 730 2565 beneficiis
745 2536 770 2557 c.
791 2535 842 2567 33.
859 2525 1015 2566 Beneficii,

136 2565 308 2606 inquiens,
324 2564 449 2604 fructus
467 2566 584 2606 primus
597 2566 644 2598 ille
660 2565 699 2608 est
721 2568 906 2608 conscientiae.
938 2568 1017 2599 bunc

132 2607 259 2648 percepit
277 2608 327 2648 qui
349 2616 403 2648 quo
427 2608 540 2646 voluit,
564 2618 674 2640 munus
681 2609 776 2648 suum
787 2609 921 2649 pertulit.
965 2609 1014 2640 Se-

137 2650 251 2678 cundus
273 2645 312 2688 est
320 2648 423 2687 famae.
467 2648 584 2680 Tlertius
597 2659 695 2681 eorum
711 2660 774 2692 quae
784 2648 920 2691 praefiari
935 2652 1015 2682 invi-

137 2697 197 2718 cem
216 2688 344 2729 poffunt.
389 2688 468 2721 Non
484 2691 620 2731 ignoro,
643 2692 817 2733 aliquando
833 2692 914 2730 dici,
939 2701 1013 2725 eum

139 2729 194 2767 qui
213 2738 280 2760 rem
297 2731 416 2768 donat,
439 2740 510 2763 eam
525 2732 671 2773 perdere.
702 2733 766 2765 Sed
783 2733 815 2764 id
831 2733 960 2765 demum
979 2735 1011 2765 in

136 2769 361 2816 filiofamilias,
383 2770 496 2811 servo,
518 2781 647 2812 tutore,
671 2774 702 2806 δε
723 2782 955 2815 procuratore,
979 2775 1012 2807 id

138 2810 203 2849 est,
226 2820 258 2842 in
281 2820 387 2843 rerum
408 2812 578 2846 alienarum
601 2816 907 2848 administratoribus
929 2816 1013 2848 obti-

138 2860 196 2883 net
213 2851 232 2882 l.
249 2861 277 2892 7.
293 2854 326 2883 de
338 2853 550 2886 donationibus.
590 2854 662 2887 Imo
680 2858 711 2888 in
736 2857 891 2896 domino,
915 2858 1012 2889 mani-

136 2892 218 2925 festa
241 2893 307 2933 ejus
329 2892 459 2926 luxuria.
491 2896 615 2936 optime
631 2896 765 2930 Tacitus
781 2898 829 2930 lib.
852 2907 878 2930 1.
897 2897 1011 2938 Hister.

138 2944 164 2966 c.
179 2944 229 2974 30.
267 2933 425 2966 Falluntur
449 2937 554 2976 quibus
577 2938 699 2970 luxuria
712 2940 808 2980 specie
830 2939 1012 2972 liberalitatis

137 2976 268 3016 imponit.
289 2977 406 3016 perdere
421 2975 473 3016 ifle
480 2977 573 3017 sciet,
588 2979 694 3011 donare
714 2981 827 3021 nesciet.
857 2988 890 3011 at
905 2981 938 3013 in
955 2981 1013 3013 do-

136 3019 228 3050 mino
246 3026 262 3048 a
283 3026 348 3057 quo
363 3016 442 3049 absit
457 3018 600 3060 luxuria,
618 3020 700 3052 adeo
714 3021 828 3054 falsum
843 3021 910 3062 est;
933 3029 969 3054 ut
984 3023 1010 3054 is

137 3059 335 3097 donatione,
357 3057 381 3090 fi
398 3067 493 3099 quam
508 3059 588 3092 fecit
601 3084 611 3098 ,
633 3060 695 3094 frui
711 3062 914 3104 intelligatur.
947 3063 1011 3097 hoc

135 3099 226 3132 sensu
247 3100 365 3132 Cicero
375 3123 385 3139 ,
401 3101 449 3132 lib.
462 3110 492 3133 2.
505 3101 659 3143 Deofficiis
668 3112 692 3134 c.
706 3108 754 3138 18.
770 3104 871 3146 Pqffe,
887 3106 1010 3146 inquit,

138 3141 311 3174 liberalitate
335 3143 383 3174 uti
405 3151 462 3173 non
478 3143 651 3183 spoliantem
661 3146 696 3184 se
711 3146 901 3186 patrimonio,
923 3148 1008 3179 nimi-

135 3191 204 3216 rum
220 3185 247 3217 is
269 3181 310 3226 esi
325 3185 456 3228 pecunia
464 3183 589 3226 fructus
605 3186 763 3222 maximus.
804 3186 846 3221 Et
863 3187 982 3224 Seneca
994 3210 1006 3230 ,

789 69 1269 108 UsUFRUCTU
1326 70 1485 111 Lial.

1887 85 1956 124 327

1076 159 1125 192 De
1149 161 1215 193 viia
1239 161 1322 194 beata
1339 173 1364 196 c.
1385 173 1434 204 24.
1471 163 1648 207 Numquam
1664 166 1757 210 magis
1775 168 1894 200 nomina
1901 169 1958 208 fa-

1075 204 1135 241 cio,
1157 212 1246 244 quam
1263 214 1329 236 cum
1344 206 1427 237 dono.
1450 206 1547 247 quid?
1569 214 1621 248 zu,
1646 209 1766 250 inquis,
1788 216 1956 251 recepturus

1075 245 1164 275 donas
1175 244 1191 275 ἰ)
1214 245 1269 277 imo
1283 256 1341 278 non
1354 248 1534 287 perditurus.
1558 259 1587 280 eo
1603 251 1660 283 loco
1668 251 1710 291 stt
1725 252 1840 284 donatio
1850 275 1860 292 ,
1876 253 1954 284 unde

1075 287 1162 327 repeti
1178 296 1234 318 non
1250 288 1364 327 debeat,
1387 291 1469 321 reddi
1482 288 1573 330 poffit.

1116 327 1286 369 Competit
1300 331 1395 371 igitur
1405 330 1581 364 fructuario
1595 334 1644 375 jus
1660 335 1858 377 percipiendi
1875 343 1953 376 qua-

1075 369 1477 416 lecumquecommodum
1497 375 1548 406 vel
1566 385 1607 407 ex
1625 386 1679 416 re,
1704 378 1755 409 vel
1772 378 1838 419 ejus
1855 385 1953 409 occa-

1074 410 1163 457 {ione
1178 410 1388 446 nasciturum:
1412 416 1486 455 quia
1502 426 1601 449 omne
1618 419 1649 450 id
1673 418 1794 451 fructus
1810 420 1951 461 appella-

1073 460 1164 484 tione
1189 455 1490 502 comprehenditur.
1523 460 1610 498 quod
1634 459 1655 492 si
1683 460 1742 492 fint
1759 461 1952 493 adminicula

1072 493 1137 526 fine
1153 495 1266 542 quibus
1283 506 1419 528 omnino
1437 508 1578 539 nequeat
1594 502 1640 533 uti
1661 501 1723 534 frui
1741 502 1952 541 fructuarius,

1073 536 1124 567 vel
1138 536 1205 568 haec
1217 547 1247 568 ei
1264 538 1411 570 conceffa
1431 540 1590 573 videntur.
1615 543 1669 575 etfi
1686 554 1751 577 non
1769 545 1953 584 ideo;qua-

1072 576 1134 624 fi&
1152 577 1215 618 ipsa
1233 579 1279 611 rei
1296 579 1401 612 fructu
1417 582 1667 617 contineantur:
1683 584 1735 617 sed
1751 587 1826 626 quia
1841 585 1888 618 est
1905 595 1952 617 ra-

1073 621 1158 666 tioni·
1177 620 1379 662 consequens
1397 645 1407 662 ‚
1431 630 1466 654 ut
1488 625 1541 664 qui
1567 633 1712 658 extrema
1741 628 1810 660 vult
1827 651 1836 667 ,
1871 627 1952 659 velit

1072 670 1179 692 omnia
1194 660 1258 694 fine
1276 663 1390 703 quibus
1406 665 1444 697 ad
1461 673 1606 702 extrema
1626 669 1785 708 perveniri
1799 678 1952 710 nequeat.

1073 702 1143 749 hoc·
1154 703 1255 749 modo
1272 705 1315 735 ait
1328 704 1518 746 Javolenus,
1534 711 1607 740 eu'm
1625 709 1678 750 qui
1692 710 1952 750 jurisdictionem

1071 744 1178 790 dedit,
1202 752 1298 777 etiam
1322 747 1508 780 conceffiffe
1531 748 1600 781 haec
1616 750 1680 782 fine
1697 752 1813 792 quibus
1829 753 1881 784 illa
1897 762 1953 783 cx-

1070 785 1180 825 plicari
1198 795 1337 833 nequeat
1353 789 1373 820 l.
1392 799 1421 821 2.
1438 788 1480 821 D.
1497 791 1530 821 de
1539 792 1766 834 jurisdictione:
1786 794 1816 825 ὅ(
1839 793 1953 834 Ulpia·

1072 835 1130 858 nus
1147 835 1220 873 eum
1240 837 1293 868 qui
1311 838 1403 869 aquae
1425 831 1567 865 haustum
1585 835 1694 874 cellit,
1717 835 1813 867 etiam
1832 836 1893 868 iter
1909 836 1952 868 ad

1070 865 1282 914 hauriendum
1300 871 1439 911 ceffiffe,
1456 875 1684 914 interpretatur
1699 877 1720 909 l.
1735 886 1766 916 3.
1781 877 1811 918 ᾗ.
1829 878 1885 909 ult.
1901 876 1948 909 D.

1069 909 1103 939 de
1108 909 1306 955 servitutibus
1317 914 1493 952 praediorum
1508 915 1692 957 rusticorum.
1729 918 1792 950 Sed
1808 929 1874 951 non
1891 928 1952 959 po-

1071 949 1131 981 test
1155 949 1242 990 fieri,
1268 960 1303 982 ut
1328 955 1383 993 qui
1409 955 1637 991 usumfructum
1661 960 1756 992 alicui
1772 962 1952 1000 concedit,

1070 1000 1137 1022 non
1161 993 1323 1024 concedat
1340 996 1533 1029 adminicula
1549 999 1613 1032 fine
1632 1002 1747 1043 quibus
1763 1002 1790 1034 is
1809 1001 1839 1034 se
1856 1003 1896 1035 ad
1915 1011 1952 1034 u·

1068 1031 1277 1065 suinfructum
1296 1034 1381 1066 ferre
1400 1046 1550 1078 nequeat.
1586 1041 1631 1074 Ut
1651 1044 1804 1084 exemplo
1822 1053 1872 1077 res
1887 1044 1952 1076 cla-

1068 1083 1104 1121 ra
1117 1073 1274 1121 ᾗῑχροῃε
1290 1075 1518 1112 usumfructum
1537 1081 1626 1115 servi.
1646 1085 1790 1124 constat,
1807 1085 1949 1118 fructua-

1068 1125 1106 1147 τη
1132 1115 1195 1147 esse
1224 1117 1312 1164 quod
1337 1127 1378 1150 ex
1396 1119 1476 1152 servi
1494 1126 1602 1163 operis
1617 1126 1794 1167 adquiritur
1811 1127 1830 1159 l.
1853 1137 1899 1160 10.
1917 1127 1949 1169 §.

1067 1167 1097 1198 3.
1110 1156 1152 1204 D.
1171 1158 1207 1187 de
1221 1159 1395 1203 adquirendo
1413 1171 1509 1193 rerum
1529 1166 1670 1198 dominio.-
1684 1167 1753 1200 sunt
1769 1169 1854 1201 enim
1872 1178 1950 1209 ope-

1068 1208 1111 1230 ra:
1126 1208 1158 1230 in
1177 1198 1316 1232 hominis
1340 1200 1465 1242 fructu,
1489 1205 1519 1235 ἃ
1537 1210 1703 1241 mercedes
1719 1218 1853 1250 propter
1871 1220 1950 1251 ope-

1068 1249 1117 1272 ras
1135 1240 1194 1281 l.3.
1213 1240 1288 1280 &4
1302 1241 1349 1288 D.
1368 1244 1403 1273 de
1413 1245 1505 1284 operis
1516 1246 1677 1285 servorum.
1700 1249 1805 1292 finge,
1823 1251 1948 1284 sei-vum

1068 1281 1158 1313 nolle
1183 1291 1320 1322 operari.
1354 1293 1472 1325 nempe
1489 1288 1535 1318 ait
1559 1287 1738 1330 Ulpianus,
1762 1294 1949 1334 cogendum

1067 1322 1151 1363 esse,
1174 1333 1190 1355 a
1207 1323 1381 1357 fructuario
1398 1327 1528 1360 modica
1543 1329 1751 1372 castigatione
1766 1333 1787 1366 l.
1804 1344 1851 1375 23.
1869 1335 1897 1376 §.
1920 1344 1948 1367 1.

1066 1364 1110 1396 D.
1137 1366 1170 1396 de
1191 1366 1376 1414 usufructus
1397 1367 1515 1402 Rursus
1539 1370 1625 1413 finge
1641 1374 1699 1406 tibi
1716 1374 1949 1409 usumfructum

1067 1407 1183 1454 domus
1206 1416 1261 1438 aut
1286 1408 1398 1440 fundi:
1420 1410 1449 1442 ἃ
1475 1411 1581 1444 fundo
1608 1415 1729 1448 aditum
1745 1424 1800 1449 aut
1814 1426 1949 1458 aquam,

1066 1449 1176 1480 domui
1201 1448 1309 1481 lumen
1338 1450 1453 1483 deeffe.
1483 1453 1609 1487 necess'e
1632 1457 1711 1497 erit,
1735 1465 1770 1490 ut
1794 1458 1950 1492 usumfru-

1066 1489 1152 1522 ctum
1176 1489 1348 1531 sequantur
1372 1493 1591 1528 adminicula:
1623 1497 1655 1529 id
1680 1499 1746 1538 est,
1769 1501 1891 1539 aditus,
1914 1510 1948 1533 a·

1066 1540 1147 1571 qua,
1164 1531 1271 1579 lumen
1286 1532 1306 1564 l.
1327 1542 1353 1564 1.
1371 1533 1400 1575 ᾗ.
1421 1543 1447 1566 1.
1465 1534 1503 1569 ὅ)
1521 1536 1574 1568 ult.
1590 1536 1632 1569 D.
1649 1537 1685 1570 Si
1700 1541 1888 1581 ususfructus
1898 1550 1949 1582 pe-

1066 1578 1162 1604 tetur.-
1185 1582 1324 1605 rnaxime
1340 1574 1362 1606 fi
1377 1575 1554 1608 fructuario
1579 1579 1663 1612 adeo
1679 1580 1739 1613 fint
1756 1583 1946 1624 necefl'aria3

1066 1622 1102 1661 ut
1124 1612 1189 1646 fine
1212 1615 1260 1647 his
1282 1616 1367 1648 nulla
1389 1616 1426 1649 fit
1443 1616 1604 1652 fructuum
1619 1623 1808 1664 perceptio:
1832 1635 1905 1657 nam
1922 1626 1946 1660 fi

1064 1665 1094 1688 ei
1112 1657 1286 1703 commoda
1308 1656 1388 1698 fint,
1412 1659 1583 1692 necessaria
1607 1671 1673 1695 non
1690 1663 1769 1697 fint:
1791 1674 1857 1698 non
1876 1666 1948 1699 sunt

1064 1699 1258 1744 adminicula
1274 1698 1487 1741 ususfructus3
1503 1711 1564 1734 nec
1575 1712 1616 1735 eo
1632 1713 1792 1744 praetextu
1809 1707 1948 1741 fructua-

1063 1749 1113 1771 rio
1131 1740 1363 1774 concedenda:
1388 1743 1467 1789 quia,
1478 1743 1519 1776 de
1534 1744 1583 1776 his
1599 1746 1677 1778 nihil
1694 1748 1777 1780 dixit
1790 1749 1945 1791 testator3

1065 1781 1096 1812 δε
1117 1780 1242 1813 fructus
1267 1782 1323 1814 etfi
1348 1784 1527 1824 difficilius,
1553 1793 1659 1820 tamen
1686 1787 1750 1822 fine
1766 1789 1816 1823 his
1833 1791 1945 1824 haberi

1065 1831 1106 1854 ex
1122 1831 1158 1854 re
1182 1822 1353 1855 fructuaria
1369 1825 1495 1865 potest:
1519 1827 1604 1860 aliud
1621 1839 1699 1862 vei-o
1717 1832 1748 1863 ei
1766 1841 1831 1864 non
1853 1834 1944 1865 dedit

1065 1863 1199 1911 testator
1215 1865 1244 1895 d.
1262 1864 1282 1895 l.
1302 1874 1326 1896 1.
1344 1865 1373 1907 §.
1388 1866 1443 1899 ult.
1458 1868 1478 1899 l.
1499 1877 1547 1902 10.
1565 1869 1609 1902 D.
1622 1871 1656 1907 de
1661 1874 1857 1912 servitutibus
1868 1881 1945 1916 prce-

1064 1906 1179 1936 dzorum
1195 1907 1386 1939 urbanorum.
1621 1910 1624 1915 ’

1081 1988 1087 1993 .
1104 1946 1140 1978 In
1163 1947 1273 1994 primis
1294 1957 1402 1982 autem
1419 1958 1554 1992 oportet
1569 1951 1733 1987 fructuarii
1749 1951 1812 1988 effe
1828 1957 1941 1990 deten-

1063 1995 1196 2036 tionem·
1213 1998 1258 2020 rei
1275 1988 1474 2025 fructuariae:
1497 1994 1570 2034 quia
1588 1995 1643 2027 nifi
1660 2006 1729 2028 eam
1746 2007 1813 2030 rem
1832 2005 1942 2031 teneat

1063 2030 1268 2077 naturaliter,
1293 2040 1358 2063 non
1381 2033 1488 2073 potest
1512 2044 1570 2074 ea,
1591 2045 1664 2069 cum
1692 2038 1779 2078 vult,
1805 2040 1850 2071 uti
1866 2039 1944 2074 frui.

1063 2072 1186 2103 idcireo
1202 2079 1246 2102 ait
1265 2070 1420 2119 Ulpianus
1435 2075 1455 2106 l.
1468 2086 1515 2108 12.
1536 2076 1578 2108 D.
1595 2079 1628 2109 de
1643 2080 1823 2121 adquirenda
1837 2081 1942 2122 paffes-

1057 2111 1157 2152 stone,
1181 2113 1374 2161 Naturaliter
1389 2117 1484 2148 videri
1495 2117 1631 2158 poffidere
1644 2130 1710 2152 eum
1724 2123 1775 2162 qui
1789 2123 1939 2164 usumfru-

1063 2154 1141 2185 ctum
1166 2154 1277 2201 habeta
1290 2155 1321 2187 id
1344 2157 1406 2195 est,
1431 2166 1465 2189 ut
1490 2159 1682 2200 Papinianus
1706 2163 1870 2204 loquitur,
1894 2173 1940 2198 at-

1062 2205 1126 2243 que
1141 2196 1252 2227 eadem
1268 2205 1299 2228 in
1318 2207 1370 2237 re,
1388 2201 1572 2232 naturaliter
1590 2204 1692 2235 teneri
1709 2204 1729 2235 l.
1741 2214 1791 2245 49.
1813 2205 1857 2237 D.
1876 2208 1937 2239 eod.

1062 2243 1109 2268 tit.
1135 2236 1201 2268 hoc
1216 2237 1279 2276 est,
1302 2240 1367 2279 eius
1391 2242 1423 2272 in
1449 2242 1638 2282 poffeffione
1662 2244 1736 2278 effe.
1760 2255 1827 2287 quo
1851 2247 1938 2281 sensu

1061 2279 1092 2324 ᾃ
1110 2278 1264 2325 colonum
1282 2279 1312 2311 &
1337 2281 1562 2322 depofitarium
1585 2287 1763 2318 naturaliter
1782 2287 1938 2329 poffidere,

1061 2320 1149 2352 idem
1172 2327 1215 2352 ait
1233 2319 1386 2362 Ulpianus
1403 2323 1422 2355 l.
1445 2332 1472 2365 7.
1493 2325 1521 2367 §.
1544 2335 1591 2358 11.
1610 2326 1655 2359 D.
1683 2328 1838 2361 Communi
1861 2332 1938 2363 divi-

1061 2363 1158 2393 dundo
1174 2372 1184 2392 :
1207 2371 1267 2403 pro
1290 2365 1476 2397 naturaliter
1501 2375 1629 2407 tenere,
1653 2368 1717 2400 five
1740 2379 1880 2412 corpore
1904 2373 1937 2405 in

1060 2402 1252 2451 poffesfione
1269 2403 1351 2437 esse:
1366 2413 1403 2437 ut
1420 2415 1553 2448 apparet
1569 2418 1609 2441 ex
1625 2410 1644 2440 l.
1654 2419 1685 2446 9·
1703 2410 1746 2443 D.
1765 2413 1799 2444 de
1812 2415 1854 2445 rei
1867 2415 1938 2447 vine

1060 2446 1204 2476 dicationi·
1225 2454 1297 2485 quae
1320 2446 1366 2478 est
1389 2448 1531 2487 eiusdem
1549 2449 1690 2492 Ulpiani.
1715 2454 1754 2485 ad
1771 2455 1835 2486 hoc
1855 2466 1936 2488 vero

1058 2484 1220 2518 subfistere
1235 2486 1414 2534 fructuaria:
1426 2490 1468 2520 rei
1483 2491 1530 2530 jus
1540 2514 1550 2530 ,
1567 2493 1619 2524 vel
1634 2495 1709 2525 inde
1723 2495 1935 2538 intelligitur:

1059 2527 1149 2568 quod
1166 2535 1201 2559 ut
1217 2537 1311 2560 verus
1327 2538 1393 2569 ejus
1410 2530 1563 2571 poffeffor
1579 2532 1616 2566 fit
1634 2534 1844 2577 fructuarius,
1866 2548 1935 2572 non

1059 2568 1105 2601 est
1129 2578 1210 2610 opus
1235 2570 1254 2601 l.
1274 2579 1301 2601 1.
1326 2570 1355 2617 §.
1374 2575 1404 2605 8.
1429 2572 1473 2604 D.
1499 2575 1531 2605 de
1554 2577 1593 2607 ad
1613 2577 1736 2609 uirentia
1753 2579 1935 2621 poffeffione:

1058 2619 1131 2642 curn
1154 2611 1249 2652 possit
1273 2621 1307 2642 re
1330 2612 1499 2647 *ructuaria
1524 2616 1569 2648 uti
1590 2586 1674 2657 ἕῐυί,
1697 2619 1753 2652 etsi
1777 2631 1847 2654 eam
1866 2632 1935 2655 non

1057 2652 1223 2693 possideat.
1248 2655 1416 2693 quomodo
1442 2657 1578 2690 colonus
1605 2659 1636 2691 &
1660 2663 1933 2695 commodatarius

1057 2701 1190 2725 utuntur
1208 2702 1243 2725 re
1259 2695 1419 2727 conducta
1437 2705 1490 2730 aut
1507 2702 1730 2736 commodata:
1748 2713 1809 2736 nec
1825 2713 1934 2738 tamen

1055 2744 1125 2766 eam
1149 2735 1337 2783 poffident3
1360 2736 1538 2782 sufficitque
1562 2742 1610 2775 his
1627 2766 1638 2782 ,
1662 2745 1694 2776 in
1721 2745 1933 2787 poffeffione,

1055 2776 1118 2808 effe
1128 2776 1180 2823 Q&
1192 2778 1376 2811 naturaliter
1392 2787 1512 2814 tenere.
1536 2783 1678 2818 dicamus
1693 2787 1806 2828 igitur,
1819 2788 1849 2818 ὅ(
1863 2787 1934 2820 fru-

1055 2817 1208 2865 ctuarium
1225 2821 1408 2853 naturaliter
1425 2830 1535 2855 tenere
1560 2835 1628 2859 rem
1651 2826 1872 2868 fructuariam3
1895 2829 1931 2862 id

1055 2858 1118 2893 est.
1143 2868 1174 2890 in
1190 2858 1310 2900 fundo,
1334 2862 1445 2895 sivein
1460 2865 1651 2906 poffeffione
1675 2868 1761 2900 ess'ez
1791 2867 1844 2901 sed
1861 2879 1932 2904 non

1055 2900 1212 2941 poffidere
1226 2902 1246 2933 l.
1261 2907 1291 2935 6.
1310 2903 1338 2945 §.
1356 2913 1383 2936 2.
1405 2904 1449 2938 D.
1474 2909 1508 2939 de
1518 2911 1667 2949 precario,
1695 2908 1732 2944 ὅ)
1755 2909 1775 2941 l.
1790 2920 1822 2949 5.
1846 2911 1876 2954 §.
1899 2921 1929 2945 1.

1058 2941 1098 2976 D.
1121 2943 1174 2973 Aa
1186 2943 1387 2978 exhibendum.

1089 2982 1250 3031 'Descripfi
1271 2986 1319 3026 jus
1349 2987 1511 3021 fructuarii
1535 2992 1567 3022 in
1593 2999 1629 3022 re
1652 2989 1833 3025 fructuaria.
1871 2995 1930 3028 vix

1053 3023 1139 3064 scio,
1161 3034 1199 3058 an
1223 3027 1354 3068 addam,
1378 3029 1441 3061 effe
1465 3031 1530 3062 hoc
1554 3033 1618 3071 ejus
1640 3041 1705 3062 non
1721 3033 1821 3066 inodo
1836 3036 1867 3067 in
1891 3046 1927 3068 re

1053 3073 1141 3114 tota,
1165 3067 1218 3099 sed
1239 3070 1335 3102 etiam
1352 3071 1385 3103 in
1407 3071 1534 3113 lingulis
1552 3073 1597 3103 rei
1615 3073 1778 3113 partibus:
1801 3077 1927 3116 praeser-

1052 3115 1109 3140 tim
1125 3109 1321 3142 monstrante
1336 3113 1481 3151 ratione,
1506 3120 1610 3145 totuin
1633 3123 1674 3145 ex
1688 3117 1830 3155 partibus
1849 3128 1928 3152 con·

1049 3148 1139 3182 stare.
1165 3157 1261 3193 atque
1276 3155 1320 3184 ita
1335 3153 1390 3185 est.
1410 3154 1460 3184 cui
1477 3153 1567 3186 datus
1579 3154 1624 3186 est
1639 3156 1768 3197 aliquus
1785 3160 1828 3191 rei
1845 3160 1928 3194 usus-

1048 3191 1189 3234 fructus3
1215 3195 1244 3227 ei
1259 3194 1351 3227 datus
1369 3193 1413 3227 est
1430 3193 1615 3236 singularum
1633 3198 1769 3238 partium
1786 3200 1925 3235 ususfru-

1843 3243 1922 3277 tius.
