2052 3487
166 96 249 141 r210

215 170 308 206 Idem
324 193 334 212 ‚
363 167 387 203 fi
412 171 444 202 in
468 167 552 200 diem
577 163 805 204 concipiatur,
836 171 902 195 non
921 162 1045 209 dicam,

177 212 322 251 solutio,
353 211 406 243 sed
429 207 596 249 obligatio.
626 214 699 237 nam
729 214 790 236 nec
820 212 888 236 tum
915 212 992 235 ante
1014 213 1047 235 in

177 264 269 288 mora
292 252 480 292 intelligitur
506 248 634 279 debitor
649 269 660 285 ‚
692 255 785 286 quam
809 245 829 277 [i
852 255 868 276 a
884 246 1048 291 creditore

177 294 398 335 interpellatus
423 300 488 322 non
506 289 623 320 solvat:
647 287 720 327 quia
743 287 884 326 alioquin
903 286 983 318 nihil
999 284 1048 317 cst

175 338 267 378 quod
285 336 315 366 in
342 332 489 364 debitore
514 330 703 370 castigetur:
729 328 783 368 qui
803 337 878 360 cum
897 337 961 358 non
978 336 1050 365 pro·

174 376 260 410 mifit
275 374 397 406 solvere
423 379 510 404 certa
532 372 606 409 dle,
629 379 696 401 tum
711 368 823 408 solvit,
848 378 922 400 cuin
946 369 1049 399 credi-

179 425 231 449 tor
261 415 317 447 fibi
340 413 420 446 solvi
446 411 594 452 postulat.
625 409 739 452 finge;
770 409 824 442 sub
858 409 1050 441 conditione

175 455 343 489 eontrasta
359 454 402 487 ess
422 454 579 495 obligatio
591 476 600 490 ‚
625 453 655 484 δι
670 452 779 483 extitit
794 451 962 482 conditio:
984 460 1050 496 non

175 498 391 530 committitur
415 505 524 534 mora;
548 494 601 526 nili
627 493 774 530 debitor,
798 492 965 538 postquam
985 492 1051 524 dics

177 540 287 578 venit,
299 548 315 570 a
333 538 496 569 creditore
513 535 733 575 interpellatus
749 533 796 566 fit.
821 541 855 565 ut
873 542 958 564 enim
975 542 1052 565 con-

179 581 287 614 stituta
309 578 346 612 fit
378 578 569 620 obligationi
592 578 659 607 dies
690 585 752 617 qua
779 574 922 607 nascatur
943 574 1052 612 asti03

178 631 247 655 non
266 629 373 653 tamen
392 619 565 652 constituta
583 616 629 649 est
647 626 709 659 qua
724 616 867 648 solvatur
890 615 1052 647 debitum:

175 665 211 695 ὃ(
229 663 305 695 ideo
322 662 342 694 fi
358 662 466 694 extitit
486 660 652 698 conditio,
677 658 707 690 δε
731 658 797 689 hoc
821 657 878 689 scit
899 657 1052 696 debitor,

179 715 242 738 nec
261 713 369 737 tamen
387 703 500 741 solvit3
521 701 668 734 nondum
691 700 723 731 in
748 709 837 731 mora
853 697 920 736 est,
943 707 1053 744 quam-

177 749 234 780 diu
247 745 466 787 interpellatus
482 753 547 775 noii
571 742 636 774 est:
659 751 725 773 non
743 739 999 786 magis-quamdi
1015 739 1054 770 ab

180 789 274 822 initio
292 797 369 828 pura
382 785 490 818 fuiffet
514 784 682 824 obligatio.
706 791 779 814 cum
804 791 889 813 enim
916 781 985 812 talis
1004 781 1056 811 ha-

181 831 277 863 betur
300 828 456 869 obligatio
478 826 531 857 sub
553 825 745 856 conditione
769 823 950 861 contracta,
974 821 1057 862 post-

180 880 280 914 quam
305 880 342 902 ea
364 868 473 900 extitit
501 867 520 899 l.
542 876 589 899 11.
619 865 649 908 §.
669 875 696 897 1.
729 864 771 896 D.
796 864 859 908 ρμί
875 865 999 905 potiores
1026 864 1058 894 in

178 915 315 956 pignore:
337 911 413 952 quid
427 909 460 941 ni
477 909 561 941 idem
578 907 667 948 quod
683 907 723 938 de
741 916 820 946 pura
834 906 882 946 jus
899 904 1057 945 est‚post·

179 963 276 997 quam
290 952 438 985 conditio
452 951 579 988 extitit,
603 949 643 981 de
659 948 869 980 conditionali
894 945 1056 978 statuatur.

222 996 335 1027 Simile
352 993 398 1026 est
422 993 453 1024 in
479 990 730 1033 obligationibus
751 999 820 1029 quae
838 988 1056 1029 conceptione

178 1047 269 1079 purae
285 1035 374 1075 sunt;
398 1034 450 1065 {ed
468 1043 509 1065 ex
525 1043 560 1071 re
576 1031 738 1072 accipiunt
753 1031 960 1062 dilationem:
985 1038 1056 1060 nam

181 1080 215 1111 &
239 1081 271 1111 in
295 1077 345 1109 his
371 1076 499 1108 videtur
523 1072 673 1106 constitui
699 1073 765 1104 dies
784 1095 794 1111 ‚
824 1080 889 1113 quo
914 1069 1057 1102 nascatur

186 1121 271 1152 actio
298 1119 320 1150 l.
343 1128 393 1160 73.
424 1116 466 1149 D.
491 1118 525 1148 dc
546 1116 699 1148 verborum
729 1113 948 1157 obligationibus
964 1123 974 1143 .·
1003 1111 1057 1142 sed

183 1172 269 1194 non:
290 1170 359 1202 quo
377 1159 516 1191 solvatur
532 1157 685 1189 debitum.
709 1155 804 1196 igitur
820 1153 876 1186 etfi
898 1153 965 1195 peti
984 1162 1058 1194 pos-

183 1203 242 1242 fit,
267 1210 340 1234 nata
355 1201 498 1233 actione:
522 1206 628 1230 tamen
645 1206 709 1229 nori
735 1196 838 1228 statim
860 1197 891 1226 in
910 1204 997 1226 mora
1013 1193 1059 1225 est

181 1246 312 1278 debitor
328 1244 383 1285 qui
400 1251 465 1273 non
483 1241 587 1272 solvit.
613 1239 685 1279 quia
706 1238 857 1279 quamdiu
874 1235 960 1283 'nihil
977 1236 1059 1276 petit

182 1287 354 1323 creditor,
390 1283 468 1315 nihil
500 1281 545 1314 est
574 1280 663 1322 quod
697 1279 836 1312 debitori
872 1285 1057 1324 imputetur.

184 1325 457 1370 quemadmodum
475 1323 496 1355 fi
520 1324 588 1363 quis
612 1331 690 1362 pure
713 1321 835 1359 debet,
859 1318 961 1351 statim
979 1328 1058 1364 cori-

183 1369 285 1401 veniri
310 1365 440 1408 potest,
472 1365 545 1406 quia
569 1363 673 1395 statim
706 1360 855 1393 adversus
879 1369 952 1392 eum
975 1360 1059 1391 aCtio

184 1410 362 1451 competit:
385 1417 446 1439 nec
463 1415 568 1438 tamen
587 1404 689 1436 statim
706 1405 737 1435 in
756 1411 844 1435 mora
866 1403 930 1441 est3
954 1401 974 1433 fl
993 1410 1059 1433 non

184 1453 225 1484 ab
241 1462 281 1485 eo
299 1451 401 1482 statim
417 1450 554 1489 petitum
569 1445 616 1478 fit.
898 1484 904 1490 ⁸
964 1485 970 1489 .

227 1493 309 1525 Illud
336 1491 432 1531 quaeri
459 1490 575 1526 video,
600 1494 705 1518 utrum
723 1494 784 1516 una
809 1483 939 1515 sufficiat
963 1491 1058 1515 inter·

184 1534 336 1575 pellatio,
360 1540 398 1562 an
414 1530 521 1571 plures
537 1527 764 1559 defiderentur.
789 1524 863 1564 sed,
888 1534 984 1566 puto,
999 1535 1059 1557 una

183 1574 309 1607 sufficit.
334 1579 459 1603 tantum
483 1571 568 1601 enim
593 1569 693 1610 exigit
713 1567 896 1598 Marcianus
919 1568 948 1598 cl.
970 1567 989 1598 l.
1008 1576 1059 1608 32.

183 1617 227 1649 D.
245 1616 278 1647 de
300 1614 397 1654 usuris
411 1636 421 1651 ,
445 1618 480 1647 iit
504 1610 633 1647 debitor
656 1608 874 1649 interpellatus
900 1607 956 1647 fit3
979 1607 1059 1639 nibil

184 1665 365 1700 praeterea:
396 1654 450 1694 qui
474 1661 581 1684 autem
613 1651 709 1682 semel
739 1649 959 1689 interpellatus
986 1649 1031 1680 est
1048 1672 1059 1687 ,

185 1707 276 1740 aeque
292 1695 511 1737 interpellatus
529 1694 678 1731 videtur,
701 1700 739 1722 ac
758 1691 811 1731 qui
829 1690 950 1731 saepius.
974 1691 1060 1722 dein·

184 1742 227 1774 de
245 1764 256 1780 ,
287 1739 341 1780 qui
365 1736 549 1769 admonitus
572 1733 669 1766 cessat
691 1732 815 1765 solvere
830 1755 839 1770 ,
863 1734 889 1764 is
913 1732 1059 1778 inculpa

184 1782 251 1818 est;
275 1789 336 1812 nec
360 1778 445 1811 hanc
467 1776 627 1817 dispungit
649 1785 711 1813 eo,
741 1774 829 1814 quod
851 1782 918 1804 non
942 1780 1059 1804 iterum

185 1821 418 1863 interpellatur.
442 1819 519 1861 quin
537 1827 603 1858 quo
621 1816 718 1857 magis
731 1814 829 1846 ceffat
846 1813 969 1845 solvere
987 1813 1059 1855 post

186 1863 445 1903 admonitionem
456 1884 466 1901 ‚
483 1869 525 1891 eo
542 1859 642 1900 inagis
657 1856 798 1889 intendit
815 1856 952 1895 culpam.
968 1857 1059 1901 quod

184 1905 208 1940 fi
237 1905 312 1938 est:
349 1903 517 1945 sequitur,
556 1908 591 1932 ut
609 1923 619 1938 ‚
650 1899 704 1940 qui
738 1897 986 1943 interpellatus,
1024 1896 1059 1928 ll·

187 1945 242 1980 cet
266 1945 388 1985 semel,
417 1953 486 1976 non
519 1941 640 1980 solvit,
670 1948 793 1971 moram
825 1939 1000 1977 admittat,
1030 1937 1060 1969 ἀ

186 1989 290 2027 hanc,
313 1987 367 2019 nisi
383 1986 485 2018 debiti
504 1984 689 2020 oblatione,
713 1990 779 2012 non
802 1982 954 2011 emendet
972 1980 991 2009 l.
1008 1988 1059 2016 91.

185 2030 217 2073 §.
234 2040 265 2071 3.
290 2028 332 2060 D.
355 2030 388 2059 de
410 2028 563 2059 verborum
588 2023 808 2065 obligationibus
829 2021 850 2052 l.
870 2025 917 2052 26.
945 2019 986 2052 D.
1012 2021 1060 2066 So-

187 2074 247 2103 luto
265 2070 458 2102 matrimonio.
501 2068 544 2098 At
559 2066 645 2097 enirn
669 2065 805 2105 plurium
829 2062 1059 2102 interpellatio-

187 2123 263 2145 num
289 2112 410 2144 mentio
435 2109 472 2141 fit
495 2110 526 2140 in
546 2108 569 2139 l.
592 2117 656 2139 122.
705 2132 709 2136 .
728 2116 757 2146 3.
790 2104 832 2135 D.
855 2106 887 2135 de
909 2105 1061 2134 verborum

189 2154 417 2196 obligationibus.
440 2152 460 2182 l.
485 2155 533 2191 38.
559 2149 601 2180 D.
620 2150 653 2180 cie
677 2148 844 2179 minoribus.
875 2145 893 2175 l.
911 2155 961 2192 59.
985 2144 1013 2186 ᾗ.
1029 2155 1059 2184 5.

189 2195 232 2227 D.
258 2194 399 2226 Manciam·
414 2192 461 2223 vel
476 2198 587 2222 contra.
629 2190 692 2221 Sed
710 2198 774 2220 non
787 2211 797 2227 ,
821 2185 905 2228 quasi
919 2196 989 2227 Jure
1006 2195 1059 2217 ne-

189 2235 325 2268 cessariae
345 2235 429 2266 sint:
461 2232 514 2264 sed
537 2232 609 2272 quia
634 2232 675 2262 de
699 2229 786 2261 facio
813 2229 1059 2260 intervenerant.

188 2277 374 2310 Marcianus
396 2283 522 2312 tamen,
545 2274 629 2311 utin
654 2281 743 2303 mora
766 2271 895 2302 debitor
919 2268 974 2308 fit,
998 2270 1062 2300 exi-

188 2320 236 2361 git
255 2317 423 2358 repetendi
445 2315 546 2347 debiti
565 2313 740 2346 instantiam
756 2313 777 2343 l.
794 2322 843 2353 32.
867 2310 895 2352 §.
918 2320 943 2341 1.
967 2310 1009 2342 D.
1029 2312 1061 2341 de

188 2362 296 2397 usuris.
324 2359 420 2390 verba
437 2356 591 2388 Marciani
608 2378 617 2393 ,
641 2355 685 2386 Et
704 2364 761 2385 non
773 2352 881 2393 sufficit
906 2354 943 2383 ad
956 2353 1060 2392 proba-

189 2406 292 2433 tionem
309 2410 409 2438 morae,
426 2397 550 2437 fifhrvo
565 2398 697 2428 debitoris
715 2397 837 2433 absentis
857 2396 1061 2425 denuntiatum

188 2441 227 2484 est
249 2454 267 2474 a
289 2442 427 2473 creditore
440 2445 662 2481 procuratorem
677 2438 757 2480 ejus.-
779 2446 845 2467 cum
862 2437 949 2466 etiam
966 2434 992 2472 fi
1008 2435 1061 2476 ipsi

189 2484 340 2524 (inquit)
362 2483 474 2514 domino
490 2482 697 2511 denuntiatum
718 2476 756 2519 est,
768 2502 776 2516 ‚
799 2484 930 2508 eceteram
945 2475 1060 2517 postea,

192 2535 260 2556 cum
284 2525 368 2562 issui
387 2521 552 2564 potestatem
560 2522 695 2562 faceret,
718 2519 815 2560 omzffa
838 2518 901 2558 effet
919 2520 1062 2559 repetendi

190 2566 277 2598 debiti
297 2563 439 2605 inflantia
455 2587 465 2602 ,
496 2573 553 2595 non
572 2565 706 2604 protinas
729 2568 779 2602 per
810 2562 960 2591 debitorem
984 2570 1063 2592 mora

184 2606 273 2648 fabia
290 2606 470 2646 intelligitur.
508 2605 571 2636 Sed
590 2613 697 2644 neque
718 2603 772 2634 ille
789 2603 827 2633 ad
853 2610 973 2633 moram
997 2602 1065 2642 plu·

191 2658 243 2681 res
258 2647 533 2687 interpellationes
548 2645 721 2678 defiderat:
743 2643 850 2675 saltem
867 2651 982 2684 negat,
997 2652 1064 2674 ino-

191 2699 259 2722 ram
285 2688 438 2727 intelligi,
460 2687 482 2719 fi
503 2697 519 2718 a
544 2687 725 2721 creditore.
749 2693 802 2717 aut
826 2685 891 2725 ejus
915 2694 1064 2730 procura-

193 2739 286 2768 tore,
308 2730 346 2762 fit
371 2728 507 2759 absentis
531 2728 687 2760 debitoris
714 2727 804 2759 servo
822 2728 1063 2765 denuntiatum3

192 2771 250 2805 nifi
265 2781 301 2803 ca
317 2770 518 2802 denuntiatio
540 2769 656 2800 deinde
675 2778 715 2800 ex
733 2768 810 2800 servi
828 2767 1064 2799 renuntiatione

191 2813 320 2848 venerit
344 2812 383 2843 ad
407 2811 553 2842 notitiam
580 2810 699 2841 domini
728 2810 747 2840 l.
773 2820 821 2842 20.
843 2809 872 2851 §.
896 2818 942 2841 11.
966 2809 1009 2841 D.
1032 2811 1066 2840 de

187 2856 328 2899 petitione
342 2852 525 2885 baereditatis.
548 2851 635 2883 addit
651 2860 801 2891 quoque,
820 2851 979 2882 interdurn
998 2859 1065 2882 mo-

193 2906 260 2931 ram
278 2904 344 2928 non
364 2893 517 2933 intelligi,
540 2891 596 2923 etfi
620 2892 650 2922 in
675 2892 830 2923 debitoris
859 2891 992 2932 persona
1011 2892 1065 2923 fiat

192 2936 428 2978 interpellatio:
451 2943 504 2971 ut,
527 2932 549 2964 fi
567 2933 728 2971 creditor,
751 2933 919 2973 postquam
937 2935 1066 2965 debitor

192 2982 238 3014 sui
256 2977 464 3020 potestatem,
486 2974 550 3007 five
574 2973 616 3004 sui
638 2974 785 3013 copiam,
810 2974 890 3006 fecit
904 2998 913 3013 ,
946 2977 979 3007 id
997 2975 1064 3014 est,

193 3021 363 3065 postquam
380 3016 577 3057 comparuit,
601 3023 636 3045 ut
653 3023 725 3046 cum
751 3024 792 3046 eo
809 3017 856 3056 agi
882 3017 974 3056 poflit
995 3018 1015 3048 l.
1035 3026 1063 3048 2.

193 3064 238 3096 D.
264 3062 315 3094 Ex
330 3061 435 3103 quibus
450 3056 542 3095 causis
556 3060 587 3088 in
605 3054 791 3097 poffeffionem
812 3065 911 3095 eatur,
927 3059 944 3088 l.
956 3059 1021 3100 7.§.
1035 3068 1062 3089 2.

193 3105 230 3139 ὅ)
248 3114 276 3145 3.
302 3102 342 3133 D.
367 3104 400 3132 de
413 3098 713 3142 suspebiistutoribus.
736 3096 755 3127 l.
785 3102 831 3131 18.
856 3097 897 3128 D.
922 3099 955 3129 Si
973 3100 1064 3133 servi-

193 3153 242 3178 tus
264 3145 451 3181 vindicetur,
475 3140 603 3172 omittat
627 3138 796 3180 repetendi
822 3139 922 3170 debiti
948 3140 1060 3171 instan-

194 3187 290 3225 tiam3
312 3185 344 3216 id
368 3184 434 3223 est,
455 3183 496 3215 ab
518 3180 662 3214 instantia
684 3178 833 3219 defistat3
862 3179 925 3212 sive
941 3189 1063 3214 moram

785 76 1092 111 Gaurani
1141 71 1372 108 Noonr

1089 160 1227 193 debitori
1245 162 1405 194 remittat:
1429 161 1492 201 pari
1511 160 1635 196 ratione
1653 169 1716 202 qua
1734 160 1776 196 D.
1786 161 1859 196 Pius
1875 166 1957 196 omit.

1089 208 1145 233 tere
1168 212 1226 243 pro
1248 204 1392 234 remittere
1409 202 1457 234 his
1475 203 1571 234 utitur
1591 203 1697 234 verbis
1712 225 1722 241 ,
1755 203 1865 236 Parum
1881 205 1958 247 juste

1085 244 1250 285 praeteritas
1271 244 1373 282 usuras
1393 244 1468 284 petis
1489 253 1563 285 quas
1585 243 1719 276 omisisse
1741 249 1767 274 te
1789 244 1866 286 longi
1890 253 1959 278 tem-

1087 286 1166 326 poris
1182 286 1372 316 intervallum
1387 287 1519 323 indicat,
1541 286 1593 327 qui
1610 294 1656 316 eas
1670 295 1689 316 a
1704 286 1823 316 debitore
1838 292 1903 324 tuo,
1926 294 1961 319 ut

1089 328 1206 368 gratior
1227 328 1305 366 apud
1329 336 1392 358 eum
1412 327 1543 357 videlicet
1567 325 1652 366 effes,
1671 327 1809 367 petendas
1830 334 1887 356 non
1904 334 1961 368 pu-

1093 365 1171 407 tasti.
1194 368 1213 398 l.
1239 377 1284 408 1?-
1307 367 1337 409 §.
1357 377 1383 400 1.
1406 367 1451 399 D.
1475 371 1508 399 de
1528 368 1636 408 usuris.
1679 367 1847 406 Similiter,
1870 366 1892 399 fi
1908 371 1961 400 de-

1093 409 1180 440 bitor
1213 409 1366 440 creditori
1398 408 1517 441 offerat
1551 408 1773 447 solutionem3
1810 408 1862 440 sed
1892 409 1964 449 post

1093 449 1191 481 cesset
1212 449 1351 483 offerre:
1374 460 1438 482 non
1455 451 1641 491 intelligitur
1655 460 1689 481 in
1712 458 1802 481 mora
1820 449 1882 481 ess'e
1898 459 1964 482 cre-

1094 492 1180 522 ditor
1202 491 1221 522 l.
1243 501 1308 523 122.
1335 492 1364 534 δ.
1381 502 1411 532 3.
1437 491 1478 523 D.
1503 494 1537 523 de
1559 494 1711 528 verborum
1733 491 1962 532 obligationibus.

1094 532 1147 564 sed
1164 542 1250 571 non,
1272 534 1347 573 quia
1371 542 1430 565 una
1453 543 1517 565 non
1544 532 1655 564 sufficit
1672 533 1795 564 oblatio
1811 555 1821 571 ‚
1846 540 1879 563 ut
1896 542 1963 564 cre-

1095 575 1180 605 ditor
1197 575 1229 605 in
1245 583 1333 605 mora
1349 574 1575 606 constituatur:
1600 574 1652 606 sed
1670 574 1742 615 quia
1758 583 1822 605 non
1840 574 1965 606 videtur

1097 615 1219 647 oblatio
1236 614 1301 646 effe
1317 615 1427 655 inqua
1451 626 1515 647 non
1539 615 1721 656 pei-severat
1746 616 1885 647 debitor.
1909 624 1967 656 po-

1096 664 1156 695 ne,
1182 657 1207 688 is
1225 658 1393 697 pecuniam
1417 658 1569 689 creditori
1593 656 1690 689 offert
1713 657 1743 688 in
1768 657 1836 697 jure
1859 665 1913 688 aut
1933 657 1967 689 in

1094 697 1233 737 judicio:
1255 707 1333 729 mox
1358 707 1427 730 eam
1456 701 1538 738 petit
1562 700 1725 738 creditor3
1749 699 1878 730 debitor
1901 707 1968 730 non

1097 738 1143 770 est
1160 746 1304 779 paratus3
1328 738 1424 771 cess'at
1440 739 1557 771 offerre
1574 740 1592 771 l.
1610 750 1638 781 3.
1656 740 1685 781 §.
1703 741 1756 771 ult.
1776 739 1818 770 D.
1836 743 1868 770 cle
1883 739 1972 771 attio-

1097 782 1184 811 nibus
1201 781 1288 820 empti
1307 779 1343 814 ὅ)
1365 783 1490 812 venditi.
1515 780 1615 812 rursus
1641 782 1747 822 finge3
1770 781 1900 812 debitor
1915 790 1970 821 pe-

1097 822 1225 857 cuniam
1244 821 1395 853 creditori
1413 822 1550 861 obtulit3
1569 822 1614 860 ἃ,
1628 832 1669 854 eo
1685 832 1751 854 non
1770 823 1970 861 accipiente,

1096 862 1267 903 deposuit3
1290 871 1367 894 mox
1381 865 1497 904 recipit
1514 864 1700 904 pecuniam:
1724 871 1759 895 ut
1779 865 1811 894 in
1835 864 1853 894 l.
1872 872 1901 903 7.
1925 862 1969 894 D.

1099 905 1133 935 cle
1156 904 1270 945 usuris:
1294 904 1453 944 depositio
1473 914 1537 936 non
1562 913 1670 936 manet
1692 905 1724 936 in
1748 907 1860 936 eadem
1882 903 1971 935 causa

1099 946 1120 977 l.
1139 949 1167 979 8.
1190 945 1225 977 C.
1248 947 1281 976 cle
1304 943 1486 986 distratlione
1503 947 1670 988 pignorum.
1700 955 1765 978 non
1788 946 1971 986 pei-severat

1099 987 1194 1028 igitur
1218 987 1345 1018 debitor
1376 986 1520 1025 offerre,
1552 996 1675 1019 mutata
1701 988 1877 1019 voluntate.
1912 995 1971 1019 nec

1098 1028 1242 1060 dissimile
1258 1027 1322 1066 est,
1347 1030 1436 1068 quod
1458 1028 1645 1070 Papinianus
1669 1029 1688 1060 l.
1711 1039 1755 1069 15.
1778 1029 1806 1071 §.
1828 1038 1854 1061 1.
1878 1028 1919 1060 D.
1940 1030 1973 1060 cle

1097 1068 1251 1110 inofficiofh
1281 1067 1446 1108 testamento
1472 1071 1512 1102 de
1541 1072 1773 1111 praeparatione
1804 1071 1868 1102 litis
1901 1079 1971 1111 quae

1100 1110 1270 1143 necessaria
1286 1109 1322 1142 fit
1337 1112 1376 1142 ad
1393 1111 1530 1152 querelae
1547 1112 1803 1150 translationem,
1826 1111 1868 1142 sic
1883 1111 1971 1151 infit,

1100 1152 1211 1184 Horecli
1227 1153 1288 1194 ejus
1304 1153 1356 1194 qui
1373 1150 1436 1193 posi}
1451 1154 1528 1184 lz'teiiz
1544 1154 1577 1184 de
1602 1152 1752 1194 inofficioso
1762 1159 1973 1194 praeporatam‚

1100 1199 1212 1225 mutata
1238 1194 1387 1225 voluntate
1409 1192 1516 1235 decefflt
1533 1217 1542 1233 ,
1573 1204 1631 1226 non
1652 1196 1740 1226 datur
1767 1197 1800 1226 de
1822 1193 1972 1234 inoffictofh

1100 1235 1233 1276 querela.-
1256 1245 1313 1266 non
1330 1237 1406 1267 enim
1412 1236 1527 1276 sufficit
1543 1235 1622 1267 litem
1640 1234 1806 1277 instituere,
1823 1235 1852 1275 fi
1868 1245 1925 1267 non
1941 1238 1973 1268 in

1100 1286 1133 1308 ea
1146 1278 1316 1317 perseveret.

1140 1318 1204 1350 Sed
1221 1327 1263 1349 eo
1284 1317 1403 1356 redeo,
1419 1317 1504 1350 unde
1521 1318 1651 1350 disceffi.
1667 1325 1816 1360 apparet,
1834 1325 1868 1349 ut
1883 1328 1973 1351 mora

1098 1359 1138 1392 fit
1157 1382 1167 1397 ,
1196 1368 1263 1391 non
1292 1358 1471 1398 cessatum,
1502 1358 1554 1392 sed
1578 1359 1648 1401 post
1678 1361 1974 1400 interpellationem

1102 1400 1272 1439 cessatum,
1295 1400 1358 1432 ess'e
1375 1409 1539 1441 oportere.
1563 1410 1595 1432 at
1620 1411 1725 1441 neque
1748 1402 1812 1433 hoc
1835 1401 1973 1434 sufficit:

1102 1443 1235 1483 amplius
1256 1442 1468 1481 desideratur3
1490 1450 1544 1481 ut,
1567 1452 1638 1474 cuin
1660 1443 1739 1483 justa
1754 1443 1974 1483 interpellatio

1102 1483 1199 1523 effet,
1222 1482 1286 1515 fine
1308 1483 1386 1524 justa
1410 1484 1499 1514 causa
1515 1483 1664 1516 cessatum
1681 1484 1727 1516 fit.
1751 1485 1781 1516 &
1803 1485 1877 1516 ideo
1903 1493 1974 1516 mo-

1102 1534 1167 1556 ram
1184 1524 1335 1564 definivi,
1358 1524 1500 1565 injustam
1517 1525 1726 1558 ceffationem
1744 1526 1810 1566 eJ'us
1828 1526 1882 1565 qui
1905 1525 1974 1566 jure

1101 1566 1341 1607 interpellatus,
1364 1575 1430 1598 non
1445 1566 1534 1598 facit.
1558 1576 1630 1598 nam
1647 1567 1676 1598 ἀ
1688 1567 1851 1599 frustratio
1867 1569 1976 1608 appel-

1101 1608 1180 1640 latui·
1204 1607 1224 1639 l.
1241 1617 1290 1648 37.
1315 1607 1358 1639 D.
1381 1607 1535 1640 Mandati.
1557 1608 1576 1638 l.
1592 1618 1621 1649 3.
1642 1608 1670 1650 §.
1685 1618 1715 1647 4.
1742 1608 1784 1640 D.
1809 1610 1842 1640 de
1859 1609 1975 1644 usuris:

1102 1648 1167 1681 &fi
1188 1649 1266 1690 justa
1282 1658 1322 1680 ex
1339 1648 1428 1680 causa
1451 1647 1489 1680 fit
1513 1649 1644 1687 dilatio,
1669 1651 1831 1691 inculpata
1854 1649 1918 1688 est,
1942 1650 1976 1682 ὅτ.

1102 1691 1178 1722 ideo
1193 1690 1277 1721 civili
1297 1690 1564 1730 interpretatione
1583 1700 1672 1722 mora
1689 1700 1754 1722 non
1771 1691 1816 1723 est
1832 1691 1851 1722 l.
1859 1700 1888 1727 9.
1903 1690 1933 1733 §.
1947 1700 1974 1723 1.

1103 1731 1146 1763 D.
1171 1732 1230 1763 eod.
1250 1733 1298 1762 tit.
1323 1730 1428 1773 finge,
1452 1739 1487 1762 ut
1509 1732 1661 1772 exemplo
1687 1740 1754 1764 rem
1780 1742 1845 1764 uno
1861 1742 1916 1764 aut
1933 1732 1977 1764 al-

1103 1782 1173 1805 tero
1198 1771 1434 1812 demonstrem,
1459 1773 1544 1813 peti,
1567 1772 1620 1805 sed
1640 1774 1728 1805 nullo
1751 1773 1821 1814 jure
1844 1774 1975 1813 deberi,

1101 1823 1155 1846 aut
1178 1822 1287 1845 natura
1307 1813 1435 1853 deberi,
1459 1813 1513 1845 sed
1539 1823 1602 1846 non
1626 1815 1712 1847 civili
1733 1816 1821 1855 jure:
1845 1816 1914 1855 quis
1930 1815 1976 1847 di·

1101 1864 1172 1893 cet,
1195 1864 1317 1886 moram
1334 1855 1423 1893 fieri,
1449 1856 1500 1886 ubi
1519 1856 1601 1887 nulla
1619 1857 1735 1894 petitio
1753 1856 1911 1897 estl.127.
1931 1855 1975 1889 D.

1103 1898 1135 1928 de
1150 1898 1305 1928 verborum
1329 1896 1574 1938 obligationibus?
1598 1898 1683 1929 idem
1707 1896 1772 1937 est,
1795 1897 1816 1929 fi
1839 1908 1910 1931 reus
1934 1897 1977 1929 ci-

1104 1939 1159 1971 vili
1180 1939 1249 1978 jure
1273 1938 1409 1977 debeat,
1434 1937 1488 1969 sed
1515 1940 1712 1977 exceptione
1729 1947 1815 1971 tutus
1833 1939 1868 1971 fit
1889 1940 1907 1970 l.
1926 1948 1975 1971 21.

1103 1980 1145 2011 D.
1170 1981 1204 2010 de
1220 1981 1325 2017 usuris.
1349 1979 1369 2010 l.
1383 1989 1434 2018 40.
1457 1979 1499 2010 D.
1518 1982 1552 2010 de
1568 1982 1650 2011 rebus
1673 1982 1795 2012 creditis.
1819 1981 1922 2022 finge,
1946 1981 1977 2012 &

1103 2021 1288 2052 naturaliter
1304 2021 1335 2052 ἂ
1352 2021 1489 2052 civiliter
1505 2022 1612 2054 deberi
1625 2046 1634 2060 ,
1651 2020 1701 2053 sed
1718 2022 1779 2053 alio
1796 2025 1860 2062 peti
1879 2025 1974 2060 loco,

1103 2072 1198 2102 quam
1219 2071 1284 2103 quo
1298 2061 1454 2094 debetur:
1480 2071 1514 2093 ut
1526 2063 1557 2094 in
1574 2063 1593 2094 l.
1605 2072 1655 2103 47.
1667 2063 1708 2094 D.
1719 2065 1752 2094 cle
1767 2063 1869 2104 legatis
1884 2064 1932 2094 lib.
1949 2072 1975 2095 1.

1103 2104 1210 2145 finge,
1234 2103 1344 2135 deberi
1372 2103 1403 2134 in
1431 2104 1514 2134 'diem
1531 2128 1540 2142 ‚
1572 2105 1624 2136 sed
1641 2105 1725 2136 diem
1746 2114 1811 2136 non
1838 2104 1976 2136 venisse:

1103 2145 1148 2178 est
1172 2147 1203 2176 in
1230 2153 1364 2184 utraque
1387 2144 1493 2185 specie
1519 2144 1607 2177 causa
1631 2147 1823 2186 denegandae
1848 2145 1977 2177 solutio·

1104 2188 1169 2224 nis,
1181 2196 1241 2217 nec
1256 2186 1302 2218 est
1316 2185 1425 2226 injusta
1440 2186 1569 2218 cess'atio
1587 2196 1679 2227 quam
1696 2196 1817 2219 iiioram
1836 2187 1976 2228 appella-

1105 2238 1174 2260 mus
1197 2228 1217 2260 l.
1235 2237 1284 2269 39.
1308 2226 1351 2259 D.
1375 2228 1618 2268 desolationibus.
1643 2229 1664 2259 l.
1683 2238 1732 2268 49.
1755 2229 1784 2270 §.
1802 2229 1854 2260 ult.
1874 2230 1894 2260 l.
1908 2238 1978 2260 122.

1100 2277 1147 2311 pr.
1173 2269 1215 2300 D.
1238 2271 1271 2300 de
1286 2270 1438 2300 verborum
1454 2270 1683 2311 obligationibus.
1708 2270 1793 2311 finge
1811 2295 1819 2308 ‚
1844 2270 1873 2302 ἀ
1890 2279 1979 2301 natu·

1104 2312 1213 2343 raliter
1232 2311 1261 2342 &
1278 2311 1435 2350 civiliter,
1458 2311 1611 2350 amplius,
1635 2321 1713 2351 pure
1732 2312 1862 2350 deberi,
1880 2312 1977 2347 etiam

1104 2360 1290 2394 opportuno
1308 2354 1372 2394 peti
1390 2353 1485 2391 loco3
1508 2352 1559 2384 sed
1576 2352 1698 2384 causam
1715 2352 1794 2391 effe,
1818 2363 1874 2384 cur
1889 2354 1978 2393 igno-

1104 2403 1153 2426 ret
1169 2394 1318 2432 debitor,
1334 2402 1488 2434 quantum
1507 2394 1631 2426 solvere
1647 2395 1786 2426 debeat?
1808 2403 1901 2435 negat
1912 2394 1973 2426 Ve-

1104 2436 1243 2476 nulejus,
1268 2437 1451 2475 improbum
1468 2436 1568 2467 videri
1586 2436 1604 2467 l.
1623 2445 1672 2473 99.
1696 2435 1739 2466 D.
1755 2436 1788 2466 ile
1810 2436 1916 2477 regulis
1927 2436 1976 2477 jic-

1104 2479 1156 2508 τίς.
1179 2476 1272 2517 quid,
1295 2476 1317 2508 fi
1336 2476 1542 2517 adjudicium
1562 2486 1740 2516 provocet,
1763 2477 1793 2508 ἃ
1815 2476 1878 2508 fine
1898 2477 1974 2509 dolo

1105 2519 1190 2550 malo
1207 2518 1327 2549 faciat?
1351 2527 1412 2549 nec
1435 2518 1519 2549 hunc
1543 2528 1664 2550 moram
1689 2518 1816 2556 facere,
1837 2519 1975 2558 julianus

1105 2561 1149 2591 ait
1170 2560 1189 2591 l.
1209 2563 1259 2601 63.
1283 2559 1325 2591 D.
1346 2561 1405 2590 eod.
1423 2561 1470 2590 tit.
1494 2560 1524 2591 &
1543 2559 1655 2591 Paulus
1679 2560 1794 2598 probat
1811 2560 1830 2591 l.
1855 2570 1904 2598 24.
1930 2558 1973 2590 D.

1107 2603 1140 2633 de
1154 2601 1260 2642 usuris.
1286 2600 1396 2640 estque
1414 2601 1595 2641 exemplum
1611 2602 1737 2642 elegans
1760 2601 1778 2631 l.
1795 2611 1824 2642 3.
1851 2600 1892 2632 D.
1916 2601 1975 2631 eod.

1107 2646 1153 2675 tit.
1197 2642 1304 2684 Quid,
1328 2641 1349 2673 fi
1366 2642 1474 2673 maluit
1496 2642 1639 2683 litigare,
1666 2651 1761 2683 quam
1787 2640 1977 2674 restituere?

1107 2694 1180 2716 cum
1196 2683 1366 2715 frustrandi
1388 2683 1478 2714 causa
1499 2683 1598 2722 facit,
1622 2683 1743 2721 sciens,
1766 2682 1796 2714 se
1812 2683 1977 2715 restituere

1108 2726 1251 2764 debere,
1282 2733 1403 2757 moram
1427 2724 1536 2756 feciffe
1551 2747 1561 2763 ‚
1587 2722 1739 2766 Ulpianus
1765 2724 1864 2757 refert
1885 2725 1904 2755 l.
1929 2729 1977 2759 82.

1108 2768 1136 2811 ᾗ.
1158 2776 1184 2799 1.
1209 2767 1251 2799 D.
1269 2768 1303 2798 de
1325 2767 1475 2797 verborum
1499 2766 1726 2808 obligationibus.
1749 2766 1849 2798 rursus
1876 2764 1978 2806 finge,

1108 2810 1244 2850 aliquem
1270 2807 1347 2839 scii-e
1364 2830 1373 2846 ,
1406 2806 1436 2838 se
1457 2808 1577 2839 debere
1592 2831 1602 2845 ,
1632 2809 1729 2840 etiam
1747 2816 1900 2849 quantum
1924 2807 1976 2838 de-

1108 2852 1201 2889 beat;
1224 2850 1275 2881 sed
1293 2849 1356 2881 fine
1377 2849 1457 2880 vitio
1474 2848 1529 2880 suo
1546 2849 1672 2881 destitui
1695 2850 1838 2881 solvendi
1855 2856 1909 2880 aut
1924 2856 1976 2878 oc·

1107 2892 1250 2930 cafione,
1275 2899 1328 2922 aut
1346 2889 1524 2923 facultate?
1550 2891 1581 2922 in
1601 2900 1690 2923 mora
1706 2891 1791 2930 effe,
1814 2897 1909 2931 negat
1924 2888 1977 2920 Se·

1108 2944 1187 2966 neca
1218 2934 1267 2964 lib.
1293 2943 1322 2971 4.
1355 2931 1403 2962 De
1425 2932 1538 2972 benefic.
1568 2943 1592 2964 c.
1619 2932 1673 2964 ult.
1704 2933 1802 2964 verba
1825 2932 1973 2966 Senecae,

1108 2976 1180 3008 Non
1202 2974 1241 3015 eft
1252 2981 1305 3015 per
1319 2983 1363 3005 me
1379 2984 1477 3013 mora,
1493 2973 1522 3011 fi
1537 2980 1589 3005 aut
1610 2973 1714 3013 occasio
1728 2975 1797 3005 mibi
1811 2970 1899 3011 deest,
1921 2975 1974 3001 aut

1098 3018 1243 3058 facultas.
1270 3016 1299 3046 &
1318 3016 1466 3056 exempla
1487 3015 1506 3047 l.
1523 3024 1553 3052 9.
1581 3015 1609 3058 §.
1630 3025 1655 3047 1.
1679 3016 1698 3047 l.
1720 3024 1763 3056 17.
1788 3013 1816 3055 §.
1831 3022 1861 3053 3.
1884 3012 1904 3041 l.
1922 3020 1972 3051 23.

1106 3059 1148 3090 I).
1179 3062 1211 3090 de
1236 3058 1344 3097 usuris.
1376 3057 1419 3087 ita
1447 3057 1645 3096 Pomponius
1670 3057 1689 3088 l.
1715 3066 1744 3097 3.
1769 3055 1798 3096 §.
1821 3063 1850 3100 4.
1874 3051 1916 3082 D·
1939 3053 1972 3082 de

1105 3100 1265 3132 ustionibus
1281 3100 1367 3139 empti
1384 3098 1420 3133 55⁹
1437 3099 1553 3130 venditi
1578 3096 1707 3134 definit,
1731 3096 1829 3140 videri
1852 3102 1973 3139 moram

1106 3142 1168 3174 ess'e
1187 3165 1195 3181 ,
1227 3140 1248 3172 fi
1274 3141 1358 3172 nulla
1381 3139 1550 3172 difficultas
1577 3140 1777 3171 venditorem
1801 3135 1973 3175 impediat,

1105 3193 1171 3224 quo
1198 3184 1300 3217 minus
1323 3183 1425 3214 tradat
1442 3205 1452 3220 ‚
1485 3182 1516 3214 id
1540 3180 1602 3219 est,
1626 3188 1660 3213 ut
1675 3180 1758 3212 idem
1778 3176 1973 3247 Pomponio?

1931 3228 1956 3249 al
