2052 3487
230 106 306 144 232

226 184 407 227 ,servandum
421 203 431 219 ‚
471 177 631 212 Marcellus
661 174 731 207 libro
759 175 887 215 secundo
919 171 1106 216 Digestorum

229 228 345 267 lcrz'bit:
368 223 404 257 &P
412 219 442 259 fi
456 219 609 261 stipulatio
620 215 661 256 fit
682 215 847 255 interpofita
862 216 957 247 dehis
970 223 1024 257 pro
1039 216 1104 256 qui-

232 270 285 301 bus
297 265 403 306 pacisci
418 272 475 293 non
492 263 574 300 licet,
588 259 740 301 servanda
751 267 812 288 non
828 255 886 296 esi,
900 257 955 297 sed
969 259 1104 288 omnimo-

232 309 267 340 do
294 305 493 346 rescindenda.

271 346 344 378 Nec
358 343 537 384 estsquod
562 349 722 379 metuam,
754 349 795 371 ne
818 346 1006 380 pergentem
1040 339 1105 371 hoc

232 389 349 420 itinere
381 385 547 417 detineant
583 384 822 422 Imperatores,
858 380 1047 412 Valerianus
1074 381 1106 412 &

233 427 418 464 Gallienus,
451 426 472 457 l.
493 436 524 466 3.
551 425 585 457 C.
615 424 666 457 Ad
689 423 977 462 Senatusconsultum
1002 421 1106 463 Turpi-

230 470 361 504 lianum3
385 476 459 499 cum
476 467 574 507 ajunt.
687 506 693 512 .
869 504 875 510 ι
1085 504 1092 511 Ο

253 511 399 554 Quamvis
416 518 481 540 eum
496 509 622 540 ordinem
629 505 783 546 scriptura
798 509 944 536 commeat
955 526 965 543 ,
985 508 1019 535 ut
1040 510 1104 544 prz-

292 562 336 583 mo
356 551 470 582 abolitio
496 549 627 580 criminis
640 548 825 588 posceretur,
848 545 885 581 ὃ)
908 551 980 576 tunc
1004 546 1105 576 debinc

295 593 424 623 omnibus
443 591 557 631 placitis
583 592 843 629 obtemperaretur,
872 596 931 617 non
954 586 1104 627 observan-

292 636 370 665 tibus
391 639 486 664 tamen
509 632 681 665 adversariis
692 628 844 670 pactorum
860 627 969 668 fidem,
991 626 1103 667 instau-

294 685 361 708 rare
378 673 516 707 aaronem
534 673 650 705 mininie
662 676 761 713 potes,
782 680 801 702 a
812 679 871 712 qua
886 669 945 711 ipse
960 666 1102 710 destitisti.

830 85 1137 122 Gannnnt

1186 83 1413 120 Noonr

1148 171 1255 205 Facile
1271 174 1354 206 enim
1371 171 1549 206 molestiam
1567 179 1637 212 quae
1650 170 1754 212 primo
1771 179 1900 215 apparet
1909 176 2014 218 adspe-
2029 168 2030 174 ¹
2048 166 2050 210 ’ἲ

1148 213 1200 245 ξω
1211 239 1221 254 ,
1233 215 1360 247 discutit
1372 214 1527 255 Rescripti
1544 212 1680 254 species:
1692 222 1728 257 ea
1739 212 1857 253 species
1872 217 1927 250 est.
1942 218 2013 261 Ego
2049 214 2050 250 ἶ

1147 256 1290 288 accusavi
1313 258 1448 297 aliquos.
1473 256 1503 287 hi
1521 264 1599 287 mox
1626 253 1711 299 pacti
1729 262 1853 288 mecum
1870 256 1959 298 sunt,
1980 270 2015 294 ut
2049 254 2050 257 '

1147 306 1209 338 ego
1232 306 1377 339 peterem
1396 298 1628 335 abolitionem3
1651 296 1681 327 &
1704 293 1760 335 ipfi
1782 296 1896 329 deinde
1914 300 2012 341 aliqua
2049 297 2051 335 ἱ

1147 341 1223 370 mihi
1241 339 1433 379 praestarent.
1452 348 1514 380 ego
1531 340 1701 378 impetrata
1715 335 1891 370 abolitione
1905 341 2007 376 destiti
2050 373 2052 377 ,

1146 388 1164 410 a
1188 382 1332 412 crimine.
1367 381 1409 412 illi
1433 389 1499 412 non
1523 379 1648 411 servant
1674 377 1757 423 paCti
1779 376 1888 412 fidem.
1935 381 2009 419 Non
2050 380 2052 423 ζ

1147 420 1217 453 haec
1242 421 1373 462 quaestio
1396 421 1462 461 est,
1493 431 1531 453 an
1560 420 1673 462 poffim
1700 428 1829 461 exigere
1859 423 1946 460 quod
1965 427 2008 459 rei
2050 429 2052 462 j

1147 463 1341 503 promisere,
1364 463 1467 503 (nam
1483 463 1523 495 de
1540 472 1576 494 ca
1592 462 1689 493 altum
1708 460 1753 492 est
1769 460 1925 495 silentium
1938 464 2008 501 >sed
2051 463 2052 499 Ῐ

1146 514 1184 536 an
1202 505 1313 545 poffim
1333 505 1437 536 redire
1454 505 1494 536 ad
1513 503 1747 535 accusationem
1771 511 1788 533 a
1812 511 1873 543 qua
1897 504 2009 545 destiti,
2051 504 2052 516 ¹

1146 545 1224 577 Hoc
1247 555 1327 577 vero
1350 554 1468 586 negant
1490 545 1721 586 Imperatores:
1744 543 1920 578 rectissime.
1941 555 2008 583 nam
2031 554 2034 587 l

1148 587 1179 618 ὅ(
1196 587 1383 628 Papinianus
1399 588 1419 619 l.
1437 596 1466 626 4.
1488 587 1516 628 §.
1535 596 1560 618 1.
1588 585 1630 617 D.
1648 586 1707 617 eod.
1726 586 1773 616 tit.
1797 585 1866 627 Post
1887 586 2006 621 abolitio-

1146 637 1211 659 nem
1226 651 1235 666 ‚
1260 629 1362 668 inquit
1377 650 1387 666 ,
1409 629 1481 659 idem
1499 630 1606 660 crimen
1629 628 1663 660 ab
1680 627 1772 659 eodem
1788 628 1820 659 in
1833 630 1951 661 eundem
1966 631 2006 664 in·

1141 667 1276 711 staurari
1298 678 1355 701 non
1365 667 1466 711 potest.

944 779 1156 816 CAPUT
1215 779 1312 816 V11.

434 859 651 906 Accusatorein
685 855 727 898 δέ’
759 868 844 893 reum
875 856 981 903 puniri
1014 855 1076 890 ideo
1110 854 1189 901 quod
1212 856 1246 891 de
1272 855 1438 891 omittenda
1463 855 1602 891 criminis
1627 854 1814 901 accusatione

1015 906 1235 951 transegerint.

232 1001 312 1076 At
329 1008 393 1031 non
410 1005 533 1031 tantum
551 997 637 1030 nulla
652 996 697 1029 est
717 995 823 1037 pactio
845 993 1103 1034 transaCtioque,

319 1049 393 1073 cum
417 1041 457 1072 de
482 1039 661 1072 omittenda
687 1036 890 1070 accusatione
915 1034 970 1068 fit:
997 1034 1049 1067 sed
1073 1035 1104 1067 &

230 1083 406 1114 coercendi
422 1079 614 1114 accusatoris
631 1089 668 1111 ac
682 1080 725 1111 rei
737 1077 858 1111 causam
877 1077 984 1108 habet.
1009 1076 1102 1108 Adeo

231 1128 355 1155 tantum
380 1123 488 1162 abest3
511 1129 546 1154 ut
565 1122 634 1161 jure
657 1130 695 1152 ac
719 1119 842 1161 legibus
864 1118 1010 1159 juvetur3
1033 1125 1069 1149 ut
1084 1126 1103 1148 e

230 1165 393 1197 contrario
411 1174 513 1206 prope
530 1171 699 1203 peccatum
717 1160 905 1198 confistere3
929 1168 990 1205 nec
1005 1168 1022 1189 a
1037 1168 1104 1206 pte-

231 1214 272 1237 na
289 1215 388 1238 vacua
411 1205 474 1238 effe
502 1205 706 1245 intelligatur.
749 1202 869 1234 AuCtor
893 1199 1029 1232 Tacitus
1052 1200 1101 1231 lib.

233 1255 281 1286 14.
304 1247 420 1279 Annal.
443 1257 468 1278 c.
488 1256 538 1285 41.
562 1245 656 1284 Pari,
679 1245 844 1285 inquiens,
866 1242 1026 1284 ignominia
1043 1240 1102 1272 Va-

232 1287 320 1319 lerius
338 1289 483 1320 Ponticus
500 1286 646 1328 afficitur,
668 1287 743 1328 quod
764 1294 842 1323 reos,
864 1293 898 1314 ne
922 1284 1002 1324 apud
1026 1282 1105 1314 Prae-

224 1329 341 1369 fectum
363 1328 454 1360 Urbis
471 1334 683 1370 arguerentur,
705 1328 743 1359 ad
761 1327 920 1357 Praetorem
943 1323 1103 1364 detuliffet,

230 1371 348 1401 interim
368 1371 457 1412 specie
482 1370 577 1412 legum
594 1393 604 1408 ,
634 1379 701 1400 mox
721 1367 941 1408 praevaricando
968 1365 1104 1396 ultionem

229 1411 371 1452 elusurus.
395 1413 524 1442 Additur
542 1410 847 1449 Senatuiconsultum‚
860 1407 923 1450 Qui
942 1405 1027 1438 talem
1044 1412 1104 1446 ope-

230 1462 295 1484 ram
311 1452 499 1493 emptitasset,
521 1451 746 1491 vendidiffetve‚
771 1455 807 1481 ut
826 1450 946 1490 perinde
958 1455 1045 1489 poena
1061 1453 1101 1478 te-

228 1498 368 1532 neretur,
392 1503 426 1524 ac
435 1491 464 1530 si
478 1493 589 1533 publico
606 1492 720 1533 judicio
739 1492 955 1522 condemnatus.
988 1487 1031 1520 Et
1049 1488 1099 1520 lib.

228 1537 259 1565 6.
285 1533 401 1565 Annal.
420 1543 444 1565 c.
460 1543 510 1574 30.
534 1532 744 1572 Accusatores,
761 1531 790 1570 fi
797 1531 932 1572 facultas
947 1531 1100 1568 incideret,

226 1575 320 1616 poenis
343 1573 572 1615 adjiciebantur:
593 1580 627 1606 ut
647 1574 792 1606 Servilius
814 1572 1017 1613 Corneliusque
1034 1577 1101 1612 per-

230 1617 290 1649 clito
305 1615 415 1648 Scauro
423 1614 533 1656 famosi
548 1639 558 1655 ‚
581 1616 652 1656 quia
667 1615 823 1656 pecuniam
836 1624 855 1646 a
872 1612 963 1646 Vario
987 1612 1102 1654 Ligure

228 1658 392 1690 omittenda*
418 1657 570 1690 delationis
591 1663 739 1698 ceperant,
763 1657 795 1688 in
818 1655 927 1695 insulas
950 1653 1102 1685 interdicto

231 1699 244 1730 i
264 1699 296 1730 ni
316 1705 403 1740 atque
419 1708 496 1740 aqua
519 1699 620 1731 dimoti
640 1698 719 1735 furit.
761 1697 825 1730 Sed
849 1696 880 1729 <St
897 1695 1013 1728 Macer
1034 1694 1054 1727 l.
1072 1699 1102 1730 8.

229 1707 278 1774 ,ὃ
306 1741 339 1771 de
361 1741 589 1780 accusationibus
605 1741 666 1778 ait,
690 1748 748 1771 eos
773 1739 826 1780 qui
842 1746 991 1769 nummos
1012 1745 1102 1782 acces

227 1781 336 1824 perint
359 1781 403 1813 ob
428 1791 493 1813 non
512 1780 739 1820 accusandum,
768 1778 914 1811 accusare
935 1777 1101 1819 prohiberi

229 1824 276 1855 ob
295 1831 422 1864 turpem
444 1822 607 1863 quaestum.
651 1822 696 1853 Et
723 1821 790 1853 inl.
809 1831 837 1852 2.
859 1819 902 1851 D.
926 1821 960 1850 de
986 1828 1101 1850 concus-

222 1864 362 1905 sionibus.
409 1863 716 1901 senatusconsultis,
733 1862 854 1903 inquit,
871 1861 1023 1901 Jubentur
1037 1869 1102 1900 poe-

227 1916 270 1939 na
296 1906 393 1948 Legis
418 1905 579 1938 Corneliae
604 1905 705 1937 teneri
724 1904 777 1945 qui
799 1904 843 1934 ob
865 1911 931 1934 non
955 1901 1099 1933 accusan-

229 1949 306 1981 dum
324 1948 491 1988 pecuniam
516 1947 713 1987 acceperint.
755 1943 876 1986 Quid?
899 1945 989 1985 quod
1012 1943 1098 1976 idem

227 1989 343 2021 Macer
361 1991 389 2020 d.
409 1989 428 2021 l.
450 1999 478 2021 2.
497 1996 650 2030 praeterca
667 1986 905 2019 concuffionem
922 1984 984 2031 eise
1000 1985 1096 2031 dicit,

228 2030 251 2063 fi
268 2031 340 2062 ideo
358 2031 427 2071 quis
445 2031 611 2070 pecuniam
630 2028 774 2067 accepit,
800 2028 888 2068 quod
907 2035 1027 2058 crimen
1043 2035 1097 2057 mi·

230 2080 321 2104 natus
343 2071 388 2103 fit.
431 2073 538 2112 Atque
558 2072 641 2103 hunc
660 2070 740 2111 pacti
763 2069 845 2101 illius
861 2068 983 2099 exitum
1002 2068 1098 2098 etiam

227 2111 446 2145 Tertullianus
472 2114 608 2150 indicat,
631 2112 678 2144 De
699 2112 779 2152 fuga
803 2112 836 2141 in
855 2109 1046 2151 persecutione
1071 2119 1096 2140 c.

232 2164 279 2186 12.
303 2154 503 2194 sequentibus
520 2155 635 2186 verbis.
679 2153 762 2198 Quid
782 2152 857 2183 enim
873 2151 944 2182 dicit
968 2150 1014 2182 ille
1035 2159 1099 2181 con-

228 2195 346 2235 cuffor?
370 2196 420 2226 Da
435 2196 507 2226 inibi
521 2197 684 2236 pecuniam.
708 2200 783 2225 certe
796 2203 831 2224 ne
847 2202 910 2223 eum
925 2192 1043 2223 tradat:
1057 2190 1098 2230 fi·

228 2238 343 2278 quidem
365 2246 424 2267 non
440 2237 521 2268 aliud
538 2237 688 2274 venditat,
712 2245 800 2277 quarn
822 2234 897 2275 quod
908 2230 1098 2273 praesiaturus

227 2276 267 2318 est
284 2279 400 2318 pramio
425 2283 485 2308 tuo.
531 2276 584 2309 Ne
610 2277 723 2308 addam
745 2285 849 2313 nunc,
879 2274 1097 2307 accusatorem

228 2319 283 2358 qui
317 2319 356 2349 ab
380 2318 581 2350 accusatione
608 2319 687 2349 citra
721 2317 931 2349 abolitionem
956 2314 1097 2355 desistat,

227 2358 511 2392 Sedatusconsulto
530 2359 719 2400 Turpiliano
738 2358 840 2400 puniri
864 2357 929 2389 l.1.
953 2357 972 2399 §
999 2367 1028 2396 7.
1052 2356 1096 2388 D.

228 2402 280 2433 Aa
296 2401 582 2440 Senatusconsultum
605 2400 811 2441 Turpilianum
835 2408 930 2439 poena
958 2398 1098 2431 infamiae

226 2443 257 2474 &
284 2444 425 2484 quinque
444 2443 591 2475 librarum
610 2443 674 2474 auri
691 2442 710 2473 l.
731 2445 761 2472 6.
784 2441 814 2483 §.
832 2451 862 2482 3.
886 2440 929 2472 D.
946 2441 980 2471 de
1001 2439 1098 2471 Decu-

226 2485 379 2522 rionibus,
410 2483 446 2518 δ’
467 2485 487 2515 l.
513 2494 544 2525 3.
577 2484 605 2525 §.
630 2484 684 2515 ult.
714 2482 757 2514 D.
785 2485 819 2513 de
838 2483 1096 2523 pravaricatione,

228 2533 297 2556 tum
323 2526 381 2555 alia
406 2534 496 2556 extra
521 2527 667 2556 ordinem
692 2533 751 2564 pro
769 2531 860 2556 motu
876 2523 993 2562 Judicis
1017 2522 1096 2554 infli-

230 2567 333 2606 genda
350 2566 368 2596 l.
388 2575 416 2597 2.
442 2567 474 2597 C.
499 2568 549 2597 Aa!
567 2565 852 2604 Senatusconsultum
875 2564 1100 2604 Turpilianums,

226 2607 356 2646 utique,
380 2606 400 2637 fi
417 2607 478 2647 jam
497 2608 647 2639 detulerit
666 2608 785 2638 crimen
800 2606 910 2646 judicii
930 2606 1047 2646 publici
1065 2607 1094 2637 d.

226 2647 246 2678 l.
272 2651 302 2678 6.
328 2647 357 2688 §.
377 2657 406 2687 3.
429 2648 459 2679 ὅ(
484 2648 573 2679 causa
596 2649 735 2680 criminis
762 2648 927 2686 ordinata,
950 2647 1009 2686 (id
1032 2645 1097 2686 est,

227 2687 487 2728 inscriptionibus
505 2689 674 2729 depositis,
699 2690 728 2721 &
749 2688 931 2729 fidejussore
949 2691 989 2720 de
1005 2697 1096 2719 exer-

227 2730 330 2761 cenda
356 2729 411 2760 lite
435 2729 600 2770 praestito)
622 2740 728 2771 eoque
752 2731 805 2771 qui
828 2730 1009 2767 accusatur,
1041 2728 1096 2761 sub

230 2770 373 2802 custodia
391 2768 499 2802 Officii
515 2771 619 2809 facto,
642 2781 706 2803 non
730 2772 897 2812 impetrata
919 2770 1096 2802 abolitione

228 2813 269 2843 ab
288 2812 482 2843 executione
500 2813 640 2843 criminis
659 2812 815 2844 destiterit
840 2813 860 2844 l.
880 2821 906 2845 1.
924 2812 957 2843 C.
979 2812 1031 2843 Aa
1047 2812 1096 2843 Se-

228 2853 480 2892 natusconsultum
498 2852 710 2891 Turpilianum.
755 2854 790 2885 Id
815 2863 894 2885 vero
918 2852 939 2884 fi
963 2854 1007 2884 ita
1033 2853 1096 2886 est:

229 2896 275 2927 nil
292 2894 395 2925 verius
412 2892 478 2932 est,
502 2902 594 2934 quarn
611 2903 682 2925 eum
700 2895 752 2934 qui
769 2895 809 2926 de
834 2894 974 2926 instituta
996 2895 1099 2926 crimi-

227 2937 277 2968 nis
307 2933 509 2967 accusatione
557 2936 744 2975 transegerit
763 2958 772 2973 ,
816 2935 1098 2968 Senatusconsulto

229 2976 422 3017 Turpiliano
443 2975 598 3007 coerceri.
623 2985 695 3007 nam
726 2977 741 3015 (
759 2976 780 3008 fi
804 2977 902 3009 Paulo
926 2975 1006 3009 fides
1028 2977 1047 3007 l.
1065 2981 1096 3009 6.

228 3019 273 3052 D.
289 3020 348 3050 eod.
369 3018 415 3050 tit.
429 3018 445 3058 )
466 3018 514 3049 Ab
530 3017 708 3055 accusatione
725 3015 830 3057 destitit
846 3020 897 3059 qui
912 3028 977 3049 cum
994 3019 1096 3050 adver-

220 3061 305 3103 sario
320 3060 376 3100 suo
392 3060 426 3090 de
441 3057 632 3099 compositione
647 3058 709 3099 ejus
731 3060 859 3088 criminis
876 3060 950 3100 quod
969 3061 1096 3090 intende-

227 3104 294 3141 bat,
313 3101 412 3139 fuerit
428 3101 573 3142 loquutus.
616 3098 731 3130 Paulus
746 3106 851 3130 autem
876 3099 1096 3140 compositionem

229 3152 290 3182 pro
308 3142 520 3174 transactione
544 3140 645 3173 dixit:
669 3139 699 3171 &
715 3140 749 3170 de
764 3138 954 3180 compositione
968 3143 1096 3172 criminis

231 3183 327 3224 loqui,
350 3192 429 3224 pro,
452 3181 606 3225 transigere
621 3181 662 3214 de
675 3181 824 3221 crimine,
841 3179 906 3213 five
920 3181 1094 3214 accusatio·

1145 1000 1197 1024 ne.
1240 991 1380 1025 Proinde
1403 998 1553 1033 apparet,
1583 1002 1656 1025 eum
1686 992 1738 1033 qui
1763 994 1950 1033 transegerit
1971 991 2007 1029 ἀὲ

1145 1033 1280 1066 crimine
1295 1034 1404 1075 judicii
1428 1034 1570 1074 publici,
1593 1035 1625 1065 in
1641 1034 1910 1066 Senatusconsulti
1928 1033 2006 1068 Tur-

1145 1075 1255 1116 piliani
1273 1084 1384 1117 poenas
1406 1075 1559 1107 incidere.
1603 1075 1761 1108 Caeterum
1785 1076 1899 1116 (quod
1925 1086 2007 1110 com-
2038 1073 2039 1080 ¹

1146 1118 1244 1148 mode
1266 1116 1415 1149 observat
1434 1115 1588 1157 Ulpianus
1614 1117 1635 1149 l.
1660 1126 1688 1157 7.
1711 1116 1740 1158 §.
1770 1125 1795 1148 1.
1819 1115 1861 1149 D.
1880 1118 1938 1150 eod.
1962 1120 2006 1152 tit.

1146 1157 1180 1189 Si
1189 1156 1389 1198 stellionatum
1405 1158 1471 1199 quis
1486 1158 1617 1199 objecerit
1629 1182 1640 1197 ,
1664 1158 1710 1188 vel
1725 1158 1854 1199 expilatae
1870 1158 2008 1192 heredita·
2037 1170 2040 1194 i

1145 1200 1183 1230 tis
1199 1201 1306 1231 crimen
1317 1223 1327 1239 ,
1351 1198 1388 1234 &⁹
1403 1197 1529 1239 destitit:
1547 1206 1662 1239 poenam
1676 1200 1922 1240 Senatusconsulti
1940 1200 2008 1234 Tur·
2039 1203 2040 1206 ’

1140 1240 1248 1281 pilioni
1261 1251 1318 1273 non
1326 1241 1454 1281 subibit:
1468 1242 1521 1281 sed
1536 1239 1625 1282 officio
1635 1241 1743 1282 judicis
1759 1241 1844 1281 culpa
1858 1242 1921 1283 ejus
1936 1243 2007 1279 coiis-

1146 1283 1266 1314 cebitur.
1293 1281 1366 1314 Nec
1381 1281 1424 1312 sat
1440 1281 1524 1321 scio,
1545 1292 1584 1313 an
1601 1281 1665 1313 buc
1680 1282 1825 1323 respiciat
1840 1282 1904 1314 hoc
1920 1283 2008 1324 Sym-

1145 1324 1252 1355 machi
1269 1324 1316 1355 lib.
1334 1333 1364 1355 2.
1389 1321 1482 1364 Epist.
1499 1331 1551 1364 75.
1573 1323 1648 1355 Cum
1670 1324 1702 1354 in
1718 1325 1829 1365 judicio
1848 1323 2007 1364 Praefectu·

1144 1374 1183 1395 rce
1195 1365 1312 1404 famosa
1328 1365 1415 1405 causa
1426 1366 1581 1405 penderem
1606 1364 1752 1396 Discolius
1767 1366 1818 1406 qui
1823 1365 1908 1404 furti
1928 1367 2006 1398 detu-
2040 1363 2041 1370 ¹

1144 1406 1218 1437 lerat
1239 1405 1396 1442 aaronem,
1418 1406 1576 1446 multosque
1594 1404 1684 1446 nostri
1707 1406 1828 1437 Ordinis
1849 1408 1936 1438 varia
1955 1408 2008 1439 cri·
2039 1403 2042 1443 i

1143 1449 1299 1478 minatione
1318 1445 1546 1488 perstrinxerat,
1568 1448 1674 1478 occulte
1695 1457 1760 1479 cum
1784 1448 1839 1478 reis
1861 1449 1936 1479 inita
1956 1455 2007 1489 pa·
2040 1446 2042 1479 ἓ

1143 1487 1254 1527 ctione,
1277 1499 1335 1520 non
1350 1488 1415 1527 fine
1431 1489 1621 1529 disceptatoris
1637 1489 1752 1520 invidia
1775 1487 1857 1527 elufit
1878 1499 2006 1522 examen.
2041 1502 2043 1526 ,ι’

1142 1529 1194 1562 Aa
1207 1531 1296 1572 hujus
1312 1528 1559 1571 investigationem
1580 1528 1678 1570 miffus
1694 1531 1861 1571 apparitor,
1877 1529 1909 1568 fi
1932 1531 2007 1563 Prte-
2042 1529 2043 1539 ¹

1142 1571 1320 1603 torianorum
1342 1570 1549 1603 adminiculum
1569 1570 1726 1610 sortiatur,
1745 1573 1903 1611 proclivior
1915 1574 1940 1604 ei
1954 1573 2007 1612 fa·

1144 1612 1239 1645 cultas
1267 1613 1431 1644 retrahendi
1457 1612 1629 1651 accusatoris
1653 1615 1773 1644 eveniet.
1816 1612 1938 1654 Interest
1954 1621 2008 1655 pu.

1143 1653 1220 1685 blicoe
1242 1654 1414 1695 disciplina,
1430 1651 1575 1695 simulque
1590 1654 1754 1693 adsumam
1765 1655 1890 1693 pertinet
1913 1656 2007 1696 cogni-

1144 1697 1231 1733 toris,
1254 1700 1288 1726 ut
1312 1704 1376 1726 eum
1390 1695 1504 1735 summo
1522 1692 1620 1735 fludio
1641 1694 1833 1736 conquifitum
1857 1697 1953 1727 reduci
1975 1697 2005 1737 in
2034 1713 2039 1723 ι

1138 1736 1286 1778 judicium
1294 1736 1353 1776 sub
1368 1733 1479 1777 custode
1499 1736 1669 1776 praecipias,
1691 1746 1727 1767 ne
1750 1737 1946 1769 innocentiam
1959 1738 2006 1776 se·

1143 1784 1279 1809 natorum
1293 1778 1416 1808 obnoxia
1431 1778 1594 1808 rumoribus
1607 1777 1735 1818 suspicio
1758 1778 1902 1810 decoloret.
1947 1777 2006 1811 Ve-

1143 1828 1213 1851 rum
1230 1819 1269 1850 de
1285 1817 1469 1850 accusatore
1485 1827 1535 1850 res
1554 1818 1646 1850 nimis
1663 1818 1828 1850 manifesta
1845 1818 1900 1852 est.

1186 1859 1260 1892 Nec
1273 1861 1377 1892 minus
1392 1860 1424 1891 in
1444 1869 1501 1891 reo
1517 1859 1616 1891 claret
1633 1868 1674 1891 ex
1690 1858 1798 1892 Taciti
1820 1860 1897 1892 loco
1913 1869 2004 1900 quem
2044 1886 2045 1892 ,

1141 1900 1231 1943 supra
1252 1902 1343 1934 attuli
1365 1910 1405 1933 ex
1428 1901 1476 1932 lib.
1503 1910 1550 1941 14.
1573 1900 1689 1933 Annal.
1712 1911 1736 1933 c.
1760 1910 1811 1940 41.
1853 1901 2005 1935 Praeterea
2044 1914 2045 1939 ;

1139 1943 1248 1975 scribit
1272 1941 1446 1984 Ulpianus,
1468 1942 1517 1974 lib.
1543 1947 1571 1977 8.
1594 1941 1856 1983 Disputationum,
1879 1944 1912 1976 in
1935 1953 2005 1976 eum

1141 1985 1194 2025 qui
1212 1984 1388 2016 delatorem
1410 1984 1555 2024 corrupit
1577 1983 1608 2014 in
1626 1983 1782 2016 fiscalibus
1804 1984 1920 2023 causis,
1942 1984 2009 2017 five

1140 2027 1172 2058 in
1188 2026 1372 2058 criminibus
1389 2034 1430 2056 ex
1446 2026 1560 2065 quibus
1583 2023 1649 2056 fisci
1666 2025 1856 2064 quaestiones
1880 2025 2004 2059 nascun-
2044 2031 2045 2057 l

1141 2075 1208 2105 tur,
1233 2066 1436 2099 constitutam
1457 2065 1519 2098 ess'e
1536 2066 1618 2097 hanc
1633 2075 1777 2106 poenam,
1800 2074 1833 2098 ut
1848 2076 1907 2108 pro
1920 2067 2002 2100 visto
2044 2067 2045 2070 ’

1140 2109 1295 2141 habeatur
1307 2108 1327 2140 l.
1346 2117 1395 2145 29.
1418 2107 1462 2139 D.
1477 2109 1510 2138 de
1520 2107 1673 2150 jurefisci.
1696 2109 1766 2148 quis
1783 2117 1888 2140 autern
1906 2109 2004 2150 magis
2045 2141 2046 2152 γ

1141 2150 1317 2182 delatorem
1339 2149 1535 2190 corrumpit,
1564 2158 1657 2189 quam
1682 2150 1735 2189 qui
1764 2158 1836 2181 cum
1860 2150 2004 2182 delatore
2045 2158 2046 2182 1

1140 2191 1297 2232 transigit,
1328 2191 1465 2229 denique
1483 2190 1588 2231 pretio
1610 2190 1686 2222 dato
1709 2199 1781 2222 cum
1808 2200 1849 2221 eo
1880 2190 2005 2231 pacisci·
2045 2195 2046 2198 ’

1141 2241 1210 2270 tur,
1225 2233 1275 2264 Ne
1290 2231 1428 2273 accuset?
1451 2232 1560 2272 Atque
1576 2232 1607 2262 id
1624 2232 1706 2263 adeo
1723 2231 1925 2272 exploratum
1940 2232 2001 2271 est,

1139 2284 1175 2306 ut
1190 2273 1343 2315 Ulpianus
1361 2273 1415 2314 qui
1438 2273 1471 2305 in
1487 2274 1514 2304 d.
1536 2273 1555 2303 l.
1573 2282 1622 2309 29.
1646 2273 1745 2310 dixit,
1768 2272 1846 2315 Ejus
1863 2275 1914 2315 qui
1929 2275 2001 2305 dela·
2046 2290 2047 2300 i

1141 2322 1228 2347 torem
1243 2316 1392 2356 corrupit,
1414 2323 1476 2346 eam
1501 2315 1690 2345 conditionem
1704 2313 1755 2354 effi:
1770 2337 1780 2354 ‚
1808 2322 1841 2346 ut
1853 2321 1906 2356 pro
1929 2314 2001 2347 victo
2046 2343 2047 2347 ,

1139 2358 1289 2389 habeatur.
1318 2366 1387 2387 nam
1419 2358 1450 2388 in
1475 2354 1626 2396 fiscalibus
1655 2355 1746 2392 causts
1767 2357 1796 2388 ia
1820 2354 2003 2397 constitutum

1140 2398 1209 2439 effe,
1239 2398 1304 2430 hoc
1332 2397 1374 2430 fic
1397 2398 1554 2438 exprimat
1575 2397 1598 2429 1.
1617 2406 1646 2436 4.
1670 2396 1712 2429 D.
1734 2398 1793 2429 eod.
1817 2399 1863 2429 tit.
1887 2397 1925 2430 In
1941 2396 2002 2437 fisci

1140 2439 1233 2478 causis
1247 2438 1329 2481 paiii
1348 2449 1415 2470 cum
1430 2439 1603 2470 delatoribus
1621 2445 1674 2479 pro
1693 2437 1822 2480 confeffis
1846 2439 2001 2477 habentur,

1132 2480 1162 2520 fi
1186 2482 1265 2513 modo
1281 2482 1409 2521 pretium
1428 2481 1476 2511 vel
1500 2481 1639 2511 modicum
1664 2481 1812 2511 dederunt.
1858 2481 1940 2513 iliud
1961 2487 2003 2511 ta·

1140 2532 1214 2554 men
1232 2522 1464 2554 observandum
1478 2545 1488 2561 ,
1511 2521 1598 2562 quod
1625 2519 1779 2560 Ulpianus
1796 2523 1824 2553 d.
1847 2522 1866 2553 l.
1887 2531 1936 2559 29.
1960 2520 2000 2553 D.

1140 2567 1253 2636 deflare
1263 2563 1333 2604 fisci
1350 2564 1410 2602 ait,
1434 2563 1515 2594 hanc
1544 2562 1677 2593 confeffi
1702 2572 1828 2603 poenam
1859 2561 2003 2595 adversus·
2047 2600 2048 2603 Ἴ

1140 2606 1172 2646 ip
1189 2615 1241 2637 um
1256 2605 1386 2645 quidem
1403 2604 1455 2645 qui
1474 2603 1650 2635 delatorem
1666 2604 1935 2643 redemit,locum
1952 2603 2000 2635 ha·
2047 2607 2048 2643 ᾖ

1139 2647 1236 2685 bere3
1267 2646 1319 2677 sed
1349 2655 1415 2677 non
1446 2645 1564 2676 debere
1587 2644 1735 2677 adversus
1765 2647 1831 2686 ejus
1855 2645 1999 2677 heredem
2047 2649 2048 2653 ’

1141 2688 1286 2720 transire:
1310 2687 1340 2719 &
1356 2686 1465 2726 addit,
1489 2686 1577 2759 quod
1595 2695 1659 2717 non
1675 2687 1793 2718 exinde
1810 2688 1892 2727 perit
1914 2684 2000 2718 causa

1141 2739 1183 2761 ex
1197 2738 1263 2769 quo
1280 2729 1444 2765 redempta
1470 2735 1501 2759 ei
1526 2750 1536 2766 ,
1559 2728 1611 2759 vel
1636 2727 1721 2759 aftio
1747 2729 1929 2768 perimitur,
1951 2725 2000 2758 vei
2047 2754 2048 2757 ,

1140 2771 1369 2802 condemnatio
1386 2769 1468 2801 faeta
1485 2769 1629 2808 videturg
1652 2778 1762 2801 verum
1782 2777 1913 2811 oportet
1929 2777 2002 2800 con-

1139 2811 1220 2844 stare
1236 2813 1339 2852 prius,
1363 2811 1393 2842 &
1410 2811 1451 2842 de
1467 2810 1600 2842 crimine
1617 2812 1824 2850 pronuntiari.
1855 2810 1998 2851 Superio-

1138 2853 1228 2885 -ribus
1245 2853 1348 2895 poenis
1371 2852 1484 2883 addam
1508 2851 1574 2883 falsi
1596 2851 1830 2885 accusationem
1848 2859 1936 2885 :nam
1952 2849 2003 2882 vei

1140 2894 1242 2932 hanc,
1260 2893 1280 2925 fi
1297 2894 1337 2926 de
1356 2893 1488 2925 crimine
1505 2892 1699 2935 transigitur,
1716 2903 1807 2934 aeque
1826 2899 2002 2932 reo,atque

1139 2935 1334 2974 accusatori,
1358 2935 1545 2974 imminere,
1576 2935 1682 2975 capite
1708 2935 1884 2976 penultimo
1912 2932 2001 2973 huJus

1139 2978 1210 3009 libri
1228 2977 1405 3017 apparebit.
1448 2975 1510 3008 Sed
1527 2975 1669 3015 ostendi,
1692 2984 1811 3008 tantum
1826 2972 1946 3011 abesse,
1968 2980 2004 3004 ut

1140 3019 1181 3051 de
1198 3018 1383 3049 criminibus
1396 3018 1467 3058 J'ure
1486 3017 1609 3058 transigi
1626 3018 1737 3058 poffit,
1759 3024 1794 3048 ut
1809 3025 1826 3046 e
1843 3014 2002 3060 contrario

1138 3069 1177 3091 ea
1200 3060 1367 3092 transactio
1389 3060 1458 3100 jure
1478 3059 1703 3100 prohibeatur;
1725 3066 1779 3096 ac,
1802 3056 1823 3088 fi
1848 3058 1923 3094 liat,
1948 3055 2003 3085 im-

1138 3101 1286 3141 probari,
1304 3102 1443 3141 denique
1459 3102 1490 3131 in
1507 3101 1627 3133 crimen
1644 3100 1758 3133 cadere
1768 3107 1780 3138 ;
1801 3105 1862 3130 nec
1879 3105 1896 3127 a
1911 3103 2005 3138 poena

1136 3143 1235 3176 libera
1250 3141 1313 3176 effe
1322 3165 1333 3183 ,
1357 3141 1562 3184 intelligatur.

1926 3216 2001 3250 ca-
