2036 3495
131 100 206 140 *514

178 178 293 213 Adhuc
304 184 414 210 ,tamen
428 173 533 215 scribit
545 171 703 212 Ulpianus
713 194 723 210 ,
738 170 919 212 Principem
936 169 1014 211 Iegi-

137 220 199 254 bus
213 221 347 253 solutum
364 216 436 248 effe.
462 213 618 249 Memini:
641 212 715 258 sed,
732 213 880 257 quando,
906 212 936 243 ἃ
953 221 1014 257 qua

138 262 228 304 lege,
251 258 383 301 quaero?
405 257 460 288 sub
477 254 641 297 Augusto,
664 262 787 293 inquis,
807 254 882 299 Iege
892 253 1013 298 Regia:

139 302 173 336 id
198 302 261 340 est,
284 300 336 333 illa
361 307 422 339 qua
446 297 587 338 Populus
612 294 775 327 Romanus
798 304 829 326 ei
848 295 921 326 &in
939 303 1013 339 eum

136 352 237 376 omne
251 343 337 374 suum
350 338 519 379 imperium
532 338 564 370 dt
580 336 772 381 potestatem
789 336 956 381 cohntuliffe
972 338 1013 368 dl-

140 384 232 418 citur.
278 381 400 412 Verum
422 380 499 412 scire
512 386 553 413 ,te
570 377 684 416 velim,
710 386 851 418 quisquis
866 387 921 415 es,
942 387 1013 417 quae

139 423 285 466 plerique
307 431 420 454 omnes
447 421 521 463 post
543 419 718 461 Augustum
742 418 874 451 insecuti
896 418 1013 451 Princi-

137 475 216 507 pes,
239 464 307 496 fere
327 472 392 495 uno
413 470 609 504 acceperunt
632 461 695 492 five
711 460 1013 505 Senatusconsulto,

133 506 200 540 five
217 507 308 547 Iege,
325 513 421 546 qnam
438 503 576 545 Veteres
589 501 810 543 jurisconsulti
828 502 944 534 deinde
957 501 1014 532 Re-

132 549 216 591 giam
236 547 288 579 vel
312 546 431 588 Imperii
453 545 677 588 appellarunt,
701 553 738 575 ea
762 542 935 584 Augustum
957 552 1013 574 ne-

136 598 203 629 que
223 589 283 620 sub-
299 598 344 620 eo
370 587 501 620 nomine
517 610 526 625 ,
557 594 674 630 neque·
687 594 751 618 una
776 585 847 625 lege
865 607 885 629 ,,
904 593 1013 630 unove

138 628 421 663 senatusconsulto
438 652 448 668 ,
484 629 535 660 sed
559 627 730 667 paulatim,
753 626 784 661 δι
807 626 943 666 plurium
967 635 1013 656 in-

135 671 273 704 tervallo
303 679 505 711 temporum,
530 667 723 708 diversisque
749 667 873 708 legibus
899 676 937 698 ac
961 666 1014 699 Se-

134 712 382 750 natusconsultis
407 705 573 751 accepiffe.
610 709 700 757 Quid
721 708 864 742 frontem
889 717 1014 739 contra-

138 753 215 786 his?
237 753 260 786 fi
281 753 392 786 seriem
416 753 488 785 vitae
512 751 660 793 Augusti,
683 750 704 793 fi
720 760 833 782 omnes
856 750 923 790 ejus
939 758 1015 781 con-

137 795 256 832 sulatus
277 805 318 827 eo
341 795 454 826 ordine
479 803 544 835 quo
567 802 585 824 a
608 791 718 837 Dione
741 791 846 837 Caffio
868 800 1013 836 enarran-

138 844 210 876 tur,
227 836 329 878 aliqua
344 846 416 868 curn
434 845 510 868 cura
526 834 722 872 recenseb1s3
737 834 812 866 nihil
833 842 935 864 verius
950 832 1013 877 effe

136 877 314 920 intelliges3
331 877 519 918 postemque
535 876 568 908 id
583 875 725 916 pluribus
739 873 947 919 confirmare:
967 883 1011 905 ni-

135 919 158 952 fi
181 919 366 960 occupaffet
391 918 449 950 Vir
474 920 760 957 Summumquem
773 916 908 961 honoris
925 915 1013 947 causa

138 961 288 1002 appello,
311 960 472 1001 Johanncs
488 958 676 995 Fredericus
694 957 906 1002 Gronovius..
928 964 959 996 ¹,
983 956 1012 987 ἂ

135 1002 228 1044 hujus
253 1001 449 1041 Academiae‚
474 1001 505 1033 &
530 1000 629 1032 totius
656 998 773 1032 literati
795 998 880 1031 orbis
899 1007 1011 1038 ingens

135 1051 234 1086 atque
259 1043 442 1076 immortale
460 1043 569 1075 decus.
612 1040 721 1073 Unum
739 1048 860 1072 tantum
879 1040 1011 1084 addam,

134 1094 241 1126 neque
257 1085 273 1117 a
293 1084 469 1118 Clariffimo
494 1083 550 1116 illo
567 1082 647 1115 Viro
659 1105 668 1121 ‚
691 1091 797 1127 neque
815 1081 853 1112 ab
870 1082 934 1113 alus
951 1089 1011 1112 tra-

135 1126 256 1166 ditum,
280 1127 367 1168 quod
392 1126 626 1168 qualecumque
641 1122 737 1156 fuerit
753 1122 1011 1167 Senatus-constil-

134 1176 202 1200 tum
214 1191 223 1208 ,
239 1169 328 1209 quod
344 1167 518 1209 Augustum
536 1165 658 1207 legib-us
675 1164 786 1203 solvitg,
804 1173 868 1195 non
884 1164 940 1208 illo
953 1164 1011 1208 *de-

134 1210 234 1242 latum
259 1209 287 1241 ei
313 1208 481 1249 imperium
502 1207 574 1240 fuit.
617 1205 701 1239 Nam
720 1206 784 1239 hoc
803 1205 843 1245 (si
861 1204 959 1236 Dioni
976 1204 1011 1236 fi-

135 1252 191 1283 des
212 1253 244 1291 2)
268 1250 296 1282 ei
321 1249 457 1290 contigit
473 1247 616 1290 :septimo
639 1248 705 1288 ejus
730 1247 915 1280 consulatu:
940 1255 1013 1278 eum

133 1302 192 1333 per
209 1292 359 1325 Senatum
378 1292 506 1323 demum
530 1289 657 1331 legibus,
668 1289 805 1325 solutum
822 1287 884 1320 essle
901 1288 1012 1318 consu-

134 1335 201 1366 latu
220 1334 285 1374 ejus
310 1332 458 1371 decimo,
483 1331 567 1364 idern
587 1329 700 1362 scribat
719 1329 819 1361 Dion.
854 1332 862 1347 ³
881 1328 944 1360 Sed
960 1338 1013 1360 ne-

137 1385 200 1416 que
219 1383 286 1406 tum
301 1374 448 1406 omnibus
456 1374 575 1406 solutus
591 1372 637 1404 est
651 1371 792 1412 legibus,
806 1379 916 1403 verum
935 1379 1012 1409 una,

137 1417 169 1448 δι
192 1416 320 1457 quidem
347 1414 472 1447 Cincia:
497 1413 553 1446 etss
578 1413 666 1445 Dion
692 1412 825 1450 latiore,
847 1420 942 1449 quam
959 1412 1012 1456 de-

136 1456 228 1497 buit,
253 1458 395 1489 sermone
414 1464 529 1487 utatur.
571 1454 746 1486 Hoc-vero
766 1461 801 1497 ut
818 1453 949 1484 audeam
970 1453 1014 1484 di-

138 1508 232 1538 cere,
246 1498 309 1538 ipse
321 1507 371 1529 me
387 1504 500 1528 movet
512 1495 610 1528 Dion.
635 1503 708 1526 cum
727 1503 812 1525 enim
828 1492 929 1526 refert
939 1503 1014 1525 cau-

139 1540 199 1572 sam
211 1549 280 1580 quae
291 1537 420 1570 Senatui
434 1537 530 1572 fuerit
543 1546 617 1572 eum
634 1534 777 1568 solvendi
792 1534 934 1580 legibus,
944 1544 1015 1580 eam

135 1580 217 1622 petit
238 1590 258 1612 a
286 1588 418 1612 munere
438 1578 532 1618 quod·
553 1577 708 1618 Augustus
741 1576 866 1616 Populo
897 1585 1013 1608 vri-itini

135 1621 338 1664 promiserat,
358 1621 415 1652 sed
442 1629 499 1658 per
522 1620 610 1660 leges
628 1619 659 1650 se
676 1628 741 1650 non
763 1617 852 1658 posse
869 1618 1013 1663 solvere,

135 1662 189 1696 nisi
206 1661 427 1695 consentiente
444 1661 562 1695 Senatu
573 1684 589 1699 ,Α
606 1659 781 1694 simulabat.
817 1659 852 1690 ld
868 1667 961 1700 igitur
979 1667 1014 1690 ut

134 1704 244 1745 facere
260 1702 364 1744 posset
381 1701 539 1745 Augustus
553 1702 698 1735 adversus
713 1700 844 1733 modum
860 1701 931 1742 lege
942 1699 1014 1732 Cin-

135 1745 184 1780 cia
209 1744 374 1778 definitum
391 1768 400 1784 ‚
424 1745 466 1776 ait
490 1743 598 1782 Dion,
620 1743 770 1774 Senatum
796 1741 917 1783 legibus
940 1751 1012 1773 eum

134 1786 275 1821 solvisse:
293 1796 330 1819 ea
345 1794 452 1818 autem
467 1784 607 1817 formula
616 1794 689 1816 cum
706 1793 766 1816 una
779 1782 1013 1824 intelligeretur

133 1829 189 1864 lex
209 1828 339 1867 emera,
362 1826 474 1860 usitata
489 1825 643 1867 loquendi
659 1825 801 1863 ratione,
826 1824 931 1863 Dion,
957 1824 1013 1856 lio-

134 1879 191 1904 nio
211 1868 364 1909 Graecus,
379 1868 545 1910 imperite,
567 1877 605 1899 an
624 1877 680 1907 per
696 1865 929 1903 adulationem,
946 1875 1012 1897 cer·

137 1919 172 1946 te
188 1920 376 1952 perperam,
401 1920 473 1942 eum
489 1909 637 1941 omnibus
652 1909 790 1941 solutum
810 1907 873 1939 esse
885 1931 893 1945 ‚
917 1906 1011 1938 inter-

160 1961 278 1986 retatus
297 1952 353 1985 est.
398 1951 475 1984 Non
499 1951 564 1982 sum
581 1950 726 1992 ignarus,
748 1949 835 1993 ΛΑ,
849 1948 929 1993 ‘fore
946 1948 1012 1989 qui-

161 2004 195 2026 us
212 1995 308 2035 paulo
332 1994 362 2025 &
380 1991 550 2031 audacior,
574 1992 602 2023 δι
627 1990 735 2023 durior
756 1991 866 2026 videri,
881 1990 1013 2030 poffim:

136 2035 210 2076 quia
233 2036 320 2068 ausus
342 2036 407 2067 sum
431 2035 462 2066 in
485 2044 519 2066 re
545 2041 656 2065 vetere
672 2055 682 2071 ‚
711 2041 748 2063 ac
772 2031 916 2063 Romana
940 2041 1013 2063 cum

135 2076 268 2116 Dione,
290 2076 322 2108 id
346 2076 410 2114 est,
431 2075 572 2107 Consule
598 2074 765 2111 Romano,
789 2073 820 2105 &
843 2073 907 2104 hoc
924 2073 1012 2104 claro

137 2117 353 2151 Romanarum
369 2127 472 2150 rerum
492 2116 645 2158 scriptore
661 2114 840 2159 consistere=
872 2113 943 2155 Ego
961 2123 1012 2145 ve-

136 2170 174 2199 ro
191 2159 305 2198 malui,
330 2168 403 2190 cum
423 2158 548 2197 Dione,
572 2159 758 2198 quam‘cum
777 2163 909 2201 veritate
925 2164 1013 2188 com-

136 2200 241 2235 mitti:
264 2199 357 2238 fuisse
373 2199 457 2232 euim
474 2200 627 2231 Senatum
641 2199 694 2231 illa
705 2207 803 2239 -quam
821 2198 904 2235 dixi,
926 2197 1013 2229 usum

137 2242 298 2280 formula,
321 2250 395 2274 cum
410 2240 583 2282 Augustum
599 2241 670 2279 lege
686 2238 798 2272 Cincia
813 2238 926 2277 solvit,
949 2237 1013 2284 ipse

137 2283 260 2316 fatetur
287 2282 377 2315 Dion
396 2288 421 2314 4.
453 2291 549 2322 atque
564 2291 600 2313 ea
618 2282 755 2313 Veteres
772 2290 836 2313 non
854 2289 952 2312 omne
970 2281 1014 2312 di-

136 2324 248 2362 vinum
270 2324 517 2364 humanumque.
530 2324 578 2363 Jus
595 2347 606 2362 ,
628 2323 680 2354 sed
705 2332 798 2354 unam
822 2321 1013 2354 intellexisse

138 2367 243 2407 legem
268 2375 329 2407 qua
351 2367 391 2398 de
414 2373 560 2406 ageretur
579 2387 588 2402 ‚
618 2364 713 2403 paulo
738 2363 809 2404 post
837 2363 1013 2395 ostendam.

137 2407 275 2440 Accedit
295 2431 305 2447 ,
325 2407 417 2448 ‚quod
441 2415 514 2438 cum
535 2405 566 2438 id
591 2405 710 2438 factum
735 2404 813 2437 effet
829 2427 839 2442 ,
871 2404 1013 2446 Augusto

138 2449 300 2481 decimum
323 2448 480 2488 Consule,
503 2447 534 2480 id
559 2447 622 2486 est,
647 2447 683 2479 A.
703 2446 744 2478 V.
766 2446 802 2479 C.
824 2455 904 2488 730,
929 2445 1015 2478 dein-

139 2490 181 2522 de
206 2490 355 2531 sequente
378 2499 481 2528 ann0,
502 2489 535 2521 id
560 2488 624 2528 est,
648 2487 820 2520 undecimo
847 2488 913 2528 ejus
937 2497 1015 2519 con·

139 2531 237 2562 sulatu
249 2555 257 2569 ‚
282 2532 385 2562 adhuc
401 2531 465 2571 ejus
483 2530 600 2562 honori
616 2529 705 2562 dedit
719 2530 873 2568 Senatus,
897 2528 918 2561 fi
935 2527 1014 2571 Dio-

139 2571 171 2604 ni
197 2572 353 2603 credimus
368 2578 397 2611 ³,
421 2581 455 2603 ut
477 2571 504 2603 ei
528 2580 717 2613 perpetuam
742 2570 883 2603 deferret
898 2569 1015 2602 Tribu-

138 2612 249 2647 nitiam
276 2613 488 2653 pottstatem3
511 2621 608 2655 atque
623 2621 677 2652 ut,
700 2611 826 2654 quoties
845 2612 1016 2645 haberetur

138 2654 295 2693 Senatus,
319 2653 366 2691 ei,
389 2654 443 2686 etsi
461 2656 581 2686 nullum
599 2662 724 2695 gereret
742 2653 957 2691 consulatum,
974 2653 1014 2685 de

140 2695 393 2738 quibuscumque
411 2695 503 2727 rebus
521 2696 711 2728 relationem
734 2694 925 2736 indulgeret.
949 2704 1013 2726 am-

139 2737 223 2782 plius
242 2735 364 2773 v,oluit;
380 2745 420 2768 ne
433 2737 587 2778 Augustus
602 2737 831 2769 Proconsulare
846 2735 1014 2777 imperium

139 2778 276 2820 ingrcss'u
301 2776 411 2808 Romae
432 2779 630 2818 deponeret3
652 2788 735 2810 neve
751 2778 817 2818 ejus
834 2776 1014 2809 renovatio·

140 2830 200 2861 nc,
217 2819 286 2860 post
298 2817 392 2850 Urbis
409 2817 576 2862 ingreffum
588 2843 598 2858 ,
614 2828 734 2860 egeret.
758 2819 925 2851 Postremo
942 2828 1017 2850 cen-

140 2860 222 2900 suit;
239 2869 271 2892 ut
291 2859 321 2891 in
339 2868 510 2899 provinciis
525 2859 552 2891 ei
569 2861 708 2899 potestas
721 2861 839 2901 major,
856 2870 951 2901 quam
968 2869 1016 2891 ea·

140 2912 210 2938 rum
227 2901 409 2939 Praefeffis,
432 2900 519 2933 effer.
562 2900 661 2933 Hisce
685 2912 762 2933 vero
789 2903 882 2934 rebus
908 2910 1017 2934 nonne

142 2945 228 2976 clare
247 2943 422 2976 indicatur,
445 2951 517 2973 eum
535 2942 611 2972 solvi
636 2943 790 2983 aliquibus
807 2942 928 2983 publici
942 2942 1016 2989 juris

143 2985 270 3027 legibus
285 2985 400 3026 quibus
416 2990 488 3028 ante
504 2983 621 3013 solutus
640 2993 703 3014 non
722 2986 812 3016 erat?
840 2985 879 3016 Et
895 2995 949 3026 qui
964 2983 1018 3025 igi-

145 3035 198 3060 tur
213 3027 318 3067 potest
328 3025 415 3058 Dion
433 3025 558 3062 dicere,
570 3033 642 3054 eum
655 3025 716 3064 jain
733 3025 838 3065 priore
854 3026 1018 3058 consulatu

143 3068 290 3102 omnibus
316 3068 453 3099 solutum
475 3065 563 3098 effe?
587 3064 639 3097 Ne
661 3066 775 3097 addam
796 3076 881 3098 nunc
897 3091 908 3107 ,
930 3067 1019 3109 quod

203 3138 214 3157 1
239 3128 316 3156 Orat.
333 3127 363 3154 de
378 3126 448 3162 Lege
464 3125 557 3164 Regia.
652 3132 667 3151 2
688 3124 730 3151 tib.
748 3131 791 3157 53.
803 3130 863 3159 pag.
882 3128 945 3159 569,

204 3174 219 3200 3
240 3166 292 3193 eod.
306 3166 349 3193 lib.
364 3170 391 3200 p.
407 3172 469 3198 590·
565 3170 583 3197 4
601 3161 626 3190 d.
639 3162 685 3190 lib.
703 3168 747 3196 53.
760 3168 786 3198 p.
802 3168 866 3194 590.
880 3160 916 3195 &2
930 3166 991 3197 582,

204 3212 219 3240 5
242 3204 267 3232 ci.
282 3204 324 3232 lib.
338 3209 365 3239 p.
383 3208 445 3236 594.

723 82 758 118 (3
782 93 803 118 n
827 89 897 122 n-A
921 90 945 122 a
968 89 995 116 n
1020 89 1036 116 ι
1092 79 1132 116 ΙΨ
1157 89 1179 115 o
1204 90 1226 115 0
1252 90 1278 116 n
1304 91 1325 116 τ

1055 170 1155 202 rursus
1169 169 1260 202 Di0n
1281 176 1287 189 ¹
1307 167 1426 206 refert,
1444 166 1482 200 C.
1502 166 1632 210 Sentio,
1648 167 1680 211 ὅς
1696 169 1738 211 Q.
1754 169 1928 214 Lucretio,

1057 210 1142 256 Coss.
1157 211 1188 244 id
1202 211 1268 256 est,
1285 211 1324 244 A.
1342 209 1384 241 V.
1405 209 1441 242 C.
1461 219 1540 255 335,
1560 209 1626 241 esse
1640 210 1782 253 Augusto
1796 210 1880 246 inter
1894 223 1925 246 a·

1056 253 1096 284 lia
1112 252 1309 293 permissum,
1331 260 1369 285 nt
1385 260 1490 283 omnia
1507 250 1561 282 suo
1578 252 1926 295 emendaretarbitrio3

1052 302 1093 324 ,ac
1117 294 1204 336 leges
1228 304 1305 336 quas
1323 294 1440 332 vellet,
1463 292 1581 330 ferret3
1604 291 1704 334 iisque
1719 293 1927 336 Augussarum

1056 344 1173 367 nomen
1197 335 1390 376 imponeret.
1441 334 1526 379 Nam
1552 334 1603 366 vel
1625 331 1700 367 inde
1721 332 1927 377 intelligitur,

1057 385 1130 408 eum
1151 385 1247 410 antea
1274 378 1416 409 nondum
1433 374 1573 408 habuiffe
1585 375 1636 416 jus
1654 383 1766 408 contra
1782 376 1868 418 leges
1879 377 1928 410 ,fa—
1957 410 1959 412 ,

1056 416 1170 449 ciendi.
1199 418 1285 456 Mihi
1300 419 1331 450 ἀ
1349 418 1412 449 hoe
1431 416 1525 449 visum
1544 425 1657 450 notatu
1671 416 1823 458 dignum;
1840 420 1929 460 quffod

1055 457 1146 490 Dion
1172 466 1201 499 ²,
1225 469 1296 491 cum
1315 459 1465 501 Caligulae
1485 457 1699 501 principatum
1713 459 1871 499 exponit,
1887 456 1930 493 ait

1056 498 1100 531 illi
1116 500 1239 532 necesse
1255 500 1363 540 fuiffe,
1376 510 1417 532 ne
1434 501 1504 541 lege
1518 499 1600 542 julia
1616 499 1752 540 &Papia
1766 499 1818 532 illa
1834 502 1930 533 cadu-

1057 539 1140 572 caria
1155 549 1336 578 teneretur,
1360 551 1397 574 ea
1413 551 1468 582 per
1486 542 1637 575 Senatum
1654 540 1742 585 solvi.
1766 551 1831 582 quo
1846 551 1929 583 opus

1054 581 1146 614 fuisse
1171 582 1238 623 quis
1261 583 1349 615 sanus
1373 583 1475 622 dieat,
1498 582 1520 615 fi
1544 594 1582 615 ea
1594 585 1656 626 iarn
1672 589 1746 616 ante
1761 579 1881 623 solatus
1895 584 1929 624 ἀ,

1055 622 1211 664 Augustus
1222 623 1260 668 .&
1274 622 1422 668 'Ifiberius
1441 624 1546 656 fuisset
1557 626 1572 657 Ρ
1716 663 1718 665 ,
1882 646 1884 661 ;

1097 665 1159 696 Sed
1175 667 1327 705 quidquid
1346 664 1429 697 dicat
1444 666 1533 698 Dion
1544 689 1554 702 ,
1578 666 1732 708 quidquid
1747 676 1787 699 ex
1804 676 1844 699 eo
1859 665 1928 707 ali-53

1055 714 1209 779 {ffirffsss’
1233 706 1857 788 ἓὶῗϋέὥὲῧῗὲἓὲῖιῖῗὲῗῶἓἔὲίῖἒὲῗιῐῃ
1865 717 1930 780 ¹1³3?

1068 782 1071 785 r
1214 770 1223 787 2
1691 773 1694 776 “
1739 772 1741 774 “
1917 767 1930 774 ⁶

1057 789 1120 821 vit:
1144 788 1266 820 caeteris
1282 798 1390 830 aeque,
1414 797 1509 830 atque
1525 790 1603 823 alios
1624 790 1731 831 cives,
1753 790 1931 831 obligatum

1056 830 1159 868 fuisse.
1201 832 1248 861 Ac
1272 831 1360 872 quod
1383 831 1423 862 de
1444 830 1586 873 Augusto
1603 833 1650 871 jus
1667 831 1745 870 fuit,
1768 831 1854 863 idem
1870 831 1932 866 fuit

1057 871 1086 903 in
1104 870 1254 904 omnibus
1271 871 1323 913 qui
1341 880 1413 903 eum
1429 871 1562 903 insecuti
1579 873 1646 904 sunt
1663 873 1838 914 Principes.
1855 871 1932 913 quid

1055 913 1139 945 enim
1165 913 1211 945 liis
1234 914 1362 951 datum,
1384 912 1440 946 nisi
1465 911 1651 954 imperium,
1677 923 1774 956 atque
1798 914 1932 955 Augusti

1055 955 1208 994 exemplo
1224 955 1241 986 2>
1272 963 1482 995 praeterquam
1500 956 1586 995 quod
1611 955 1658 988 his
1682 955 1712 988 in
1734 955 1931 997 principatus

1055 996 1190 1037 ingress'u
1206 1005 1272 1027 uno
1289 995 1434 1027 concers-a
1452 995 1814 1030 suntSenatusconl'ulto
1826 1006 1880 1033 aut
1891 998 1934 1028 Ie·

1053 1047 1112 1079 ge,
1136 1047 1205 1079 quae
1230 1038 1385 1078 Augustus
1410 1047 1475 1069 non
1502 1046 1566 1069 uno
1593 1046 1758 1080 tempore,
1786 1048 1848 1070 nec
1871 1047 1932 1072 una

1054 1080 1144 1119 Iege,
1168 1087 1221 1110 aut
1239 1078 1542 1118 senatusconsulto,
1569 1078 1620 1110 sed
1637 1079 1765 1111 diversis
1781 1079 1934 1121 tempori-

1055 1120 1114 1151 bus
1132 1143 1141 1160 ,
1167 1121 1195 1151 &
1220 1120 1344 1161 legibus
1360 1144 1369 1159 ,
1400 1128 1456 1151 aut
1479 1120 1770 1153 Senatusconsultis
1792 1121 1931 1160 accepit.

1055 1160 1132 1193 Non
1158 1161 1328 1202 exspecto,
1355 1170 1388 1193 ut
1413 1161 1490 1193 mihi
1510 1163 1667 1201 credatis,
1690 1163 1776 1194 AA:
1800 1162 1853 1193 scd
1868 1161 1932 1195 fine

1056 1203 1155 1234 dubio
1173 1204 1321 1239 credetis,
1331 1204 1392 1245 legi
1411 1202 1521 1245 Regiae
1538 1213 1597 1243 qua
1613 1204 1753 1236 delatum
1773 1203 1931 1244 Vespasia·-

1056 1254 1099 1276 no
1114 1245 1279 1284 imperium
1301 1245 1356 1277 est.
1389 1254 1453 1276 non
1473 1246 1557 1276 enim
1576 1245 1668 1284 poffit
1686 1246 1774 1285 quod
1794 1254 1847 1278 aut
1863 1255 1933 1280 cer-

1057 1285 1136 1323 tius,
1160 1294 1213 1316 aut
1229 1286 1340 1318 melius
1357 1286 1475 1318 adferri
1494 1286 1721 1319 testimonium.
1760 1286 1834 1326 EJ'us
1853 1296 1931 1319 vero

1056 1328 1135 1368 legis
1154 1328 1241 1366 quus
1255 1327 1469 1367 fragmentum
1487 1326 1598 1359 Romae
1613 1328 1645 1359 iu
1657 1326 1858 1361 Lateranenfi
1877 1338 1933 1360 ex-

1057 1368 1114 1400 stat
1133 1368 1261 1400 Basilica
1275 1392 1283 1405 ,
1307 1369 1404 1400 verba
1420 1377 1491 1408 quae
1507 1370 1543 1400 ad
1563 1379 1629 1401 rem
1646 1371 1845 1409 pertineant,
1865 1369 1933 1403 haec

1057 1411 1138 1442 sunt.
1177 1413 1184 1429 ³
1208 1409 1391 1452 UTIQUE.
1412 1408 1588 1450 QUIBUS>
1607 1409 1809 1446 LEGIBUS.
1837 1409 1933 1445 PLE-

1058 1450 1203 1487 BEIVE.
1243 1451 1390 1483 SCl'slS.
1423 1450 1664 1484 SCRIPTUM.
1705 1451 1819 1484 FUIT.
1857 1451 1930 1484 NE.

1056 1491 1204 1525 DIVUS.
1229 1492 1333 1524 AUG.
1363 1491 1639 1526 TIBERIUSVE.
1664 1492 1823 1534 JULIUS.
1849 1493 1933 1526 CAE-

1058 1533 1148 1565 SAR.
1187 1533 1292 1566 AUG.
1329 1533 1644 1576 TIBERIUSQIIE.
1692 1532 1932 1567 CLAUDIUS..

1059 1574 1221 1607 CAESAR.
1242 1575 1347 1608 AUG.
1368 1574 1678 1608 GERMANICUS.
1697 1574 1932 1608 TENEREN-

1055 1615 1163 1648 TUR.
1189 1616 1251 1648 IIS.
1275 1616 1477 1648 LEGIBUS.
1505 1616 1931 1659 PLEuisQUE.SC1TIS.

1055 1658 1147 1690 IMP.
1181 1658 1341 1690 CAESAR.
1376 1658 1682 1691 VESPASIANUS.
1712 1657 1933 1691 SOLUTUS.

1055 1698 1137 1733 SIT.
1185 1698 1404 1741 QUAEQUE.
1445 1699 1516 1731 EX.
1554 1699 1759 1744 QUAQUE.
1800 1699 1931 1732 LEGE.

1055 1739 1341 1774 ROGATIONE.
1372 1740 1538 1773 DIVUM.
1562 1741 1668 1774 AUG.
1693 1741 1932 1775 TIBERIUM-

1056 1782 1129 1814 VE.
1161 1782 1340 1822 JULIUM.
1376 1783 1607 1816 CAESAREM.
1637 1781 1743 1815 AUG.
1769 1782 1932 1816 TIBERI-

1057 1823 1201 1866 UMVE.
1250 1823 1508 1857 CLAUDIUM.
1554 1824 1788 1858 CAESAREM.
1824 1823 1931 1863 AUG.

1056 1865 1384 1899 GERMANICUM.
1400 1865 1579 1898 FACERE.
1594 1865 1843 1899 OPORTUIT.
1860 1865 1932 1901 EA.

1057 1906 1221 1939 OMNIA.
1244 1907 1336 1939 IMP.
1357 1907 1534 1940 CAESARI.
1556 1907 1840 1940 VESPASIANO.
1864 1907 1932 1940 FA-

1057 1948 1186 1981 CERE.
1210 1948 1386 1982 LICEAT.
1430 1948 1507 1982 Huc
1531 1959 1633 1989 usque
1650 1950 1700 1982 Iex
1718 1949 1837 1990 Regia:
1862 1949 1930 1981 vult

1056 1998 1161 2022 autem
1174 2013 1182 2029 ‚
1197 1999 1232 2022 ut
1248 1991 1361 2031 quibus
1379 1990 1502 2031 legibus
1518 1991 1664 2030 plebisve
1680 1990 1764 2022 scitis
1779 1990 1931 2030 scriptum

1056 2031 1138 2070 fuit,
1161 2041 1201 2064 ne
1226 2031 1382 2073 Augustus
1399 2055 1410 2070 ,
1442 2032 1614 2071 caeterique
1636 2039 1821 2064 tenerentur
1843 2031 1932 2063 Prin-

1056 2075 1163 2112 cipes,
1189 2073 1237 2104 his
1262 2074 1386 2114 legibus
1409 2073 1576 2114 plebisque
1600 2071 1683 2104 scitis
1710 2072 1828 2105 solutus
1852 2071 1931 2104 effer

1056 2115 1132 2154 Imp.
1152 2113 1367 2153 Vespasianus.
1407 2113 1527 2155 Ecquis
1552 2114 1647 2155 igitur
1664 2113 1769 2145 adhuc
1787 2113 1932 2152 dubitat,

1056 2156 1237 2195 Principem
1262 2156 1333 2196 lege
1356 2154 1455 2196 Regia
1483 2155 1559 2187 solvi
1588 2155 1711 2195 legibus
1735 2165 1799 2187 non
1825 2155 1929 2187 omni·-

1053 2197 1135 2236 bus3
1158 2196 1210 2228 sed
1235 2197 1350 2237 quibus
1367 2196 1526 2238 Augustus
1548 2195 1746 2238 insecutique
1766 2196 1930 2237 Principes

1052 2238 1246 2275 nominatim
1263 2237 1353 2270 soluti
1372 2237 1474 2270 fuere.
1914 2252 1920 2258 -

1098 2279 1190 2311 Plura
1213 2288 1278 2311 non
1306 2280 1409 2317 addo,
1431 2280 1506 2311 AA:
1529 2289 1590 2312 nec
1607 2279 1691 2311 enim
1711 2288 1793 2318 opus
1811 2276 1875 2319 est;
1898 2279 1930 2311 &

1058 2331 1116 2353 vos
1127 2320 1321 2360 desider-atis,
1332 2322 1461 2353 tandem
1477 2320 1615 2360 ostendi,
1626 2321 1704 2360 quid
1720 2321 1774 2353 fibi
1788 2320 1866 2352 velit
1876 2319 1932 2352 UI-

1056 2364 1187 2404 pianus3
1211 2371 1303 2401 cum,
1319 2362 1476 2403 Princeps,
1494 2363 1616 2403 inquit,
1632 2362 1864 2403 legibussolucus
1880 2359 1930 2403 est.

1057 2404 1176 2438 Habeo
1192 2412 1297 2437 autem
1315 2404 1392 2436 mihi
1408 2403 1603 2444 persuasum,
1615 2404 1698 2437 inter
1716 2404 1801 2445 leges
1819 2403 1932 2444 quibus

1056 2446 1178 2482 solutus
1194 2444 1240 2477 est
1255 2445 1430 2486 Augustus,
1454 2455 1520 2477 non
1542 2444 1634 2477 fuiffe
1651 2446 1756 2487 Iegem
1772 2444 1882 2484 Juliarn
1900 2444 1931 2479 &-

1058 2487 1204 2527 Papiam:
1226 2486 1322 2527 eique
1341 2488 1387 2519 rei
1405 2487 1469 2518 hoc
1486 2496 1604 2527 ponam
1622 2495 1844 2527 argumentum
1862 2495 1929 2517 cer-

1058 2537 1126 2560 tum
1145 2537 1182 2561 ac
1199 2528 1336 2567 clarum3
1360 2528 1447 2568 quod
1464 2527 1575 2560 auctor
1588 2527 1638 2560 ⁴est
1655 2528 1743 2561 Dion
1762 2527 1879 2560 Caffius
1896 2531 1930 2567 ⁴,

1056 2569 1337 2611 fuisse-Caligulffi
1360 2579 1401 2601 ne
1416 2570 1488 2610 lege
1503 2570 1584 2608 Julia
1599 2570 1629 2602 δι
1640 2570 1735 2612 Papia
1751 2577 1929 2607 teneretur,

1058 2610 1183 2645 necesse
1199 2620 1237 2642 ea
1252 2620 1310 2651 per
1327 2611 1478 2642 Senatum
1498 2610 1589 2643 solvi.
1613 2621 1679 2651 quo
1696 2611 1740 2643 nil
1756 2619 1838 2652 opus
1853 2609 1931 2642 fuis-

1052 2652 1108 2691 se,
1133 2652 1219 2692 supra
1245 2652 1374 2691 monui3
1397 2652 1418 2684 fi
1440 2652 1501 2693 jam
1527 2660 1603 2684 ante
1626 2653 1746 2684 solutus
1769 2661 1806 2684 ea
1827 2650 1931 2684 fuiss'et

1054 2693 1212 2735 Augu-stus
1230 2693 1259 2725 ἃ
1278 2692 1441 2726 Tiberius.
1475 2694 1583 2733 Atque
1600 2694 1664 2725 hoc
1681 2694 1702 2726 fi
1718 2692 1782 2733 est;
1806 2693 1929 2730 nescio,

1055 2743 1217 2817 ssssepffigff
1227 2735 1335 2808 &330¹
1351 2734 1546 2809 332'1212013111’
1544 2734 1932 2818 ffig‘issfiffiessi'ssuiniffi

1318 2799 1327 2816 ⁵
1413 2799 1423 2816 ⁵
1679 2798 1693 2807 ⁸-

1054 2819 1159 2851 lutum
1179 2817 1241 2850 effe
1257 2819 1319 2857 ait,
1343 2826 1466 2851 tantum
1488 2817 1660 2860 fignificat,
1682 2817 1862 2858 Principem
1880 2815 1933 2847 lra-

1054 2860 1136 2891 bere
1159 2860 1362 2891 vacationem
1380 2869 1396 2891 a
1413 2861 1485 2900 lege
1507 2861 1587 2900 Julia
1602 2860 1633 2892 ,dc
1651 2859 1761 2899 Papia:
1785 2858 1856 2899 quia
1874 2865 1932 2897 per

1057 2902 1209 2934 Senatum
1227 2910 1263 2932 ea
1281 2900 1399 2933 solutus
1415 2902 1477 2940 est,
1492 2902 1635 2943 principe
1654 2900 1805 2941 Caligula.
1830 2896 1932 2940 Quod

1058 2944 1156 2982 dico,
1178 2943 1203 2973 A
1219 2943 1260 2981 A,
1285 2942 1468 2975 viventibus
1483 2943 1633 2976 videbitis
1652 2942 1770 2974 oculi-s:
1793 2942 1891 2984 modo
1905 2937 1930 2970 fi

1061 2984 1289 3022 observabitis,
1312 2985 1400 3025 quod
1427 2994 1493 3016 non
1514 2985 1566 3017 illa
1591 2984 1654 3016 fuit
1679 2982 1814 3022 Ulpiano
1827 2986 1931 3019 ratio,

1059 3027 1168 3067 Iegem
1193 3025 1326 3067 Regiam
1351 3035 1516 3067 exponere
1532 3050 1542 3066 ‚
1565 3034 1607 3059 ex
1631 3033 1730 3065 eaque
1749 3021 1931 3101 disputzgg,

1889 3070 1932 3094 τ

1124 3134 1136 3153 1
1158 3126 1200 3153 lib.
1221 3134 1263 3161 54.
1279 3131 1304 3161 p.
1323 3130 1387 3162 604.
1482 3133 1497 3153 2
1518 3126 1561 3153 lib.
1577 3132 1619 3159 59.
1630 3129 1657 3159 p.
1675 3127 1735 3155 747.

1121 3171 1135 3198 3
1159 3164 1224 3197 apud
1238 3164 1395 3198 Gruterum,
1415 3163 1513 3200 Corpor.
1531 3162 1642 3200 Irffcn'prt.
1655 3165 1681 3194 p.
1699 3165 1760 3190 242.

1120 3210 1137 3234 4
1157 3202 1200 3230 lw-
1220 3207 1301 3238 5912·
1320 3209 1383 3236 747.
1608 3221 1609 3224 =
