2036 3495
435 141 504 183 An
530 145 621 183 L1B.
636 139 764 182 XXV.
793 146 908 182 Ttr„
927 147 969 184 Π.
996 142 1048 184 De
1063 151 1182 188 actione
1200 165 1302 190 rerum
1322 164 1509 216 amotarum.

74 236 244 270 Rationem
269 235 421 277 propositi
445 235 546 268 Edisti
571 234 685 267 Paulu's
711 235 950 285 detegi-egium

74 279 121 311 his
139 277 244 309 verbis
261 277 279 308 1.
301 286 325 308 1.
368 277 487 309 Rerum
517 285 694 308 amotarum
716 278 867 316 judicium
894 281 948 309 lin·

73 320 181 360 gulare
197 318 410 351 introdustum
434 320 479 350 est
501 317 647 350 adversus
675 326 745 364 etim
772 328 842 357 quae
866 329 947 351 uxor

72 354 151 393 Fuit·
171 361 243 401 quia
260 370 321 392 non
341 361 561 401 placuit,cum
578 367 615 391 ea
630 357 714 404 furti·
724 369 819 400 agere
838 360 945 400 poffe3

72 385 260 444 quib'usoam
287 401 537 434 existimantibus
553 423 563 439 ‚
600 409 640 432 ne
662 402 791 447 quidem
810 401 943 449 'furtum

72 454 141 476 eam
158 443 285 481 facere,
309 450 343 474 ut
365 443 491 481 Nerva,
515 441 638 480 Caffio,
662 451 734 482 quia
753 441 885 489 societas
897 452 942 474 vi-

72 493 112 517 tae
128 486 363 525 quodammodo
381 484 542 515 dominam
559 492 627 514 eam
644 482 782 515 faceret:
804 485 890 534 aliis,
907 492 942 516 ut

69 527 189 559 Sabino
213 528 242 557 ἀ
265 526 421 563 Proculo,
451 524 539 556 furto
560 525 690 571 quide-m
717 534 785 556 eam
811 524 939 573 facere,

67 567 156 600 sicuti
179 566 241 599 filia
268 567 346 606 patri
371 565 487 605 faciat,
511 565 562 598 sed
585 565 662 597 furti
681 572 743 612 non
760 566 822 598 esse
840 570 939 612 actio-

67 617 140 641 nem
159 608 330 640 constituto
343 609 432 648 Jure:
456 609 487 640 in
504 617 566 649 qua
583 607 737 639 sententia
755 608 784 639 ἃ
800 608 940 648 Julianus

66 649 232 682 rectiffime
249 649 302 680 est.
557 691 571 696 ,⁷
754 689 761 695 .
894 691 899 696 ,

106 690 203 732 igitur
219 690 301 721 attio
318 699 412 730 quam
429 697 580 732 proponit
597 689 736 728 Praetor,
753 696 786 721 m
802 689 939 734 Rubrica

67 732 97 763 δι
122 731 226 772 paffim
251 741 387 762 vocatur
410 741 514 765 rerum
537 738 733 763 amotarumx
767 732 936 778 delum-pto

65 775 193 804 nomine
210 783 226 804 a
242 773 348 814 primis
371 772 471 805 Edisti
498 773 614 805 verbis.
657 772 752 804 Hanc
777 781 936 811 promittit

63 813 203 852 Praetor‚
226 815 320 846 rebus
338 813 438 846 mariti
457 815 496 846 ab
519 823 640 854 uxore,
663 822 716 845 aut
741 814 835 845 rebus
858 824 935 846 uxo-

63 857 105 888 ris
122 865 138 886 a
161 856 296 894 marito,
319 858 448 888 amotis:
471 857 489 887 l.
508 856 588 903 ²20·
602 856 668 887 l.‘6.
686 855 715 897 §.
735 864 761 886 2.
779 855 799 886 l.
819 864 865 886 11.
885 857 931 912 D,

62 898 88 931 b.
107 903 129 927 r.
175 896 334 928 Dicuntur
349 905 454 929 autem
471 905 599 930 maritus
616 896 646 928 δι
665 906 775 943 uxor,
787 896 929 928 constan-

63 945 95 968 te
115 939 335 969 matrimonio:
358 937 479 977 soluto,
508 949 572 971 non
594 947 694 985 aeque.
718 939 747 969 ἂ
768 939 840 970 ideo
861 948 928 970 tnu-

63 979 120 1010 lier
137 1003 145 1016 ,
177 979 196 1010 fl
223 979 292 1019 post
321 980 495 1012 divortium
517 989 567 1012 res
591 989 692 1011 mariti
719 979 926 1028 contrectet,

62 1020 157 1051 etiam
174 1020 249 1052 furti
268 1029 395 1052 tenetur
415 1023 425 1052 ι
453 1032 482 1062 53.
503 1022 548 1053 D.
564 1022 591 1053 b.
608 1027 629 1052 t.
659 1020 817 1068 Loquitur
833 1029 929 1068 igitur

60 1062 182 1093 Praetor
199 1063 239 1093 de
256 1072 356 1094 uxore
373 1064 402 1095 v&
420 1064 550 1095 marito:
573 1063 603 1094 &
621 1071 694 1103 quia
716 1071 753 1108 inq
775 1061 823 1093 his
849 1063 927 1094 nihil

60 1102 230 1135 defiderat:
252 1102 383 1143 suffieit,
407 1114 423 1135 a
442 1106 512 1136 viro
537 1111 590 1135 aut
605 1113 704 1135 uxore
719 1110 852 1150 emotas·
865 1103 927 1136 esse

60 1152 110 1176 res
125 1144 268 1176 alterius:
293 1144 356 1176 five
382 1144 484 1185 simul,
507 1145 572 1178 five
593 1145 757 1191 separatim
772 1145 927 1191 ¹habitent

58 1185 76 1215 l.
100 1192 144 1224 ις.
165 1186 209 1216 D.
228 1186 254 1216 b.
272 1192 293 1217 ε.
316 1194 388 1218 nam
408 1187 460 1218 vel
477 1187 538 1219 hoc
554 1186 643 1224 casu,
667 1186 687 1231 ii
714 1195 852 1218 inv1cem
875 1187 929 1218 ha*

58 1226 137 1257 bent
162 1227 315 1259 honorem
343 1228 561 1267 matrimonii,
593 1235 712 1268 nuptiae
735 1228 867 1267 durant,
898 1229 929 1260 δᾶ

57 1269 188 1299 tnui-itus
209 1269 239 1300 dt
260 1277 341 1300 uxor
362 1270 582 1315 intelliguntur
607 1270 627 1300 l.
643 1273 694 1310 32.
721 1268 749 1314 §.⁴
768 1278 814 1310 13.
831 1269 872 1301 D.
892 1272 927 1301 de

57 1312 156 1340 amat.
182 1310 236 1340 int.
259 1312 316 1341 vir.
340 1310 377 1344 ὃ)
403 1321 487 1342 uxor.
511 1320 553 1342 ita
571 1320 652 1356 ‘vere
677 1310 829 1356 Ulpianus
849 1313 879 1343 d.
904 1312 923 1342 l.

60 1359 105 1390 15.
130 1352 189 1386 ait,
215 1360 316 1382 rerum
333 1360 504 1383 amotarum
520 1352 678 1398 actionem
699 1361 793 1382 etiam
812 1353 923 1384 adver-

55 1392 105 1421 sus
123 1400 188 1422 eam
207 1400 413 1431 competere,
437 1402 508 1434 quae
534 1393 743 1439 lubtreitit'ex
767 1402 802 1423 ea
825 1393 924 1426 domo

52 1432 84 1462 in
102 1441 161 1470 qua
179 1441 241 1462 non
260 1432 346 1464 fimul
368 1443 440 1464 curn
467 1435 535 1465 viro
554 1434 719 1465 habitavit.
766 1433 818 1481 De
846 1445 922 1467 con-

52 1474 167 1503 cubina
184 1473 355 1504 videamus.
378 1477 418 1506 de
438 1485 474 1505 ea
493 1475 570 1506 nihil
586 1475 717 1506 Praetor.
742 1478 876 1521 proinde
902 1478 923 1510 fi

53 1513 122 1543 haec
137 1516 276 1552 amovit,
300 1514 396 1546 cessat
422 1525 527 1547 rerum
544 1523 718 1547 amotarum
733 1516 831 1562 attio:
856 1528 921 1565 mq-

53 1563 163 1593 gisque
182 1554 243 1592 est,
266 1564 301 1586 ut
320 1555 395 1587 furti
419 1565 546 1598 agatur,
569 1561 664 1597 atque
687 1557 751 1588 hoc
771 1567 839 1596 jure
862 1569 921 1591 uti—

53 1604 142 1629 mur,
167 1597 268 1635 inquit
296 1595 448 1636 Ulpianus
472 1597 491 1628 l.
513 1607 560 1638 17.
585 1599 632 1629 D.
651 1598 688 1644 b„
704 1603 724 1629 t.
770 1599 922 1648 Idemque

52 1643 162 1675 purat,
188 1637 382 1678 ubicumque
398 1638 492 1670 cessat
511 1645 765 1678 matrimonium3
789 1649 863 1680 puta
888 1653 921 1674 m

53 1686 90 1706 ea
118 1686 187 1716 qua:
210 1679 307 1709 tutori
333 1680 386 1710 suo
412 1679 531 1720 nupsit,
556 1681 605 1712 vel
631 1688 746 1727 contra·
768 1680 920 1730 Mandata

51 1719 226 1756 convenit,
251 1721 301 1750 vel
325 1720 420 1751 sicubi
445 1721 517 1752 alibi
540 1721 634 1753 ceffat
657 1730 919 1771 matrimonium:

49 1767 84 1789 ut
109 1759 191 1790 enim
220 1761 425 1800 cohabitent,
449 1763 556 1802 (quod
580 1764 625 1794 eis
651 1763 769 1803 licere,
794 1774 920 1811 quoties

50 1809 115 1831 non
142 1800 186 1830 est
218 1803 317 1841 turpis
342 1810 396 1833 aut
421 1802 540 1835 nefaria
564 1803 777 1844 consuetudo,
801 1807 918 1854 dietum

48 1840 104 1871 sub
122 1840 236 1873 Titulo
261 1845 306 1873 lJe
323 1845 384 1874 ritu
400 1846 591 1892 nuptiarum)⁴
607 1852 711 1878 tamen
730 1855 920 1893 neque'vn,

48 1891 154 1920 neque
172 1892 272 1920 uxor,
295 1894 399 1924 neque
413 1886 646 1918 matrimonium
663 1907 673 1925 ,
697 1896 799 1928 neque
815 1891 918 1921 divor-

48 1922 145 1961 tium,
170 1924 368 1965 intelligitur:
392 1934 425 1958 ut
441 1936 546 1959 autem
564 1927 599 1959 fit
619 1937 723 1960 rerum
740 1939 918 1964 amotarum

46 1965 150 2002 aetio,
184 1975 314 2004 oportet
339 1976 403 1998 rem
430 1968 530 1999 mariti
556 1970 595 2000 ab
623 1979 739 2016 uxore,
770 1980 822 2002 aut
850 1982 916 2005 rem

46 2006 153 2036 uxoris
172 2015 186 2036 a
205 2009 486 2043 marito.amotam
503 2009 565 2041 effe
583 2011 711 2042 divortii
729 2013 827 2058 cause.
849 2013 917 2045 Cte-

45 2051 147 2078 terum
165 2047 219 2078 etsi
239 2049 359 2080 Praetor
375 2059 496 2082 tanturn
513 2051 552 2082 de
567 2060 669 2083 uxore
686 2052 715 2083 δε
732 2061 846 2100 merito
870 2056 922 2087 lo-¹

45 2088 173 2126 quitu1·;
196 2090 281 2129 ajunt
304 2098 409 2122 tamen
427 2092 594 2123 Atilicinus
610 2093 638 2124 &
657 2093 816 2126 Fulcinius
833 2099 915 2137 apud

43 2128 176 2160 Paulum
194 2129 212 2160 l.
232 2134 261 2160 6.
288 2132 333 2162 J).
356 2133 384 2163 b.
404 2140 423 2163 t.
449 2132 557 2164 socero
573 2143 683 2165 contra
709 2144 820 2181 nurum
841 2148 915 2178 quo·

44 2178 107 2208 que
127 2171 263 2202 dandum
283 2172 512 2213 hocjutiicium
529 2174 598 2206 esse.
623 2176 697 2214 etsi,
722 2185 755 2207 ut
772 2178 847 2210 mihi
871 2181 916 2211 vi-

44 2211 155 2249 detur,
181 2221 244 2243 non
261 2211 438 2255 indistinete
453 2216 599 2248 adversus
616 2226 764 2251 omnem:
789 2219 839 2251 sed
864 2223 915 2253 ad-

45 2252 151 2284 versus
170 2262 237 2284 eam
259 2263 328 2294 quae
344 2254 547 2288 filiofamilias
564 2257 682 2297 nupfit‘,
707 2260 736 2290 ἃ
761 2270 801 2305 ex
820 2261 913 2293 rebus

42 2292 160 2331 soceri,
186 2295 235 2325 vel
254 2305 292 2326 ex
310 2297 436 2335 peculio
461 2297 561 2329 mariti
579 2300 654 2338 quid
670 2300 800 2333 divortii
823 2303 912 2335 causa

41 2336 204 2366 amoverit.
228 2345 299 2368 nam
316 2347 352 2367 ea
377 2347 447 2378 quae
471 2338 536 2371 filio
562 2342 762 2389 emancipato
784 2344 886 2384 nupfic
902 2368 911 2383 ,

39 2374 152 2406 socero
180 2376 300 2408 furtum
326 2378 433 2411 facere
458 2380 585 2420 potest,
619 2382 649 2412 &
678 2382 755 2414 furti
781 2392 917 2418 tenetur*

39 2415 162 2447 afflone
187 2418 262 2449 furti
281 2420 310 2450 ὅ(
335 2421 539 2452 ςοηάἰὲῒίοηε
564 2422 681 2467 furtiva
699 2424 718 2454 l.
740 2434 787 2465 15.
804 2425 832 2467 §.
851 2427 905 2459 ult.

40 2455 83 2485 D.
102 2458 129 2487 ei.
147 2463 168 2489 t.
191 2467 323 2499 contra,
348 2470 417 2500 quae
433 2461 638 2495 filiofamilias
661 2465 786 2505 nupfit,
811 2469 914 2514 potest

41 2495 167 2533 quidem
190 2500 300 2532 socero
325 2501 594 2543 facere'furtum,
622 2505 672 2537 sed
696 2508 723 2537 ci
746 2506 820 2540 furti
847 2519 916 2542 non>

41 2543 184 2570 tenetur:
207 2539 283 2571 ficut
299 2543 329 2574 in
345 2543 373 2584 §.
396 2553 441 2576 12.
467 2543 539 2585 Inst.
563 2547 597 2577 de
610 2548 692 2588 oblig.
718 2557 780 2590 quae
803 2559 840 2581 ex
865 2553 910 2582 de-

39 2576 99 2608 licit.
123 2580 198 2617 nasc.
229 2580 340 2614 dic-itur
364 2584 403 2616 de
431 2585 536 2619 liberis
562 2589 593 2618 in
622 2589 719 2628 patris
750 2592 908 2629 potestate

38 2618 254 2652 existentibus.
280 2623 308 2653 ὅ(
324 2624 387 2656 hoc
403 2630 502 2659 modo
521 2629 645 2669 accipio
673 2630 801 2663 Paulum
831 2634 850 2664 l.
875 2638 905 2666 6.

36 2659 80 2690 D.
97 2662 124 2691 h.
144 2666 164 2691 t.
187 2662 374 2708 arbitratus,
398 2669 463 2708 ejus
483 2670 673 2710 principium
697 2671 759 2703 esse
773 2674 906 2713 junctim

38 2709 111 2732 curn
138 2701 166 2744 §.
190 2713 216 2735 1.
241 2704 462 2745 explicandum
480 2709 541 2741 hoc
563 2710 632 2743 fere
656 2714 773 2745 modo:
797 2715 906 2748 Contra

34 2750 141 2774 nurum
155 2753 264 2785 quoque
280 2746 375 2785 socero
393 2749 442 2779 hoc
453 2750 600 2790 judicium
614 2755 762 2793 dandum,
786 2757 904 2789 Atilici-

35 2792 89 2813 nus
114 2783 150 2818 &³
172 2784 323 2817 fulcimus
346 2788 443 2829 ajunt.
468 2793 619 2830 quando?
644 2797 774 2836 quotiens
791 2797 903 2838 filiofa-

33 2825 128 2855 miliar
150 2827 198 2856 dos
220 2827 288 2858 data
311 2826 359 2868 est.
386 2839 447 2870 qua
470 2833 616 2868 ratione?
641 2846 705 2868 tum
725 2837 808 2869 enim
829 2843 901 2877 loce·

32 2875 97 2896 rum
115 2867 147 2897 ob
169 2877 213 2898 res
235 2868 356 2900 divortii
377 2873 463 2911 causa

51 2917 64 2936 ο
90 2916 112 2938 e.

27 2906 168 2989 p{gitur
189 2950 346 2990 promittit
370 2951 491 2986 Praetor
510 2957 667 2991 actionem
693 2970 794 2993 rerum
816 2972 899 2995 amo·

30 2995 150 3027 tarum3
173 2990 192 3021 fi
212 3001 292 3023 uxor
316 3002 364 3023 res
383 2995 504 3033 mariti,
527 3007 580 3030 aut
601 3001 731 3034 maritus
753 3013 801 3034 res
825 3015 899 3036 uxo-

28 3030 88 3062 ris,
124 3031 277 3063 amovisse
304 3033 436 3066 dicatur.
478 3037 532 3070 Est
555 3048 660 3073 autem
686 3042 807 3074 Praetor
831 3047 897 3078 usus

28 3072 199 3103 amovendi
218 3074 336 3114 verbo,
359 3076 402 3107 ob
420 3078 571 3115 pudorem
589 3083 803 3123 matrimonii3
825 3096 896 3119 cum

25 3112 128 3153 posset
150 3113 225 3145 furti
244 3116 440 3149 mentionem
458 3118 575 3153 facere.
598 3133 631 3154 re
648 3134 720 3155 vera
738 3127 822 3157 enim
846 3130 895 3161 ad-

24 3153 159 3185 mittitur
175 3160 338 3188 amotione
360 3158 480 3191 furtum
503 3162 521 3193 l.
541 3171 588 3195 ει.
611 3164 638 3205 §.
659 3166 712 3197 ult.
737 3166 755 3197 l.
775 3177 821 3204 29.
848 3169 889 3201 D.

482 2881 592 2907 amotas
606 2899 615 2915 ,
631 2878 715 2917 funi
738 2889 821 2921 agere
842 2891 900 2913 non

24 3196 51 3225 b.
67 3202 87 3226 ι.
114 3194 162 3226 sed
179 3206 226 3228 res
253 3199 367 3230 lenitur
391 3200 574 3234 honestiore
600 3207 762 3238 vocabulo
785 3210 816 3240 in
836 3210 911 3242 ho-·

19 3240 129 3269 horem
152 3239 343 3274 matrimonii
362 3242 381 3274 l.
404 3250 429 3274 ι.
450 3242 487 3278 &⁶
504 3253 532 3277 2.
550 3245 590 3278 D.
609 3247 635 3279 h.
652 3253 673 3280 c.
698 3250 763 3290 pari
783 3250 887 3286 forma

1806 172 1871 211 45ss

993 246 1054 278 qua
1073 241 1245 282 conjuges,
1269 243 1354 278 facto
1372 247 1533 290 divortio,
1557 251 1722 294 injudicio
1741 257 1782 288 de
1799 267 1868 290 rno-

991 280 1075 312 ribus
1091 282 1240 314 dicuntur
1263 286 1402 320 invicem
1429 293 1574 325 accusare
1598 304 1723 335 ωσι-εδ,
1747 299 1865 332 etiamn

989 321 1129 354 invicem
1156 325 1307 358 accusent
1332 330 1473 364 crimina.
1523 335 1621 368 Porro
1646 335 1800 372 amo'vere
1821 340 1866 374 eil:

988 364 1118 402 proprie
1135 365 1175 396 de
1199 366 1275 398 loco
1299 378 1452 411 moverc;
1477 375 1555 408 nihil
1574 377 1667 411 aliud.
1692 380 1772 412 vidit
1796 381 1865 414 Do-

987 410 1077 434 natus
1094 405 1132 436 ad
1149 406 1210 437 hoc
1226 406 1374 442 Terentii
1389 414 1514 455 Adelph.
1532 429 1561 457 4.
1578 429 1608 450 2.
1630 429 1675 459 14.
1699 422 1766 464 Age
1781 446 1791 462 ,
1813 430 1862 466 ego

985 449 1082 475 tamen
1106 447 1183 478 hunc
1202 452 1356 491 amovebo,
1380 452 1422 484 fic
1445 455 1599 491 scribens:
1623 461 1706 494 Mz're
1729 473 1861 497 amove-

984 484 1049 523 bo,
1070 487 1167 518 dixit:
1190 499 1248 521 non
1271 493 1463 528 deterrebo:
1487 508 1556 530 nam
1570 504 1687 542 proprie
1711 513 1861 538 amovetur

973 527 1214 565 stixumdeloco.
1257 532 1318 565 Sed
1337 544 1486 570 amovere
1513 540 1565 572 hic
1591 543 1714 583 plenius
1743 547 1858 589 accipi-

984 576 1034 599 tur
1050 577 1057 599 :
1080 577 1115 600 ut
1131 572 1226 604 etiam
1247 577 1413 609 contineat
1432 587 1480 612 res
1499 590 1575 622 quas
1598 586 1712 618 mulier
1730 589 1859 622 divortii

983 616 1130 650 tempore
1147 614 1344 656 comederit,
1368 621 1570 663 vendiderit,
1600 627 1781 669 donaverit,
1804 640 1859 662 aut

982 651 1122 690 qualibet
1141 656 1263 688 ratione
1286 658 1518 702 consumpserit
1541 665 1560 697 l.
1577 675 1605 708 3.
1629 667 1656 709 §.
1674 678 1705 709 3.
1723 671 1770 702 D.
1785 672 1812 702 h.
1831 679 1855 704 tt,

982 692 1217 734 consequenter
1236 699 1368 732 veniunt
1387 703 1417 734 in
1441 704 1600 739 actionem
1617 719 1721 742 rerum
1739 720 1857 744 amota-

979 743 1048 766 rum
1066 743 1133 767 non
1158 736 1253 770 solum
1278 749 1326 774 res
1348 751 1495 779 extantes
1511 770 1520 786 ,
1555 758 1667 782 verum
1689 753 1785 784 etiam
1810 764 1854 786 eae

979 783 1048 813 quae
1064 777 1094 807 in
1111 787 1213 810 rerum
1233 789 1339 814 natura
1356 784 1418 816 effe
1434 788 1592 821 desierunt
1608 791 1628 822 l.
1649 801 1693 833 17.
1710 792 1738 835 ᾗ.
1755 796 1855 828 2.d.r.

978 815 1127 849 Tenetur
1143 825 1242 859 porro
1262 825 1374 856 mulier
1392 826 1452 859 hac
1469 830 1614 871 astione3
1639 834 1657 865 fi
1673 844 1723 866 res
1747 837 1853 869 mariti

975 860 1131 890 amoverit
1156 861 1300 906 fivelper
1323 866 1352 896 se
1376 867 1458 908 ipsa,
1483 871 1546 903 live
1571 883 1626 913 per
1651 877 1757 908 alium.
1781 877 1853 910 fac:

974 908 1071 940 opem
1096 899 1157 932 furi
1175 903 1248 935 tulit
1270 905 1289 936 l.
1314 916 1361 939 20.
1379 911 1405 940 d.
1433 917 1455 942 t.
1481 922 1534 944 aut
1561 916 1647 948 fures
1671 919 1796 950 induxit
1818 919 1851 956 in

972 942 1076 972 mariti
1093 942 1242 983 domum,
1266 955 1387 988 perque
1408 961 1463 983 eos
1478 958 1618 990 amovit:
1638 962 1853 998 tenetur,etfi

971 991 1021 1013 res
1049 984 1088 1014 ad
1115 993 1183 1017 earn
1209 996 1274 1019 non
1299 994 1446 1029 pervenit
1469 995 1489 1026 l.
1514 1005 1558 1033 ¹9-
1581 1000 1609 1030 d.
1628 1005 1649 1030 t.
1694 1000 1804 1043 Quid,
1827 1003 1850 1034 fi

971 1023 1096 1061 servus,
1121 1035 1192 1058 cum
1210 1030 1323 1062 mulier
1338 1033 1433 1066 iniret
1458 1037 1584 1071 divortii
1609 1041 1793 1081 consilium,
1817 1054 1851 1076 e-

966 1064 1016 1104 jus
1035 1065 1115 1105 juffu
1137 1071 1268 1108 amovit,
1284 1082 1334 1104 res
1357 1076 1488 1110 mariti?
1518 1079 1632 1114 Paulus
1661 1083 1680 1113 l.
1705 1093 1755 1116 21.
1774 1084 1802 1127 §.
1822 1092 1848 1118 1·-

970 1106 1010 1136 lic
1026 1107 1150 1140 scribit:
1174 1110 1207 1140 Si
1214 1112 1323 1150 servus
1339 1117 1488 1158 mulieris,
1505 1121 1588 1163 jzaffia
1607 1125 1728 1156 dominae
1751 1128 1849 1158 dzvor·

969 1149 1005 1177 ziz·
1028 1150 1113 1188 causti
1135 1160 1178 1181 res
1200 1153 1358 1196 atnbverit,
1391 1158 1499 1193 Pedius
1518 1170 1624 1204 putat,
1655 1175 1707 1197 nec
1723 1167 1848 1207 furtum

971 1199 1035 1220 eum
1047 1191 1167 1230 sacere3
1178 1196 1314 1234 quoniam
1328 1200 1401 1230 nihil
1418 1201 1556 1243 lucrisuz‘
1571 1208 1660 1246 causa
1675 1210 1847 1241 commem.-

970 1241 1021 1261 nec
1038 1233 1134 1263 videri
1147 1234 1270 1274 furtum
1290 1239 1417 1276 facienti
1438 1251 1514 1283 opem
1528 1247 1629 1286 ferre.
1652 1257 1718 1280 cum
1741 1252 1846 1283 mulier

961 1273 1087 1311 fimum
1116 1284 1172 1306 non
1195 1277 1305 1316 faciam
1329 1285 1466 1322 quamvis
1487 1287 1588 1324 servus
1610 1291 1642 1320 in
1661 1291 1845 1329 facinoribus·

968 1316 1080 1346 dommo
1095 1315 1167 1347 disto
1183 1321 1303 1352 audiens
1320 1322 1371 1363 effe
1384 1334 1441 1356 non
1457 1328 1564 1360 debeat.
1586 1331 1634 1364 sed
1649 1341 1745 1364 rerum
1770 1341 1845 1365 anzo&

967 1357 1151 1388 zarzimafflo
1169 1360 1240 1405 erit..
1275 1361 1322 1394 Sit
1337 1365 1455 1399 thema.
1496 1368 1617 1403 Mulier
1634 1381 1690 1413 per
1713 1373 1742 1404 se
1765 1375 1844 1408 nihil

967 1398 1088 1429 amovit
1112 1398 1241 1432 divortii
1266 1405 1380 1438 causa:
1411 1408 1461 1440 secl
1485 1411 1549 1450 elus
1574 1413 1680 1445 servus
1704 1416 1844 1448 dominae

963 1438 1042 1478 jussu
1058 1440 1176 1480 aliquid
1193 1444 1319 1477 divortii
1339 1447 1580 1484 caufaernovit.
1605 1464 1642 1486 zm
1660 1457 1774 1488 marito
1790 1461 1844 1490 ad·

967 1480 1072 1512 versus
1088 1491 1218 1515 uxorem
1236 1491 1395 1527 competit
1411 1497 1514 1523 rerum
1532 1501 1709 1528 amotarum
1734 1499 1842 1532 actio?

965 1520 1081 1553 Pedius
1105 1524 1260 1565 negabat,
1289 1527 1351 1560 hac
1374 1533 1514 1572 rationc;
1539 1538 1645 1576 quod,
1670 1547 1703 1569 ut
1733 1541 1844 1573 mulier

964 1572 1069 1595 rerum
1088 1572 1266 1599 amotarum
1280 1577 1566 1612 teneatur,reve1·a
1584 1577 1704 1611 furtum
1721 1580 1842 1615 fotrum
1891 1585 1897 1592 ‘

965 1603 1025 1635 effe
1042 1605 1165 1646 debet3
1189 1609 1219 1639 in
1238 1612 1397 1652 propofito
1413 1622 1518 1648 autem
1543 1618 1647 1651 servus
1673 1630 1735 1654 non
1759 1622 1843 1656 fecit

963 1644 1103 1679 furtum:
1127 1649 1199 1689 quia
1219 1651 1294 1683 nihil
1320 1652 1433 1693 sponte
1451 1661 1662 1692 contrectavit
1679 1663 1757 1695 dolo
1775 1669 1841 1697 ma-

963 1687 997 1718 lo
1028 1687 1070 1719 sui
1095 1689 1174 1721 lucri
1199 1693 1308 1726 causa:
1333 1704 1466 1738 contra,
1499 1701 1584 1740 quod
1607 1706 1838 1747 contreetavit,

961 1727 1039 1768 j'uffu
1054 1729 1193 1763 dominae
1210 1736 1440 1777 contrectavit‚
1464 1743 1513 1772 cui
1532 1751 1642 1783 parere
1660 1747 1786 1779 neceffe
1805 1758 1840 1780 e—

962 1778 1019 1800 rat.
1040 1771 1102 1810 jam
1119 1782 1197 1804 vero
1217 1774 1281 1806 sine
1298 1778 1373 1809 dolo
1390 1782 1475 1812 malo
1493 1783 1522 1814 ἃ
1539 1785 1698 1825 proposito
1715 1788 1836 1821 facien*

962 1809 993 1841 di
1018 1811 1095 1844 lucri
1112 1822 1177 1846 non
1193 1815 1230 1846 fit
1245 1816 1376 1852 furtum.
1399 1821 1497 1863 Atqui
1514 1834 1610 1866 opem
1628 1829 1700 1860 tulit
1715 1828 1838 1863 facien-

962 1852 984 1882 ti
1013 1851 1146 1887 furtum.
1191 1855 1227 1888 Id
1244 1867 1372 1900 quoque
1402 1866 1538 1905 negabat
1561 1867 1697 1909 Pedius;
1721 1871 1751 1903 ἃ.
1772 1881 1838 1904 mo-

961 1893 1057 1926 vebat
1073 1905 1164 1928 eum:
1188 1900 1275 1938 quod
1291 1903 1403 1935 mulier
1420 1905 1481 1947 ipsa
1500 1908 1577 1941 nihil
1601 1912 1837 1953 contrectavit,

960 1935 1013 1965 etii
1029 1936 1111 1975 juffit
1127 1938 1201 1978 quid
1218 1950 1234 1970 a
1256 1941 1347 1974 servo
1364 1948 1576 1982 contrectari:
1601 1952 1706 1984 verbis
1728 1962 1838 1988 autem

960 1975 1022 2006 sine
1046 1980 1297 2014 contrectatione
1322 1992 1387 2018 non
1411 1986 1447 2019 fit
1470 1988 1602 2024 furtum.
1645 1993 1744 2035 Igitur
1766 2006 1833 2029 non

958 2017 1087 2049 admisso
1115 2030 1131 2051 a
1155 2022 1286 2055 muliere
1304 2025 1422 2067 furto,
1454 2039 1520 2063 non
1546 2035 1677 2072 putabat
1700 2035 1834 2078 Pedius,

959 2057 1081 2091 servum
1104 2061 1218 2095 furanti
1237 2066 1337 2098 tulifl'e
1353 2078 1460 2109 opem.
1504 2073 1633 2106 Poterat
1652 2076 1832 2117 scrupulum

958 2098 1087 2140 injicere
1105 2103 1180 2142 juris
1197 2107 1319 2147 regula:
1342 2111 1536 2154 prohibens,
1556 2115 1677 2149 servum
1697 2119 1831 2152 domino

959 2140 987 2171 in
1011 2141 1207 2177 facinoribus
1224 2147 1287 2179 esse
1303 2151 1390 2183 dicto
1407 2156 1600 2188 audientem.
1641 2160 1682 2189 At
1701 2169 1761 2191 nec
1781 2161 1832 2193 illa

958 2183 1108 2215 confudit
1125 2186 1276 2221 Pedium:
1301 2195 1387 2232 quod
1406 2204 1469 2226 non
1488 2200 1639 2237 putabat,
1664 2201 1828 2236 admissum

958 2233 972 2253 a
997 2224 1088 2257 servo
1103 2227 1165 2259 effe
1180 2229 1321 2264 facinus:
1344 2244 1415 2267 narn
1433 2236 1453 2268 fi
1470 2241 1556 2278 quod
1575 2240 1671 2280 effet3
1694 2243 1723 2274 id
1742 2244 1831 2277 foret

956 2264 1087 2299 furtum.
1117 2269 1169 2300 sed
1194 2281 1261 2303 non
1285 2274 1330 2306 est
1354 2275 1485 2309 furtum.
1510 2288 1660 2320 praeterea
1681 2286 1829 2327 constat,

957 2306 1078 2340 servum
1108 2311 1241 2344 domino
1266 2325 1430 2356 parentem
1463 2320 1493 2351 in
1521 2321 1641 2354 leviore
1665 2324 1828 2367 facinore,

954 2349 1083 2387 parendi
1107 2354 1289 2387 necestitate
1308 2358 1447 2391 excusari
1470 2361 1488 2391 ι.
1515 2371 1580 2403 157·
1610 2365 1653 2397 l).
1674 2369 1708 2397 de
1735 2371 1826 2411 regul.

945 2389 1008 2429 jur.
1041 2389 1138 2432 Igitur
1154 2396 1247 2426 rebus
1265 2398 1366 2429 mariti
1380 2399 1459 2439 jussu
1475 2404 1615 2438 mulieris
1630 2407 1670 2438 ab
1686 2411 1757 2448 eius
1768 2413 1828 2444 ser-

951 2439 994 2460 vo
1019 2431 1147 2465 divortii
1170 2436 1298 2469 consilio
1322 2445 1434 2473 amotis
1465 2443 1527 2475 line
1553 2447 1631 2478 vitio
1648 2448 1743 2490 furti,
1770 2453 1826 2485 Pe·

956 2470 1024 2504 dius
1048 2475 1161 2505 marito
1190 2486 1254 2509 non
1279 2480 1373 2511 dabat
1397 2483 1555 2518 actionem
1579 2498 1680 2522 rerum
1706 2501 1827 2527 amota-

954 2522 1043 2553 rum;
1067 2516 1177 2556 utique
1193 2519 1341 2552 directam
1359 2532 1428 2563 quae
1444 2534 1478 2557 re
1494 2534 1569 2560 vera
1589 2530 1634 2562 est
1658 2533 1697 2564 de
1714 2533 1823 2574 furto.

954 2563 1014 2585 nec
1030 2555 1088 2586 alia
1112 2566 1205 2597 quam
1230 2561 1393 2595 condietio
1415 2565 1554 2609 fui-tiva,
1576 2580 1767 2614 quamquam
1791 2579 1823 2609 inl

952 2594 1110 2629 honorem
1133 2602 1326 2635 matrimonii
1345 2613 1538 2647 temperatur
1560 2611 1740 2649 honestiore
1765 2628 1822 2649 vo-

951 2637 1077 2671 cabulo,
1122 2639 1184 2673 Sed
1203 2643 1410 2679 nihilominus
1430 2649 1540 2684 Paulus
1556 2653 1742 2694 intellecto.
1761 2661 1820 2691 uti·

950 2685 1014 2717 que
1032 2689 1080 2712 res
1097 2682 1199 2714 mariti
1216 2694 1233 2715 a
1247 2685 1338 2718 servo
1356 2690 1494 2723 mulieris
1510 2693 1573 2726 ess'e
1597 2698 1663 2737 eJ'us
1684 2699 1763 2738 jussu
1787 2709 1819 2730 a·

949 2729 1053 2752 motas
1072 2721 1202 2756 divortii
1228 2728 1377 2768 consilio,
1403 2732 1432 2763 &
1457 2733 1522 2768 hoc
1546 2736 1608 2768 effe
1634 2739 1818 2781 sequutum,

947 2769 1012 2792 non
1031 2762 1174 2807 iniquum
1195 2766 1267 2799 fore
1282 2769 1450 2804 arbitratus
1467 2775 1530 2813 est,
1555 2778 1691 2810 cess'ante
1714 2780 1816 2814 subtili

943 2801 1012 2840 jure
1031 2804 1148 2836 diresta
1168 2816 1272 2841 rerum
1289 2820 1463 2847 amotarum
1486 2814 1626 2856 athone,
1653 2819 1756 2852 adhuc
1783 2834 1816 2854 u-

946 2843 1033 2874 tilem
1058 2847 1172 2879 marito
1198 2850 1263 2882 dari
1288 2852 1337 2884 his
1356 2856 1481 2889 verbis:
1514 2860 1569 2890 Sed
1592 2869 1685 2891 rerum
1709 2869 1816 2895 amota-

942 2892 1007 2914 rum
1022 2884 1094 2918 αέῖἰο
1107 2890 1171 2920 erit.
1198 2889 1300 2925 sensus
1318 2894 1404 2929 Pauli
1421 2909 1429 2931 :
1453 2898 1617 2941 Quidquid
1636 2900 1740 2934 sedeat
1756 2904 1814 2937 Pe-

945 2925 1015 2963 di03
1046 2937 1115 2959 mea
1140 2933 1293 2971 opinione
1319 2939 1378 2968 erit
1402 2941 1486 2971 utilis
1512 2950 1611 2971 rerum
1635 2951 1813 2979 amotarum

940 2967 1042 3038 ἒὲὶίῐο,
1064 2970 1118 3001 etsi
1137 2972 1264 3006 deficiat
1280 2977 1407 3011 directa.
1432 2981 1518 3020 quod
1540 2982 1568 3012 ἃ
1591 2987 1700 3015 evenit
1718 2986 1748 3018 in
1763 2994 1811 3029 pr„

962 3031 968 3038 .
1000 3032 1004 3036 .
1028 3016 1077 3042 ει.

977 3049 1136 3092 Igitur,ut
1153 3055 1259 3090 locum
1278 3059 1393 3092 habeat
1410 3070 1511 3093 rerum
1530 3071 1706 3107 amotarum
1715 3067 1810 3110 actio,

941 3099 1074 3132 oportet
1091 3097 1224 3130 uxorem
1242 3109 1291 3131 res
1307 3103 1489 3139 mariti,aut
1508 3112 1652 3137 maritum
1670 3118 1719 3140 res
1729 3120 1809 3142 uxo-

940 3133 998 3170 ris,
1017 3135 1182 3170 constante
1196 3142 1399 3172 matrimonio
1414 3143 1579 3175 amovisse:
1605 3156 1633 3176 at
1651 3157 1711 3181 non
1732 3160 1809 3192 qua.

936 3172 1008 3206 liter
1025 3178 1177 3220 qualiter3
1203 3180 1254 3212 sed
1271 3182 1400 3213 divortii
1418 3185 1504 3214 causa
1517 3209 1524 3222 ‚
1537 3185 1563 3216 ὅ(
1584 3186 1647 3219 hoc
1664 3190 1804 3225 stzc'ntum

933 3214 1013 3249 effe:
1036 3217 1096 3250 hac
1111 3222 1194 3253 enim
1214 3221 1316 3254 foi-ma
1333 3232 1525 3265 conceptum
1547 3227 1633 3269 supi-u
1653 3231 1714 3263 suit
1731 3233 1804 3265 Edi-

931 3256 1015 3290 Ctum
1042 3269 1082 3293 ex
1104 3261 1123 3295 ι,
1151 3272 1198 3302 25.
1223 3264 1268 3294 l).
1292 3263 1328 3298 &³
1353 3264 1371 3295 l.
1393 3275 1420 3296 τ’..
1445 3267 1477 3298 C,
1498 3267 1524 3299 h.
1542 3276 1564 3301 t.
1616 3271 1726 3304 Voluit
1750 3278 1805 3315 igi-

1754 3324 1803 3340 vir
