2036 3495
365 109 429 146 AD
457 97 485 145 L
497 107 509 145 t
521 121 550 146 n.
579 94 712 145 XXVI.
743 108 839 146 Tm
868 108 915 145 V.
939 109 1001 145 ‘De-
1015 115 1106 145 tutor.
1131 108 1174 150 ἐξ
1189 121 1288 149 curat.
1303 113 1367 151 dat.
1387 115 1424 149 ab
1438 116 1485 150 his
1500 114 1568 156 &cg

75 200 121 233 dis
144 199 311 232 'ordinibus
328 199 359 231 &
382 198 470 231 SCto
494 200 524 231 in
550 198 677 239 specie-,q
698 206 769 238 quae
794 197 895 243 exstat
916 207 946 229 a·

77 244 141 282 pud
166 241 337 281 Ulpianum
353 264 363 280 ‚
395 240 453 272 Tit.
468 250 513 272 x1.
536 240 565 281 §.
581 248 637 271 20:
659 248 725 278 quo
756 239 868 270 referri
891 240 945 271 de-

76 284 132 315 bet
149 285 167 314 l.
188 294 214 319 7.
236 282 276 313 D.
296 283 324 314 b.
343 290 365 314 t.
389 283 418 314 in
437 291 497 323 qua
521 291 579 321 pro
601 287 763 311 curatorem
790 279 945 320 Ulpianus

76 319 189 365 ¹procul
205 323 303 355 dubio
319 323 436 364 scripsit
452 329 583 355 tutorem.
629 320 685 364 Est
699 322 734 368 ¹&
759 321 836 366 aii-us
860 321 944 353 casus

74 368 155 404 apud
174 365 340 404 Ulpianum
356 367 386 398 d.
404 366 451 396 tit.
467 373 511 395 xx.
534 363 563 403 §.
582 372 630 394 22.
655 372 742 402 cujus
759 371 855 408 etiam
880 373 945 394 me-

74 407 164 439 minit
183 406 362 443 Marcianus
385 407 406 437 l.
426 415 456 442 9.
482 404 524 435 L).
546 404 575 434 b.
597 409 619 435 t.
663 403 777 435 Rursus
801 404 879 435 alius
902 409 944 435 ex

75 447 242 488 Rel'cripto
264 444 341 481 Divi
358 447 404 481 Pii
422 447 442 478 l.
461 455 490 476 2.
513 443 554 476 D.
570 446 633 491 eod.
648 447 695 483 tit.

114 489 241 521 Deinde
258 489 431 526 notandum
448 485 511 524 est,
532 486 679 525 placuiss’e
700 483 942 527 Regulam,‘(sic

71 531 156 562 enim
175 538 306 564 vocatur
328 529 346 562 l.
365 538 413 561 20.
431 528 459 570 §.
480 536 505 559 1.
524 527 566 559 D.
584 528 612 558 b.
631 529 674 569 t.)
699 527 840 559 Habenti
857 535 940 559 tuto-

72 581 139 603 rem
159 581 222 603 non
240 571 303 603 dari
321 577 460 601 tutorem
480 569 574 600 alium
592 568 620 610 §.
644 580 674 610 5.
696 566 768 607 Insi.
794 569 828 598 de
853 577 939 600 cura·

73 618 126 644 tor.
147 613 168 644 l.
186 622 233 652 27.
250 611 293 648 D.
309 612 342 642 cle
358 609 468 651 testam.
487 610 569 641 intel.
589 613 609 640 t.
626 619 655 647 9.
673 611 706 641 C.
727 608 791 652 Qui
801 614 861 654 pet.
881 615 938 640 tutss

70 653 114 686 Et
131 653 175 686 est
192 652 279 684 causa
305 651 573 694 Regultetquod
596 650 666 683 Lex
690 651 785 683 Atilia
814 650 940 682 Videtur

68 695 178 727 locuta
194 693 285 726 fuiffc
303 693 490 726 nominatim
506 693 545 724 de
562 700 692 724 tutorea
706 692 848 724 Praetore
864 693 939 724 dan-

70 738 114 767 do
137 735 184 774 ei,
215 737 268 776 qui
293 742 433 766 tutorem
457 743 520 766 non
547 734 708 765 habens&
732 734 836 766 reete:
868 743 940 765 nam

72 778 170 808 tutela
190 777 234 809 est
256 775 394 817 potestas
409 775 439 807 in
457 776 629 816 pupillum:
653 785 724 814 quae
745 784 809 806 non
835 774 941 814 potest

70 817 133 850 effe
149 818 290 857 ejusdem
317 827 415 858 penes
439 818 543 858 plures
567 818 597 847 in
623 816 767 851 solidum.
810 815 940 847 Poffimt

70 867 177 896 tamen
204 860 308 898 plures
333 867 455 890 tut-ores
481 857 568 889 fimul
592 857 656 890 dari
678 858 698 889 l.
718 867 772 900 23.
798 856 841 888 D.
865 858 892 888 h.
916 862 937 888 t.

67 899 160 932 Esto:
184 898 235 932 sed
253 900 314 932 hoc
330 899 400 931 casu
419 900 524 940 plures
539 900 632 930 unius
655 901 726 930 vice
751 898 937 939 funguntur.

69 943 112 972 At
130 942 234 981 plures
249 951 314 973 non
334 941 460 981 possunt
478 940 542 972 dari
559 939 732 979 separatim.
753 940 835 971 adeo
851 946 939 970 tutor

69 983 90 1014 fi
107 983 225 1023 petitus
250 982 347 1016 fuerit
373 981 528 1020 habenti,
561 982 612 1012 fed
635 981 763 1012 absente
786 990 827 1027 eo
855 980 937 1020 quati

68 1033 133 1056 non
158 1023 287 1056 habenti
304 1025 393 1056 datus
413 1023 468 1056 fit:
492 1024 581 1054 datio
595 1023 678 1055 nulla
697 1022 752 1054 est.
782 1021 836 1053 S1c
854 1021 938 1053 Mar-

69 1066 178 1096 cianus
201 1066 211 1096 l
246 1074 292 1097 10.
321 1064 364 1096 D.
387 1065 415 1095 h.
440 1071 462 1096 t.
494 1064 524 1096 ἀ
547 1063 714 1104 respiciens
735 1064 773 1095 ad
797 1064 938 1104 regulam

65 1105 164 1146 juris:
189 1115 262 1139 cum
279 1105 304 1138 is
322 1106 413 1138 locus
433 1105 469 1138 fit
492 1115 534 1137 ex
558 1106 623 1146 ejus
647 1105 730 1137 libro
748 1116 779 1145 5.
804 1103 940 1145 Regula-

69 1157 149 1179 rum.
581 1166 583 1169 .

108 1187 271 1221 Petendus
293 1186 449 1228 igiturest
465 1186 539 1219 fons
555 1187 672 1228 regulae
693 1188 732 1219 ab
749 1188 937 1230 interpreta-

68 1230 158 1261 tione
184 1229 275 1272 Legis
302 1229 406 1261 Atiliae
427 1240 435 1261 :
468 1229 508 1260 de
529 1237 591 1269 qua
614 1230 658 1260 ita
675 1227 868 1268 -Justinianus
887 1235 935 1267 pr.

67 1270 142 1312 InJi.
163 1272 197 1302 de
216 1269 291 1302 Acii.
314 1276 369 1302 tut.
393 1270 426 1301 Si
448 1271 496 1301 cui
513 1270 611 1301 nulius
632 1272 745 1301 omnino
771 1276 850 1302 tutor
865 1269 941 1310 fue-¹

68 1318 136 1343 rat:
157 1313 182 1343 ei
197 1312 320 1342 dabatur
339 1316 418 1342 tutor
433 1320 469 1342 ex
485 1311 563 1351 Lege
578 1311 685 1342 Atilia.
728 1311 801 1349 Ait,
826 1311 859 1342 Si
884 1311 939 1342 cui'

69 1354 168 1385 nullus
188 1353 302 1382 omnino
317 1352 422 1391 fuerat
447 1357 542 1383 tutor:
571 1352 602 1384 id
625 1351 689 1389 est,
721 1352 842 1391 nullus,
874 1360 935 1383 nec

67 1392 335 1429 testamentarius,
367 1401 427 1424 nec
446 1392 617 1434 legitimus.
659 1392 772 1438 Quid,
796 1393 818 1425 fi
844 1392 935 1425 testa-

66 1441 176 1466 mento
200 1434 290 1466 datus
313 1430 350 1465 fit
368 1438 474 1466 tutor:
499 1434 552 1466 sed
574 1433 629 1470 sub
652 1435 860 1473 conditione,
882 1442 936 1466 aut

66 1484 108 1506 ex
130 1475 206 1509 die?
229 1481 356 1514 poterat
377 1475 460 1512 dici,
483 1483 550 1506 non
575 1474 637 1506 effe
661 1475 798 1507 nullum:
828 1475 858 1507 ὅτ
890 1475 935 1507 est

66 1516 108 1548 fic
132 1515 163 1549 in
186 1515 330 1556 legitimo
349 1514 550 1555 responsum,
579 1523 714 1556 propter
736 1516 823 1557 spem
847 1516 938 1549 testa-

67 1555 230 1588 mentariae
247 1556 364 1587 tutelae.
405 1555 468 1588 Sed
490 1556 543 1587 hic
561 1556 703 1596 placuit,
725 1558 834 1589 medio
858 1558 936 1590 tem-

67 1606 145 1637 pore
168 1596 262 1629 alium
279 1596 341 1628 effe
365 1597 520 1630 dandum:
552 1597 636 1637 quasi
665 1597 769 1631 adhuc
789 1599 877 1630 nullo
904 1599 935 1632 in

68 1637 260 1675 testamento
285 1637 480 1670 constituto:
508 1646 641 1679 propter
667 1639 864 1672 manifestam
890 1644 937 1672 tea

68 1678 192 1711 statoris
209 1677 409 1711 voluntatem
433 1689 492 1720 pro
509 1679 603 1721 Lege
621 1680 731 1713 haberi
757 1680 890 1714 solitam.
912 1682 933 1714 l.

70 1729 119 1752 11.
138 1727 186 1761 pr.
208 1716 251 1751 D.
267 1722 300 1751 do
315 1718 424 1757 tesiam.
444 1726 500 1753 tut.
525 1720 658 1761 Obstat,
681 1721 821 1762 inquies,
846 1723 934 1770 quod

67 1762 183 1793 tutoris
205 1760 293 1794 datio
311 1761 356 1793 est
380 1762 464 1801 actus
490 1762 668 1804 legitimus:
690 1765 782 1804 isque
806 1764 935 1796 vitiatur

68 1802 209 1843 apposita
235 1803 422 1835 conditione
439 1811 493 1835 aut
509 1805 560 1835 die
575 1805 595 1835 l.
616 1814 665 1845 77.
682 1804 724 1836 D.
749 1806 782 1835 cle
797 1814 856 1846 reg.
870 1806 934 1844 jur.

66 1844 130 1875 Sed
150 1844 214 1884 jam
238 1844 365 1883 monui,
397 1853 471 1876 eum
496 1844 599 1876 vitiari
624 1846 813 1884 conditione
835 1847 935 1888 palam

66 1886 202 1925 adjefta3
227 1895 291 1917 non
309 1894 420 1926 acque,
444 1885 465 1918 fi
482 1887 645 1927 adjiciatur
661 1887 775 1926 tacite3
798 1895 832 1919 ut
848 1887 885 1919 fit
903 1888 938 1920 in.

66 1927 221 1967 prael‘ente
237 1926 364 1966 specie:
394 1927 425 1958 in
445 1936 506 1967 qua
530 1937 607 1968 pure
631 1929 720 1960 datus
744 1935 850 1967 tutor,
872 1928 934 1961 effe

66 1967 178 1999 definit
192 1975 298 2006 tutor,
321 1967 479 2000 existente
501 1969 686 2001 conditione
703 1977 756 2001 aut
781 1971 832 2001 die
858 1969 886 2011 §.
908 1974 933 2002 x.

66 2007 140 2047 Inli.
160 2010 193 2040 de
208 2009 282 2040 Atii.
297 2015 385 2040 tutor.
408 2019 480 2041 nam
496 2009 526 2041 ὅ(
542 2010 581 2041 ab
598 2010 740 2043 hostibus
764 2019 871 2043 tutore
888 2021 936 2042 ca-

66 2059 145 2088 pto,
168 2060 208 2081 ex
225 2049 273 2081 his
296 2050 325 2082 le
351 2051 439 2090 ibus,
462 2051 493 2082 id
516 2050 579 2089 est,
608 2051 694 2093 Lege
720 2053 834 2092 Atilia,
859 2052 935 2084 item

67 2091 155 2132 Lege
171 2091 249 2130 Julia
265 2091 295 2122 &
310 2060 419 2130 Igitia,
438 2099 526 2123 tutor
543 2093 729 2132 petebatur:
752 2094 804 2134 qui
822 2094 938 2125 define-

66 2134 120 2173 bat
136 2132 196 2163 effe
214 2132 352 2171 tutor,fi
366 2132 391 2164 is
408 2133 459 2173 qui
476 2142 587 2173 captus
601 2134 632 2165 in
650 2135 814 2166 civitatem
830 2145 936 2167 rever-

66 2172 114 2204 sus
131 2173 251 2205 fuerat:
274 2184 314 2205 eo
331 2175 421 2214 quod
440 2174 581 2207 reversus
607 2176 740 2208 tutelam
762 2176 830 2216 jure
856 2176 937 2218 post·

66 2215 177 2246 liminii
199 2214 371 2255 recipiebat
388 2215 416 2257 §.
436 2225 463 2246 2.
479 2217 506 2245 d.
526 2222 548 2247 t.

104 2255 186 2287 Illud
205 2258 297 2296 quale
312 2260 400 2297 quod
418 2259 449 2288 in
472 2257 491 2286 l.
513 2266 559 2297 15.
577 2257 619 2288 D.
635 2259 669 2287 rte
685 2258 780 2289 tutelis
797 2258 840 2289 ita
863 2258 933 2289 scri-

64 2296 112 2328 bit
131 2296 284 2338 Ulpianus
300 2306 307 2328 :
328 2297 362 2328 Si
378 2299 443 2339 quis
458 2303 536 2329 tutor
554 2297 660 2336 nonfit
675 2306 774 2340 captus
793 2301 828 2330 ab
850 2299 933 2340 bosti-

64 2340 134 2375 lmr,
154 2340 202 2375 led
225 2338 324 2378 miffar
344 2339 382 2370 ad
402 2348 446 2370 eos
467 2338 551 2380 quast
565 2339 691 2382 legatus,
719 2342 873 2372 autetiam
888 2351 931 2372 re-

63 2386 159 2419 ceptus
174 2382 209 2411 ab
223 2381 279 2417 eis,
304 2386 357 2411 ant
375 2381 589 2421 transfugerit:
611 2382 798 2423 quiasbrvus
816 2392 874 2413 non
888 2383 932 2421 ef-

61 2419 182 2459 ficitur,
206 2427 286 2452 tutor
302 2427 419 2454 manet:
434 2423 486 2462 sed
502 2423 618 2454 interim
634 2433 653 2453 a
672 2422 844 2461 Praeficiibus
860 2424 937 2454 alius

66 2465 145 2491 tutor
158 2463 284 2494 dabitur.
306 2459 387 2494 Haec
405 2461 501 2495 lectio
518 2470 605 2495 caret
619 2462 722 2501 sensu,
743 2465 852 2496 vitiata
869 2474 935 2496 non

66 2509 133 2532 uno
154 2503 265 2534 modo.
285 2511 321 2535 tu
345 2504 428 2544 petis
453 2506 641 2538 remedium.v
670 2506 812 2537 conabor
828 2507 902 2537 dare
918 2515 935 2537 a

66 2540 171 2581 specie
190 2551 271 2582 apta.
293 2546 324 2576 in
343 2552 410 2585 qua
425 2552 513 2577 tutor
532 2555 598 2586 quo
614 2549 655 2577 de
678 2548 782 2588 agitur
803 2556 868 2579 non
898 2547 935 2579 fit

65 2591 178 2621 captus
197 2583 236 2614 ab
258 2583 417 2628 hostibus.-
439 2586 492 2618 sed
514 2589 552 2618 ad
569 2587 671 2619 hostes
690 2588 810 2620 missus:
834 2587 876 2618 ita
898 2595 934 2619 ut

65 2625 208 2664 potuerit
222 2623 356 2658 hostium
373 2627 477 2659 servus
493 2627 571 2660 fieri.
589 2628 689 2660 faetus
703 2638 808 2661 tamen
827 2629 933 2660 servus

65 2674 130 2696 non
148 2664 201 2696 fit:
232 2668 339 2705 eoque
363 2669 461 2700 tutela
486 2674 526 2701 ex
549 2670 600 2701 die
623 2670 770 2703 miffionis
794 2670 933 2711 suspensa

65 2705 119 2744 fic,
142 2707 283 2751 extinEta
300 2716 365 2738 non
389 2707 435 2740 fit.
475 2709 590 2742 Talem
614 2711 753 2751 speciem
779 2711 932 2744 habebis:

63 2749 258 2786 ponentibus
281 2771 291 2786 ‚
323 2753 463 2781 tutorem
487 2752 531 2782 ob
560 2761 671 2791 pacem
694 2762 767 2785 cum
791 2753 932 2785 hostibus

62 2787 172 2828 injuffu
198 2789 312 2829 Populi
337 2789 470 2829 factam,
495 2792 581 2823 verbi
609 2793 707 2833 gratia
723 2817 732 2831 ‚
763 2803 780 2824 a
804 2794 930 2834 Populo

62 2838 116 2860 aut
132 2829 248 2861 Senatu
269 2831 461 2870 (utrumque
478 2833 664 2874 obtinuiffe,
682 2836 794 2866 docuit
811 2845 862 2866 me
879 2834 930 2865 Ci-

63 2880 142 2902 cero
158 2871 206 2902 lib.
224 2881 252 2912 3.
270 2871 316 2902 De
336 2870 435 2912 officiis
451 2880 511 2913 cop.
529 2884 578 2913 30.
605 2875 642 2910 ὅ)
665 2876 714 2907 lib.
739 2884 763 2907 1.
782 2876 829 2907 De
855 2876 930 2907 Ora-

63 2918 122 2942 tore
138 2922 163 2944 c.
186 2914 258 2952 40.)
281 2913 320 2944 ad
344 2913 450 2945 hostes
472 2914 561 2947 fuiffe
582 2916 702 2948 missum
725 2918 786 2949 illis
812 2919 931 2948 deden·

61 2953 158 2992 dum,
184 2953 236 2985 sed
258 2955 297 2985 ab
321 2954 367 2985 eis
391 2964 456 2986 non
481 2965 655 2998 receptum.
686 2967 756 2990 nam
781 2968 929 2998 receptus

59 2996 169 3034 potuit
193 2995 329 3027 hostium
352 2995 458 3027 servus
489 2995 566 3030 fieri.
590 3009 654 3031 non
681 3007 850 3038 receptus,
874 2999 929 3031 etli

59 3035 185 3074 miffus;
208 3046 273 3068 non
297 3038 420 3076 potuit:
445 3038 609 3071 deditione
631 3040 695 3072 fine
719 3040 835 3071 effectu
860 3041 930 3072 reli-

60 3076 118 3108 tta.
143 3085 251 3110 manet
264 3078 360 3119 igitur
376 3086 463 3110 tutor
479 3080 578 3119 qui&
602 3081 681 3112 civis
708 3081 738 3112 ἃ
763 3081 842 3113 liber
867 3091 928 3112 ma·

58 3125 126 3149 net.
169 3118 351 3158 Caeterum,
382 3121 531 3160 quamdiu
555 3123 711 3155 incertum
734 3122 798 3158 est.
822 3130 927 3154 utrum

58 3158 117 3190 lint
132 3160 292 3200 recepturi
318 3161 425 3192 hostes
451 3161 589 3202 missum,
611 3172 648 3195 an
674 3173 739 3195 non
764 3163 823 3195 fint
839 3187 848 3202 ‚
873 3163 927 3196 Ul-

55 3200 153 3239 piano
170 3203 310 3242 pendere
329 3203 454 3236 videtur
470 3204 584 3237 tutela:
607 3206 635 3238 δι
660 3214 701 3238 ne
725 3214 812 3242 mora
837 3206 925 3238 dete·

1797 132 1865 169 431

989 199 1055 230 rior
1070 199 1124 231 flat
1141 202 1251 240 pupilli
1269 203 1377 242 causag
1400 204 1524 237 necess'c
1538 205 1623 244 effe,
1644 207 1675 243 ei
1702 207 1830 242 interim
1848 220 1866 243 a

990 239 1171 274 Praelidibus
1202 244 1295 275 alium
1322 252 1460 278 tutorem
1483 247 1559 279 dari.
1611 247 1704 280 Hanc
1729 249 1863 290 speciem

988 282 1129 313 confinxi
1152 284 1324 316 admodum
1337 287 1480 326 juvenis:
1504 289 1533 320 δι
1550 298 1621 322 cum
1643 292 1779 331 aptanda
1796 299 1864 324 erat

988 323 1180 368 turbulentis
1203 323 1337 363 *Ulpiani
1369 329 1494 368 verbis3
1532 339 1572 361 ne
1598 332 1688 363 timui
1711 331 1862 373 quidem,

990 363 1158 402 Ulpianum
1183 366 1222 396 ad
1248 366 1332 398 hunc
1354 370 1486 401 modum
1512 372 1700 404 reformare.
1743 374 1777 405 Si
1795 377 1862 417 quis

986 409 1066 434 tutor
1081 415 1138 436 non
1147 405 1190 444 fit
1206 414 1309 447 captus
1332 411 1368 439 ab
1397 409 1541 450 hostibus,
1555 415 1610 452 sed
1631 414 1729 456 miffar
1751 417 1789 447 ad
1815 426 1860 448 eos

985 444 1068 485 quast
1081 446 1158 486 tege,
1181 447 1252 479 baut
1268 450 1355 481 etiam
1378 457 1505 492 receptus
1527 455 1562 484 ab
1585 456 1641 493 cis,
1666 458 1735 497 qnia
1751 458 1861 498 firvus

984 495 1042 516 non
1059 485 1204 527 efficitur,
1228 496 1308 521 tutor
1321 498 1434 531 monet,
1455 495 1511 532 sed
1537 495 1653 529 interim
1675 498 1752 530 olins
1780 494 1860 531 tutor

984 528 1111 560 dabitur.
1152 530 1318 575 sMagnum
1343 534 1431 573 vid-es
1456 534 1561 571 ausum
1588 537 1727 570 hominis
1749 541 1861 574 admo-

983 569 1057 600 dum
1074 570 1214 609 juvenis:
1238 572 1290 604 sed
1307 581 1357 605 me
1375 575 1441 614 ejus
1459 577 1601 609 nondum
1622 580 1711 620 piget
1726 581 1790 622 jam
1814 583 1860 615 se-

983 618 1067 641 nem.
1110 611 1249 647 Primum
1273 615 1342 654 quis
1360 615 1464 655 potest
1487 616 1541 648 hic
1563 618 1625 651 css'e
1649 621 1718 652 usus
1745 624 1861 656 verbo·

982 659 1070 697 rum,
1093 651 1176 692 quast
1196 654 1334 696 legatus?
1356 656 1450 697 plane
1467 659 1581 691 nullus.
1606 670 1676 693 narn
1693 663 1730 693 ad
1754 664 1860 699 hoste's

984 692 1089 725 missus
1105 694 1188 733 quafi
1206 696 1345 736 lega-tus,
1370 707 1544 739 numquam
1571 701 1607 733 fit
1637 701 1775 736 hostium
1799 707 1859 740 ser-

984 742 1065 764 vus:
1087 743 1200 767 contra
1217 741 1262 769 ett
1278 739 1360 779 apud
1375 739 1482 772 hostes
1505 742 1586 774 liber
1605 743 1673 783 iure
1693 742 1858 789 gentium,

984 774 1124 820 sancitus,
1157 778 1186 808 ἃ.
1210 786 1306 810 tutus.
1348 780 1449 822 Igitur
1473 783 1571 815 liceat-
1593 785 1672 817 mihi
1696 790 1780 828 apud
1798 789 1862 822 Ul-.

984 825 1113 856 pianum
1130 822 1254 851 mutare
1274 821 1368 852 verba
1393 830 1456 854 tam
1479 823 1576 865 falsa,
1607 835 1701 867 quam
1726 829 1856 865 insulsa:

982 866 1019 887 ac
1037 865 1114 896 pro,
1139 859 1221 905 qnafi
1241 861 1372 908 legatos,
1402 872 1582 905 reponere,
1612 868 1695 909 quast
1721 869 1780 912 lege
1802 869 1871 907 vel⁴

980 907 1039 944 qua
1061 898 1135 946 lege,
1163 902 1193 932 ld
1215 902 1260 933 est
1283 904 1387 943 aliqua
1408 905 1503 946 lege:
1524 908 1709 948 juvantibus
1734 914 1859 952 praeser-

982 948 1037 970 tim
1060 941 1271 980 conjecturam
1295 945 1407 986 Siglis,
1433 948 1475 990 Q.
1495 947 1532 981 L.
1558 957 1621 982 tam
1639 961 1697 992 qua
1713 950 1857 995 tege‚vel

980 979 1063 1026 qnasi
1085 982 1164 1023 lege,
1201 993 1309 1032 quam⁴
1326 986 1408 1028 quasi
1430 988 1543 1030 legatus
1557 1013 1567 1028 ,
1598 990 1858 1034 significantibus.

981 1021 1043 1052 fuit
1065 1031 1171 1071 autem
1190 1023 1333 1071 L1brario
1349 1030 1525 1068 proclivius
1552 1031 1689 1066 scribere
1711 1036 1794 1076 quasi
1815 1038 1855 1070 le->

979 1069 1086 1111 gotusg
1120 1065 1311 1106 existimanti
1363 1069 1429 1101 hoc
1462 1073 1559 1114 magis
1585 1081 1759 1109 convenire
1786 1079 1855 1113 his*

973 1106 1026 1145 sed
1042 1104 1141 1145 mzffus
1156 1108 1194 1137 ad
1209 1117 1263 1140 eos.
1282 1091 1419 1155 *V‘erum
1443 1122 1514 1153 quae
1531 1113 1592 1146 fuit
1608 1115 1762 1159 Librarii,
1787 1104 1858 1155 haec}

981 1154 1047 1176 non
1065 1146 1110 1178 est
1126 1157 1195 1193 mea
1212 1149 1363 1189 suspicio:
1388 1162 1451 1185 non
1470 1153 1647 1190 ferentibus
1663 1167 1753 1200 earn,
1776 1171 1857 1203 prae-

982 1192 1038 1233 ter⁶
1052 1185 1227 1230 superiora,
1246 1193 1373 1225 ‘caeteris
1392 1193 1521 1236 Ulpiani
1540 1198 1655 1232 verbis.
1700 1202 1777 1235 Ain’·
1794 1204 1855 1238 tu?

980 1236 1195 1276 retineamus,
1221 1235 1350 1273 quando
1368 1236 1477 1275 lubet,
1503 1237 1592 1278 haec,
1616 1241 1700 1281 quasi
1723 1238 1855 1285 legatos?

979 1270 1008 1300 ἃ
1025 1271 1096 1309 die,
1114 1273 1190 1311 quid
1207 1272 1349 1315 defignet
1364 1277 1507 1318 proxima
1526 1280 1661 1320 adjectio
1702 1291 1755 1316 aut
1767 1286 1862 1320 etiam'>

977 1317 1105 1350 receptus
1118 1314 1154 1344 ab
1168 1314 1222 1353 iis,
1245 1320 1299 1346 aut
1315 1319 1536 1360 transfugerit?
1553 1329 1616 1353 non
1633 1306 1782 1360 offendes
1798 1327 1856 1360 bo-

978 1360 1017 1382 na
1032 1350 1106 1384 fide.
1130 1361 1161 1401 at
1176 1355 1253 1388 mihi
1272 1366 1313 1389 ne
1331 1357 1400 1391 sana
1425 1361 1557 1401 quidem
1579 1362 1725 1399 videtur:
1748 1365 1856 1410 eoque

978 1401 1037 1433 pro
1053 1399 1106 1425 aut
1121 1402 1208 1427 etiam
1224 1403 1354 1443 receptus
1366 1423 1376 1439 ,
1402 1401 1495 1443 lego,
1512 1403 1586 1435 haut
1606 1406 1692 1438 etiam
1707 1416 1857 1451 receptus:

977 1442 1074 1475 atque
1092 1444 1131 1467 eo
1146 1438 1442 1482 probabilius‚quia
1457 1441 1663 1484 frequentem
1680 1449 1713 1481 in
1731 1450 1855 1494 scriptis

982 1474 1137 1509 Veterum
1161 1477 1224 1510 esse
1257 1483 1529 1521 permutationem
1552 1487 1778 1527 particularum
1801 1498 1857 1526 aut

980 1516 1010 1548 ἀ
1025 1518 1116 1556 haut,
1140 1519 1343 1555 observatum
1360 1523 1436 1557 olim
1456 1524 1500 1556 est
1519 1525 1603 1559 inter
1630 1529 1708 1563 alios
1732 1541 1749 1564 a
1772 1533 1856 1573 Jano'

979 1557 1163 1606 Rutgerfio,
1187 1560 1329 1601 lsenufin.
1344 1563 1408 1597 leet.
1431 1575 1455 1599 c.
1477 1574 1521 1607 14.
1545 1568 1576 1600 &
1594 1567 1761 1606 Gulielmo
1774 1573 1856 1610 Fore

978 1608 1068 1631 nerio
1086 1600 1135 1633 lib.
1155 1611 1185 1642 3.
1210 1603 1310 1637 Solea.
1327 1614 1350 1637 c.
1368 1606 1425 1640 ult.
1468 1606 1622 1642 Nondum
1641 1612 1707 1645 dixi
1722 1617 1856 1650 omnia?

978 1649 1130 1687 praeterea
1149 1644 1254 1676 delevi
1271 1645 1359 1687 haec,
1375 1653 1429 1679 aut
1447 1651 1772 1696 transfugerit5spuria
1789 1655 1856 1692 eff&

976 1683 1151 1732 arbltratue.
1174 1687 1311 1732 primum
1328 1711 1339 1728 ,
1369 1690 1443 1730 quia
1476 1693 1636 1735 transfuga
1658 1695 1697 1727 fit
1720 1698 1853 1739 quidem

975 1723 1034 1754 suae
1054 1724 1155 1770 hostis
1184 1733 1309 1774 patriae,
1340 1729 1372 1762 in
1397 1739 1499 1771 eaque
1522 1733 1634 1767 desinit
1665 1737 1727 1770 effe
1751 1741 1854 1784 civi83'

976 1765 1113 1797 mediam
1140 1768 1241 1807 passus
1259 1771 1372 1811 capitis
1400 1773 1654 1810 deminutionem
1673 1779 1693 1810 l.
1710 1790 1741 1821 5.
1764 1781 1794 1823 §.
1823 1793 1854 1817 1.

977 1805 1021 1837 D.
1036 1807 1070 1837 de
1092 1811 1183 1849 capite
1208 1812 1347 1844 minatis.-
1370 1812 1423 1845 sed
1448 1824 1513 1846 non
1531 1816 1654 1851 idcirco
1682 1819 1719 1852 fit
1744 1820 1854 1857 servasi

978 1855 1089 1879 eorum
1112 1858 1128 1879 a
1145 1851 1258 1892 quibus
1288 1853 1451 1895 recipitur.
1473 1857 1567 1897 quid,
1598 1859 1620 1891 fi
1641 1861 1754 1895 addam
1769 1885 1779 1903 ,
1810 1862 1853 1899 ad

976 1888 1044 1936 suo}
1065 1892 1225 1924 reversum
1243 1903 1308 1926 non
1331 1895 1448 1929 habere
1465 1899 1692 1938 postliminium
1708 1903 1727 1935 l.
1747 1914 1794 1943 14.
1805 1906 1851 1940 D.

978 1929 1068 1973 Quib.
1098 1941 1134 1963 ex
1160 1932 1238 1975 coust
1262 1937 1364 1977 major.
1394 1938 1414 1970 l.
1441 1948 1490 1976 19.
1513 1940 1542 1981 §.
1558 1951 1588 1982 4.
1615 1942 1656 1975 D.
1682 1945 1716 1975 de
1738 1948 1849 1987 captiv.

978 1978 1091 2002 contra
1108 1981 1166 2012 pro
1186 1975 1274 2007 hoste
1291 1976 1417 2018 haberi,
1441 1980 1472 2012 ἂ
1493 1990 1597 2015 morte
1614 1984 1727 2024 puniri.
1751 1986 1787 2019 Id
1797 1999 1851 2022 ve-

979 2021 1015 2042 ro
1032 2011 1053 2043 fi
1072 2012 1134 2053 est,
1157 2018 1212 2056 (ut
1228 2017 1273 2065 est·
1287 2020 1478 2053 veriffimum
1496 2033 1537 2054 ex
1558 2024 1577 2056 l.
1593 2035 1623 2067 3.
1641 2025 1669 2068 §.
1697 2036 1743 2059 10.
1767 2029 1805 2063 ὅ)
1825 2031 1849 2064 Ι.

980 2062 1009 2092 7.
1034 2053 1074 2084 D.
1104 2056 1137 2101 tie
1158 2066 1189 2088 re
1211 2059 1352 2106 niziztor.)
1375 2062 1499 2102 quaeso,
1522 2073 1585 2105 quo
1608 2069 1718 2100 colore
1740 2072 1850 2109 potuit

979 2094 1019 2124 ab
1038 2093 1175 2143 Ulpiano
1198 2100 1261 2131 dici
1286 2103 1313 2133 d.
1339 2103 1358 2133 l.
1380 2112 1425 2143 15.
1450 2104 1493 2136 D.
1520 2108 1553 2137 d'e
1575 2109 1688 2147 tutelis,
1713 2111 1849 2145 transfuss·

978 2144 1068 2176 gam,
1092 2146 1163 2182 quia
1180 2137 1283 2187 [ervua
1305 2152 1369 2175 non
1396 2144 1552 2186 efficitur,
1577 2156 1718 2182 tutorem
1742 2161 1850 2186 mane-

978 2186 1031 2216 re,
1056 2178 1085 2208 ἃ
1103 2187 1227 2223 interlin
1245 2183 1339 2216 alium
1365 2191 1504 2218 tutorem
1529 2189 1694 2222 dandum?
1716 2202 1788 2226 nam
1814 2204 1848 2229 ut

979 2226 1104 2250 maneat
1127 2220 1225 2262 hber,
1249 2225 1278 2255 &
1303 2235 1368 2257 non
1394 2227 1449 2258 fiat
1481 2227 1607 2269 servus,
1640 2239 1745 2266 tamen
1774 2233 1848 2276 quia

975 2268 1040 2307 non
1064 2270 1171 2293 manet
1194 2265 1293 2305 civis,
1325 2267 1425 2307 paffus
1448 2271 1584 2302 mediam
1607 2273 1719 2313 capitis
1749 2277 1848 2310 demi-

975 2307 1159 2341 nunonem,
1188 2314 1254 2337 non
1277 2316 1385 2339 manet
1408 2317 1506 2342 tutor.
1530 2311 1558 2352 §.
1584 2322 1614 2351 4.
1646 2314 1719 2355 lnst.
1751 2317 1844 2361 Quib.

973 2343 1046 2386 mod.
1066 2344 1146 2374 tutel.
1167 2345 1224 2385 fin.
1248 2347 1516 2383 Emendationem
1537 2353 1566 2383 <St
1581 2354 1698 2388 lensum
1717 2359 1846 2400 Ulpiani

976 2384 1074 2429 vides.
1118 2384 1367 2432 Firmamentum
1392 2393 1486 2431 petis.
1530 2393 1594 2426 Vix
1610 2396 1655 2428 est
1679 2408 1772 2439 opus.
1796 2412 1847 2435 ac-

979 2433 1051 2464 eipe
1069 2432 1172 2458 tamen
1190 2438 1206 2458 a
1223 2429 1380 2462 Cicerone
1398 2432 1456 2463 Pro
1474 2433 1607 2475 Caecina,
1630 2439 1670 2470 de
1688 2450 1721 2471 re
1740 2441 1782 2473 fic
1799 2445 1846 2476 lo-

979 2474 1096 2505 quente
1112 2477 1136 2498 c.
1154 2478 1204 2508 24.
1229 2470 1338 2512 Quid?
1360 2480 1538 2514 quempater
1559 2484 1694 2518 patratus
1710 2484 1817 2517 dedidit

977 2508 1115 2554 azitsuur
1137 2515 1222 2549 poter
1243 2513 1402 2552 populusve
1421 2518 1571 2557 vendidit,
1601 2530 1653 2562 quo
1678 2525 1703 2553 is
1721 2525 1791 2565 jure
1812 2510 1844 2558 ιιἶ

977 2554 1068 2578 mittit
1084 2552 1258 2583 civitatem?
1279 2556 1312 2584 iit
1325 2555 1459 2596 religione
1468 2557 1602 2597 solvatur
1618 2563 1726 2596 civitas
1772 2569 1844 2598 civit

977 2588 1125 2637 Romanus
1146 2594 1285 2625 traditur.
1307 2597 1357 2635 qui
1372 2606 1436 2628 curn
1452 2596 1491 2636 eli
1509 2608 1639 2642 acceptus
1654 2625 1663 2644 ‚
1686 2603 1725 2646 est
1739 2589 1844 2640 ’eorum

976 2632 1079 2671 quibus
1101 2629 1139 2678 esi
1157 2635 1292 2681 *dedita-53
1308 2635 1337 2673 fi
1352 2647 1408 2668 non
1423 2641 1588 2682 accipiunt,
1612 2651 1646 2675 ut
1667 2646 1842 2680 Mancinum

977 2671 1179 2718 Numantini,
1202 2681 1306 2707 retinet
1323 2680 1465 2719 integram
1482 2682 1595 2724 causc'zm
1613 2685 1650 2720 {9⁹
1667 2689 1719 2728 jus
1740 2690 1842 2722 civita-

975 2718 1039 2759 τις...
1069 2713 1158 2761 idem
1175 2716 1316 2749 similiter
1337 2719 1366 2750 in
1394 2720 1505 2762 Topicis
1527 2731 1588 2766 cap.
1616 2732 1643 2761 8.
1677 2728 1762 2767 Ouo,
1793 2733 1840 2762 in-

975 2759 1064 2800 quit,
1087 2765 1234 2803 itt-genere
1254 2762 1339 2790 etiam
1357 2761 1495 2795 Mancini
1506 2767 1591 2803 caulo
1606 2759 1719 2805 defenffi
1731 2771 1840 2812 potest,

969 2793 1142 2834 postliminio
1158 2799 1287 2839 reclizffe,
1311 2803 1437 2835 deditum
1454 2815 1510 2835 non
1534 2807 1601 2846 tffe3
1623 2811 1759 2847 quoniam
1781 2823 1838 2845 non

967 2834 1008 2872 fit
1025 2843 1169 2876 receptus:
1191 2849 1259 2871 nom
1277 2851 1365 2884 neque
1387 2846 1582 2885 donationem,
1607 2857 1695 2889 neque
1720 2853 1837 2885 deditio·

973 2885 1035 2907 nem
1062 2887 1108 2924 ine
1123 2883 1283 2921 acceptione
1300 2885 1423 2926 intelligi
1435 2887 1518 2927 poffe.

1015 2918 1141 2965 ssossent
1161 2922 1228 2953 haec
1250 2925 1288 2954 ad
1307 2935 1416 2957 verum
1442 2928 1611 2958 accedere:
1635 2929 1687 2961 nisi
1714 2936 1835 2969 ‘moram

972 2959 1125 3004 objiceret
1142 2962 1342 2999 Modestinus
1365 2968 1384 2998 l.
1400 2978 1429 3006 4.
1449 2968 1488 2998 D.
1509 2969 1542 2997 de
1555 2971 1679 3008 captivis
1692 2974 1720 3003 dt
1739 2975 1833 3009 Pom-

973 3009 1081 3040 ponius
1101 3003 1121 3033 l.
1140 3005 1194 3036 ult.
1214 3005 1255 3037 D.
1279 3009 1312 3037 de
1334 3009 1527 3048 legationibus.
1570 3009 1744 3046 Modestini
1766 3027 1835 3050 ver-

973 3042 1011 3072 ba
1028 3052 1067 3073 ex
1096 3044 1149 3076 lib.
1174 3056 1201 3087 3.
1228 3047 1417 3089 Regularum
1443 3048 1512 3079 talia
1537 3047 1620 3082 sunt:
1651 3052 1710 3084 Eos
1731 3059 1783 3097 qui
1799 3062 1835 3091 ab

970 3081 1093 3123 hostibus
1108 3088 1282 3126 capiuntur,
1305 3089 1350 3119 vel
1364 3087 1486 3127 hostibus
1502 3091 1663 3131 deduntur,
1679 3095 1749 3135 jure
1785 3100 1836 3141 osta

969 3124 1076 3156 liminii
1093 3131 1200 3159 reverti
1215 3131 1377 3170 antiquitus
1397 3129 1517 3167 placuit.
1561 3133 1612 3164 An
1634 3139 1685 3175 qui
1709 3139 1742 3169 ho
1770 3143 1834 3174 ibus

968 3167 1080 3197 deditus
1098 3171 1246 3209 reversus,
1270 3179 1319 3198 net*
1336 3179 1353 3199 α
1371 3171 1449 3199 nohis
1466 3177 1608 3212 receptus,
1632 3177 1705 3208 civis
1725 3180 1833 3215 Roma-

967 3215 1023 3238 nus
1032 3207 1093 3248 stt,
1116 3211 1191 3242 inter
1207 3210 1332 3242 Brutum
1351 3209 1386 3243 &²
1402 3211 1558 3245 Scaevolam
1578 3218 1658 3249 varie
1675 3220 1832 3254 tratiotum

1770 3265 1834 3297 esi?
