2036 3495
155 105 222 127 130

157 175 274 206 fiatur:
287 174 317 205 in
336 181 395 213 qua
409 172 467 203 illis
485 167 783 210 competebat&ab
801 166 950 198 intestato
969 167 1034 199 suc-

157 217 273 254 ccssi‹›‚
296 215 324 246 ὅ(
342 213 489 254 querela3
514 211 601 250 quod
618 209 675 252 hic
688 217 752 239 non
771 208 825 239 est.

202 257 344 297 Sequens
368 255 457 284 locus
475 251 536 290 est,
560 250 708 281 adversus
726 258 819 288 quem
838 249 967 289 querela
986 249 1032 281 in-

158 296 291 330 officiosi
314 292 506 333 competat?
531 299 612 332 puto
627 299 753 329 autem,
776 299 965 330 competere
983 292 1034 322 ad-

155 339 260 370 versus
288 337 440 366 heredem
467 334 616 374 scripturn
641 333 659 363 l.
682 342 729 372 25.
750 331 777 373 §.
799 341 824 363 1.
843 332 863 363 l.
884 342 931 372 27,
952 332 980 373 §.
999 342 1028 372 3.

155 381 174 410 l.
195 388 241 414 29—
263 377 301 408 D.
319 377 348 407 h.
367 382 387 407 t.
414 376 542 407 demum
560 375 644 405 adita
664 373 859 404 hereditate:
884 383 925 405 eo
943 374 1031 414 quod

152 418 338 451 hereditatis
355 417 490 458 petitio,
507 425 568 456 qua
583 415 753 446 aestimatur
769 413 936 446 inofficiosi
954 424 1030 455 que-

152 463 235 496 rela,
253 468 376 491 tantum
392 460 484 489 datur
493 457 642 489 adversus
658 465 731 488 eum
750 457 801 496 qui
820 456 1031 488 hereditatem

155 512 213 541 pro
233 501 352 533 herede
370 501 420 531 vel
440 509 499 540 pro
516 498 687 540 possessore
705 498 843 538 poffidet
858 498 877 527 l.
897 507 926 534 9.
941 498 960 528 l.
985 507 1029 530 io.

156 543 192 578 ὃ
214 552 259 574 11.
279 542 321 573 D.
339 543 372 573 de
388 543 503 572 heresiic.
519 542 600 579 petit.
627 540 698 570 talis
716 538 760 570 est
775 539 858 569 adita
875 538 1041 580 heredita,

153 595 185 616 te
197 585 290 616 hei-es
308 583 458 621 scriptiis:
476 582 495 613 si
507 583 634 621 quidem
650 581 828 621 judicetur,
847 579 1030 612 testatorem

154 636 219 657 non
246 624 386 657 hahuisse
412 623 590 655 testamenti
613 622 789 653 factionem
806 645 815 658 ,
849 621 932 661 quali
955 622 1031 652 insa-

153 678 238 699 num.
276 666 352 699 Non
372 668 413 697 ita
428 665 519 697 estin
537 665 696 695 honorum
713 663 902 704 posseffione
919 671 1033 694 contra

152 710 286 740 tabulas.
303 709 374 749 quia
395 709 463 738 haee
480 707 586 738 liberis
607 707 716 743 datur,
741 714 805 735 non
828 712 960 745 propter
978 714 1033 736 ex·

155 751 397 782 hei-edationem
412 773 420 788 ,
445 748 494 780 sed
519 755 652 787 propter
676 748 949 786 praetei·itionem;
973 755 1034 777 nec

157 792 287 833 praesert
309 792 455 822 colorem
480 789 604 820 insaniae
633 789 728 828 patris
753 797 793 819 cx
820 787 929 827 injuria
947 812 955 825 ‚
981 787 1034 819 sed

155 835 355 865 oblivionem
380 842 419 864 ex
444 831 569 863 filentio
594 830 612 860 ί.
637 830 691 860 ult.
713 829 745 859 C.
765 831 798 859 de
814 829 894 860 liber.
916 835 1030 869 praeter.

154 885 261 915 eoque
285 873 472 905 favorabilis
503 872 565 909 est,
591 880 679 902 certe
705 872 808 901 minus
831 871 940 901 odiosa
956 894 965 909 ‚
1002 872 1032 902 ἃ

155 917 300 955 quamvis
320 925 384 947 non
402 917 484 946 adita
499 913 699 950 hereditate,
723 913 823 943 modo
842 914 983 952 potuerit
1002 922 1031 943 a-

154 959 231 996 diri,
256 958 347 989 datur
362 957 508 988 adversus
527 956 663 995 lignum,
686 952 749 984 sive
769 954 916 985 adversus
940 954 1032 985 testa-

154 999 387 1031 mentitabulas
399 999 417 1030 l.
434 1009 462 1037 4.
475 996 540 1031 &L
563 1005 606 1032 19.
628 995 668 1026 D.
686 997 719 1025 de
733 996 795 1025 hon.
813 994 920 1035 paffeff.
940 1003 1032 1026 coner.

155 1043 212 1072 trib.
247 1040 349 1072 Datur
368 1041 462 1078 igitur
480 1037 608 1079 querela
626 1036 773 1068 adversus
792 1036 944 1068 heredem
962 1036 1031 1068 scri-

154 1092 264 1123 prum,
280 1084 408 1114 demum
426 1082 508 1111 adita
526 1079 711 1110 hereditate.
730 1086 761 1108 at
779 1078 931 1117 qualem?
955 1078 1032 1110 nihil

154 1124 264 1155 refert.
298 1133 368 1154 nam
398 1123 428 1154 ἀ
451 1122 471 1153 ss
498 1122 675 1159 Imperator
693 1119 728 1150 sit
747 1119 838 1150 heres
855 1118 1031 1156 institutus,

154 1166 242 1199 posse
263 1164 473 1197 inofficiosum
492 1163 572 1199 dici,
599 1161 760 1202 scepiffime
787 1159 970 1201 rescriptum
989 1161 1033 1192 est

156 1209 174 1238 ἑ.
195 1212 222 1241 8.
241 1207 260 1249 ᾗ
291 1217 318 1238 2.
341 1207 379 1237 I).
399 1207 427 1237 h.
447 1212 466 1235 t.
492 1203 618 1246 egregia
643 1204 767 1233 ratione
792 1211 860 1243 quae
885 1202 930 1233 est
948 1203 1033 1234 Pauli

155 1250 202 1279 lib.
221 1259 248 1288 4.
270 1249 398 1279 Sement.
417 1248 462 1278 iit.
477 1257 504 1286 5.
524 1245 552 1287 §
571 1254 599 1285 3.
618 1246 647 1276 in
666 1245 713 1275 his
732 1245 853 1274 vei-liis:
870 1243 1035 1275 Eumenim

154 1292 205 1332 qni
220 1291 292 1332 leges
303 1290 396 1327 facit,
413 1291 477 1329 pari
488 1287 635 1329 majestate
649 1287 757 1327 legibus
770 1286 955 1326 obtemperare
971 1296 1032 1317 con-

155 1333 247 1363 venir.
289 1331 342 1362 De
356 1339 476 1361 caetero
494 1338 555 1360 nee
571 1328 615 1359 est
628 1327 863 1365 omittendum,
880 1329 966 1367 quod
982 1328 1036 1358 he·

153 1375 239 1405 redis
264 1373 482 1413 appellatione
511 1371 540 1400 &
569 1370 693 1401 heredis
719 1368 811 1400 heres
834 1370 1035 1400 continetur:

156 1416 229 1454 quia
246 1414 457 1446 hereditatem
471 1412 509 1442 ab
526 1411 644 1442 herede
659 1418 843 1449 acceptam,
855 1411 921 1451 ejus
938 1413 1036 1441 modo

154 1456 304 1497 poffidet.
330 1457 425 1495 idque
443 1455 472 1485 ἃ
490 1455 529 1484 de
545 1452 625 1484 fisco
643 1452 814 1482 dicendum
831 1452 849 1481 l.
865 1453 998 1484 10.C.b.
1015 1458 1036 1483 t.

197 1498 300 1529 Porro
327 1505 453 1533 tempus
478 1494 540 1531 est,
566 1493 710 1530 ostendi,
735 1493 811 1532 quid
836 1493 866 1524 ὅ(
882 1502 1035 1534 quantum

155 1539 284 1579 querela
301 1535 468 1569 inofficiosi
489 1543 624 1574 petatur.
642 1544 714 1565 cum
732 1543 810 1565 vero
828 1534 863 1566 iit
881 1535 1035 1566 heredita·

153 1582 193 1611 tis
211 1580 327 1619 petitio
343 1588 382 1610 ex
400 1577 488 1609 causa
497 1578 536 1608 de
548 1575 747 1608 inofficioso:
763 1585 912 1616 apparet,
930 1586 964 1607 ea
982 1577 1035 1607 he-

155 1623 328 1653 reditatem
355 1630 394 1651 ei<
415 1621 484 1660 lege
507 1618 546 1649 ab
563 1618 712 1649 intestato
733 1619 818 1656 peti,
844 1618 969 1649 rescisso
985 1627 1032 1649 te-

153 1663 313 1695 stamento
331 1660 413 1701 quasi
431 1671 445 1691 a
461 1658 583 1691 furioso
602 1658 689 1690 fatto
706 1659 871 1690 inutiliter.
896 1661 1033 1699 proinde

153 1704 175 1736 si
194 1702 488 1735 unussittessatoris
505 1701 604 1737 filius,
621 1702 707 1731 idem
723 1700 949 1738 exheredatus,
967 1711 1032 1733 non

155 1746 201 1777 est
218 1746 368 1780 dubium,
388 1745 462 1784 quin
482 1744 505 1774 is
523 1743 685 1779 vindicet,
706 1750 806 1772 totam
821 1741 1033 1775 hereditatem

155 1788 240 1819 suam
262 1786 341 1818 esse:
356 1785 397 1818 fin
419 1786 522 1826 plures
540 1783 619 1821 sint,
639 1791 760 1813 tantum
779 1784 912 1823 quisque
925 1793 1034 1824 petat,

156 1837 309 1869 quantum
335 1827 501 1859 habiturus
528 1824 623 1859 esset,
650 1833 738 1864 patre
756 1823 818 1855 fine
843 1825 1034 1857 testamento

157 1880 297 1901 mni-tuo.
322 1868 355 1900 Id
374 1869 506 1899 rationis
522 1867 582 1898 est:
608 1866 637 1897 &
655 1864 821 1897 manifeste
840 1868 936 1898 docet
957 1868 1032 1898 Pau-

158 1914 205 1944 ius
223 1912 241 1943 l.
265 1921 310 1947 19.
335 1910 363 1941 J)
391 1911 418 1940 h.
436 1915 456 1939 t.
480 1918 549 1940 nam
569 1916 669 1939 matre
687 1906 856 1946 defuncta,
879 1909 919 1939 ab
937 1919 1038 1949 eaque

158 1964 198 1984 ex
216 1954 335 1984 duabus
355 1951 478 1983 filiabus
506 1959 566 1981 una
591 1949 769 1990 przeteiita,
798 1950 895 1980 altera
920 1949 1038 1982 herede

158 1995 318 2033 instituta,
336 1995 377 2024 ait
393 1993 584 2031 praeteritam
603 2000 665 2021 non
685 1990 803 2021 deber(¹
821 1999 920 2023 totam
939 1993 1038 2024 vindi-

158 2047 232 2068 care
251 2035 481 2073 hereditatem,
507 2033 559 2063 scd
588 2031 758 2069 semissem3
784 2032 854 2072 quia
874 2034 1039 2074 utriusque

159 2079 288 2119 portin,
305 2086 405 2108 mati-e
417 2076 479 2107 fine
496 2074 686 2106 testamento
702 2082 844 2112 mortua,
863 2085 904 2106 ex
920 2075 989 2116 lege
1000 2077 1038 2107 ab

154 2119 308 2151 intestato
326 2118 406 2150 intra
426 2116 576 2148 semiffem
598 2115 780 2147 subsisteret.
808 2116 860 2147 Est
877 2116 907 2148 id
926 2119 1038 2157 explo-

157 2162 215 2193 rati
233 2161 325 2201 juris,
343 2160 394 2190 ubi
407 2160 532 2190 duobus
543 2158 760 2194 exheredatis,
780 2158 1039 2198 utriquelicetad

157 2202 325 2234 inofficiosi
337 2201 571 2232 accusationem
585 2200 694 2230 venii-e
710 2199 859 2240 parijure.
876 2209 942 2231 tum
955 2202 1039 2232 enim

157 2255 224 2275 uno
241 2245 430 2284 repudiante
447 2243 607 2282 querelam
619 2264 628 2279 ‚
644 2249 696 2271 aut
713 2241 751 2271 ab
769 2250 805 2270 ea
823 2249 969 2282 tempore
987 2251 1040 2274 aut

157 2296 223 2325 quo
241 2287 304 2317 alio
323 2286 422 2316 modo
440 2283 584 2324 repulso,
607 2282 768 2312 accrescet
791 2282 882 2314 alteri
900 2293 969 2323 pars
987 2285 1039 2315 de·

157 2328 316 2359 ficientis:
341 2326 484 2367 prorsus,
510 2333 544 2356 ut
562 2326 615 2364 qui
633 2324 672 2355 ab
691 2323 783 2354 initio
803 2332 925 2356 tantum
946 2334 1038 2365 pote-

157 2378 205 2401 rat
230 2377 351 2409 partem
377 2375 505 2408 petere,
531 2375 617 2397 nunc
640 2365 733 2404 poffit
756 2373 856 2397 totam
877 2368 1039 2399 vindicare

157 2411 370 2442 hereditatem
382 2433 391 2446 ,
408 2409 522 2447 partim
536 2407 763 2448 propriojure‚
781 2408 894 2446 partim
908 2409 976 2448 jure
991 2419 1039 2439 ac-

159 2451 339 2483 crescendi:
356 2450 431 2481 sicut
449 2449 590 2480 futurum
603 2447 698 2485 esset,
715 2447 734 2479 fi
752 2448 979 2487 paterfamilias
999 2451 1039 2481 ab

158 2493 251 2524 initio
277 2491 439 2524 intestatus
464 2500 609 2522 mortuus
635 2489 711 2521 ess'et
728 2491 744 2520 l.
762 2499 788 2525 9.
809 2490 848 2521 D.
872 2494 904 2521 de
925 2491 984 2528 licis
1003 2492 1039 2526 ὅ)

159 2535 280 2575 legitimi.
298 2534 387 2564 hfred.
431 2531 484 2563 Est
501 2541 605 2563 tamen
625 2532 688 2562 hoc
711 2541 773 2562 non
794 2541 894 2571 usque
911 2543 1038 2572 quaque

160 2584 291 2606 verum:
316 2575 343 2605 ἃ
371 2575 445 2605 ideo
470 2583 530 2605 nec
553 2573 615 2604 sine
641 2573 863 2604 moderatione
880 2576 1037 2614 accipien-

160 2617 246 2648 dum.
265 2624 329 2646 tum
342 2617 425 2646 enim
444 2617 581 2646 maxime
598 2615 744 2655 procedit
756 2638 765 2652 ,
782 2615 834 2645 ubi
846 2616 971 2647 duo'ous
985 2626 1037 2647 ex-

158 2657 337 2693 heredatis,
356 2658 480 2696 uti-ique
496 2657 535 2687 ab
554 2656 701 2696 initiojus
719 2655 799 2693 fuit,
818 2658 856 2686 ad
874 2658 1035 2695 querelam

159 2700 331 2730 accedere:
356 2697 496 2737 legitima
514 2698 665 2737 portione
685 2700 786 2728 neutri
803 2698 921 2730 reliCta.
947 2701 1036 2731 nimi-

159 2750 248 2777 rum,
266 2738 337 2778 quia
347 2745 413 2769 tum
431 2747 566 2778 uterque
582 2742 700 2778 pariter
714 2740 753 2769 ad
765 2739 973 2772 hereditatem
994 2742 1036 2772 le-

157 2781 300 2824 gitimam
320 2787 461 2810 vocatur.
486 2780 514 2810 &
530 2781 629 2817 alter,
648 2780 668 2811 fi
688 2781 850 2820 querelam
871 2784 1037 2821 repudiet,

158 2823 332 2865 legitimam
356 2820 501 2860 repudiat
526 2822 736 2852 hereditatem
762 2823 800 2854 ad
822 2832 916 2863 quam
945 2825 1038 2854 unice

159 2873 290 2906 poterat
309 2872 365 2902 per
382 2862 544 2905 querelam
565 2862 737 2901 adspirare:
761 2865 840 2894 alter
857 2871 990 2903 contra,
1016 2864 1036 2896 fi

157 2908 196 2938 ad
213 2906 374 2946 querelam
388 2910 512 2940 veniat,
529 2902 714 2944 intelligitur
732 2905 903 2945 legitimam
920 2907 1035 2937 retine-

158 2958 194 2980 re
215 2946 437 2978 hereditatem.
461 2944 588 2983 optimo
613 2945 707 2985 igitur
727 2947 795 2984 iure
820 2948 848 2976 ei
874 2947 1036 2979 accrescat

157 2990 268 3030 portio
287 2987 448 3028 querelam
466 2985 678 3026 repudiantis,
697 2996 746 3016 aut
766 2988 805 3017 ab
820 2997 857 3018 ea
874 2989 989 3020 exclusi
1006 2999 1034 3020 a·

157 3031 239 3063 liter.
266 3029 340 3061 Hoc
357 3028 417 3059 iter
434 3035 522 3058 tenet
540 3026 651 3057 Paulus
670 3028 688 3057 l.
706 3037 753 3067 23.
771 3029 799 3068 §.
817 3031 870 3060 ult.
892 3030 928 3064 ὅ)
946 3031 963 3060 l.
988 3040 1032 3070 17.

156 3072 200 3104 D.
218 3073 235 3103 l)
262 3078 282 3102 t.
312 3069 385 3102 Nec
408 3068 543 3100 obstruit
567 3068 598 3098 id
622 3065 776 3107 Ulpianus
794 3069 812 3099 l.
829 3075 855 3104 8.
874 3071 902 3111 §.
923 3076 941 3106 8
973 3073 1032 3104 eod,

158 3115 203 3144 tit.
225 3122 296 3144 nam
312 3120 347 3143 ut
365 3119 526 3151 proponat
543 3110 623 3140 duos
642 3109 876 3149 exheredatos,
894 3112 973 3143 ficut
989 3113 1035 3144 fe.

157 3155 202 3186 cit
225 3163 354 3194 quoque
373 3153 500 3183 Paulus:
528 3151 654 3182 interim
672 3151 735 3182 alio
753 3152 850 3181 modo
866 3158 1033 3193 proponit,

155 3205 229 3229 nam
245 3196 277 3228 in
303 3195 387 3227 Pauli
405 3193 509 3235 specie
526 3193 630 3226 neutri
646 3191 755 3225 reliCta
770 3190 815 3224 est
830 3194 939 3233 portio
958 3195 1030 3236 legi-

184 71 278 103 Μ’
595 78 1258 116 GERARD1Noonr

1317 78 1344 114 C
1376 91 1397 116 0
1431 92 1458 116 M
1493 91 1531 116 M.

1078 169 1172 209 tima,
1191 170 1221 202 <St
1241 170 1315 203 ideo
1331 172 1458 212 utrique
1474 172 1513 202 ab
1530 171 1622 202 initio
1638 171 1798 211 competit
1810 171 1949 212 querela:

1077 219 1191 256 contra
1208 214 1237 245 in
1257 214 1379 253 Ulpiani
1397 212 1500 253 specie
1524 213 1577 244 uni
1595 212 1703 243 relicta
1720 211 1765 242 est
1781 212 1887 252 portio
1906 212 1950 244 le-

1076 253 1205 292 gitima,
1227 263 1279 286 aut
1297 256 1414 294 aliquid
1431 264 1488 295 pro
1508 264 1563 292 ea,
1586 262 1691 293 eoque
1707 253 1791 284 nulla
1806 253 1896 293 huius
1911 254 1951 286 ab

1078 293 1171 325 initio
1188 294 1233 326 est
1251 298 1390 336 querela.
1423 295 1500 327 Inde
1517 304 1602 327 nunc
1618 295 1770 335 quaeritur
1785 297 1816 326 in
1832 298 1860 326 d.
1876 293 1904 336 §.
1921 299 1952 329 8.

1075 337 1346 374 quemadmodum
1368 337 1547 370 aestimanda
1564 336 1599 368 fit
1622 337 1674 367 illa
1698 337 1817 377 portio.
1853 337 1951 375 pluri-

1075 384 1161 408 mum
1181 380 1265 410 enim
1283 379 1402 418 refert,
1419 387 1522 411 utrum
1540 378 1622 409 {blus
1636 377 1689 415 sit,
1713 378 1763 408 cui
1785 377 1891 408 relicta
1907 377 1953 409 est

1075 417 1127 448 illa
1151 418 1258 458 portio
1285 421 1336 451 seu
1354 429 1485 462 quarra3
1510 430 1547 452 an
1565 419 1645 450 alius
1662 420 1690 450 ei
1707 418 1803 449 faciat
1819 427 1952 458 partem'.

1076 467 1147 490 nam
1165 459 1185 490 si
1204 460 1287 492 solus
1308 462 1363 501 fit,
1388 463 1519 493 babebit
1535 469 1678 502 quartam
1700 460 1785 498 affis3
1809 461 1952 499 alioquin

1075 508 1216 539 quartani
1236 502 1369 535 semiffis.
1387 513 1489 535 utrum
1505 504 1600 544 igitur
1614 510 1736 542 partem
1754 500 1879 532 ei'facit
1892 500 1953 532 fra-a

1076 550 1124 587 ter
1134 541 1317 582 simpliciter
1331 546 1542 576 exheredatus
1553 545 1569 576 ἱ)
1586 545 1627 575 ait
1642 542 1812 583 Ulpianus,
1829 541 1950 574 facere)

1075 583 1169 623 igitur
1180 593 1242 614 non
1261 586 1325 616 vult
1337 608 1346 623 ‚
1361 587 1389 617 ei
1407 588 1515 618 deberi
1533 593 1675 625 quartam
1694 584 1760 616 affis
1772 607 1780 622 ,
1799 584 1851 616 sed
1863 593 1954 624 quari-

1077 631 1140 655 tam
1160 623 1301 656 semiffis:
1317 628 1390 666 quia
1406 635 1515 667 putat,
1533 627 1662 659 frati-em
1678 626 1907 657 exheredatum
1922 626 1954 657 ei

1077 674 1202 705 partem
1222 665 1339 698 facere.
1377 669 1505 708 utique,
1529 669 1548 700 fi
1566 669 1718 709 queritur.
1741 670 1827 705 imo,
1850 667 1870 698 si
1889 674 1956 698 non

1078 709 1230 746 queritur.
1249 708 1374 748 quaeso,
1399 719 1464 750 quo
1481 709 1698 751 argumento?
1721 718 1856 750 nempe,
1881 709 1955 748 quia

1077 750 1290 780 exheredatus
1301 750 1473 790 legitimam
1484 751 1601 783 habens
1612 749 1808 791 portionem,
1820 759 1875 791 per
1885 757 1954 780 eam

1077 789 1123 821 est
1138 790 1283 821 exclusus
1299 800 1315 821 a
1333 793 1462 831 querela
1477 802 1534 832 per
1550 802 1646 832 quam*
1660 793 1698 823 ad
1715 793 1889 833 legitimam
1901 792 1955 822 he*-

1076 832 1245 864 reditatem
1264 832 1342 863 effet
1361 843 1523 865 venturus.
1548 842 1643 874 atque
1658 840 1692 864 ut
1708 842 1772 864 non
1790 832 1894 873 potest
1911 834 1954 864 le-

1075 873 1216 913 gitimam
1242 873 1453 906 hereditatem
1478 875 1517 905 ah
1541 875 1691 906 intestato
1707 884 1747 907 ex
1766 875 1837 913 lege
1854 874 1956 905 vindi-

1076 923 1149 944 care
1165 923 1222 953 per
1237 915 1418 955 querelam:
1434 916 1476 947 ita
1493 923 1644 956 apparet,
1662 924 1727 947 non
1738 915 1825 955 posse
1835 917 1862 946 ei
1874 939 1883 953 ‚
1899 918 1955 946 de·

1075 955 1207 986 ficiente
1226 957 1423 988 exheredato
1438 956 1559 996 fratre,
1576 965 1765 995 competere
1778 958 1825 997 jus
1844 958 1955 988 adcre-

1076 997 1200 1042 scendi:
1220 1007 1391 1036 numquam
1411 999 1581 1037 obtinens,
1606 998 1659 1030 nisi
1675 997 1759 1029 inter
1776 999 1899 1039 plures,
1916 998 1956 1030 ad

1076 1038 1288 1085 hereditatem
1301 1040 1363 1071 sive
1382 1041 1555 1081 legitimam
1569 1064 1577 1078 ‚
1594 1040 1658 1072 five
1670 1039 1956 1079 testamentariam,

1078 1088 1194 1121 pariter
1212 1090 1356 1112 vocatos.

1120 1121 1244 1161 Restat,
1256 1130 1290 1154 ut
1307 1124 1348 1154 de
1363 1121 1479 1153 effectu
1497 1123 1636 1161 querelae
1652 1123 1861 1163 disputemus.
1877 1123 1904 1155 is
1919 1123 1958 1155 ad

1078 1163 1143 1194 ‹luo
1162 1163 1294 1195 recidit:
1322 1164 1458 1203 primum
1477 1164 1539 1201 est,
1559 1172 1592 1195 ut
1611 1164 1855 1203 testamentum,
1878 1170 1958 1196 tam²

1078 1212 1171 1244 quam
1182 1205 1339 1237 ahinsano
1350 1205 1695 1243 factumffescindatur:
1710 1206 1959 1245 alterum‚utde'-

1077 1246 1176 1278 functi
1197 1247 1353 1279 hereditas
1377 1257 1416 1278 ex
1440 1247 1510 1287 lege
1528 1247 1567 1278 ab
1592 1246 1741 1278 intestato
1758 1248 1953 1279 obtineatur.

1078 1289 1109 1319 id
1121 1311 1129 1325 ,
1142 1297 1182 1318 ne
1192 1289 1230 1319 ad
1242 1297 1349 1328 partes
1361 1297 1479 1319 vocem
1489 1289 1636 1329 aliosjam
1647 1288 1822 1328 adductos,
1838 1288 1958 1320 indicat

1080 1328 1299 1368 Ulpianusl.8.
1317 1329 1345 1372 §
1362 1334 1406 1361 16.
1425 1330 1451 1360 h.
1470 1336 1490 1360 t.
1512 1331 1546 1360 32·
1558 1353 1566 1367 ,
1584 1332 1749 1369 inquiens,
1765 1339 1801 1361 ex
1818 1336 1905 1366 caula
1922 1331 1956 1361 de

1079 1369 1231 1410 inofficiolo
1245 1373 1410 1413 cognoverit
1424 1370 1527 1412 Judex
1546 1370 1583 1405 ὣς
1603 1373 1842 1411 pronunciaverit
1856 1377 1955 1403 contr}

1080 1411 1280 1453 testamentum
1290 1436 1299 1451 ,
1317 1422 1368 1443 nec
1376 1414 1474 1451 fuerit
1484 1420 1675 1452 provocatum
1683 1423 1693 1442 .·
1708 1413 1765 1454 iplb
1779 1414 1847 1454 jure
1860 1414 1958 1453 rescis-

1073 1455 1141 1495 sum
1158 1453 1196 1494 est
1208 1478 1218 1493 ,
1242 1454 1279 1488 ὅ)
1292 1457 1363 1492 luzis
1381 1456 1459 1484 heres
1473 1456 1545 1491 erit,
1567 1457 1723 1492 secundum
1740 1464 1824 1495 quem
1836 1455 1957 1495 judica-

1080 1502 1143 1526 tum
1160 1494 1217 1536 est,
1242 1494 1279 1530 &²
1303 1497 1438 1526 honorum
1458 1495 1609 1536 poffeffor,
1624 1495 1653 1534 fi
1677 1496 1727 1526 hoc
1751 1495 1872 1527 scilicet
1893 1495 1956 1536 (fic

1077 1538 1172 1578 lego,
1197 1547 1256 1578 pro
1270 1538 1323 1576 se)
1345 1538 1501 1567 contendit.
1549 1536 1623 1568 Non
1653 1546 1757 1568 tamen
1778 1536 1901 1577 semper
1922 1536 1956 1567 in

1078 1588 1183 1610 totum
1202 1578 1388 1609 rescinditur
1406 1578 1638 1610 testamentum.
1671 1579 1841 1618 aliquando
1865 1587 1956 1609 ever·

1076 1619 1153 1651 titur
1172 1629 1230 1660 pro
1247 1628 1336 1660 parte
1352 1628 1485 1651 tantum.
1524 1619 1568 1651 Ut
1585 1629 1633 1652 res
1649 1621 1799 1659 exemplo
1817 1620 1957 1659 liqueat,

1077 1671 1154 1693 unus
1170 1662 1208 1691 ab
1228 1661 1378 1692 intestato
1407 1662 1498 1692 heres
1516 1663 1645 1702 quei-ela
1663 1671 1760 1702 agens
1779 1669 1881 1691 totam
1901 1664 1956 1700 pe'-

1077 1704 1115 1734 tit
1135 1703 1364 1738 hereditatem;
1390 1702 1419 1734 &
1443 1704 1472 1733 in
1492 1711 1598 1734 totum
1617 1703 1767 1734 rescindit
1787 1701 1955 1734 testamen⁴

1077 1752 1160 1776 tum:
1186 1743 1333 1784 solusque
1353 1744 1387 1775 fit
1406 1744 1444 1774 ab
1462 1744 1612 1776 intestato
1631 1745 1742 1783 heres3
1764 1743 1842 1775 ficut
1861 1744 1954 1774 heres

1077 1786 1160 1817 solus
1178 1785 1302 1823 fuisset,
1320 1787 1408 1817 nullo
1420 1785 1507 1817 fatto
1523 1786 1725 1818 testamento.
1743 1785 1830 1825 quod
1848 1784 1868 1816 si
1887 1785 1956 1825 plu-

1077 1836 1126 1858 res
1144 1826 1264 1859 fuerint
1283 1828 1322 1858 ab
1340 1826 1491 1858 intestato
1505 1828 1659 1866 heredes;
1683 1829 1712 1858 dt
1729 1836 1808 1858 unus
1824 1826 1958 1858 exhere-

1082 1870 1174 1899 datus
1199 1869 1239 1899 de
1263 1867 1445 1900 inofficioso
1469 1878 1639 1909 queratur:
1664 1869 1687 1900 is
1712 1868 1790 1900 sicut
1809 1877 1850 1899 ex
1867 1870 1958 1908 pai-te

1082 1910 1162 1949 petit
1179 1910 1408 1948 hereditatem
1429 1912 1470 1941 ita
1491 1910 1713 1942 testamentum
1726 1920 1785 1950 pro
1804 1918 1893 1950 parte
1911 1918 1960 1939 re-

1082 1951 1214 1990 scindit,
1239 1961 1345 1991 eoque
1369 1951 1629 1991 patremfamilias
1654 1961 1712 1991 pro
1729 1959 1817 1991 parte
1833 1949 1959 1981 intesta-

1083 2001 1149 2025 tum
1163 2017 1171 2032 ,
1196 2002 1255 2031 pro
1273 2002 1362 2032 parte
1380 1992 1526 2025 testatum
1544 1993 1641 2025 efficit
1660 1993 1678 2023 l.
1699 2002 1745 2028 19-
1762 1993 1780 2022 l.
1796 1991 1882 2033 15.·§.
1901 1991 1957 2022 ult.

1081 2036 1109 2065 h.
1130 2041 1150 2065 t.
1184 2034 1293 2066 Potest
1309 2035 1403 2066 etiam
1419 2037 1548 2065 evenire
1564 2037 1647 2065 circa
1662 2032 1830 2065 inofficiosi
1846 2041 1959 2073 quere-

1083 2077 1161 2107 lam:
1178 2085 1210 2106 nt
1228 2076 1258 2107 in
1278 2086 1337 2108 una
1354 2084 1451 2117 atque
1468 2078 1578 2107 eadem
1598 2075 1686 2106 eausa
1705 2073 1833 2106 diversae
1852 2073 1960 2114 profe-

1082 2126 1190 2149 rantur
1208 2117 1379 2149 sententiae.
1397 2118 1471 2156 quid
1483 2118 1586 2154 enim,
1602 2116 1622 2148 si
1639 2116 1736 2148 fratre
1754 2124 1887 2157 agente.
1906 2115 1960 2146 he-

1083 2161 1174 2190 redes
1193 2159 1297 2198 scripti
1318 2159 1511 2199 diverfijui·is
1528 2159 1674 2190 fuerint?
1690 2158 1855 2199 (exempla
1870 2155 1960 2197 supra

1083 2201 1175 2240 dedi)
1192 2201 1236 2231 ait
1253 2201 1426 2240 Ulpianus,
1452 2201 1514 2231 hoe
1532 2200 1552 2232 fi
1568 2200 1681 2232 fuerit:
1705 2200 1804 2231 videri
1821 2207 1959 2240 patrem-

1081 2241 1216 2274 familias
1233 2252 1291 2282 pro
1308 2251 1398 2283 parte
1416 2241 1562 2274 testatum
1574 2265 1582 2280 ‚
1602 2251 1660 2282 pro
1671 2249 1760 2283 parte
1776 2240 1959 2272 intestatum

1083 2283 1242 2315 deceflisse
1254 2284 1272 2314 l.
1284 2294 1330 2323 24.
1342 2284 1399 2315 lm.
1425 2283 1542 2315 Nescio
1557 2293 1595 2315 an
1612 2284 1651 2314 ab
1667 2284 1782 2314 eodem
1793 2282 1887 2313 fonte
1903 2280 1958 2320 fit,

1082 2326 1170 2364 quod
1195 2323 1347 2365 Ulpianus
1363 2326 1381 2356 l.
1399 2329 1429 2357 6.
1447 2325 1475 2367 §.
1497 2335 1522 2357 1.
1541 2326 1568 2356 h.
1587 2331 1607 2356 t.
1633 2324 1759 2362 scribit,
1780 2324 1809 2355 Si
1830 2325 1900 2363 quis
1917 2332 1958 2354 eit

1083 2366 1129 2398 his
1149 2366 1288 2406 personis
1307 2377 1377 2408 quae
1388 2367 1711 2398 adiuccesfionemab
1727 2364 1877 2396 intestato
1895 2373 1959 2395 non

1083 2408 1310 2446 admittuntur,
1335 2410 1374 2440 de
1391 2408 1570 2440 inofficioso
1591 2408 1709 2448 egerit,
1733 2407 1850 2447 (nemo
1874 2407 1958 2438 enim

1083 2459 1154 2480 eum
1175 2450 1330 2490 repellit)
1350 2450 1378 2481 &
1397 2449 1467 2480 casu
1485 2449 1681 2481 obtinuerit:
1699 2458 1764 2479 non
1782 2449 1811 2479 ei
1830 2449 1959 2487 prodes-

1082 2490 1111 2522 se
1129 2491 1293 2522 victoriam
1307 2514 1315 2529 ,
1334 2491 1386 2523 sed
1404 2491 1450 2522 his
1463 2493 1515 2530 qui
1535 2491 1655 2521 habent
1672 2490 1711 2521 ab
1730 2489 1880 2521 intestato
1893 2489 1958 2519 suc-
2006 2518 2008 2521 ,

1081 2533 1264 2564 ceffionem.
1288 2532 1340 2563 sed
1359 2533 1473 2563 dehoc
1488 2532 1560 2563 alibi
1579 2531 1676 2572 supra.
1697 2532 1836 2568 Contra,
1853 2530 1874 2562 fi
1893 2531 1957 2560 duo

1081 2573 1139 2605 fint
1159 2572 1211 2605 filii
1229 2573 1436 2612 exheredati,
1454 2574 1483 2604 ἀ
1499 2573 1594 2604 ambo
1610 2576 1650 2604 de
1669 2572 1850 2604 inofficioso
1869 2571 1958 2603 testa-

1081 2623 1192 2646 mento
1206 2616 1349 2655 egerint,
1373 2616 1403 2646 ἃ
1422 2624 1500 2646 unus
1518 2614 1626 2655 postea
1647 2614 1868 2652 constituerit,
1893 2623 1959 2644 non

1081 2665 1191 2697 agere:
1217 2657 1260 2687 ait
1285 2657 1415 2694 Paulus,
1438 2656 1505 2697 ejus
1523 2664 1645 2696 partem
1667 2656 1756 2686 alteri
1776 2654 1959 2686 accrescere

1081 2698 1099 2728 l.
1118 2708 1167 2738 23.
1182 2697 1209 2739 §.
1223 2707 1249 2729 2.
1260 2698 1288 2729 h.
1308 2705 1328 2728 τ.
1352 2697 1434 2737 quasi
1452 2700 1558 2737 (qnod
1578 2699 1661 2729 idem
1682 2696 1794 2729 Paulus
1811 2695 1958 2727 observat

1080 2740 1099 2770 l.
1115 2749 1160 2778 ¹7·
1177 2741 1254 2779 eod.)
1280 2738 1480 2770 Centumviri
1499 2740 1582 2770 hunc
1594 2739 1692 2770 solum
1711 2738 1809 2770 filium
1821 2740 1850 2769 in
1864 2738 1957 2769 rebus

1081 2780 1226 2812 humanis
1252 2780 1314 2811 effe
1339 2790 1444 2821 nunc,
1467 2790 1561 2820 cum,
1585 2779 1732 2813 facerent
1754 2779 1954 2815 intestatum,

1081 2822 1285 2853 crediderint.

1123 2863 1250 2894 Summa
1267 2862 1331 2902 est3
1347 2864 1454 2902 quod,
1471 2862 1597 2895 rescisso
1614 2873 1671 2905 pei·
1686 2863 1850 2904 querelam
1868 2861 1957 2893 testa·

1080 2912 1209 2941 mento,
1233 2904 1322 2935 causa
1345 2904 1447 2936 testati
1464 2906 1502 2936 ad
1524 2905 1644 2937 causam
1668 2904 1805 2936 intestati
1829 2902 1958 2936 deduci-

1080 2955 1149 2984 tur,
1174 2947 1346 2982 aliquando
1372 2947 1402 2977 in
1430 2954 1557 2983 toturn,
1582 2947 1753 2987 aliquando
1779 2955 1838 2985 pro
1856 2952 1956 2982 parte.

1079 2987 1120 3019 sic
1132 2997 1208 3018 vero
1226 2986 1279 3019 fit:
1298 2997 1331 3018 ut
1347 2987 1399 3027 qui
1413 2987 1504 3019 heres
1519 2995 1593 3019 ante
1608 2988 1685 3025 fnit,
1703 2986 1819 3018 ‹iefinat
1829 2985 1891 3016 esse
1906 2984 1959 3014 he-

1078 3039 1126 3061 res
1143 3030 1161 3060 l.
1173 3038 1221 3069 31.
1237 3028 1276 3060 D.
1292 3031 1325 3059 de
1340 3029 1394 3060 vul
1416 3053 1422 3059 .
1439 3028 1476 3063 &³
1489 3029 1581 3070 pupil.
1593 3027 1709 3070 Jubftz'c.
1735 3035 1873 3064 vereque
1885 3024 1954 3054 scri-

1079 3072 1134 3101 bat
1158 3070 1271 3101 Paulus
1287 3070 1305 3100 l.
1324 3079 1373 3102 21.
1389 3038 1418 3112 ξ.
1439 3080 1467 3101 2.
1487 3071 1514 3101 h.
1532 3077 1552 3101 t.
1577 3072 1677 3101 evicta
1704 3067 1880 3100 hereditate
1897 3073 1954 3105 per

1080 3111 1247 3144 inofficiosi
1264 3113 1426 3152 querelam
1438 3135 1447 3148 ,
1470 3120 1623 3152 oportere
1640 3111 1678 3141 ab
1699 3108 1817 3153 herede
1832 3105 1954 3137 institu-

1078 3162 1113 3184 to
1130 3154 1264 3194 perinde
1279 3152 1437 3184 observari
1455 3154 1581 3191 omnia,
1597 3161 1633 3183 ac
1649 3150 1669 3183 fi
1686 3148 1844 3180 hereditas
1855 3148 1894 3178 ab
1914 3157 1954 3178 eo

1078 3195 1163 3228 adita
1181 3204 1246 3227 non
1265 3193 1387 3228 fuisset:
1403 3194 1433 3225 ἃ
1450 3194 1683 3234 consequenter
1701 3190 1744 3222 illi
1757 3212 1765 3227 ,
1783 3188 1866 3231 quasi
1884 3189 1954 3261 nulle}
