2052 3487
442 141 505 177 DE
551 141 911 187 Jurusmcrxom
963 149 1015 176 ET
1067 141 1266 179 IMPanto.

76 230 150 276 quia
167 228 225 265 alia
242 231 324 264 εξὶῑο
340 239 402 263 non
424 229 488 268 est,
500 228 700 261 necess'ariam
720 228 781 260 effe
799 229 839 260 de
859 230 935 262 dolo

76 276 245 307 actionem.
285 274 326 305 At
344 282 407 303 non
427 274 468 303 ita
486 270 550 310 est3
574 280 679 311 neque
698 270 761 301 hoc
780 270 936 303 Veterum

77 317 241 357 quisquam
265 316 295 346 in
319 314 437 354 judicio
463 314 555 343 bonaz
577 311 649 343 fidei
676 321 727 342 aut
746 311 857 350 sensit,
882 322 935 344 aut

76 358 175 389 dixit:
199 365 309 387 contra
333 355 501 384 voluerunt
518 354 560 384 illi
579 378 587 391 ,
622 353 848 392 exceptionem
868 355 934 385 doli

75 399 167 437 mali,
190 406 303 437 agente
321 404 486 435 emptore,
516 402 647 435 propter
666 393 850 433 clausulam,
884 395 934 426 Ex

75 440 161 471 bona
177 438 260 476 fide,
284 436 377 468 ineffe
393 446 432 473 ex
450 443 562 476 empto
579 436 694 466 actioni
706 451 727 474 ‚·
740 435 848 476 ibique
867 437 935 468 offi-

75 481 128 512 cio
147 480 265 520 Judicis
284 478 437 510 contineri
458 488 467 514 3
502 478 668 508 venditore
698 486 773 507 vero
800 486 932 517 agente,

73 521 230 554 actionem
255 521 294 551 de
318 518 395 550 dolo
420 519 503 549 malo
530 518 670 549 similiter
694 518 790 549 ineffe
817 519 933 551 actioni

74 572 117 595 ex
133 563 266 593 vendito
289 561 318 591 vi
334 560 475 599 ejusdem
498 560 662 596 clausulae,
685 560 843 600 denique,
861 570 932 592 vcn-

74 604 170 636 ditori
194 602 299 643 agenti
323 603 362 632 ad
386 603 559 641 emptionis
583 601 773 632 solutionem
791 624 799 639 ‚
830 601 860 632 &
886 602 933 633 rei

72 645 193 677 traditae
215 642 446 674 restitutionem
464 665 472 680 ‚
505 651 558 673 aut
589 644 685 673 etiam
715 642 805 673 aliter
834 643 872 674 ad
900 644 932 674 id

72 686 160 726 quod
178 683 325 721 interest,
350 693 389 714 ex
408 685 541 715 vendito
565 684 723 715 aCtionem
748 684 858 715 utilem
882 683 932 723 Ju-

71 737 107 759 re
144 726 238 757 Civili
270 724 463 766 suppetere:
500 734 604 765 neque
634 724 835 756 necess'ariam
871 724 933 756 esse

68 767 254 801 Praetoriam
281 767 321 799 de
343 766 420 798 dolo
443 767 526 799 malo
557 767 727 799 actionem.
771 765 868 797 Plane
889 767 932 797 ita

764 878 980 913 CAPUT

69 978 121 1014 De
144 979 209 1013 litis
233 976 446 1025 contestatione
471 974 511 1016 ἐξ
539 973 648 1022 effabili
674 977 748 1022 ejus.

1320 142 1412 180 [ΑΒ.
1438 143 1463 178 I.
1797 157 1844 195 97

979 229 1094 263 censeo
1115 253 1125 270 ,
1158 241 1194 263 ac
1222 241 1262 264 ne
1289 231 1430 273 Ulpiano
1449 242 1536 266 error
1556 233 1711 267 accessisse
1734 236 1840 268 videa-

979 279 1050 310 tur,
1076 273 1115 304 ad
1131 283 1217 305 oram
1235 274 1305 305 libri
1325 274 1386 306 effe
1404 276 1596 307 remittenda
1614 277 1685 316 illa,
1709 284 1761 308 aut
1776 278 1842 309 nul<

978 314 1035 344 lam
1057 314 1107 352 effe
1131 317 1344 352 vendicionem,
1368 315 1396 354 fi
1416 318 1447 347 in
1464 318 1513 348 hoc
1529 319 1584 358 ipso
1597 341 1605 353 ,
1636 324 1669 348 ut
1685 320 1838 355 venderet,

977 355 1210 395 circumscriptus
1227 354 1275 397 esi.
1321 358 1420 400 Quod
1446 360 1621 390 notandum
1643 358 1703 391 est:
1729 361 1758 391 in
1778 362 1840 398 pri-

978 397 1055 434 mis,
1082 397 1152 436 quia
1170 397 1200 429 id
1218 398 1349 435 vitium,
1374 408 1437 430 non
1454 399 1724 440 animadversum,
1755 400 1839 433 frau-

977 437 1007 468 di
1030 436 1089 468 fuit
1108 438 1239 469 eruditis
1257 439 1458 472 hominibus:
1491 441 1758 480 existimantibus,
1784 443 1841 474 do-

978 479 1040 510 lum
1065 480 1118 519 qui
1144 480 1303 520 detegitur
1323 481 1352 512 in
1379 481 1544 513 contraffilu
1569 482 1660 513 bonae
1685 482 1758 515 fidei
1777 507 1786 522 ,
1819 483 1841 515 fi

978 520 1101 551 dederit
1122 520 1243 551 causam
1268 522 1467 561 contractui,
1499 532 1571 553 eum
1596 523 1662 564 ipso
1685 525 1753 564 jure
1771 526 1840 556 nul-

977 561 1041 592 lum
1065 561 1198 599 faccre3
1229 563 1270 593 fin
1299 563 1446 593 inciderit
1470 563 1499 594 in
1526 566 1722 596 conti-aelum
1746 566 1841 597 bonae

976 601 1050 634 fidei
1069 626 1079 641 ,
1110 611 1221 634 contra
1242 603 1414 635 dicendum
1438 603 1508 635 esse.
1554 605 1654 646 Quod
1671 607 1746 637 mihi
1773 617 1840 639 non

975 644 1098 683 placet:
1126 644 1174 683 δε,
1200 644 1332 675 volente
1352 645 1446 682 Deo,
1472 646 1564 677 latius
1579 656 1719 686 exequar
1734 649 1839 686 libro,

977 684 1029 716 De
1047 685 1149 716 forma
1167 686 1354 717 emendandi
1374 686 1439 717 doli
1464 686 1536 717 mali
1556 687 1586 717 in
1611 689 1839 720 contrahendis

976 727 1112 766 negotiis
1130 727 1258 758 admiffi.
1282 737 1364 760 nunc
1382 727 1514 769 attigiss'c
1532 726 1645 760 sufficit
1658 751 1670 770 ,
1701 730 1730 761 ἂ
1748 731 1839 762 velut

975 767 1077 808 digito
1096 767 1255 799 indicass‘e.

1056 876 1145 912 XV.

800 975 911 1021 Jadex
935 976 1075 1019 quomodo
1100 974 1276 1020 cognrscat,
1305 974 1346 1015 Εὖ)
1371 978 1422 1011 ahi
1442 978 1458 1011 ?
1497 979 1671 1025 Imperator
1696 979 1838 1015 Alexan-2

140 1028 192 1062 der
218 1027 374 1074 astamus
399 1026 418 1059 l,
439 1037 494 1061 10.
517 1035 566 1071 pr.
594 1022 635 1063 ὃ)
658 1023 687 1071 §
709 1035 737 1058 Ι.
766 1024 797 1058 C.
824 1025 859 1058 de
869 1021 1094 1069 fitlejzffirlbas
1115 1022 1155 1062 ὃ)
1180 1025 1428 1060 mandatoribus:
1455 1025 1495 1065 [3⁹
1511 1027 1679 1074 responsam
1708 1030 1754 1064 his
1772 1040 1839 1074 aare

142 1083 248 1112 contra
265 1082 433 1110 moventur.

140 1181 160 1212 d
182 1179 267 1211 hunc
285 1178 415 1210 modum
434 1175 577 1207 ordinata
600 1174 655 1206 lite
673 1197 683 1212 ,
716 1173 844 1205 tandem
862 1172 929 1204 sub·

161 1220 265 1251 secuta
282 1219 343 1250 fuit
359 1219 422 1258 ejus
439 1215 649 1247 contestatio:
673 1224 767 1254 quarn
787 1214 929 1255 justinia-

73 1271 130 1293 nus
147 1262 189 1292 ait
205 1261 270 1292 fieri
288 1258 357 1299 post
374 1258 585 1288 narrationem
601 1255 793 1296 propositam
810 1256 839 1287 &
852 1266 930 1288 con·

73 1302 292 1333 tradittionem
312 1298 467 1340 objectam
488 1297 509 1328 l.
527 1306 572 1333 14-
598 1298 626 1338 §.
649 1306 673 1328 1.
697 1297 729 1328 C.
753 1299 786 1328 de
796 1299 930 1339 judiciis.

71 1341 349 1385 Quemadmodum
376 1348 482 1370 autern
506 1337 587 1369 faeta
609 1338 667 1377 fit,
699 1338 797 1370 docet
820 1338 929 1371 Festus

70 1384 104 1415 in
121 1384 239 1421 verbo,
262 1378 432 1421 contestari:
454 1379 496 1411 fic
514 1379 660 1420 inquiens
676 1403 686 1418 ,
719 1378 880 1420 Contestari
895 1381 929 1411 li-

71 1430 126 1456 tem
150 1426 285 1455 dicuntur
308 1424 362 1454 duo
385 1429 437 1452 auc
453 1422 554 1462 plures
573 1421 761 1460 adversarii,
814 1423 867 1453 uod
886 1432 930 1453 or-

70 1467 169 1497 dinato
181 1466 291 1507 jndicio
311 1471 434 1504 utraque
446 1469 514 1504 pars
531 1463 621 1493 dicere
637 1463 711 1501 soler
725 1487 735 1502 ,
761 1431 840 1503 testes
858 1462 926 1504 esto-

71 1514 107 1539 te.
154 1507 215 1538 Sed
232 1507 323 1546 plane
342 1514 407 1536 rem
426 1503 589 1545 designant
611 1503 745 1535 Severus
770 1505 800 1536 ὅς
827 1505 926 1536 Anto-

69 1549 160 1580 ninus
182 1548 202 1579 b.
222 1549 297 1578 unic.
322 1546 354 1577 C.
378 1548 411 1576 de
430 1545 490 1576 litis
511 1543 734 1585 contestatione3
766 1555 839 1577 cum
858 1545 929 1577 scri-

69 1590 148 1621 bunt
165 1612 173 1626 ‚
204 1588 293 1619 litem
311 1586 518 1618 contestatam
538 1586 636 1618 videri
663 1595 757 1625 tunc,
789 1596 861 1618 cum
874 1588 928 1628 Ju-

69 1631 132 1663 dex
154 1629 347 1671 (Praetorem
372 1628 413 1659 sic
440 1628 600 1669 appellant
625 1628 855 1669 imperatores)
886 1639 927 1660 ex

67 1674 250 1703 narratione
277 1670 390 1701 actoris
420 1669 449 1701 ἀ
473 1669 728 1700 contradictione
752 1670 795 1701 rei
827 1671 927 1710 coepit

67 1712 189 1744 causam
206 1712 323 1743 audire.
368 1710 452 1752 Quia
470 1719 575 1741 autem
599 1710 779 1750 postulante
796 1711 924 1750 nom-e,

68 1753 100 1785 δε
125 1754 366 1784 contradicente
389 1761 445 1783 reo
463 1775 472 1789 ‚
504 1761 521 1781 a
545 1750 684 1783 Praetore
716 1752 926 1784 constitueba-

69 1802 120 1826 tur
136 1817 145 1831 ‚
175 1793 238 1826 sive
265 1793 414 1831 dabatur,
435 1792 606 1832 judicium3
631 1793 661 1824 id
681 1792 744 1831 est,
774 1794 926 1826 decerne-

67 1836 179 1873 batur,
203 1836 234 1866 in
251 1834 282 1866 id
298 1835 384 1874 quod
407 1835 625 1864 intenderetur
648 1833 678 1864 &
702 1835 925 1874 exciperetur,

67 1877 275 1918 probationes
297 1876 336 1906 ab
358 1875 466 1906 aflorc
492 1874 522 1905 &
548 1884 605 1905 reo
628 1874 743 1906 adferri
766 1876 850 1915 apud
873 1876 923 1915 Ju·

69 1918 200 1957 dicem;
234 1918 272 1948 ab
296 1925 401 1956 eoque
428 1915 626 1955 pronuntiari
660 1915 747 1946 causa
775 1917 924 1957 cognita3

69 1962 205 1999 eamque
231 1959 261 1990 in
284 1967 350 1989 rem
380 1957 474 1988 telles
500 1956 755 1995 adhibebantur3
785 1958 859 1989 inde
881 1958 926 1989 fa-

69 2000 155 2031 etum
181 1999 243 2031 fuit
260 2022 269 2037 ‚
303 2007 336 2030 ut
354 2007 410 2038 per
434 1998 497 2029 litis
519 1997 787 2030 contestationem
804 1999 925 2031 dicere-

67 2047 119 2073 tur
141 2039 221 2081 quan
248 2040 392 2071 contrabi
415 2039 434 2072 l.
451 2049 479 2080 3.
502 2039 530 2080 §.
550 2048 597 2070 11.
622 2038 662 2069 D.
687 2040 720 2070 cle
734 2039 843 2080 peculio
862 2063 872 2079 ‚
904 2040 926 2071 i-

68 2090 133 2114 tem
156 2082 310 2113 celebrari
329 2090 393 2112 non
410 2080 581 2113 postulatio
599 2079 748 2120 simplex,
782 2080 833 2113 sed
859 2082 926 2121 peti

69 2123 100 2155 &
119 2123 266 2163 postulari
285 2132 357 2153 cum
375 2121 514 2153 effectu:
539 2120 594 2152 etfi
613 2131 662 2152 res
684 2122 874 2162 plerumque
893 2124 925 2154 in

66 2165 218 2205 iudicium
249 2164 464 2201 dilaberetur,
494 2162 602 2202 ibique
626 2163 654 2193 ἂ
684 2172 926 2196 concertaretur

70 2206 217 2244 demum,
230 2206 259 2237 ἃ
277 2206 518 2245 dijudicaretur:
544 2211 696 2244 praeterea
713 2205 788 2236 inde
805 2205 925 2237 factum

67 2246 151 2285 fuit,
175 2255 209 2277 ut
229 2246 318 2278 alite
339 2245 514 2277 contestata
537 2246 698 2276 diceretur
718 2256 767 2278 res
793 2247 823 2277 in
845 2247 925 2287 judi-

68 2288 152 2319 cium
171 2288 304 2326 deduci,
327 2288 357 2318 δι
374 2287 514 2326 incipere
535 2287 683 2324 iudicium
702 2299 709 2320 ε
741 2287 925 2327 postremo,

69 2335 105 2360 ut
128 2329 214 2367 haec,
248 2336 320 2359 ante
335 2329 487 2368 judicium
507 2327 682 2368 susceptum
698 2352 707 2367 ,
740 2329 770 2360 dt
794 2337 867 2360 ante
893 2330 927 2360 li-

68 2377 137 2401 tem
167 2369 397 2406 comestaoem,
428 2370 504 2400 item
522 2392 531 2406 ‚
563 2368 632 2409 post
654 2370 742 2401 litem
769 2370 924 2402 contesta-

68 2417 133 2442 tam
150 2434 160 2450 ‚
192 2411 221 2442 &
251 2410 321 2451 post
342 2410 493 2451 judicium
522 2419 710 2451 acceptum,
752 2412 802 2443 vel
828 2411 925 2443 susce-

67 2460 179 2493 ptum,
204 2452 288 2484 idem
307 2454 450 2483 valerent
467 2452 497 2482 in
518 2452 537 2482 l.
552 2454 629 2483 unic.
651 2453 683 2483 C.
704 2454 736 2483 de
759 2453 817 2483 litis
835 2459 926 2484 conte-

61 2492 206 2534 statione,
229 2494 247 2524 l.
272 2502 316 2534 15.
340 2493 381 2524 D.
407 2493 515 2523 Raram
531 2503 588 2523 rem
609 2494 724 2533 haberi,
746 2494 764 2524 l.
783 2504 832 2533 25.
856 2495 924 2535 §.7.

69 2534 145 2570 55²1.
164 2545 214 2573 40.
239 2534 279 2566 D.
304 2536 336 2565 de
352 2535 515 2565 hereditatis
536 2535 668 2574 petitione
686 2558 695 2571 ‚
727 2537 809 2575 apud
835 2535 926 2567 Cice-

68 2585 180 2608 ronem
206 2585 336 2616 quoque
355 2600 364 2614 ‚
398 2576 610 2607 Parrzzimzioas
632 2586 655 2607 c.
679 2581 727 2611 28.
751 2576 838 2616 cujus
856 2585 927 2607 ver·v

68 2616 108 2647 ba
127 2640 136 2655 ‚
175 2627 365 2658 quamquam
397 2618 560 2657 complura
593 2616 652 2648 fint
667 2641 676 2654 ‚
716 2627 820 2648 tamen
853 2619 926 2658 quia

70 2658 163 2698 digna
183 2659 329 2689 videntur
345 2659 408 2689 hoc
430 2659 505 2689 loco
522 2681 531 2696 ,
564 2658 703 2697 apposui.
747 2658 854 2689 Verba
873 2658 925 2689 Ci-

71 2699 205 2730 ceronis,
250 2700 348 2740 Atque
372 2701 456 2730 etiam
479 2706 545 2730 ante
568 2700 712 2741 judicium
734 2701 767 2730 de
790 2697 925 2739 constitit-

61 2739 141 2778 endo
158 2740 213 2778 ipfii
223 2741 331 2781 judicio
342 2741 412 2779 solet
429 2740 478 2780 affe
493 2743 652 2777 contentio,
676 2750 742 2771 cnm
758 2749 809 2771 ant
820 2764 829 2779 ‚
848 2738 926 2778 fitne

72 2777 146 2809 αὲἶίο
173 2780 235 2817 illi,
258 2784 308 2821 qui
329 2784 408 2822 agit,
438 2788 490 2812 aut
507 2783 602 2822 jamne
611 2780 674 2819 fit,
706 2788 758 2812 ant
774 2792 845 2812 num
872 2782 925 2812 'am

71 2818 125 2858 effe
140 2819 267 2858 desierit,
290 2830 339 2852 aut
356 2822 443 2853 illane
465 2824 543 2863 lege,
575 2824 654 2853 hisne
670 2824 762 2853 verbis
774 2821 813 2859 fit
832 2833 847 2853 a
879 2824 923 2860 io,

71 2861 230 2901 quaritur:
249 2871 308 2902 quae
325 2862 431 2900 etiamsi
454 2871 539 2903 ante,
570 2874 657 2904 quam
674 2874 718 2894 res
736 2865 766 2894 in
779 2865 925 2904 judicium

72 2903 173 2938 venit,
196 2907 248 2931 aut
265 2909 441 2943 concertata,
465 2913 517 2936 auc
533 2905 711 2946 dijudicata,
734 2912 785 2936 azct
800 2904 928 2943 corzfccffia

71 2951 129 2973 non
148 2946 213 2975 (um
230 2953 239 2972 .·
270 2948 363 2973 tamen
388 2946 418 2975 in
441 2945 506 2986 ipsis
526 2947 642 2986 judiciis
654 2954 844 2987 permagnam
859 2947 927 2985 saepe

70 2983 175 3014 habent
196 2986 323 3023 pondus,
345 2994 408 3015 cum
430 2987 472 3017 ita
493 2988 617 3018 dicitur.-
637 2988 704 3027 plus
722 2986 926 3028 petiisti:sero

68 3022 181 3065 petiisti
195 3035 205 3054 :
233 3034 290 3055 non
308 3025 374 3065 fuit
398 3031 448 3057 tua
459 3029 577 3067 petitio:
610 3038 666 3059 non
683 3039 701 3059 a
718 3038 776 3067 me,
800 3038 858 3059 non
874 3029 926 3059 hac

69 3065 128 3105 lege
145 3088 153 3102 ,
182 3075 239 3096 non
263 3066 307 3096 his
331 3067 425 3096 verbis
441 3090 450 3105 ‚
481 3077 537 3097 non
560 3069 608 3099 boc
621 3069 742 3110 judicio.
783 3069 825 3100 Et
845 3070 925 3110 post.

71 3105 171 3149 Quare
188 3108 220 3136 de
236 3104 437 3147 constituendis
453 3107 625 3146 unionibus,
650 3111 821 3150 accipiendis
833 3133 842 3146 ,
857 3111 926 3151 fich-

73 3148 231 3188 eundisque
241 3148 381 3189 judiciis,
392 3149 425 3178 de
439 3150 607 3189 excipienda
618 3151 772 3191 iniquitate
790 3150 925 3191 astionis,

66 3188 99 3219 de
116 3191 304 3228 comparanda
328 3191 461 3230 (equitate
478 3215 485 3224 ,
513 3194 587 3231 qaod
605 3200 636 3221 ea
647 3193 713 3229 fere
736 3193 795 3234 ejus
815 3196 927 3233 generis

67 3232 153 3266 lunt,
177 3236 229 3264 ut,
252 3240 425 3273 quamquam
442 3233 472 3263 in
496 3234 588 3272 ijy‘um
605 3232 749 3274 judicium
762 3237 836 3277 saepe
852 3235 926 3267 dila-

55 3284 63 3288 <
105 3268 231 3304 Tom.I.

974 1174 1096 1213 bantur,
1119 1180 1213 1206 tamen
1228 1180 1295 1206 ante
1307 1175 1453 1218 judiciam
1478 1176 1632 1210 imitanda
1656 1179 1837 1219 videantur,

970 1216 1126 1256 paululum
1143 1216 1284 1256 easeparo
1304 1228 1321 1248 a
1333 1217 1473 1258 judiciis,
1505 1225 1623 1260 tempore
1639 1223 1730 1262 magis
1750 1231 1836 1263 agen-

972 1258 1023 1294 di,
1045 1266 1133 1297 qaam
1149 1256 1376 1297 diffimilitndine
1391 1261 1515 1299 generis.

1012 1298 1112 1339 Igitur
1138 1298 1194 1330 lite
1221 1299 1399 1330 contestata
1431 1300 1460 1331 ἀ
1493 1301 1669 1333 constituto
1695 1303 1837 1342 judicio,

972 1348 1021 1371 res
1038 1349 1054 1370 a
1070 1340 1213 1372 Praetore
1237 1339 1385 1372 tranfibat
1402 1342 1439 1373 ad
1456 1340 1620 1381 Judicem:
1653 1344 1742 1383 isque
1766 1354 1836 1376 eain

972 1381 1044 1412 dein
1062 1380 1289 1422 cognoscebat.
1313 1382 1391 1414 ubi?
1421 1384 1509 1416 eoin
1536 1385 1611 1416 loco
1634 1393 1728 1424 quem
1754 1384 1835 1416 Prae-

972 1430 1023 1453 tor
1047 1423 1078 1453 in
1101 1423 1244 1462 jubendo
1261 1423 1402 1463 judicare
1423 1425 1698 1466 compreliendit3
1727 1434 1779 1457 aut
1804 1427 1836 1458 in

972 1473 1011 1494 eo
1035 1472 1100 1504 quo
1131 1464 1212 1495 solet
1230 1465 1362 1504 judicari
1388 1464 1451 1497 fine
1477 1467 1687 1498 incommodo
1715 1467 1837 1508 litigan-

971 1505 1050 1536 tium
1068 1505 1086 1535 ἰ.
1101 1514 1149 1545 59.
1171 1504 1212 1535 D.
1234 1507 1266 1536 de
1280 1506 1420 1547 judiciis:
1445 1508 1546 1547 qualia
1564 1509 1633 1539 loca
1654 1508 1837 1540 aModesti-

970 1555 1013 1577 no
1033 1546 1110 1577 Loca
1120 1547 1300 1587 judiciorum
1323 1547 1522 1588 appellantur
1545 1549 1610 1580 iso.
1636 1548 1664 1589 §.
1685 1559 1711 1579 2.
1735 1548 1776 1580 D.
1802 1551 1837 1580 de

969 1588 1209 1622 exczilationihns.
1253 1588 1480 1629 Cognoscebat
1509 1598 1615 1621 autern
1634 1591 1737 1629 judex
1760 1599 1835 1622 cum

970 1629 1077 1660 amicis
1095 1638 1175 1669 quos
1192 1638 1360 1669 rogaverat
1380 1631 1411 1661 in
1436 1631 1599 1662 confilium
1625 1640 1764 1672 cumque
1786 1632 1835 1664 his

970 1669 1101 1701 sedebat
1121 1671 1151 1701 in
1179 1671 1354 1703 iublelliis:
1384 1679 1418 1702 ut
1442 1672 1629 1712 intelligitur
1656 1682 1696 1703 ex
1723 1671 1833 1704 Gellio

969 1712 1016 1741 lib.
1039 1720 1084 1750 ¹4·
1109 1721 1132 1742 c.
1149 1721 1176 1742 ε.
1204 1711 1233 1742 ὅ(
1255 1713 1328 1743 inde
1351 1714 1511 1751 pedaneus
1529 1714 1634 1752 'ludex
1656 1714 1834 1754 appellatur

969 1753 1000 1783 in
1018 1755 1063 1782 tit.
1088 1752 1120 1783 C.
1142 1755 1174 1783 de
1187 1754 1322 1792 pedaneis
1334 1753 1499 1794 judicibus.-
1525 1756 1612 1794 quod
1629 1754 1673 1785 est
1690 1764 1833 1786 commu-

969 1803 1009 1824 ne
1027 1802 1146 1824 nomen
1169 1795 1311 1826 omnium
1330 1795 1384 1834 qui
1403 1796 1603 1835 cognoscunt
1620 1796 1712 1836 alias,
1738 1806 1834 1838 quam

968 1844 1027 1874 pro
1046 1834 1205 1866 tribunali.

1009 1875 1116 1906 Habes
1140 1876 1286 1907 ordinem
1311 1876 1509 1916 privatorum
1529 1878 1748 1917 judiciorum:
1779 1879 1834 1919 qui

967 1916 1151 1957 indigitatur
1169 1917 1207 1947 ab
1227 1917 1423 1956 Imperatore
1441 1918 1624 1950 Alexandro
1643 1920 1675 1952 in
1694 1919 1712 1950 Ζ.
1729 1928 1775 1952 10.
1795 1920 1831 1952 C.

967 1957 1222 1999 defidejaſjoribus
1240 1957 1277 1992 ἑὸ)
1292 1961 1518 1990 mandatoribus.

1007 1997 1185 2039 Fidejuffor,
1206 2000 1261 2035 seii
1285 2002 1437 2031 mandator
1455 2025 1465 2039 ,
1490 1999 1519 2039 fi
1539 2002 1570 2031 in
1591 2001 1695 2039 usuras
1722 2011 1833 2043 quoque

1029 2040 1171 2081 obligatus
1186 2038 1223 2081 eft
1237 2063 1246 2078 ‚
1273 2039 1384 2082 justam
1407 2044 1522 2080 cansam
1546 2043 1697 2082 recusandi
1719 2044 1833 2085 eassol-

1027 2090 1093 2111 vere
1116 2091 1172 2112 non
1188 2084 1276 2113 hahet.
1307 2082 1334 2123 §.
1357 2092 1381 2114 1.
1411 2082 1454 2113 Ut
1470 2089 1562 2114 antem
1578 2084 1621 2122 is,
1645 2086 1696 2126 qni
1712 2095 1775 2116 cnm
1791 2085 1833 2115 al-

1032 2128 1089 2153 tero
1102 2122 1242 2163 fidejuffit
1258 2147 1267 2161 ,
1298 2134 1354 2154 non
1370 2124 1445 2161 solus
1462 2126 1669 2164 conveniatur,
1693 2127 1738 2159 led
1753 2127 1830 2157 divi-

1029 2165 1116 2194 datur
1133 2165 1205 2195 actio
1229 2165 1305 2195 inter
1328 2175 1372 2195 eos
1388 2187 1397 2202 ‚
1429 2167 1481 2206 qai
1496 2167 1626 2202 solvendo
1636 2169 1710 2206 sant
1723 2191 1732 2206 ,
1763 2173 1833 2199 ante

1029 2206 1289 2236 condemnationem
1310 2215 1346 2236 ex
1367 2207 1461 2236 ordine
1477 2205 1706 2246 postulari-solet.

1008 2245 1054 2277 Ita
1075 2256 1187 2278 omncs
1211 2248 1358 2286 codices3
1384 2246 1435 2278 sed
1459 2250 1609 2280 mendum
1631 2248 1732 2281 subest
1751 2251 1831 2282 duo-

970 2287 1028 2318 bus
1046 2288 1144 2320 locis:
1167 2289 1294 2329 corrigo
1311 2289 1340 2319 ἃ
1360 2288 1472 2320 scribo.

1008 2328 1183 2370 Fidejztffor,
1202 2329 1229 2368 fi
1245 2332 1275 2360 in
1299 2330 1403 2369 ufliras
1418 2339 1528 2371 quoqne
1552 2330 1694 2372 obligatus
1706 2329 1762 2370 est,
1778 2331 1830 2372 jn-

1022 2369 1102 2410 fiani
1126 2372 1241 2410 causam
1275 2372 1424 2409 recusandi
1455 2381 1501 2401 eus
1514 2372 1626 2410 solvere
1649 2381 1706 2402 non
1734 2374 1828 2404 habet.

1030 2411 1058 2452 §.
1083 2421 1108 2443 1.
1137 2411 1181 2442 Ut
1202 2417 1295 2443 autem
1313 2413 1338 2442 is
1354 2435 1363 2450 ,
1395 2413 1445 2452 qai
1471 2422 1535 2442 cum
1566 2412 1652 2443 altero
1668 2411 1831 2454 fitiejaffit,

1029 2463 1086 2483 non
1101 2452 1182 2492 stilus
1196 2455 1404 2491 conveniatur,
1420 2453 1474 2492 sed
1490 2454 1641 2484 dividatur
1661 2453 1734 2485 aetio
1753 2458 1830 2486 inter

1028 2503 1091 2532 eos,
1114 2496 1164 2534 qui
1169 2495 1306 2534 solvendo
1315 2500 1406 2533 sunt,
1441 2499 1507 2525 ante
1521 2494 1580 2525 lais
1600 2492 1829 2535 contestationem

1029 2544 1065 2565 ex
1083 2537 1180 2565 ordine
1191 2533 1330 2575 postulari
1341 2536 1407 2572 solet

968 2573 1020 2606 Sic
1039 2576 1163 2615 conjeci
1186 2576 1232 2607 lib.
1248 2586 1276 2607 2.
1297 2576 1493 2607 Probabilinm
1515 2575 1604 2617 Juris
1628 2577 1733 2608 Civilis
1753 2588 1777 2608 c.
1799 2586 1827 2610 1.

1007 2616 1068 2648 Sed
1088 2616 1270 2657 conjectura
1289 2616 1434 2657 displicet
1454 2618 1522 2648 viro
1546 2619 1671 2650 cuidam
1700 2620 1827 2650 erudito

969 2657 998 2688 ὅ(
1014 2658 1185 2698 praeclarox
1209 2658 1419 2697 existimanti,
1443 2666 1564 2690 textum
1585 2661 1613 2691 d.
1632 2661 1650 2691 l.
1666 2669 1709 2692 10.
1731 2669 1828 2700 prout

968 2700 1092 2737 editur,
1116 2708 1188 2730 curn
1214 2700 1280 2732 aliis
1298 2700 1376 2732 locis
1394 2701 1424 2731 in
1441 2699 1566 2732 Codice
1579 2701 1742 2742 justiniani
1763 2703 1829 2733 exi·

965 2740 1028 2771 mie
1045 2740 1252 2773 consentire:
1283 2741 1324 2772 fic
1351 2742 1434 2772 enim
1457 2740 1575 2773 scribit.
1616 2742 1677 2774 Sed
1696 2766 1705 2780 ‚
1738 2743 1826 2783 quod

966 2781 1030 2819 ejus
1054 2790 1133 2821 pace
1150 2783 1272 2821 dicam,
1297 2791 1407 2822 parum
1432 2783 1588 2823 probabili
1607 2787 1748 2816 ratione:
1773 2782 1826 2814 ubi

964 2821 1084 2854 fatetur
1103 2846 1113 2861 ‚
1144 2833 1215 2855 eum
1241 2832 1366 2855 textum
1391 2834 1455 2855 non
1475 2824 1655 2856 consentire
1674 2825 1826 2864 tempori-

967 2864 1024 2895 bus
1052 2864 1253 2905 Imperatoris
1277 2865 1447 2897 Alexandri
1471 2867 1510 2897 de
1538 2867 1650 2906 quibus
1675 2866 1826 2905 queri-itur

970 2905 1001 2935 in
1019 2906 1045 2935 d.
1066 2906 1085 2936 l.
1103 2915 1147 2937 10.
1173 2905 1223 2937 sed
1242 2907 1439 2947 temporibus
1457 2907 1667 2947 posteriorum
1690 2906 1827 2946 Impera-

971 2954 1075 2978 torum
1100 2948 1139 2978 de
1162 2948 1275 2987 quibus
1297 2949 1329 2979 in
1356 2950 1384 2979 d.
1406 2948 1425 2979 l.
1449 2958 1494 2980 10.
1527 2958 1595 2989 quae
1621 2948 1664 2979 est
1688 2948 1827 2979 Alexan-

970 2988 1034 3025 dri,
1058 2998 1121 3020 non
1142 2990 1252 3030 agitur.
1276 2991 1341 3021 imo
1359 2990 1446 3030 quod
1463 2990 1576 3020 attinet
1598 2990 1637 3019 ad
1656 2988 1826 3033 Alexandri

970 3037 1142 3069 tempora;
1172 3029 1292 3062 fatetur
1309 3054 1319 3069 ‚
1350 3041 1455 3062 veram
1481 3030 1541 3061 elle
1572 3038 1673 3059 meam
1701 3030 1825 3062 lenten-

970 3071 1063 3109 tiam,
1087 3081 1191 3111 neque
1215 3073 1275 3104 illis
1298 3071 1469 3104 Alexandri
1494 3071 1696 3109 scripturam,
1729 3079 1826 3111 prout

969 3112 1066 3153 vulgo
1090 3113 1194 3144 editur
1210 3137 1218 3152 ‚
1251 3114 1449 3144 convenire:
1478 3121 1549 3142 cum
1576 3119 1680 3142 tamen
1698 3111 1727 3143 id
1747 3111 1827 3144 effer

970 3154 1057 3193 quod
1076 3164 1137 3195 ego
1155 3155 1185 3186 in
1203 3157 1230 3185 d.
1249 3155 1267 3186 l.
1282 3164 1327 3186 10.
1351 3154 1426 3185 inihi
1450 3152 1728 3184 demonstrandum
1746 3152 1826 3185 surn-

968 3194 1089 3235 pseram
1105 3219 1115 3233 ,
1147 3196 1176 3227 ἃ
1201 3205 1255 3227 cur
1273 3203 1435 3232 receptam
1459 3193 1626 3225 Alexandri
1651 3193 1824 3226 lectionem

968 3238 1200 3271 emendandam
1223 3236 1303 3275 effe,
1326 3235 1502 3307 affirmarem
1545 3235 1607 3268 Sed
1632 3235 1684 3268 ubi
1701 3235 1824 3281 fatetur

1777 3286 1827 3309 vir
