2036 3495
367 104 396 139 Λ
408 105 431 138 ’Β
458 105 551 142 L113,
578 102 708 140 XXVI.
737 102 839 139 Τιτ.
871 102 919 140 V.
947 102 1103 140 Detutor.
1125 101 1168 144 &²
1182 113 1280 144 curat.
1304 109 1368 147 dat.
1387 112 1427 146 ab
1445 113 1493 147 his
1510 110 1578 154 &¹0-

71 192 149 233 quin
172 192 226 225 ille
248 191 377 226 Publius
401 203 492 235 aeque
522 192 655 226 Mucius
676 192 822 224 Scaevola
847 193 949 226 nomi-

71 233 165 266 natus
182 233 289 266 suerit.

110 273 253 307 Tantum
279 275 318 308 de
343 274 513 308 tutoribus.
538 273 729 307 transeamus
761 274 800 306 ad
822 282 946 306 curato-

69 322 144 349 res:
168 325 239 348 nam
257 317 288 349 ὅ(
313 317 427 350 horum
453 317 596 349 meminit
621 315 769 347 Rubrica.
797 316 841 346 ait
865 326 944 348 vero

68 357 272 396 Modestinus
295 358 316 390 l.
342 369 391 391 20.
420 359 448 401 ᾗ.
469 368 494 390 1.
509 359 536 389 b.
563 364 583 388 t.
607 366 678 398 quae
703 357 749 388 est
771 367 811 402 ex
835 357 889 389 lib.
913 367 942 398 7.

66 397 351 440 Differentiarum,
376 410 448 432 cum
465 407 625 430 enarraret
640 396 835 444 differentias
858 406 943 443 tuto=

65 441 109 472 ris
127 440 157 472 <Sc
173 441 344 480 curatoris,
369 440 520 482 Regulam
537 439 614 480 juris
642 449 706 471 non
725 440 788 471 esse
810 440 941 480 impedi-

66 490 181 514 mento
197 505 208 521 ,
232 492 297 523 quo
313 483 415 514 minus
439 488 620 513 curatorem
638 481 767 513 habenti
787 481 863 512 alius
886 490 940 526 cu-

66 530 155 554 rator
179 524 281 555 detur.
321 523 364 554 Et
387 531 493 554 tamen
519 522 584 553 hoc
614 522 835 554 difficultatem
860 530 939 553 reci-

64 566 139 604 pit,
163 572 294 605 propter
309 560 480 596 Rubricam
503 564 649 603 Codicis,
675 565 713 596 ln
737 565 841 605 quibus
866 561 937 610 cast}

63 606 118 636 hus
133 611 252 637 tutorem
267 605 313 636 vel
329 611 487 637 curatorem
508 606 623 637 babenti
647 611 725 636 tutor
746 604 793 635 vel
825 612 941 635 curator

63 648 158 678 detur.
198 645 282 679 Nam
297 656 334 678 ea
351 646 519 688 supponit,
543 645 696 689 Regulam
714 654 778 677 tam
802 646 833 676 in
850 654 938 676 cura·

64 694 136 720 tore
157 688 352 728 procedere,
377 698 470 728 quam
487 689 518 719 in
535 695 658 719 tutore:
680 687 734 719 sub
752 695 854 727 eaque
870 683 937 732 Ru-

63 729 150 761 brica
163 730 301 770 proponi
320 728 450 770 Regulae
467 730 694 769 exceptiones,
725 738 761 760 ac
791 727 877 759 casus
904 737 937 760 in

62 769 177 811 quibus
202 772 296 802 detur
319 778 407 802 tutor
432 779 570 802 tutorem
593 770 748 809 habenti,
773 769 823 801 vel
847 778 935 800 cura-

63 817 116 843 tor
133 812 225 843 detur
242 820 420 843 curatorem
448 812 585 843 habenti.
629 811 692 843 Sed
718 818 868 850 corrupta
891 809 937 841 est

61 852 223 891 Rubrica,
246 852 275 885 ἂ
297 853 339 885 fic
355 853 563 892 restituenda,
587 851 624 883 In
641 853 745 894 quibus
763 851 874 889 casibus
891 858 939 882 tu-

62 899 151 925 torem
173 894 288 926 habenti
309 899 407 934 tutor,
436 894 482 926 vei
504 899 619 926 carator
642 895 736 926 detur.
779 892 938 924 Praeterea

63 941 176 968 movet
194 936 247 967 hic
265 935 441 976 scrupulum
460 936 479 967 l.
499 945 543 968 10.
571 934 686 979 Csbei
703 937 767 966 dar.
787 940 844 966 tut.
865 932 936 975 poff.

65 976 129 1008 Sed
144 977 176 1008 in
198 977 258 1008 hac
275 986 404 1018 quoque
427 978 497 1018 lege
526 986 584 1018 pro
610 977 778 1008 Curatorem
802 982 935 1021 oportet

62 1017 174 1056 scribi,
202 1017 352 1050 Tutorem.-
385 1019 549 1059 quomodo
577 1018 608 1049 in
633 1017 823 1058 quibusdam
847 1016 934 1048 libris

64 1058 203 1098 exstare,
225 1060 280 1091 suo
296 1068 442 1100 tempore
458 1059 623 1091 annotavit
640 1058 823 1091 Accurfius:
848 1058 878 1089 ἀ
893 1058 935 1089 fic

65 1098 148 1141 legi,
178 1101 338 1142 sequentia
357 1099 485 1133 suadent
506 1100 584 1142 legis
602 1100 935 1145 verba,Negotiispu·

61 1142 232 1184 putoribus:
270 1153 309 1174 ex
331 1142 443 1185 quibus
468 1142 567 1183 liquet
591 1142 634 1173 ibi
660 1143 708 1187 agi
734 1141 774 1173 de
797 1141 934 1188 pupillo}

65 1191 133 1215 non
150 1185 190 1215 de
204 1184 335 1216 minore.
361 1184 405 1216 est
422 1183 505 1215 forte
521 1183 615 1215 etiam
641 1181 752 1220 Vitiosa
780 1191 845 1222 ejus
871 1182 935 1213 lom

65 1223 250 1265 Inscriptio:
269 1224 299 1257 in
316 1235 417 1266 eaque
432 1225 643 1266 expungenda
660 1234 726 1257 vox
742 1222 850 1258 Militi.
862 1224 935 1255 add.

68 1265 177 1305 Cujac.
194 1267 240 1298 tib.
261 1273 307 1307 17.
327 1267 447 1307 Observ.
466 1276 490 1298 c.
508 1270 539 1299 6.
668 1306 673 1311 ι
916 1303 922 1312 ¹

109 1306 268 1340 Caeterum
287 1316 321 1339 ut
338 1307 546 1349 intelligatur,
571 1307 601 1339 in
623 1308 737 1348 quibus
761 1304 858 1337 causis
881 1315 936 1337 mi-

65 1349 198 1380 noribus
215 1349 329 1380 dentur
343 1357 523 1381 cui-atores:
548 1348 711 1382 sciendum
730 1346 792 1385 est,
817 1347 935 1378 mascu-

64 1389 115 1421 los
131 1390 199 1429 jure
217 1396 325 1421 vetere
344 1391 512 1429 pubertate
528 1389 570 1422 fic
596 1391 747 1422 liberatos
766 1387 828 1419 effe
853 1396 935 1420 tute-

62 1429 113 1468 la3
136 1437 170 1461 ut
189 1430 225 1464 iis
242 1431 357 1463 deinde
372 1431 448 1463 nulli
463 1432 613 1463 darentur
631 1438 812 1463 curatores:
837 1439 934 1471 quan-

64 1471 109 1502 do
123 1470 212 1512 Lege
226 1477 284 1503 xii.
305 1471 502 1504 Tabularum
519 1472 596 1504 nihil
620 1479 687 1503 erat
713 1472 754 1503 de
778 1471 933 1512 puberum

62 1513 263 1545 curatoribus
279 1518 406 1544 cautum
417 1536 426 1551 ,
452 1520 586 1552 propter
603 1513 698 1545 seculi
713 1517 936 1553 paupertatem

65 1553 99 1583 &
121 1552 338 1586 severitatem:
362 1558 423 1594 qua
445 1553 543 1585 fiebat
558 1577 568 1592 ,
592 1562 626 1586 ut
647 1554 762 1595 integri
785 1553 883 1586 essent
907 1564 934 1586 a·

65 1593 297 1626 dolescentium
323 1605 428 1627 mores
445 1617 454 1634 ,
485 1595 515 1627 δι
537 1594 670 1627 honesta
699 1596 861 1628 videretur
889 1594 934 1627 so-

64 1634 195 1666 brietas.
227 1635 278 1667 sed
302 1637 452 1677 paulatim
477 1636 604 1669 labente
626 1635 789 1678 disciplina
805 1660 815 1676 ,
847 1637 934 1679 quod

63 1675 277 1708 increscerent
294 1687 384 1718 aeque
401 1678 531 1718 privatae
549 1687 648 1719 opes,
666 1687 703 1709 ac
719 1678 873 1719 publicae,
893 1679 934 1711 la-

63 1724 98 1748 ta
115 1717 159 1749 est
177 1717 246 1750 Lex
266 1717 421 1750 Laetoria:
444 1728 513 1759 quaa
529 1720 702 1760 praecepit,
726 1720 935 1752 adolescenti-

62 1757 123 1790 bus
138 1758 260 1791 ]ascivis
279 1761 308 1792 δι
326 1761 525 1793 dementibus
548 1769 565 1792 a
587 1761 729 1793 Praetore
755 1761 822 1793 dari
846 1770 934 1793 cura-

62 1805 163 1832 tores.
213 1800 290 1833 Inde
317 1802 371 1842 qui
398 1802 512 1834 minori
538 1801 647 1842 viginti
677 1803 819 1843 quinque
844 1804 934 1835 annis

63 1850 247 1874 curatorem
273 1843 336 1874 dari
361 1843 552 1883 postulabat:
576 1844 601 1875 is
625 1843 749 1875 necesse
777 1844 932 1884 habebat,

61 1882 192 1914 alteram
217 1883 325 1916 harum
349 1885 509 1916 causarum
539 1885 729 1925 exprimere.
772 1884 835 1917 Sed
856 1885 931 1930 'hoc

60 1933 134 1954 cum
160 1924 236 1956 ess‘et
259 1934 275 1956 a
305 1926 432 1964 publica
459 1925 595 1957 utilitate
619 1933 797 1958 remotum:
832 1926 931 1960 visum

60 1963 107 1996 D.
126 1964 259 2004 Marco,
284 1966 407 1998 abolito
433 1966 562 2007 pristino
586 1970 672 2007 jure,
694 1976 805 1999 omnes
828 1968 929 2000 mino-

60 2015 111 2038 res
136 2007 288 2048 deinceps
318 2008 466 2048 accipere
496 2015 659 2040 curatores
678 2032 689 2048 ,
718 2009 837 2041 etiamsi
864 2018 930 2042 non

57 2047 272 2088 probarentur
288 2048 350 2080 effe
367 2047 474 2081 furiosi
490 2056 544 2080 aut
568 2049 694 2089 lascivi,
717 2050 768 2082 seu
792 2051 929 2093 prodigi.

55 2087 178 2120 Aufitor
203 2089 403 2130 Capitolinus
421 2113 432 2128 ,
462 2089 565 2122 Marco
588 2092 739 2123 Antonino
770 2101 793 2124 c.
820 2101 866 2125 10.
891 2094 932 2124 iic

57 2128 209 2161 scribens.
235 2131 282 2162 De
297 2133 479 2163 curatoribus
500 2141 587 2171 vero,
617 2141 683 2164 cum
705 2139 773 2165 ante
794 2143 852 2165 non
873 2133 930 2172 nifi

58 2180 96 2202 ex
117 2171 193 2213 Lege
210 2171 336 2204 Laeioria
350 2173 396 2204 vel
415 2178 530 2214 propter
554 2173 724 2215 lasciviam,
751 2175 798 2206 vet
809 2182 929 2217 propter

56 2213 245 2253 dementiam,
269 2215 426 2253 darentur,
452 2212 627 2254 itastatuit,
657 2221 691 2246 ut
718 2225 812 2248 omnes
838 2218 933 2249 adulti

57 2259 204 2285 curatores
221 2256 398 2296 acciperent,
420 2264 478 2286 non
492 2256 611 2287 redditis
632 2256 734 2295 causis.
777 2257 820 2288 Et
839 2257 929 2300 Capi-

55 2295 159 2326 tolino
174 2295 333 2327 consentit
350 2295 466 2336 Gajus,
490 2296 537 2327 lib.
556 2305 583 2328 1.
608 2295 681 2338 Infi.
705 2300 751 2329 tit.
767 2300 821 2331 ult.
848 2299 928 2332 Ver-

57 2335 99 2367 ba
120 2334 203 2377 Gaji.
229 2336 358 2369 Peractis
366 2338 563 2378 pupillaribus
586 2341 671 2370 annis
690 2340 795 2381 quibus
820 2347 928 2373 tutores

56 2377 264 2417 absolvuntur,
287 2381 325 2410 ad
340 2385 484 2410 curatores
500 2380 575 2410 ratio
590 2382 734 2412 minorum
748 2383 848 2423 incipit
862 2390 928 2424 per·

56 2419 153 2449 tinere.
167 2419 226 2458 sub
245 2425 376 2452 curatore
398 2420 468 2457 sunt
484 2422 605 2451 minores
630 2427 732 2461 aetate,
755 2425 875 2465 majores
900 2434 927 2455 e-

57 2459 177 2497 versores
192 2484 201 2499 ,
225 2462 329 2499 insani.
374 2460 471 2502 GaJus
489 2461 574 2500 vult,
598 2471 615 2493 a
633 2463 827 2502 minoribus,
851 2465 926 2498 afu-

57 2498 162 2536 riosis‚
186 2502 215 2532 ἂ
231 2503 427 2534 eversoribus
454 2503 505 2534 seu
522 2504 665 2545 prodigis
681 2514 746 2536 non
765 2507 926 2546 pendere,

56 2547 94 2569 an
116 2548 274 2574 curatores
298 2544 447 2576 habeant.
478 2545 544 2576 imo
567 2546 629 2585 ait,
660 2545 738 2577 ficut
761 2547 926 2580 eversores

55 2579 85 2613 δι
101 2580 209 2614 furiosi
223 2582 262 2615 de
275 2583 342 2623 jure
359 2585 446 2627 sunt,
469 2585 531 2619 sive
549 2585 611 2619 effe
627 2587 769 2628 debent,
798 2589 853 2623 sub
872 2599 926 2622 cu·

703 2665 1053 2718 T1TULUS

1797 131 1867 167 433

993 194 1167 226 ratoribus:
1191 195 1234 227 ita
1259 196 1314 243 sub
1332 203 1541 245 ,curatoribus
1569 203 1634 238 ‘ess'e
1656 201 1816 247 minores,
1840 203 1871 241 id.

992 235 1057 273 est,
1082 236 1201 268 debere
1218 237 1280 270 esse
1298 249 1446 276 minores.
1490 244 1616 278 Eodem
1634 249 1735 279 modo
1762 249 1868 290 Uipia-

991 285 1048 308 iius
1069 277 1087 307 l.
1109 286 1135 308 1.
1163 277 1191 318 §.
1215 289 1244 318 3.
1266 279 1308 312 D.
1330 283 1363 312 cle
1388 286 1556 319 minoribus.
1578 288 1621 320 Et
1644 290 1704 320 ideo
1728 289 1808 321 bodie
1830 292 1864 322 in

989 317 1064 348 hanc
1079 327 1168 359 usque
1186 326 1299 352 aeiatem
1313 325 1498 362 adolescentes
1514 337 1679 362 curatorum
1694 332 1804 362 auxilio
1817 341 1863 362 re-

983 365 1098 405 guntur
1112 382 1122 398 ,
1146 368 1197 390 nec
1211 368 1280 408 ante
1296 365 1339 394 rei
1349 365 1415 404 suae
1431 369 1640 410 administratio
1660 373 1700 403 eis
1723 373 1865 405 committi

984 400 1111 446 debebit,
1131 410 1269 447 quamvis
1283 405 1350 435 bene
1365 411 1521 446 renisuam
1533 415 1706 453 gerentibus.
1748 413 1862 446 Sensus

985 438 1111 480 Ulpiani
1128 441 1192 474 est:
1218 452 1290 483 quia
1309 446 1407 479 virilis
1425 448 1517 491 vigor
1544 455 1572 484 in
1601 454 1861 488 adolescentibus

984 482 1112 527 demum
1133 484 1317 524 completur
1341 489 1411 527 post
1426 499 1543 524 annum
1563 494 1745 536 vigefimum
1769 498 1862 538 quin÷

984 530 1072 562 tum3
1096 523 1171 556 ideo
1189 535 1228 556 ex
1255 525 1498 564 Constitutione
1528 534 1606 567 Divi
1631 537 1734 570 Marci
1763 538 1861 573 hodie

982 573 1095 596 omnes
1110 566 1327 611 adolescentes
1351 571 1381 603 in
1402 572 1484 605 lianc
1500 584 1601 617 usque
1618 587 1744 612 aetatem
1767 590 1861 612 cura-

981 611 1088 652 torum
1105 608 1221 640 auxilio
1238 619 1409 653 reguntur3
1433 615 1464 647 id
1480 616 1546 656 est,
1569 619 1690 652 debent
1712 622 1798 663 regi,
1821 622 1859 655 fi-

981 656 1021 678 ve
1035 646 1186 686 Jubentui·
1203 652 1286 692 regi:
1310 656 1453 693 quamvis
1467 658 1563 700 aliqui
1581 670 1648 692 rem
1665 662 1747 694 suain
1774 664 1860 696 bene

980 687 1034 719 seu
1050 689 1228 736 prudenter
1249 702 1377 740 gerant:
1399 706 1436 728 ac
1452 698 1473 730 fi
1497 710 1537 731 eo
1565 710 1720 741 praetextu
1747 713 1861 745 petant

981 739 1107 776 veniam
1130 738 1249 779 aetatis,
1271 736 1394 769 idcirco
1417 748 1484 772 non
1507 742 1639 775 debebit
1662 744 1707 776 eis
1730 747 1773 777 rei
1799 746 1861 778 suae

981 770 1210 804 administratio
1229 777 1385 811 concedi:
1410 781 1473 814 five
1486 783 1548 823 jam
1565 787 1748 828 acceperint
1770 797 1858 819 cura-

982 820 1089 851 tores,
1113 812 1177 845 sive
1194 818 1337 851 nondum
1357 825 1552 863 acceperint.
1595 826 1647 858 Sic
1671 828 1746 860 milii
1773 830 1861 861 vide·

982 861 1059 899 tur:⁴
1081 854 1110 898 ὃς
1136 855 1267 889 verbum
1291 859 1374 906 boc,
1406 871 1563 906 reguntur,
1588 878 1654 901 non
1676 870 1739 901 esse
1762 869 1859 910 facti,

980 892 1033 926 sed
1048 903 1136 935 μηδ.
1178 895 1253 930 Nec
1267 901 1358 933 aliter

1049 938 1053 940 ‚
1100 937 1105 941 ι
1124 935 1129 940 ,
1380 907 1603 945 accipiendum
1628 911 1692 942 hoc
1713 912 1858 952 eiusdem

981 936 1106 976 Ulpiani
1123 946 1154 968 in
1172 936 1284 982 Fragm.

1152 980 1156 984 .
1240 984 1244 988 ⁵
1306 942 1368 990 Tit.
1383 954 1430 978 12.
1451 948 1482 979 in
1492 949 1550 989 fin.
1575 951 1721 985 Praeterea
1738 955 1788 985 clat
1804 958 1857 985 cis-4

980 984 1103 1024 ratorem
1118 984 1244 1028 enam-ez
1259 993 1310 1024 qui
1326 993 1418 1027 nuper
1433 991 1522 1028 pubes
1542 991 1663 1032 fastus,
1686 996 1782 1026 idonee
1807 1004 1857 1027 ne·

975 1019 1126 1064 got-rasua
1142 1026 1217 1068 tueri
1232 1033 1289 1055 non
1302 1026 1403 1068 potest.
1416 1028 1459 1061 Et
1476 1032 1521 1064 est
1540 1033 1604 1065 hoc
1620 1035 1704 1067 idem
1723 1038 1751 1068 ei
1767 1038 1857 1076 quod

978 1060 1085 1106 icribit
1099 1060 1286 1111 Justinianus
1299 1074 1346 1108 pr.
1363 1069 1436 1111 lnst.
1460 1074 1494 1104 de
1509 1077 1691 1108 curatoribus
1713 1077 1760 1111 his
1785 1088 1858 1112 ver-

978 1101 1037 1133 bis.
1060 1101 1191 1142 Masculz
1217 1108 1333 1154 quidem
1351 1113 1473 1151 puberes
1491 1114 1528 1150 &⁹
1544 1117 1675 1156 faemi'nae
1697 1121 1857 1161 viripoten-

979 1148 1037 1181 tes,
1048 1152 1136 1184 usque
1153 1146 1192 1176 ad
1205 1148 1371 1195 vicesimum
1386 1155 1525 1195 quintum
1543 1168 1654 1191 annum
1670 1161 1856 1203 completum,

978 1190 1124 1230 curatores
1148 1196 1314 1229 accipiunt.-
1336 1193 1368 1225 id
1392 1195 1458 1234 est,
1483 1205 1519 1229 ut
1550 1209 1613 1241 ego
1638 1202 1784 1243 explico,
1814 1205 1857 1238 de

976 1234 1044 1272 jure
1073 1227 1194 1260 debent
1207 1233 1363 1274 ‚accipere
1383 1245 1423 1267 ex
1441 1237 1682 1275 Constitutione
1707 1243 1747 1275 D.
1768 1245 1858 1278 Mai·-

979 1276 1019 1298 ci.
1033 1267 1062 1298 ἃ
1081 1267 1125 1299 est
1144 1278 1266 1310 optima
1281 1274 1483 1316 Imperatoris
1500 1282 1598 1314 ratio:
1622 1283 1705 1328 Quia
1718 1286 1783 1318 licet
1796 1294 1855 1329 pu-

979 1309 1054 1355 beres
1062 1307 1157 1359 sint,-
1169 1313 1264 1346 adbuc
1279 1320 1374 1349 tamen
1389 1319 1451 1361 ejus
1464 1324 1639 1363 cetatissunt
1650 1349 1659 1364 ,
1683 1332 1716 1358 ut
1730 1328 1791 1368 sica.
1805 1338 1858 1360 ne·

976 1355 1057 1396 gotia
1081 1356 1156 1383 tueri
1184 1363 1241 1386 non
1260 1356 1382 1398 poffint:
1403 1362 1436 1393 i'd
1461 1363 1527 1403 est,
1551 1366 1657 1406 paffim
1685 1371 1767 1401 tueri
1790 1379 1861 1404 non

977 1390 1103 1436 pollint.
1123 1434 1128 1438 ι
1145 1392 1219 1426 Nec
1239 1403 1344 1431 turbat
1360 1411 1412 1433 me
1429 1403 1458 1445 ᾗ.
1484 1414 1512 1437 2.
1531 1405 1602 1447 Inst.
1630 1410 1688 1441 eod.
1710 1411 1757 1441 tit.
1782 1420 1858 1444 cum

979 1433 1060 1463 locis
1078 1434 1267 1473 quibusdam
1283 1441 1368 1474 aliis:
1393 1450 1427 1474 ut
1443 1446 1482 1477 ad
1497 1447 1685 1488 sequentem
1706 1450 1860 1486 Titulum-

979 1474 1216 1520 demonstrabo.
1258 1479 1385 1515 Interea
1401 1488 1544 1528 cavebo,
1576 1499 1616 1522 ne
1635 1501 1730 1532 quern
1755 1502 1858 1528 vexet

978 1513 1068 1562 Dion
1088 1516 1206 1551 Caffius
1222 1521 1270 1554 lib.
1289 1532 1426 1572 524pag.
1442 1533 1514 1568 546.
1535 1530 1597 1571 jam
1615 1533 1680 1573 ejus
1698 1534 1777 1576 Juris
1801 1545 1857 1569 cu-

976 1565 1023 1596 Jus
1037 1557 1200 1605 aucto-rem
1222 1563 1351 1608 'laudaVi
1375 1566 1495 1602 Divum
1520 1571 1690 1614 Marcum,
1713 1578 1857 1610 mentio-

978 1607 1052 1630 nem
1065 1599 1196 1647 ‚faciens
1219 1614 1251 1650 in
1269 1606 1334 1638 vita
1358 1609 1505 1650 Augusti:
1537 1616 1666 1654 quando
1691 1617 1858 1652 Mecaena-

979 1647 1044 1672 tem
1062 1649 1106 1672 ita
1117 1644 1246 1691 ,inducit
1267 1647 1476 1689 loquentem:
1508 1653 1546 1686 In
1569 1656 1723 1699 equestrem
1737 1658 1857 1701 flatum

977 1681 1120 1729 allegendi
1135 1684 1286 1720 octodecim
1306 1700 1398 1723 annos
1422 1695 1517 1726 aetatis
1534 1697 1635 1730 habere
1658 1703 1776 1739 debent3
1799 1704 1856 1735 baa

977 1731 1053 1769 enim
1068 1730 1151 1771 aetate
1159 1728 1337 1777 potiffirnum
1353 1732 1390 1768 δ’)
1407 1742 1555 1776 corporum
1568 1739 1660 1779 firma
1683 1742 1798 1784 affectio
1815 1744 1856 1781 δ’

977 1772 1128 1805 ingenium
1144 1773 1327 1813 conspicitur.
1372 1774 1410 1807 In
1426 1776 1566 1811 Senatum
1582 1791 1650 1814 vero
1672 1785 1855 1823 adstribendi

976 1814 1066 1836 annos
1082 1809 1194 1849 viginti
1210 1811 1246 1846 ὣ*

1262 1815 1399 1856 quinque.
1422 1822 1557 1860 quomodo
1573 1825 1650 1855 enim
1665 1835 1723 1857 non
1730 1825 1772 1864 fit
1787 1834 1855 1860 tur-

969 1852 1007 1887 pe
1023 1857 1057 1878 ac
1070 1849 1237 1890 damnosum
1247 1877 1256 1892 ‚

998 1891 999 1894 ¹
1283 1865 1383 1904 ’quum
1399 1862 1513 1906 'nemini
1536 1869 1604 1896 ante
1626 1867 1657 1897 id
1678 1869 1773 1898 aetatz's
1782 1868 1857 1910 fiio·

975 1897 1039 1919 rum
1056 1890 1191 1924 honorum
1209 1896 1483 1937 administrationem
1512 1908 1648 1938 concedat
1664 1908 1689 1939 is
1712 1910 1748 1940 iis
1765 1932 1775 1948 ‚
1798 1910 1853 1952 qui

973 1932 1101 1981 eamdent
1125 1936 1253 1979 nondum
1278 1939 1450 2012 attzfferint,
1482 1948 1687 1987 rempublicam
1709 1959 1761 1981 vos
1794 1961 1853 1982 cre·

973 1972 1047 2003 dere.
1071 1976 1123 2005 bic
1142 1974 1262 2025 Dion..
1285 1979 1325 2011 Se
1372 1992 1522 2023 putemus
1537 2011 1548 2025 ‚
1581 1998 1654 2021 eum
1678 1992 1765 2032 quod
1788 1993 1853 2032 ait,

974 2012 1147 2059 Mecaenati
1166 2018 1344 2054 adscribere
1365 2033 1422 2064 per
1437 2036 1596 2069 errorem,
1621 2031 1670 2063 vel
1696 2033 1851 2073 anticipa-

978 2058 1158 2104 tionemzh&
1176 2061 1265 2104 quod
1281 2062 1331 2095 sua
1348 2073 1441 2099 aetate
1458 2069 1628 2103 obtinebat
1645 2082 1684 2104 ex
1703 2072 1744 2105 D.
1765 2074 1853 2107 Mar-

975 2104 1004 2126 ci
1020 2095 1281 2149 Constitutione,
1305 2108 1467 2141 retrahere
1489 2112 1527 2142 ad
1548 2113 1762 2153 principatum
1785 2117 1850 2149 Au-

971 2137 1070 2178 gusti:
1092 2139 1147 2185 sub
1165 2151 1231 2182 quo
1254 2145 1287 2176 id
1304 2155 1371 2179 erat
1393 2149 1606 2193 incognitum.
1651 2154 1752 2198 Quod
1784 2167 1851 2191 non

974 2188 1119 2227 oportuit
1135 2182 1271 2217 factum:
1294 2197 1361 2221 non
1379 2192 1463 2225 enim
1480 2195 1637 2227 convenit
1660 2197 1770 2229 officio
1788 2199 1848 2232 Hi-

973 2220 1100 2268 storrm,
1130 2234 1150 2271 a
1176 2235 1241 2267 quo
1265 2238 1376 2274 verum
1401 2233 1610 2275 exspectatur.
1656 2238 1768 2271 Potuit
1791 2240 1848 2273 suo

972 2270 1102 2295 nomine
1119 2266 1228 2313 dicere
1247 2267 1335 2303 Dion
1353 2275 1439 2313 quod
1461 2275 1578 2308 sciebat
1602 2277 1657 2310 suo
1681 2287 1848 2322 tempore:

972 2302 1025 2350 sed
1040 2304 1230 2341 Mecaenatis
1248 2313 1378 2345 nomine
1396 2316 1504 2348 dicere
1523 2319 1611 2359 quod
1629 2320 1657 2351 ei
1673 2329 1740 2353 erat
1757 2323 1849 2355 inco-

970 2353 1118 2392 gnitum,
1140 2359 1207 2398 non
1225 2348 1347 2397 debuit.
1379 2354 1455 2388 Dixi
1473 2357 1538 2390 hoc
1553 2369 1594 2391 eo
1614 2361 1848 2398 confidentius:

972 2395 1044 2426 quia
1068 2388 1251 2435 ficnpraeivn}
1274 2393 1415 2436 Vellejus
1440 2399 1626 2435 Paterculus
1649 2403 1697 2435 lib.
1721 2414 1746 2437 1.
1773 2416 1795 2438 c.
1813 2417 1845 2448 3.

971 2429 1146 2462 confimilia
1162 2433 1201 2464 ad
1218 2433 1301 2465 hanc
1317 2436 1454 2471 formam
1484 2441 1516 2473 in
1541 2447 1758 2478 monumentis
1783 2448 1848 2479 Ve-

971 2475 1074 2516 terum
1093 2471 1122 2517 &t
1138 2482 1296 2507 annotans
1315 2477 1344 2509 ἃ
1361 2481 1599 2520 reprehendens
1612 2485 1708 2518 :ficut
1725 2497 1765 2520 ne
1776 2488 1846 2521 Vir-

968 2510 1046 2549 gilio
1062 2513 1191 2559 quidem
1207 2518 1354 2557 pepercit
1371 2520 1471 2554 bacin
1489 2533 1578 2564 pai-te
1593 2526 1743 2569 Higynus
1758 2531 1841 2572 apud

969 2551 1008 2586 A.
1029 2551 1171 2588 Gellium
1188 2556 1237 2590 lib.
1256 2567 1303 2591 10.
1320 2560 1412 2596 Νοὲἳ,
1430 2563 1528 2598 Attic.
1545 2577 1568 2600 c.
1589 2572 1636 2601 16.

1112 2680 1178 2720 Vi.

487 2749 557 2798 Qui
578 2758 689 2799 petant
714 2761 829 2790 tutores
855 2757 906 2791 vel
930 2765 1086 2793 curatores
1112 2758 1154 2799 ἐξ
1180 2762 1232 2797 ubi
1254 2771 1413 2809 petantur.

53 2829 257 2906 Superiore
280 2831 561 2879 Tituloexposui,
585 2841 637 2881 qui
656 2848 781 2873 tutores
798 2851 923 2875 curato-

132 2882 222 2904 resve
239 2874 332 2914 dare,
347 2875 455 2908 darive
472 2880 595 2918 poffint.
641 2881 717 2914 Hoc
733 2885 835 2915 dicam
848 2886 921 2925 ,qui

50 2920 308 2960 petant-tutores
339 2917 390 2948 vel
411 2926 590 2961 curatores,
628 2924 657 2955 &
684 2925 736 2956 ubi
762 2934 921 2966 petantur.

48 2953 112 2985 Sed
133 2964 286 3003 primum,
311 2959 365 2997 qui
389 2966 508 3004 petant.
532 2972 590 3003 qua
615 2964 646 2996 in
669 2974 759 3005 pai-te
782 2967 842 2998 erit
866 2978 920 3000 ne-

47 2994 151 3035 cesse,
174 3002 476 3044 praemit.tere,quid
491 3002 527 3034 fit
543 3012 664 3037 tutores
683 3007 733 3038 vel
754 3017 918 3041 curatores

47 3044 182 3082 petere:
205 3046 354 3078 quoniam
373 3050 413 3072 eo
430 3043 530 3075 verbo
549 3055 614 3078 non
633 3045 773 3087 infinita,
797 3058 850 3081 aut
871 3052 917 3082 in-

46 3076 160 3110 formis
186 3083 369 3113 continetur
405 3084 520 3117 tutoris
557 3089 757 3120 curatorisve
788 3091 918 3131 alicujus

44 3120 182 3166 pet-iti03
205 3120 257 3153 sed
274 3124 391 3163 petitio
407 3126 521 3157 tutoris
537 3129 615 3160 certi
641 3129 668 3160 δι
685 3129 847 3171 designati.
872 3134 916 3165 vi·

43 3159 162 3192 delicet
175 3168 298 3197 tutores
321 3173 527 3198 curatoresve
547 3177 677 3209 petere,
702 3179 765 3213 non
790 3173 835 3205 est
860 3183 915 3215 pe-

35 3202 244 3275 εειῗοῗὲίςῖῗε
260 3206 301 3238 de
327 3207 455 3248 medic,
478 3207 626 3244 Praetoris
643 3211 776 3246 arbitrio

967 2847 1043 2879 dos:
1067 2845 1120 2880 sed
1132 2850 1327 2894 ‘nominatim
1343 2862 1455 2895 petere
1477 2862 1613 2888 tutorem
1638 2856 1689 2887 vel
1713 2848 1839 2892 curato=

966 2898 1033 2920 rem
1059 2889 1194 2923 Lucmm
1217 2892 1341 2926 Titium
1358 2919 1368 2934 ,
1399 2898 1487 2929 verbi
1512 2897 1619 2937 gratia.
1644 2897 1686 2928 ita
1711 2906 1838 2934 tutores

949 2930 1018 2970 *vel
1040 2940 1203 2965 curatores
1220 2943 1331 2975 petere
1356 2937 1418 2976 est,
1442 2938 1574 2969 Praetori·
1598 2939 1763 2972 nominare
1789 2942 1839 2974 fu-

965 2977 1053 3002 turos
1081 2981 1205 3007 tutores
1229 2978 1279 3009 vel
1305 2987 1485 3016 curatores3
1516 2978 1580 3009 five
1605 2979 1736 3012 Praetori
1761 2983 1838 3015 dare

962 3014 1092 3054 nomina
1108 3038 1118 3054 ,
1143 3014 1217 3049 dare
1234 3019 1334 3050 electa
1359 3020 1488 3050 nomina
1507 3028 1618 3051 eorum
1636 3043 1646 3059 ,
1676 3030 1758 3061 quos
1782 3034 1854 3066 pen*

962 3060 1025 3093 tas,
1046 3055 1084 3087 ab
1101 3066 1140 3088 eo
1161 3066 1284 3091 tutores
1301 3060 1351 3090 vel
1368 3068 1529 3091 curatores
1547 3060 1708 3095 constitui.
1752 3064 1836 3099 Rem

961 3095 1050 3127 dedi:
1074 3097 1236 3139 exspectas
1261 3101 1449 3131 testimonia.
1479 3107 1586 3133 extant
1605 3103 1635 3134 in
1659 3104 1678 3134 l.
1702 3115 1730 3136 2.
1754 3106 1782 3147 §-
1804 3117 1837 3139 2.

959 3135 1003 3168 D.
1031 3137 1068 3172 δ”
1089 3140 1109 3170 l.
1131 3151 1158 3172 2.
1185 3142 1217 3173 C.
1233 3143 1259 3172 h.
1278 3147 1299 3170 t.
1319 3141 1336 3170 l.
1356 3150 1403 3179 24,
1425 3141 1466 3171 D.
1484 3144 1516 3172 de
1531 3149 1618 3175 tutor.
1638 3146 1699 3177 dat.
1722 3150 1758 3178 ab
1775 3148 1833 3179 bis.

958 3177 976 3207 l.
1004 3187 1029 3210 1.
1048 3180 1077 3221 §.
1093 3191 1122 3220 3.
1141 3181 1183 3213 D.
1200 3184 1233 3212 de
1253 3179 1424 3222 Magistra.
1446 3192 1565 3215 convert.
1584 3185 1602 3215 i.
1620 3195 1648 3216 2.
1667 3186 1695 3227 §.
1714 3197 1762 3228 23.
1789 3189 1833 3219 D.

794 3215 913 3257 engen·
955 3218 1009 3252 Aa
1024 3220 1178 3257 Senatusc.
1202 3222 1322 3255 Tertull.
1353 3224 1428 3256 inde
1446 3231 1569 3259 tutores
1593 3231 1747 3261 nominati
1771 3238 1834 3270 pio

1280 3262 1336 3294 lii
1783 3270 1835 3301 da-
