2036 3495
151 155 223 192 444

156 230 348 274 deponentis
370 227 560 269 pecuniam;
582 228 688 253 utrum
706 218 838 264 eadem,
861 225 898 247 an
915 214 1025 262 similia

154 274 287 315 recipiat
302 277 503 302 nummorum
513 272 665 303 corpora:
681 268 816 300 pecunia
826 257 1025 303 funffitionem

153 316 330 354 recipiente
346 319 410 341 non
427 319 456 340 in
471 306 593 347 specie,
612 302 665 334 sed
680 303 710 332 in
728 309 857 347 genere.
877 307 913 329 ea
930 305 1027 339 igitur

156 356 252 397 gratia
272 352 387 393 patitui·
403 348 612 389 Papinianus,
637 342 771 383 depositi
796 340 955 372 aaronem
973 339 1025 370 da-

155 400 189 429 ri.
224 394 276 426 sed
303 400 406 423 utrum
430 391 468 421 ad
493 388 609 420 sortem
635 392 777 422 tantum,
799 392 836 413 an
862 381 901 411 ad
920 380 1025 426 usuras

157 434 313 478 quoque?
338 432 368 464 &
392 431 412 464 fi
436 439 525 463 mora
551 427 744 459 intervenit:
769 430 859 469 putat
884 421 1025 465 Papinia-

155 488 233 515 nus,
252 476 346 507 etiam
364 474 402 505 ad
413 473 516 504 usui-as
533 471 608 501 dari.
633 467 836 510 Atquiuiurae
851 472 942 508 aeque
957 466 1026 493 lunt

156 527 244 550 extra
261 515 452 558 potestatem
476 510 630 552 depositi,
653 518 689 539 ac
711 515 829 543 mutui;
854 506 1024 545 obligatio-

154 569 195 591 ne
212 566 382 598 numquam
400 567 434 587 re
451 554 599 587 nascente
618 551 718 587 ultra,
741 557 836 588 quam
860 546 968 591 datum
984 543 1025 590 sit

156 601 175 632 l.
198 610 242 641 ¹7·
264 599 306 630 D.
325 600 358 629 de
367 597 480 639 pastis.-
503 604 542 626 ne
560 592 651 633 paeto
669 590 798 630 quidem
814 586 967 632 denuluris
982 595 1026 616 ir.-

153 641 327 681 terposito:
351 644 559 679 praeterquam
579 632 713 673 iubjecia
729 630 950 672 stipulatione3
965 625 1027 672 Sed

153 684 263 723 placet
286 681 479 721 Papiniano,
504 674 681 717 depositum
700 673 782 703 circa
800 670 903 714 usuras
921 667 1026 699 distin-

152 734 250 765 guere
267 733 283 754 a
301 731 431 754 mutuo:
455 718 510 751 etsi
535 726 591 749 eos
608 713 790 746 contrastus
807 711 866 742 hac
884 719 914 740 in
935 717 1024 754 parte

152 775 216 798 non
236 765 379 805 separent
394 763 474 802 juris
492 759 620 832 resiulae.
652 756 704 802 qui
723 751 853 793 potest?
868 748 931 798 ssft
947 774 956 797 ,
973 759 1023 797 .¹.¹¹'

158 808 227 847 quit
243 806 450 843 Papinianus,
468 801 533 841 conj
548 802 696 830 itutumtn
714 797 788 840 bonta
799 792 871 832 sidet
883 794 1024 838 judiciis,

155 849 246 888 quale
265 846 308 877 eil
325 844 459 884 depositi
477 842 579 879 aetio,
595 841 669 880 quod
683 838 721 869 ad
735 838 836 874 usuras
853 839 976 879 attinet,
991 838 1025 862 ut

155 890 336 921 tantumdem
348 884 431 926 poffit
450 883 577 925 officium
593 880 714 924 arbitri,
737 881 882 918 quantum
898 872 1022 917 stipala-

153 932 202 962 tio.
246 930 273 961 A
296 937 361 968 quo
381 935 486 958 tamen
506 925 536 956 id
553 923 588 955 sit
607 920 835 956 constitutum,
850 924 922 962 ‘non
939 915 1025 959 addit

153 971 361 1011 Papinianus:
386 967 440 999 sed
466 962 680 997 demonstravi
699 960 787 999 supra
802 958 893 1004 liujus
910 955 1027 1002 Operis

155 1023 184 1044 c.
203 1021 256 1044 xx.
275 1012 304 1042 &
320 1019 400 1047 xri,
426 1008 589 1039 auctorem
615 1004 680 1043 ejus
698 1001 945 1044 Constitutionis
965 995 1027 1042 elie

152 1055 196 1087 D.
216 1054 325 1086 Pium:
349 1059 421 1082 cum
446 1057 521 1080 ante
545 1055 618 1078 eum
636 1047 666 1076 in
684 1043 778 1074 bonae
795 1038 1027 1084 fidei—judiciis,

153 1105 218 1128 uno
243 1101 383 1134 excepto
406 1091 527 1132 judicio
547 1097 606 1129 pro
625 1085 730 1122 socio,
754 1091 820 1128 non
838 1080 927 1126 ‘aliud
944 1087 1027 1123 eirca

152 1137 255 1169 usuras
268 1135 316 1175 jus
335 1132 430 1171 esset,
454 1139 547 1171 quam
564 1130 594 1160 in
610 1127 734 1168 judiciis
750 1122 843 1155 stristi
858 1129 943 1161 juris.
974 1118 1027 1165 Sic

152 1178 223 1220 post
240 1174 398 1208 admissam
417 1183 434 1204 a
452 1170 644 1212 depositario
660 1174 801 1211 moram:
817 1162 881 1194 sive
896 1169 1027 1205 promis-

151 1221 191 1251 sae
207 1219 264 1250 sint
283 1216 397 1253 usurae‚
419 1213 482 1246 sive
500 1221 565 1244 non
583 1210 655 1242 fint.
676 1208 729 1239 ied
747 1205 850 1246 finge,
865 1201 1028 1244 promissas

152 1260 215 1292 effe
239 1260 278 1290 ab
304 1257 397 1289 initio
422 1262 496 1286 ante
521 1260 654 1285 moram.
686 1248 790 1281 adhuc
813 1252 936 1290 certum
962 1243 1027 1280 est,

154 1302 285 1334 deberi:
309 1298 330 1330 fi
350 1300 389 1330 de
408 1296 456 1327 his
472 1295 513 1327 fic
536 1291 712 1334 specialiter
730 1288 1027 1332 stipulatione-con-

154 1342 279 1374 venerit
296 1341 316 1371 l.
333 1349 382 1379 40.
404 1337 445 1369 D.
466 1338 499 1368 de
514 1336 595 1366 rebus
611 1331 737 1364 creditis.
770 1329 806 1360 fit
831 1334 926 1367 igitur
942 1326 1027 1356 idern

154 1384 186 1416 in
211 1382 305 1424 pasto
329 1379 452 1420 adjecto
477 1374 648 1408 confestim
670 1370 836 1417 deposito:⁸
859 1376 932 1412 curn
952 1375 1027 1412 con-

153 1425 233 1464 stet,
249 1422 337 1465 pacta
351 1420 477 1462 judiciis
495 1418 589 1449 bonae
606 1415 681 1446 fidei
698 1414 730 1444 in
748 1415 928 1442 continenti
945 1407 1028 1446 adje-

155 1467 221 1503 cta,
247 1465 297 1496 vel
314 1464 353 1494 ad
368 1461 527 1492 actionem
552 1455 667 1492 inesse,
691 1459 848 1495 quatenu-s
868 1446 1027 1492 paciscen-

156 1509 195 1539 tis
212 1503 341 1538 interest
358 1508 494 1542 propter
511 1506 577 1529 rem
599 1495 758 1538 debitam:⁸
777 1492 812 1538 §t
826 1497 889 1535 jani
905 1487 1028 1520 Consti-

156 1546 332 1579 tutiombus
354 1541 493 1581 placuit,
516 1539 547 1568 in
572 1537 667 1567 bonae
684 1534 759 1565 fidei
774 1533 917 1578 judiciis,
941 1528 1031 1570 quod

155 1589 193 1620 ad
211 1586 314 1618 usuras
331 1584 465 1619 attinet,
490 1585 643 1618 quantum
664 1576 749 1607 valet
766 1573 945 1613 stipulatio,
961 1580 1028 1601 tan-

156 1638 222 1661 tum
241 1624 330 1667 poss‘e
351 1622 460 1655 arbitri
477 1619 630 1652 officium.
663 1617 704 1648 At
721 1614 766 1646 est
783 1621 897 1645 contra
911 1613 1029 1659 bonam

154 1669 271 1706 fidem,
287 1672 466 1704 contraque
475 1659 610 1701 depositi
626 1665 788 1695 naturam,
805 1653 1029 1700 depositarium

153 1710 258 1743 usuras
275 1707 339 1740 fine
355 1714 444 1737 mora
469 1703 607 1740 debere3
631 1700 661 1731 ὅ(
677 1708 737 1739 pro
754 1696 914 1729 beneficio
932 1693 1029 1725 susce-

155 1762 220 1795 ptae
243 1748 396 1782 custodiae
418 1753 547 1787 poenam
563 1742 697 1773 solvere.
746 1738 819 1771 Post
834 1736 1030 1769 introductas

155 1802 263 1826 tamen
282 1791 384 1822 usuras
400 1788 431 1820 in
449 1787 543 1818 bonae
562 1783 637 1815 fidei
652 1782 796 1823 judiciis,
811 1788 877 1811 non
893 1776 938 1809 est
954 1787 971 1808 a
987 1786 1030 1824 ra-

157 1837 248 1868 tione
265 1834 420 1868 alienum,
436 1827 458 1860 fi
477 1828 507 1859 in
524 1823 659 1867 ingressu
676 1821 861 1855 contractus
877 1825 1033 1866 convenit

156 1878 198 1909 de
215 1875 310 1907 usuris
328 1881 402 1903 ante
417 1877 538 1902 moram
566 1865 767 1908 praestandis,
792 1862 917 1903 pastum
935 1860 1032 1892 inesie

158 1918 273 1951 actioni
291 1912 447 1955 depositi3
465 1910 593 1952 ipsaque
609 1908 712 1939 usuras
730 1914 840 1945 mque,
863 1912 900 1935 ac
916 1901 1033 1934 sortem

157 1960 235 2001 peti.
261 1955 363 2000 Quod
378 1953 400 1986 fi
418 1953 480 1985 est:
504 1958 673 1992 putemus,
688 1948 779 1988 pacta
797 1946 902 1977 valere
919 1944 1031 1975 adver-

158 2000 205 2032 sus
228 1998 364 2031 formam
388 1993 585 2027 contractus:
610 1990 631 2023 si
654 1990 683 2022 ei
702 1990 799 2035 tacite
824 1988 860 2032 <St⁴
874 1986 962 2017 velut
978 1994 1035 2030 per

160 2039 421 2081 consequentiam
437 2041 638 2075 repugnent3
654 2037 895 2072 nequeinterim
905 2027 1034 2067 publica

161 2083 298 2115 utilitate
315 2079 549 2120 improbentur.
591 2074 656 2105 hoc
675 2081 752 2103 vero
769 2072 799 2102 in
817 2067 982 2116 proposito
999 2066 1036 2098 fit

162 2121 304 2164 deposita
315 2122 465 2162 pecunia:
476 2117 497 2150 si
506 2123 614 2158 agatur
622 2138 632 2154 ,
641 2122 675 2146 ut
685 2111 891 2154 depositarius
901 2117 1036 2141 tantum-

164 2167 237 2198 dem
253 2163 393 2194 restituat
404 2161 451 2199 ,δι
466 2158 567 2191 usuras
584 2156 720 2197 praestet.
737 2153 808 2185 sane
824 2161 876 2192 qui
893 2150 1036 2197 deposita

161 2205 316 2249 pecunia,
333 2202 378 2233 est
393 2201 592 2232 tantumdum
609 2197 775 2229 exusturus
789 2203 863 2239 cum
879 2192 996 2231 usuris,
1011 2201 1036 2223 is

164 2246 316 2280 concedit
333 2244 398 2284 ejus
409 2243 438 2274 δι
452 2241 624 2273 custodiam
635 2239 665 2271 ἂ
676 2237 953 2281 consumptionem
964 2244 974 2273 3
990 2241 1035 2264 et·

162 2289 185 2322 fi
201 2298 264 2320 non
281 2284 404 2318 direClto
416 2307 424 2322 ,
441 2281 493 2314 sed
509 2291 564 2321 pei·
575 2279 845 2320 consequentiam.
871 2284 966 2317 igitur
982 2275 1033 2321 ad-

165 2331 229 2362 huc
246 2326 364 2359 valebit
381 2326 445 2356 lioc
463 2323 586 2363 pactum
601 2322 669 2362 jure
687 2319 842 2360 depositi:
866 2318 939 2358 quia
954 2325 1037 2357 prin-

164 2371 274 2411 cipalis
289 2365 546 2400 contrahentium
563 2362 633 2394 finis
652 2361 714 2400 est,
732 2368 765 2392 ut
780 2359 973 2391 custodiatur
985 2366 1036 2398 pe-

166 2413 259 2444 cunia
282 2410 302 2442 l.
321 2419 370 2447 24.
395 2407 413 2438 l.
434 2416 483 2446 25.
507 2405 537 2447 §.
560 2414 583 2436 Ι.
610 2403 647 2438 {9⁹
669 2403 687 2434 l.
715 2406 763 2434 26.
782 2401 825 2432 D.
852 2398 983 2441 depositi:
1006 2399 1036 2430 &

168 2453 311 2493 quamvis
327 2447 473 2490 deposito
485 2455 640 2486 corpore,
657 2453 722 2476 non
738 2443 814 2475 sinat
823 2441 956 2483 depositi
972 2440 1036 2471 for-

167 2504 238 2532 ma,
263 2493 294 2523 id
311 2501 327 2522 a
344 2488 536 2531 depositario
561 2486 701 2518 consumi
721 2493 774 2516 aut
791 2484 924 2520 mutari,
948 2481 1036 2523 quod

168 2534 265 2566 habet
280 2533 478 2563 functionem
495 2528 578 2561 suam
596 2530 625 2559 in
643 2527 767 2567 specie3
783 2533 889 2556 tamen
906 2524 927 2556 si
942 2532 1036 2564 quan-

168 2577 240 2607 titas
260 2574 437 2614 deponatur
452 2571 516 2602 hoc
534 2569 646 2611 paCto,
662 2577 695 2599 ut
714 2567 911 2599 tantumdem
928 2566 1037 2596 redda-

172 2625 241 2654 tur,
265 2614 348 2645 aliud
370 2613 511 2643 obtinuit
533 2614 561 2643 d.
578 2612 598 2642 l.
616 2620 664 2650 25.
682 2609 711 2651 §.
734 2618 755 2641 1.
779 2607 816 2643 ὅ)
831 2609 859 2639 d.
877 2608 896 2639 l.
915 2611 973 2639 26:
997 2615 1037 2651 co

170 2658 258 2698 quod
276 2654 431 2695 quantitas
448 2662 513 2684 non
531 2651 586 2684 suo
603 2660 760 2691 corpore,
783 2649 834 2681 sed
851 2647 900 2680 sua
916 2655 1039 2688 quanti-

172 2707 238 2731 tate
264 2695 450 2727 aestiinatur:
475 2703 537 2725 nec
554 2692 683 2724 interest
699 2691 910 2732 deponentis,
934 2697 1039 2720 utrum

172 2736 314 2780 deposita
337 2736 368 2766 in
395 2734 496 2774 specie
513 2735 662 2766 reddatur
682 2734 858 2773 quantitas,
882 2740 918 2762 an
937 2731 993 2762 alia
1008 2739 1038 2761 e·

169 2781 292 2823 jusdem
318 2776 441 2817 generis
459 2776 487 2805 ἃ
505 2776 680 2815 qualitatis:
704 2775 779 2815 quin
800 2773 852 2804 hic
871 2773 997 2803 videtui·
1014 2771 1037 2801 i-

174 2824 247 2856 dem
273 2818 359 2859 quod
382 2815 558 2856 depositum
580 2816 623 2848 est
640 2817 749 2853 reddi,
772 2815 824 2846 ubi
841 2814 1039 2845 tantumdem

172 2864 326 2897 redditur.
357 2856 402 2889 est
426 2865 523 2897 porro
541 2858 607 2888 baec
625 2857 758 2898 depositi
777 2865 906 2893 natura,
929 2864 970 2886 ne
987 2855 1040 2886 de-

172 2904 282 2948 positae
307 2901 352 2932 rei
373 2897 458 2930 usum
482 2897 594 2927 habeat
618 2898 832 2939 depositarius.
866 2897 931 2928 hoc
947 2896 1043 2937 igitur

175 2947 229 2979 ubi
242 2942 305 2976 est:
322 2950 377 2973 cur
392 2940 493 2971 usuras
509 2938 632 2978 praestet
646 2940 798 2979 temporis
813 2945 885 2970 ante
901 2946 1042 2969 moram:

176 2988 259 3021 nulla
286 2982 441 3015 usurarum
468 2979 556 3010 causa
573 2979 590 3010 ’ἐ
612 2987 761 3011 caeterum
787 2981 914 3011 inventa
939 2979 1044 3018 specie

178 3031 208 3062 in
228 3036 288 3068 qua
304 3021 509 3064 depositarius
525 3028 630 3051 utatur
641 3021 817 3059 quantitate
835 3019 993 3060 deposita3
1009 3028 1046 3050 ea

178 3073 268 3111 lege,
285 3074 318 3097 ut
334 3062 528 3095 tantumdem
545 3060 672 3092 reddat:
689 3070 753 3091 non
770 3061 867 3092 fuerit
882 3062 1045 3101 iniquum,

180 3118 285 3143 neque
299 3106 464 3137 absurdum
476 3126 485 3141 ,
500 3102 570 3144 post
587 3101 798 3133 introductam
815 3103 972 3135 usurarum
990 3102 1046 3133 uti-

182 3145 304 3185 litatem
321 3148 349 3178 in
367 3148 462 3177 bonae
477 3143 550 3175 fidei
564 3143 705 3184 judiciis,
728 3142 876 3182 depositae
894 3145 1048 3183 quantita.

185 3195 224 3226 tis
247 3192 333 3222 usum
360 3186 536 3228 deponenti
559 3185 716 3217 usurarum
734 3183 952 3223 praestatione,
979 3184 1000 3217 fi
1016 3184 1048 3218 id

182 3229 391 3268 convenerit,
414 3236 486 3260 ante
503 3235 626 3261 moram
639 3225 784 3266 reparari.

759 131 1067 166 Genannt

1114 125 1344 163 Nooni·

1108 214 1170 247 Sed
1181 214 1220 247 de
1237 215 1335 256 pactis
1351 224 1422 256 quae
1437 214 1495 247 sint
1510 221 1622 246 contra
1638 215 1762 254 negotii
1777 214 1937 250 substanti-

1068 265 1139 295 am,
1163 266 1324 295 naturam,
1348 267 1385 288 ac
1409 256 1546 288 formam
1565 256 1739 295 internam,
1765 257 1817 297 dt,
1840 266 1875 290 ut
1893 260 1936 290 ita

1068 298 1200 337 loquar,
1224 298 1436 336 essentialem,
1461 297 1543 329 fat‘ta
1560 298 1662 338 palam
1682 297 1735 328 vel
1753 300 1869 336 tacite,
1892 299 1939 330 di·

1068 338 1152 383 Cium
1170 339 1250 370 s‘atis.
1295 339 1476 380 Sequuntur
1492 347 1560 379 quae
1579 346 1668 371 extra
1683 348 1752 370 eam
1767 339 1940 371 consistunt

1069 388 1151 410 circa
1164 382 1266 413 caulas
1283 390 1359 420 quas
1369 381 1471 412 dicam
1484 388 1650 412 externas:
1666 389 1737 411 nam
1753 380 1792 410 de
1804 380 1852 411 his
1862 389 1942 421 quo-

1069 429 1132 460 que
1147 429 1183 451 ut
1201 421 1350 462 deinceps
1367 432 1454 463 agam
1465 445 1474 460 ,
1491 421 1627 462 postulat
1644 420 1841 462 Pomponius
1853 421 1873 452 l.
1889 430 1940 461 27.

1070 461 1112 492 D.
1130 462 1163 491 de
1180 463 1285 503 regulis
1298 464 1393 503 juris,
1417 463 1522 494 verbis
1545 461 1633 503 supra
1650 463 1689 494 ad
1706 462 1789 493 hunc
1805 462 1939 495 modum

1069 503 1255 535 emendatis.
1300 504 1366 535 Nec
1385 514 1421 535 ex
1440 505 1589 545 praetorio,
1612 513 1663 535 nec
1686 513 1722 534 ex
1743 503 1857 541 solemni
1870 503 1940 544 jure

1064 544 1250 583 privatorum
1271 547 1455 576 conventione
1471 547 1628 587 quidquam
1651 546 1864 576 immutandum
1887 542 1939 585 est.

1070 586 1204 631 qitamtois
1219 586 1424 626 obligationum
1439 588 1527 626 causta
1539 585 1672 627 pactione
1685 585 1790 627 poffint
1805 587 1941 617 immuta-

1070 634 1096 655 τι
1111 624 1148 659 &³
1160 626 1288 667 ipjojure
1300 627 1335 661 ὅ)
1346 634 1397 668 per
1409 627 1487 669 pasti
1501 629 1635 659 conventi
1649 630 1855 668 exceptionem.-
1869 629 1940 668 quia

1070 665 1216 712 actionum
1237 668 1335 698 modus
1359 669 1405 699 vei
1429 668 1487 710 iege
1507 669 1553 699 vel
1568 676 1619 710 per
1633 669 1787 701 Praezorem
1805 670 1939 700 introdu-

1067 707 1129 738 ἅτις
1154 713 1338 747 privatorum
1363 709 1545 750 pastionibus
1570 720 1628 741 non
1654 711 1831 749 informatur
1849 733 1858 746 ,
1888 719 1940 740 nec

1059 747 1107 786 fi,
1130 758 1195 779 cnm
1211 749 1363 781 inchoatur
1378 750 1451 781 aetio
1463 774 1473 789 ,
1495 752 1571 782 inter
1585 761 1630 782 eos
1645 753 1788 782 convenit.
1826 750 1941 782 Sensus

1068 789 1131 835 est,
1156 787 1402 830 obligationum
1420 791 1637 831 substantiam,
1661 793 1774 832 (quam
1800 791 1943 831 Pompo-

1069 840 1138 862 nius
1154 839 1252 861 vocat
1267 831 1411 863 astionum
1425 833 1556 864 modum.-
1577 832 1655 865 ficut
1675 834 1704 864 &
1723 834 1835 865 Paulus
1851 833 1870 863 l.
1888 836 1941 864 26.

1068 871 1097 913 §.
1109 881 1136 904 1.
1150 870 1191 903 D.
1204 871 1332 913 Depositi
1347 874 1393 904 vel
1409 876 1526 912 contra)
1545 883 1603 914 pro
1624 875 1785 906 communi
1806 874 1944 905 utilitate

1068 920 1232 959 inventam
1256 915 1341 945 civili
1368 921 1422 945 aut
1450 915 1600 955 praetorio
1623 916 1715 955 jure,
1744 916 1945 955 privatorum

1069 962 1290 986 conventione
1307 964 1371 987 non
1390 956 1521 987 mutari:
1542 966 1582 987 ne
1597 964 1674 987 tunc
1693 957 1820 996 quidem
1834 978 1844 993 ‚
1867 964 1943 987 cum

1069 995 1152 1026 attio
1169 996 1359 1036 inchoatur3
1375 996 1408 1028 id
1425 996 1489 1034 est,
1508 1006 1547 1028 ne
1564 997 1701 1038 ingressu
1720 998 1847 1037 quidem
1865 1005 1942 1027 con-

1070 1036 1204 1067 matius:
1227 1046 1292 1078 quo
1309 1046 1456 1079 tempore
1471 1037 1658 1077 inchoatur,
1681 1039 1714 1069 id
1730 1037 1792 1076 est,
1808 1036 1943 1069 nascitur

1069 1078 1225 1118 obligatio
1249 1079 1280 1109 ὅ(
1302 1080 1396 1110 aetio.
1436 1088 1496 1110 nee
1523 1079 1629 1118 enim,
1653 1079 1742 1110 verbi
1765 1080 1883 1120 gratia,
1908 1086 1945 1110 ut

1069 1120 1193 1158 emptio
1210 1120 1355 1151 venditio
1375 1119 1438 1151 fine
1455 1129 1563 1151 merce
1583 1128 1637 1151 aut
1653 1121 1760 1161 pretio
1776 1119 1945 1151 contraha-

1071 1168 1150 1205 tur,
1165 1161 1328 1200 permitti:
1353 1162 1527 1201 emptionis
1544 1160 1648 1192 forma
1666 1164 1695 1193 <St
1713 1161 1879 1192 substantia
1903 1169 1945 1193 ex

1070 1208 1174 1241 pretio
1193 1201 1222 1233 &
1239 1211 1346 1234 merce
1364 1201 1563 1233 consistente.
1596 1209 1628 1233 at
1642 1212 1707 1234 nori
1727 1202 1789 1234 eise
1806 1202 1945 1235 alienum
1990 1223 1994 1228 ι

1069 1252 1086 1273 a
1102 1242 1225 1273 ratione
1242 1242 1342 1282 Juris,
1359 1243 1593 1284 obligationum
1610 1243 1734 1281 causas,
1752 1252 1824 1275 cum
1841 1244 1872 1274 id
1890 1253 1945 1274 ve-

1070 1283 1128 1329 lint
1155 1283 1349 1330 paciscentes
1366 1307 1375 1322 ,
1399 1284 1528 1324 adjeffis
1552 1284 1753 1325 pactionibus
1779 1284 1946 1316 informari

1070 1323 1137 1364 ipso
1155 1333 1243 1363 jure,
1266 1333 1321 1356 aut
1346 1335 1402 1366 per
1427 1326 1507 1365 paCti
1532 1326 1685 1357 conventi
1704 1326 1944 1366 exceptionem.

1071 1365 1123 1396 Sic
1139 1365 1357 1411 s’omponiuQ
1381 1367 1409 1397 (St
1426 1367 1629 1407 obligationum
1646 1367 1746 1405 causas
1762 1376 1825 1398 non
1841 1367 1946 1398 nomi-

1071 1412 1127 1436 nat
1142 1415 1297 1439 internam
1313 1417 1420 1439 earum
1437 1406 1574 1439 formam
1589 1415 1644 1439 aut
1659 1407 1857 1439 substantiam
1869 1430 1878 1446 ,
1891 1407 1946 1439 sed

1071 1454 1201 1478 caeteras
1212 1457 1318 1479 earum
1330 1449 1514 1488 qualitates:
1539 1458 1610 1489 quae
1627 1449 1682 1480 etii
1700 1457 1790 1480 extra
1806 1447 1946 1481 formam

1071 1495 1125 1518 aut
1141 1487 1344 1520 substantiam
1360 1491 1496 1529 cadant;
1518 1498 1623 1522 tamen
1640 1498 1675 1522 ut
1693 1489 1847 1530 Ulpianus
1863 1490 1907 1521 ait
1921 1489 1942 1521 l.

1075 1537 1121 1560 11.
1139 1528 1168 1570 ᾗ.
1190 1538 1216 1561 1.
1239 1528 1280 1561 D.
1296 1532 1329 1561 de
1344 1530 1505 1562 actionibus
1519 1532 1623 1571 empti,
1638 1531 1762 1572 singulis
1776 1531 1945 1562 contraeu-

1073 1570 1151 1609 bus,
1174 1568 1197 1601 fi
1223 1570 1301 1616 nihil
1325 1572 1500 1610 convenit,
1523 1572 1724 1610 naturaliter,
1749 1571 1850 1614 (five,
1875 1579 1909 1602 ut
1924 1571 1948 1603 i·

1072 1613 1145 1643 dem
1163 1610 1319 1652 Ulpianus·
1332 1613 1473 1653 loquitur
1488 1613 1508 1643 l.
1524 1622 1574 1653 31.
1592 1613 1611 1654 §
1639 1623 1687 1646 20.
1707 1613 1748 1645 D.
1765 1614 1798 1644 de
1812 1612 1947 1644 AEdilitio

1073 1651 1195 1691 Editio,
1218 1662 1260 1685 ex
1277 1662 1368 1685 more
1393 1654 1423 1685 &
1441 1653 1690 1695 consuetudine)
1713 1654 1817 1686 insunt
1836 1654 1947 1694 judicii

1073 1693 1243 1736 potestate.
1277 1695 1354 1727 tales
1369 1694 1477 1726 causas
1496 1703 1632 1736 quatuor
1650 1696 1769 1728 indicat
1791 1696 1904 1727 Paulus
1922 1695 1945 1726 l.

1073 1745 1123 1776 44.
1148 1734 1189 1767 D.
1217 1737 1250 1766 de
1273 1737 1490 1778 obligationibus
1517 1736 1552 1771 ἐξ
1569 1736 1728 1768 actionibus
1745 1760 1755 1776 ‚
1788 1737 1949 1778 obligatio-

1075 1787 1166 1815 num,
1181 1777 1328 1817 inquiens
1341 1802 1350 1817 ,
1367 1778 1434 1817 fere
1450 1784 1575 1819 quatuor
1591 1778 1680 1815 causae
1688 1779 1782 1818 sunt,
1804 1783 1857 1809 aut
1872 1778 1948 1808 enim

1075 1820 1132 1850 dies
1147 1820 1178 1849 in
1194 1819 1237 1850 his
1254 1816 1312 1859 est,
1330 1825 1383 1851 aut
1399 1821 1520 1850 conditio
1531 1843 1541 1859 ,
1557 1826 1609 1850 aut
1626 1821 1742 1858 modus,
1758 1825 1811 1850 aut
1825 1817 1948 1859 acceffio.

1076 1859 1127 1891 Ex
1143 1861 1259 1892 eodem
1277 1870 1395 1901 genere
1416 1859 1485 1892 sunt
1501 1870 1570 1901 quae
1587 1861 1672 1892 idem
1690 1861 1803 1892 Paulus
1818 1860 1837 1891 l.
1852 1870 1881 1901 5.
1904 1858 1947 1891 D.

1076 1903 1109 1933 de
1126 1900 1285 1933 ustionibus
1302 1904 1386 1942 empti
1402 1901 1438 1936 ἐξ
1454 1903 1568 1933 venditi
1585 1910 1681 1933 vocat
1698 1902 1809 1944 reliqua
1825 1911 1887 1943 qztae
1899 1907 1948 1939 per

1076 1943 1288 1985 consequentias
1310 1944 1459 1984 emptionis
1483 1943 1519 1978 ἐξ)
1540 1945 1717 1975 venditionis
1726 1944 1802 1982 sunt
1820 1944 1948 1983 propria.

1077 1984 1267 2025 Papinianus
1283 1985 1301 2016 i.
1313 1995 1360 2025 72.
1378 1984 1419 2015 D.
1437 1986 1470 2015 de
1487 1985 1681 2016 contrahenda
1697 1986 1833 2025 emptione
1849 1994 1883 2015 ea
1901 1983 1947 2014 di-

1078 2026 1121 2056 cit
1136 2027 1312 2057 adminicula
1328 2026 1487 2066 emptionis.
1514 2025 1667 2066 Ulpianus
1683 2026 1702 2057 l.
1720 2035 1748 2066 7.
1764 2025 1792 2067 §.
1812 2036 1838 2063 ς.
1858 2025 1896 2055 D.
1914 2025 1948 2055 de

1072 2066 1168 2108 pabiis
1186 2067 1248 2098 esse
1266 2068 1308 2098 ait
1324 2075 1407 2097 extra
1423 2073 1562 2098 naturam
1577 2067 1748 2098 contradus.
1779 2065 1875 2097 Tales
1893 2066 1948 2106 igi-

1079 2116 1129 2139 tur
1145 2108 1173 2139 &
1189 2108 1302 2139 similes
1313 2108 1528 2148 praestationes
1541 2132 1550 2146 ‚
1567 2116 1601 2139 ut
1612 2108 1806 2149 Pomponius
1821 2105 1947 2144 censet,

1077 2148 1294 2190 paciscentes,
1318 2158 1390 2180 cum
1407 2149 1438 2180 id
1455 2150 1576 2187 veiint,
1593 2158 1652 2189 pro
1669 2150 1794 2190 privato
1811 2148 1840 2180 &
1856 2147 1950 2179 fami-

1078 2192 1144 2222 liari
1160 2190 1336 2222 commodo
1346 2214 1354 2227 ,
1370 2190 1498 2231 adjectis
1509 2189 1890 2230 paCtionibusinformare
1900 2198 1948 2220 re·

1079 2233 1128 2264 δῖε
1154 2231 1297 2271 possunt:
1321 2232 1393 2271 qnia
1416 2237 1455 2263 ad
1478 2232 1710 2272 obligationum
1734 2230 1869 2263 formam
1894 2236 1948 2261 aut

1077 2272 1298 2311 substantiam,
1323 2274 1463 2313 denique
1485 2274 1525 2305 ad
1547 2274 1728 2304 evitandam
1745 2273 1949 2313 negotiorum

1078 2314 1299 2347 confusionem
1310 2337 1320 2353 ,
1336 2315 1366 2346 &
1381 2316 1462 2346 adeo
1473 2316 1510 2346 ad
1523 2316 1681 2354 publicam
1700 2314 1866 2345 utilitatem
1883 2321 1947 2344 nou

1078 2357 1241 2397 pertinent
1251 2357 1477 2397 principaliter.
1496 2355 1535 2386 Et
1547 2355 1728 2396 Pomponio
1739 2355 1862 2386 accedit
1872 2354 1948 2386 Pau-

1078 2399 1126 2431 lus
1142 2398 1162 2429 l.
1181 2408 1231 2440 43.
1252 2398 1292 2429 D.
1313 2399 1346 2428 de
1361 2396 1472 2438 pactis,
1498 2397 1534 2428 In
1556 2398 1760 2438 emptionibus,
1784 2397 1946 2435 inquiens,

1069 2440 1198 2482 scimus,
1221 2440 1290 2480 qaid
1317 2436 1448 2480 praestare
1473 2439 1580 2469 debitor
1603 2438 1762 2478 (Jacobus
1779 2437 1945 2477 Cujacius,

1081 2480 1137 2512 Vir
1156 2480 1376 2518 Dostiffimus,
1401 2480 1493 2520 legit,
1518 2480 1668 2520 venditor)
1688 2480 1802 2516 debeat,
1825 2478 1947 2520 quidque

1078 2533 1093 2554 e
1107 2523 1247 2553 contrario
1263 2527 1377 2562 emptor.
1402 2523 1475 2562 qaod
1483 2519 1512 2558 fi
1521 2523 1550 2551 in
1566 2521 1754 2551 contrahendo
1771 2520 1881 2561 aliquid
1894 2528 1944 2549 ex—

1080 2569 1190 2604 ceptum
1198 2563 1312 2601 fuerit,
1333 2564 1363 2593 id
1375 2563 1492 2602 flervari
1508 2563 1627 2593 debebit.
1673 2561 1825 2593 Similiter
1840 2559 1948 2600 Uipia-

1080 2615 1137 2637 nus
1154 2605 1172 2635 l.
1189 2613 1237 2644 23.
1256 2604 1297 2634 D.
1316 2605 1350 2634 de
1364 2613 1393 2634 re
1415 2604 1470 2634 ulis
1479 2603 1578 2645 juris,
1602 2603 1739 2634 scribens
1753 2603 1792 2634 de
1811 2602 1901 2642 culpa
1915 2601 1946 2631 in

1081 2645 1297 2679 contractibus
1322 2654 1385 2685 prae
1415 2645 1510 2682 anda,
1535 2643 1608 2675 Hoec
1630 2646 1691 2682 ita,
1716 2644 1833 2683 inquit,
1856 2639 1946 2680 nififi

1081 2688 1151 2730 quid
1166 2687 1339 2718 nominatim
1354 2687 1507 2724 convenit,
1522 2686 1568 2716 vel
1575 2686 1660 2726 ptus,
1675 2686 1720 2716 vel
1735 2686 1830 2716 minas
1844 2685 1876 2714 in
1884 2681 1946 2721 fin·

1078 2728 1157 2772 gulis
1167 2727 1369 2759 contrafflbus.
1393 2737 1462 2759 nam
1476 2727 1525 2758 boc
1537 2727 1701 2764 servabitur
1710 2727 1784 2767 quod
1793 2726 1874 2756 initio
1884 2732 1946 2755 con-

1082 2771 1178 2802 venit:
1202 2769 1290 2810 legem
1304 2770 1379 2799 enim
1395 2767 1557 2799 contraitur
1572 2769 1656 2799 dedit.
1682 2768 1791 2808 Itaque
1806 2774 1948 2797 commo-

1082 2813 1122 2843 de
1138 2810 1293 2850 Ulpianus
1310 2809 1328 2841 l.
1345 2820 1373 2850 7.
1390 2809 1418 2851 §.
1440 2819 1485 2850 15.
1508 2809 1546 2840 D.
1567 2810 1599 2840 de
1614 2808 1726 2850 pactis,
1743 2805 1871 2845 Item‚Ji
1884 2805 1947 2848 quis

1080 2850 1228 2895 pastusst't
1240 2875 1251 2891 ‚
1266 2857 1299 2882 ut
1313 2861 1349 2882 ex
1364 2852 1448 2888 caasa
1458 2849 1573 2891 depositi
1587 2860 1684 2882 omne
1693 2849 1867 2889 periculum
1879 2854 1948 2888 pm·

1077 2892 1157 2935 stet,
1175 2892 1335 2934 pactionem
1357 2893 1470 2923 valere:
1493 2901 1543 2922 nec
1568 2890 1650 2933 quasi
1672 2898 1782 2922 contra
1796 2889 1870 2929 Juris
1884 2888 1950 2919 for-

1086 2945 1168 2968 mam
1180 2933 1296 2975 fatiam
1312 2943 1369 2964 non
1383 2933 1434 2974 effe
1441 2936 1630 2973 servandam.

1129 2976 1192 3008 Sed
1202 2976 1276 3016 quid
1291 2977 1321 3006 in
1333 2983 1530 3014 unoquoque
1546 2974 1679 3016 negotio
1687 2973 1725 3005 ad
1736 2971 1868 3014 formam
1884 2967 1950 3009 spe-

1089 3019 1171 3057 Ctet,
1188 3017 1356 3058 diligenter
1370 3016 1631 3047 considerandum
1641 3014 1694 3046 est.
1719 3020 1782 3044 non
1792 3018 1951 3055 enimuna

1088 3058 1236 3091 omnibus
1260 3057 1364 3089 forma
1386 3057 1443 3089 est.
1480 3058 1561 3088 adeo
1581 3056 1666 3097 quod
1691 3055 1722 3085 in
1744 3050 1950 3095 superlqubus

1090 3100 1243 3141 exemplis
1258 3099 1382 3140 pactum
1397 3098 1530 3138 recipit,
1555 3100 1626 3137 quia
1645 3102 1731 3126 extra
1748 3093 1866 3137 negotii
1883 3090 1951 3137 for-

1091 3152 1175 3174 mam
1197 3141 1347 3180 habetur,
1373 3141 1404 3171 in
1422 3140 1499 3172 dote
1515 3139 1637 3179 pactum
1654 3134 1778 3172 respuit.
1804 3131 1848 3162 est
1865 3141 1949 3163 enirn

1091 3185 1122 3215 in
1137 3192 1174 3215 ea
1188 3180 1465 3223 Legibus‘finitum
1477 3203 1486 3218 ‚
1504 3179 1629 3219 quando
1642 3176 1669 3207 &
1687 3174 1953 3213 quemadmodum

1093 3226 1152 3258 dos
1169 3224 1288 3258 restitui
1300 3222 1433 3263 debean
1448 3229 1504 3259 ac,
1520 3219 1541 3253 fi
1555 3219 1644 3251 aliter
1657 3215 1779 3256 pastum
1796 3214 1868 3246 sit&
1878 3222 1952 3285 agg:
