<?xml version="1.0" encoding="UTF-8"?>
<!DOCTYPE html PUBLIC "-//W3C//DTD XHTML 1.0 Transitional//EN"
    "http://www.w3.org/TR/xhtml1/DTD/xhtml1-transitional.dtd">
<html xmlns="http://www.w3.org/1999/xhtml" xml:lang="en" lang="en">
 <head>
  <title>
</title>
<meta http-equiv="Content-Type" content="text/html;charset=utf-8" />
  <meta name='ocr-system' content='tesseract 3.04.00' />
  <meta name='ocr-capabilities' content='ocr_page ocr_carea ocr_par ocr_line ocrx_word'/>
</head>
<body>
  <div class='ocr_page' id='page_1' title='image "./gerardinoodtnovi00nood_0926.png"; bbox 0 0 2036 3495; ppageno 0'>
   <div class='ocr_carea' id='block_1_1' title="bbox 179 113 1066 3239">
    <p class='ocr_par' dir='ltr' id='par_1_1' title="bbox 179 113 1066 3239">
     <span class='ocr_line' id='line_1_1' title="bbox 192 113 975 166; baseline -0.013 -12"><span class='ocrx_word' id='word_1_1' title='bbox 192 129 263 166; x_wconf 78' lang='lat'>344</span> <span class='ocrx_word' id='word_1_2' title='bbox 631 113 664 148; x_wconf 90' lang='lat' dir='ltr'>G</span> <span class='ocrx_word' id='word_1_3' title='bbox 694 122 714 146; x_wconf 74' lang='lat' dir='ltr'>z</span> <span class='ocrx_word' id='word_1_4' title='bbox 748 121 770 145; x_wconf 71' lang='lat' dir='ltr'>iz</span> <span class='ocrx_word' id='word_1_5' title='bbox 801 120 824 145; x_wconf 77' lang='lat' dir='ltr'>A</span> <span class='ocrx_word' id='word_1_6' title='bbox 854 122 878 146; x_wconf 71' lang='lat' dir='ltr'>R</span> <span class='ocrx_word' id='word_1_7' title='bbox 908 119 932 143; x_wconf 72' lang='lat' dir='ltr'>n</span> <span class='ocrx_word' id='word_1_8' title='bbox 961 119 975 144; x_wconf 93' lang='lat'>1</span> 
     </span>
     <span class='ocr_line' id='line_1_2' title="bbox 195 195 1066 243; baseline -0.01 -5"><span class='ocrx_word' id='word_1_9' title='bbox 195 205 380 238; x_wconf 83' lang='lat' dir='ltr'>servitutem</span> <span class='ocrx_word' id='word_1_10' title='bbox 397 203 458 236; x_wconf 82' lang='lat' dir='ltr'>effe</span> <span class='ocrx_word' id='word_1_11' title='bbox 483 201 667 242; x_wconf 84' lang='lat' dir='ltr'>qualitatem</span> <span class='ocrx_word' id='word_1_12' title='bbox 689 198 819 240; x_wconf 86' lang='lat' dir='ltr'>praedii,</span> <span class='ocrx_word' id='word_1_13' title='bbox 842 195 1066 243; x_wconf 33' lang='lat' dir='ltr'>ipsi-inhaeren-</span> 
     </span>
     <span class='ocr_line' id='line_1_3' title="bbox 198 241 1064 288; baseline -0.017 -8"><span class='ocrx_word' id='word_1_14' title='bbox 198 256 265 279; x_wconf 85' lang='lat' dir='ltr'>tem</span> <span class='ocrx_word' id='word_1_15' title='bbox 281 247 420 288; x_wconf 75' lang='lat' dir='ltr'>praedio,</span> <span class='ocrx_word' id='word_1_16' title='bbox 444 243 473 274; x_wconf 89' lang='lat'>&amp;</span> <span class='ocrx_word' id='word_1_17' title='bbox 490 250 578 273; x_wconf 87' lang='lat' dir='ltr'>extra</span> <span class='ocrx_word' id='word_1_18' title='bbox 600 241 665 272; x_wconf 90' lang='lat' dir='ltr'>hoc</span> <span class='ocrx_word' id='word_1_19' title='bbox 686 241 820 272; x_wconf 85' lang='lat' dir='ltr'>nullam:</span> <span class='ocrx_word' id='word_1_20' title='bbox 849 246 970 285; x_wconf 80' lang='lat' dir='ltr'>quippe</span> <span class='ocrx_word' id='word_1_21' title='bbox 986 247 1064 279; x_wconf 80' lang='lat' dir='ltr'>prae.</span> 
     </span>
     <span class='ocr_line' id='line_1_4' title="bbox 196 279 1066 322; baseline -0.011 -1"><span class='ocrx_word' id='word_1_22' title='bbox 196 289 252 320; x_wconf 86' lang='lat' dir='ltr'>dio</span> <span class='ocrx_word' id='word_1_23' title='bbox 267 289 369 319; x_wconf 85' lang='lat' dir='ltr'>datam</span> <span class='ocrx_word' id='word_1_24' title='bbox 388 286 425 315; x_wconf 89' lang='lat' dir='ltr'>ad</span> <span class='ocrx_word' id='word_1_25' title='bbox 450 283 517 322; x_wconf 87' lang='lat' dir='ltr'>ejus</span> <span class='ocrx_word' id='word_1_26' title='bbox 542 282 733 319; x_wconf 76' lang='lat' dir='ltr'>utilitatem,</span> <span class='ocrx_word' id='word_1_27' title='bbox 756 290 818 312; x_wconf 89' lang='lat' dir='ltr'>non</span> <span class='ocrx_word' id='word_1_28' title='bbox 834 281 986 318; x_wconf 88' lang='lat' dir='ltr'>domino,</span> <span class='ocrx_word' id='word_1_29' title='bbox 1009 279 1066 311; x_wconf 84' lang='lat' dir='ltr'>nisi</span> 
     </span>
     <span class='ocr_line' id='line_1_5' title="bbox 197 321 1065 370; baseline -0.009 -10"><span class='ocrx_word' id='word_1_30' title='bbox 197 329 308 370; x_wconf 81' lang='lat' dir='ltr'>praedii</span> <span class='ocrx_word' id='word_1_31' title='bbox 326 323 611 364; x_wconf 84' lang='lat' dir='ltr'>contemplatione.</span> <span class='ocrx_word' id='word_1_32' title='bbox 627 323 681 354; x_wconf 91' lang='lat' dir='ltr'>ille</span> <span class='ocrx_word' id='word_1_33' title='bbox 693 322 787 363; x_wconf 83' lang='lat' dir='ltr'>igitur</span> <span class='ocrx_word' id='word_1_34' title='bbox 801 321 820 353; x_wconf 89' lang='lat' dir='ltr'>si</span> <span class='ocrx_word' id='word_1_35' title='bbox 833 329 935 366; x_wconf 27' lang='lat' dir='ltr'>eam-*a</span> <span class='ocrx_word' id='word_1_36' title='bbox 945 322 1065 360; x_wconf 84' lang='lat' dir='ltr'>praedio</span> 
     </span>
     <span class='ocr_line' id='line_1_6' title="bbox 196 361 1064 403; baseline -0.009 -2"><span class='ocrx_word' id='word_1_37' title='bbox 196 370 252 401; x_wconf 89' lang='lat' dir='ltr'>suo</span> <span class='ocrx_word' id='word_1_38' title='bbox 262 368 324 400; x_wconf 90' lang='lat' dir='ltr'>fine</span> <span class='ocrx_word' id='word_1_39' title='bbox 334 366 499 396; x_wconf 88' lang='lat' dir='ltr'>voluntate</span> <span class='ocrx_word' id='word_1_40' title='bbox 509 363 631 396; x_wconf 89' lang='lat' dir='ltr'>domini</span> <span class='ocrx_word' id='word_1_41' title='bbox 639 363 804 395; x_wconf 85' lang='lat' dir='ltr'>servientis</span> <span class='ocrx_word' id='word_1_42' title='bbox 815 362 922 403; x_wconf 84' lang='lat' dir='ltr'>praedii</span> <span class='ocrx_word' id='word_1_43' title='bbox 934 361 972 392; x_wconf 91' lang='lat' dir='ltr'>ad</span> <span class='ocrx_word' id='word_1_44' title='bbox 981 362 1064 393; x_wconf 85' lang='lat' dir='ltr'>aliud</span> 
     </span>
     <span class='ocr_line' id='line_1_7' title="bbox 195 401 1063 451; baseline -0.009 -10"><span class='ocrx_word' id='word_1_45' title='bbox 195 408 350 451; x_wconf 87' lang='lat' dir='ltr'>praedium</span> <span class='ocrx_word' id='word_1_46' title='bbox 370 404 540 445; x_wconf 83' lang='lat' dir='ltr'>transfert,</span> <span class='ocrx_word' id='word_1_47' title='bbox 562 404 626 437; x_wconf 88' lang='lat' dir='ltr'>five</span> <span class='ocrx_word' id='word_1_48' title='bbox 644 403 885 445; x_wconf 77' lang='lat' dir='ltr'>pignoratione,</span> <span class='ocrx_word' id='word_1_49' title='bbox 908 401 972 434; x_wconf 85' lang='lat' dir='ltr'>five</span> <span class='ocrx_word' id='word_1_50' title='bbox 988 413 1063 434; x_wconf 88' lang='lat' dir='ltr'>veri-</span> 
     </span>
     <span class='ocr_line' id='line_1_8' title="bbox 196 444 1062 486; baseline -0.008 -4"><span class='ocrx_word' id='word_1_51' title='bbox 196 448 409 486; x_wconf 84' lang='lat' dir='ltr'>ditione‚sive</span> <span class='ocrx_word' id='word_1_52' title='bbox 432 446 543 485; x_wconf 89' lang='lat' dir='ltr'>aliter,</span> <span class='ocrx_word' id='word_1_53' title='bbox 567 454 603 477; x_wconf 89' lang='lat' dir='ltr'>ut</span> <span class='ocrx_word' id='word_1_54' title='bbox 619 445 787 478; x_wconf 84' lang='lat' dir='ltr'>Marciano</span> <span class='ocrx_word' id='word_1_55' title='bbox 806 444 950 482; x_wconf 90' lang='lat' dir='ltr'>videtur,</span> <span class='ocrx_word' id='word_1_56' title='bbox 973 444 1062 475; x_wconf 87' lang='lat' dir='ltr'>nullo</span> 
     </span>
     <span class='ocr_line' id='line_1_9' title="bbox 192 484 1062 531; baseline -0.008 -9"><span class='ocrx_word' id='word_1_57' title='bbox 192 491 261 531; x_wconf 78' lang='lat' dir='ltr'>J&#39;ure</span> <span class='ocrx_word' id='word_1_58' title='bbox 278 487 447 521; x_wconf 77' lang='lat' dir='ltr'>transfert:</span> <span class='ocrx_word' id='word_1_59' title='bbox 465 487 642 527; x_wconf 84' lang='lat' dir='ltr'>licebitque</span> <span class='ocrx_word' id='word_1_60' title='bbox 659 487 791 518; x_wconf 91' lang='lat' dir='ltr'>domino</span> <span class='ocrx_word' id='word_1_61' title='bbox 808 484 972 516; x_wconf 87' lang='lat' dir='ltr'>servientis</span> <span class='ocrx_word' id='word_1_62' title='bbox 984 494 1062 526; x_wconf 83' lang='lat' dir='ltr'>prae-</span> 
     </span>
     <span class='ocr_line' id='line_1_10' title="bbox 193 525 1063 569; baseline -0.008 -6"><span class='ocrx_word' id='word_1_63' title='bbox 193 531 235 564; x_wconf 91' lang='lat' dir='ltr'>dii</span> <span class='ocrx_word' id='word_1_64' title='bbox 259 537 372 562; x_wconf 91' lang='lat' dir='ltr'>contra</span> <span class='ocrx_word' id='word_1_65' title='bbox 396 537 469 561; x_wconf 86' lang='lat' dir='ltr'>eum</span> <span class='ocrx_word' id='word_1_66' title='bbox 492 529 545 569; x_wconf 90' lang='lat' dir='ltr'>qui</span> <span class='ocrx_word' id='word_1_67' title='bbox 569 528 751 559; x_wconf 89' lang='lat' dir='ltr'>servitutem</span> <span class='ocrx_word' id='word_1_68' title='bbox 774 525 899 568; x_wconf 84' lang='lat' dir='ltr'>pignori</span> <span class='ocrx_word' id='word_1_69' title='bbox 921 526 1063 566; x_wconf 86' lang='lat' dir='ltr'>accepit,</span> 
     </span>
     <span class='ocr_line' id='line_1_11' title="bbox 194 567 1063 614; baseline -0.008 -9"><span class='ocrx_word' id='word_1_70' title='bbox 194 581 289 614; x_wconf 83' lang='lat' dir='ltr'>agere</span> <span class='ocrx_word' id='word_1_71' title='bbox 304 570 428 603; x_wconf 69' lang='lat' dir='ltr'>afflone</span> <span class='ocrx_word' id='word_1_72' title='bbox 445 570 630 611; x_wconf 85' lang='lat' dir='ltr'>negatoria,</span> <span class='ocrx_word' id='word_1_73' title='bbox 654 570 682 600; x_wconf 89' lang='lat' dir='ltr'>ei</span> <span class='ocrx_word' id='word_1_74' title='bbox 699 578 764 600; x_wconf 89' lang='lat' dir='ltr'>non</span> <span class='ocrx_word' id='word_1_75' title='bbox 784 568 846 598; x_wconf 77' lang='lat' dir='ltr'>else</span> <span class='ocrx_word' id='word_1_76' title='bbox 857 567 905 607; x_wconf 88' lang='lat' dir='ltr'>jus</span> <span class='ocrx_word' id='word_1_77' title='bbox 918 576 954 598; x_wconf 90' lang='lat' dir='ltr'>ea</span> <span class='ocrx_word' id='word_1_78' title='bbox 971 567 1063 599; x_wconf 91' lang='lat' dir='ltr'>servi-</span> 
     </span>
     <span class='ocr_line' id='line_1_12' title="bbox 194 607 1064 651; baseline -0.008 -5"><span class='ocrx_word' id='word_1_79' title='bbox 194 620 264 646; x_wconf 91' lang='lat' dir='ltr'>tute</span> <span class='ocrx_word' id='word_1_80' title='bbox 280 613 346 651; x_wconf 86' lang='lat' dir='ltr'>uti,</span> <span class='ocrx_word' id='word_1_81' title='bbox 369 611 400 643; x_wconf 89' lang='lat' dir='ltr'>se</span> <span class='ocrx_word' id='word_1_82' title='bbox 417 611 521 643; x_wconf 88' lang='lat' dir='ltr'>invito</span> <span class='ocrx_word' id='word_1_83' title='bbox 536 620 553 641; x_wconf 86' lang='lat' dir='ltr'>a</span> <span class='ocrx_word' id='word_1_84' title='bbox 568 619 633 650; x_wconf 92' lang='lat' dir='ltr'>quo</span> <span class='ocrx_word' id='word_1_85' title='bbox 648 609 818 641; x_wconf 83' lang='lat' dir='ltr'>constituta</span> <span class='ocrx_word' id='word_1_86' title='bbox 834 608 863 639; x_wconf 91' lang='lat' dir='ltr'>ei</span> <span class='ocrx_word' id='word_1_87' title='bbox 879 617 943 639; x_wconf 90' lang='lat' dir='ltr'>non</span> <span class='ocrx_word' id='word_1_88' title='bbox 957 607 1004 641; x_wconf 88' lang='lat' dir='ltr'>sit.</span> <span class='ocrx_word' id='word_1_89' title='bbox 1021 609 1064 640; x_wconf 84' lang='lat' dir='ltr'>ita</span> 
     </span>
     <span class='ocr_line' id='line_1_13' title="bbox 193 648 1063 696; baseline -0.008 -9"><span class='ocrx_word' id='word_1_90' title='bbox 193 656 226 687; x_wconf 87' lang='lat' dir='ltr'>in</span> <span class='ocrx_word' id='word_1_91' title='bbox 242 653 420 696; x_wconf 90' lang='lat' dir='ltr'>posteriore</span> <span class='ocrx_word' id='word_1_92' title='bbox 436 652 506 684; x_wconf 89' lang='lat' dir='ltr'>casu</span> <span class='ocrx_word' id='word_1_93' title='bbox 521 651 714 683; x_wconf 84' lang='lat' dir='ltr'>Marcianus.</span> <span class='ocrx_word' id='word_1_94' title='bbox 738 651 779 682; x_wconf 89' lang='lat' dir='ltr'>At</span> <span class='ocrx_word' id='word_1_95' title='bbox 795 651 826 681; x_wconf 92' lang='lat' dir='ltr'>in</span> <span class='ocrx_word' id='word_1_96' title='bbox 843 648 948 689; x_wconf 88' lang='lat' dir='ltr'>priore</span> <span class='ocrx_word' id='word_1_97' title='bbox 963 648 1063 681; x_wconf 86' lang='lat' dir='ltr'>Paulo</span> 
     </span>
     <span class='ocr_line' id='line_1_14' title="bbox 194 690 1063 732; baseline -0.008 -4"><span class='ocrx_word' id='word_1_98' title='bbox 194 697 288 729; x_wconf 89' lang='lat' dir='ltr'>aliter</span> <span class='ocrx_word' id='word_1_99' title='bbox 311 694 410 726; x_wconf 90' lang='lat' dir='ltr'>visum</span> <span class='ocrx_word' id='word_1_100' title='bbox 433 694 461 725; x_wconf 78' lang='lat' dir='ltr'>d.</span> <span class='ocrx_word' id='word_1_101' title='bbox 485 693 504 724; x_wconf 88' lang='lat' dir='ltr'>l.</span> <span class='ocrx_word' id='word_1_102' title='bbox 530 702 578 725; x_wconf 84' lang='lat'>12.</span> <span class='ocrx_word' id='word_1_103' title='bbox 593 691 700 723; x_wconf 90' lang='lat' dir='ltr'>Lubet</span> <span class='ocrx_word' id='word_1_104' title='bbox 715 700 876 732; x_wconf 86' lang='lat' dir='ltr'>apponere</span> <span class='ocrx_word' id='word_1_105' title='bbox 892 690 1063 730; x_wconf 82' lang='lat' dir='ltr'>specimen.</span> 
     </span>
     <span class='ocr_line' id='line_1_15' title="bbox 194 732 1062 775; baseline -0.009 -5"><span class='ocrx_word' id='word_1_106' title='bbox 194 737 357 770; x_wconf 89' lang='lat' dir='ltr'>Dominus</span> <span class='ocrx_word' id='word_1_107' title='bbox 382 733 489 775; x_wconf 81' lang='lat' dir='ltr'>praedii</span> <span class='ocrx_word' id='word_1_108' title='bbox 511 732 637 771; x_wconf 86' lang='lat' dir='ltr'>rustici,</span> <span class='ocrx_word' id='word_1_109' title='bbox 660 740 714 764; x_wconf 88' lang='lat' dir='ltr'>aut</span> <span class='ocrx_word' id='word_1_110' title='bbox 738 732 867 770; x_wconf 84' lang='lat' dir='ltr'>urbani3</span> <span class='ocrx_word' id='word_1_111' title='bbox 891 740 1000 771; x_wconf 85' lang='lat' dir='ltr'>parum</span> <span class='ocrx_word' id='word_1_112' title='bbox 1016 741 1062 763; x_wconf 90' lang='lat' dir='ltr'>re-</span> 
     </span>
     <span class='ocr_line' id='line_1_16' title="bbox 193 772 1063 818; baseline -0.009 -7"><span class='ocrx_word' id='word_1_113' title='bbox 193 778 280 818; x_wconf 80' lang='lat' dir='ltr'>fert,</span> <span class='ocrx_word' id='word_1_114' title='bbox 296 777 394 809; x_wconf 87' lang='lat' dir='ltr'>vicini</span> <span class='ocrx_word' id='word_1_115' title='bbox 410 773 517 817; x_wconf 89' lang='lat' dir='ltr'>praedii</span> <span class='ocrx_word' id='word_1_116' title='bbox 535 772 689 812; x_wconf 80' lang='lat' dir='ltr'>domine,</span> <span class='ocrx_word' id='word_1_117' title='bbox 703 783 720 804; x_wconf 86' lang='lat' dir='ltr'>a</span> <span class='ocrx_word' id='word_1_118' title='bbox 739 782 805 813; x_wconf 89' lang='lat' dir='ltr'>quo</span> <span class='ocrx_word' id='word_1_119' title='bbox 820 780 962 804; x_wconf 90' lang='lat' dir='ltr'>mutuam</span> <span class='ocrx_word' id='word_1_120' title='bbox 972 781 1063 803; x_wconf 83' lang='lat' dir='ltr'>acce-</span> 
     </span>
     <span class='ocr_line' id='line_1_17' title="bbox 194 813 1065 861; baseline -0.009 -9"><span class='ocrx_word' id='word_1_121' title='bbox 194 828 285 861; x_wconf 87' lang='lat' dir='ltr'>perat</span> <span class='ocrx_word' id='word_1_122' title='bbox 300 817 465 860; x_wconf 84' lang='lat' dir='ltr'>pecuniam</span> <span class='ocrx_word' id='word_1_123' title='bbox 476 839 486 854; x_wconf 86' lang='lat'>‚</span> <span class='ocrx_word' id='word_1_124' title='bbox 501 814 667 847; x_wconf 86' lang='lat' dir='ltr'>constituit</span> <span class='ocrx_word' id='word_1_125' title='bbox 682 814 882 846; x_wconf 89' lang='lat' dir='ltr'>servitutem:</span> <span class='ocrx_word' id='word_1_126' title='bbox 899 813 958 844; x_wconf 90' lang='lat' dir='ltr'>hac</span> <span class='ocrx_word' id='word_1_127' title='bbox 975 814 1065 854; x_wconf 82' lang='lat' dir='ltr'>lege,</span> 
     </span>
     <span class='ocr_line' id='line_1_18' title="bbox 195 854 1066 896; baseline -0.009 -3"><span class='ocrx_word' id='word_1_128' title='bbox 195 869 231 894; x_wconf 89' lang='lat' dir='ltr'>ut</span> <span class='ocrx_word' id='word_1_129' title='bbox 253 870 289 893; x_wconf 87' lang='lat' dir='ltr'>ea</span> <span class='ocrx_word' id='word_1_130' title='bbox 310 866 436 896; x_wconf 89' lang='lat' dir='ltr'>utatur,</span> <span class='ocrx_word' id='word_1_131' title='bbox 459 858 566 889; x_wconf 91' lang='lat' dir='ltr'>donec</span> <span class='ocrx_word' id='word_1_132' title='bbox 590 856 692 888; x_wconf 91' lang='lat' dir='ltr'>soluta</span> <span class='ocrx_word' id='word_1_133' title='bbox 716 857 777 887; x_wconf 86' lang='lat' dir='ltr'>erit</span> <span class='ocrx_word' id='word_1_134' title='bbox 804 854 959 896; x_wconf 88' lang='lat' dir='ltr'>pecunia;</span> <span class='ocrx_word' id='word_1_135' title='bbox 990 855 1021 886; x_wconf 71' lang='grc' dir='ltr'>ὃ(</span> <span class='ocrx_word' id='word_1_136' title='bbox 1044 854 1066 886; x_wconf 88' lang='lat' dir='ltr'>si</span> 
     </span>
     <span class='ocr_line' id='line_1_19' title="bbox 194 896 1064 938; baseline -0.009 -4"><span class='ocrx_word' id='word_1_137' title='bbox 194 911 261 935; x_wconf 88' lang='lat' dir='ltr'>non</span> <span class='ocrx_word' id='word_1_138' title='bbox 279 901 413 932; x_wconf 84' lang='lat' dir='ltr'>solvatur</span> <span class='ocrx_word' id='word_1_139' title='bbox 429 898 511 931; x_wconf 88' lang='lat' dir='ltr'>intra</span> <span class='ocrx_word' id='word_1_140' title='bbox 528 904 652 929; x_wconf 90' lang='lat' dir='ltr'>certum</span> <span class='ocrx_word' id='word_1_141' title='bbox 669 904 815 938; x_wconf 85' lang='lat' dir='ltr'>tempus,</span> <span class='ocrx_word' id='word_1_142' title='bbox 838 897 866 928; x_wconf 88' lang='lat' dir='ltr'>ei</span> <span class='ocrx_word' id='word_1_143' title='bbox 883 896 1064 927; x_wconf 90' lang='lat' dir='ltr'>servitutem</span> 
     </span>
     <span class='ocr_line' id='line_1_20' title="bbox 195 937 1064 982; baseline -0.009 -7"><span class='ocrx_word' id='word_1_144' title='bbox 195 943 336 975; x_wconf 86' lang='lat' dir='ltr'>vendere</span> <span class='ocrx_word' id='word_1_145' title='bbox 358 939 462 972; x_wconf 88' lang='lat' dir='ltr'>liceat.</span> <span class='ocrx_word' id='word_1_146' title='bbox 487 939 669 982; x_wconf 83' lang='lat' dir='ltr'>Quaeritur,</span> <span class='ocrx_word' id='word_1_147' title='bbox 698 947 736 969; x_wconf 86' lang='lat' dir='ltr'>an</span> <span class='ocrx_word' id='word_1_148' title='bbox 761 938 864 969; x_wconf 86' lang='lat' dir='ltr'>valeat</span> <span class='ocrx_word' id='word_1_149' title='bbox 887 937 1064 968; x_wconf 88' lang='lat' dir='ltr'>conventio</span> 
     </span>
     <span class='ocr_line' id='line_1_21' title="bbox 196 977 1064 1023; baseline -0.006 -8"><span class='ocrx_word' id='word_1_150' title='bbox 196 985 237 1016; x_wconf 93' lang='lat' dir='ltr'>de</span> <span class='ocrx_word' id='word_1_151' title='bbox 253 982 405 1015; x_wconf 89' lang='lat' dir='ltr'>servitute</span> <span class='ocrx_word' id='word_1_152' title='bbox 419 982 545 1023; x_wconf 87' lang='lat' dir='ltr'>pignori</span> <span class='ocrx_word' id='word_1_153' title='bbox 569 979 819 1012; x_wconf 81' lang='lat' dir='ltr'>constituenda?</span> <span class='ocrx_word' id='word_1_154' title='bbox 843 978 955 1010; x_wconf 85' lang='lat' dir='ltr'>Paulus</span> <span class='ocrx_word' id='word_1_155' title='bbox 971 977 1064 1010; x_wconf 86' lang='lat' dir='ltr'>Pom-</span> 
     </span>
     <span class='ocr_line' id='line_1_22' title="bbox 193 1018 1062 1067; baseline -0.009 -10"><span class='ocrx_word' id='word_1_156' title='bbox 193 1026 327 1067; x_wconf 87' lang='lat' dir='ltr'>ponium</span> <span class='ocrx_word' id='word_1_157' title='bbox 342 1023 511 1064; x_wconf 89' lang='lat' dir='ltr'>sequutus,</span> <span class='ocrx_word' id='word_1_158' title='bbox 527 1029 634 1063; x_wconf 87' lang='lat' dir='ltr'>putat:</span> <span class='ocrx_word' id='word_1_159' title='bbox 651 1029 840 1062; x_wconf 88' lang='lat' dir='ltr'>quamquam</span> <span class='ocrx_word' id='word_1_160' title='bbox 858 1029 922 1051; x_wconf 91' lang='lat' dir='ltr'>non</span> <span class='ocrx_word' id='word_1_161' title='bbox 938 1028 979 1050; x_wconf 83' lang='lat' dir='ltr'>ex</span> <span class='ocrx_word' id='word_1_162' title='bbox 995 1018 1062 1050; x_wconf 89' lang='lat' dir='ltr'>sub-</span> 
     </span>
     <span class='ocr_line' id='line_1_23' title="bbox 179 1059 1063 1106; baseline -0.007 -8"><span class='ocrx_word' id='word_1_163' title='bbox 179 1066 313 1099; x_wconf 50' lang='lat' dir='ltr'>›tilitate</span> <span class='ocrx_word' id='word_1_164' title='bbox 336 1065 433 1106; x_wconf 87' lang='lat' dir='ltr'>juris:</span> <span class='ocrx_word' id='word_1_165' title='bbox 456 1063 649 1105; x_wconf 87' lang='lat' dir='ltr'>(secundum</span> <span class='ocrx_word' id='word_1_166' title='bbox 671 1070 764 1103; x_wconf 80' lang='lat' dir='ltr'>quam</span> <span class='ocrx_word' id='word_1_167' title='bbox 787 1063 919 1102; x_wconf 84' lang='lat' dir='ltr'>oportet</span> <span class='ocrx_word' id='word_1_168' title='bbox 934 1059 1063 1092; x_wconf 89' lang='lat' dir='ltr'>servitu·</span> 
     </span>
     <span class='ocr_line' id='line_1_24' title="bbox 193 1101 1062 1146; baseline -0.008 -7"><span class='ocrx_word' id='word_1_169' title='bbox 193 1115 259 1140; x_wconf 89' lang='lat' dir='ltr'>tem</span> <span class='ocrx_word' id='word_1_170' title='bbox 276 1106 394 1138; x_wconf 89' lang='lat' dir='ltr'>habere</span> <span class='ocrx_word' id='word_1_171' title='bbox 411 1104 534 1137; x_wconf 88' lang='lat' dir='ltr'>causam</span> <span class='ocrx_word' id='word_1_172' title='bbox 550 1111 738 1146; x_wconf 82' lang='lat' dir='ltr'>perpetuam</span> <span class='ocrx_word' id='word_1_173' title='bbox 757 1112 827 1143; x_wconf 89' lang='lat' dir='ltr'>quae</span> <span class='ocrx_word' id='word_1_174' title='bbox 842 1103 873 1134; x_wconf 91' lang='lat' dir='ltr'>in</span> <span class='ocrx_word' id='word_1_175' title='bbox 896 1101 1062 1143; x_wconf 90' lang='lat' dir='ltr'>proposito</span> 
     </span>
     <span class='ocr_line' id='line_1_25' title="bbox 194 1143 1062 1189; baseline -0.009 -8"><span class='ocrx_word' id='word_1_176' title='bbox 194 1158 261 1182; x_wconf 91' lang='lat' dir='ltr'>non</span> <span class='ocrx_word' id='word_1_177' title='bbox 276 1147 320 1180; x_wconf 91' lang='lat' dir='ltr'>est</span> <span class='ocrx_word' id='word_1_178' title='bbox 337 1148 355 1178; x_wconf 85' lang='lat' dir='ltr'>l.</span> <span class='ocrx_word' id='word_1_179' title='bbox 370 1157 399 1187; x_wconf 79' lang='lat'>4.</span> <span class='ocrx_word' id='word_1_180' title='bbox 415 1146 459 1179; x_wconf 89' lang='lat' dir='ltr'>D.</span> <span class='ocrx_word' id='word_1_181' title='bbox 483 1147 516 1178; x_wconf 81' lang='lat' dir='ltr'>de</span> <span class='ocrx_word' id='word_1_182' title='bbox 529 1145 721 1187; x_wconf 78' lang='lat' dir='ltr'>servitutib.)</span> <span class='ocrx_word' id='word_1_183' title='bbox 751 1143 802 1176; x_wconf 88' lang='lat' dir='ltr'>sed</span> <span class='ocrx_word' id='word_1_184' title='bbox 827 1151 958 1185; x_wconf 90' lang='lat' dir='ltr'>propter</span> <span class='ocrx_word' id='word_1_185' title='bbox 973 1143 1062 1189; x_wconf 34' lang='lat' dir='ltr'>,utili-</span> 
     </span>
     <span class='ocr_line' id='line_1_26' title="bbox 193 1183 1058 1227; baseline -0.009 -5"><span class='ocrx_word' id='word_1_186' title='bbox 193 1197 293 1222; x_wconf 84' lang='lat' dir='ltr'>tatem</span> <span class='ocrx_word' id='word_1_187' title='bbox 317 1187 586 1220; x_wconf 83' lang='lat' dir='ltr'>contrahentium.</span> <span class='ocrx_word' id='word_1_188' title='bbox 610 1186 699 1227; x_wconf 89' lang='lat' dir='ltr'>quod</span> <span class='ocrx_word' id='word_1_189' title='bbox 716 1186 799 1217; x_wconf 89' lang='lat' dir='ltr'>bene</span> <span class='ocrx_word' id='word_1_190' title='bbox 815 1184 996 1216; x_wconf 80' lang='lat' dir='ltr'>observavit</span> <span class='ocrx_word' id='word_1_191' title='bbox 1015 1183 1058 1215; x_wconf 92' lang='lat' dir='ltr'>D.</span> 
     </span>
     <span class='ocr_line' id='line_1_27' title="bbox 195 1225 1062 1270; baseline -0.008 -7"><span class='ocrx_word' id='word_1_192' title='bbox 195 1231 377 1268; x_wconf 87' lang='lat' dir='ltr'>Galvanus,</span> <span class='ocrx_word' id='word_1_193' title='bbox 401 1229 449 1260; x_wconf 83' lang='lat' dir='ltr'>De</span> <span class='ocrx_word' id='word_1_194' title='bbox 463 1227 620 1270; x_wconf 62' lang='lat' dir='ltr'>usufrubiu</span> <span class='ocrx_word' id='word_1_195' title='bbox 639 1238 664 1258; x_wconf 94' lang='lat' dir='ltr'>c.</span> <span class='ocrx_word' id='word_1_196' title='bbox 684 1236 733 1268; x_wconf 83' lang='lat'>39.</span> <span class='ocrx_word' id='word_1_197' title='bbox 750 1227 780 1257; x_wconf 72' lang='grc' dir='ltr'>ἂ</span> <span class='ocrx_word' id='word_1_198' title='bbox 799 1235 871 1258; x_wconf 90' lang='lat' dir='ltr'>ante</span> <span class='ocrx_word' id='word_1_199' title='bbox 889 1225 1062 1257; x_wconf 87' lang='lat' dir='ltr'>Balduinus</span> 
     </span>
     <span class='ocr_line' id='line_1_28' title="bbox 191 1268 1063 1315; baseline -0.008 -11"><span class='ocrx_word' id='word_1_200' title='bbox 191 1272 241 1305; x_wconf 85' lang='lat' dir='ltr'>De</span> <span class='ocrx_word' id='word_1_201' title='bbox 254 1272 426 1315; x_wconf 83' lang='lat' dir='ltr'>pignoribus</span> <span class='ocrx_word' id='word_1_202' title='bbox 441 1281 464 1302; x_wconf 88' lang='lat' dir='ltr'>c.</span> <span class='ocrx_word' id='word_1_203' title='bbox 486 1279 532 1302; x_wconf 86' lang='lat'>12.</span> <span class='ocrx_word' id='word_1_204' title='bbox 556 1268 716 1309; x_wconf 73' lang='lat' dir='ltr'>Expositis</span> <span class='ocrx_word' id='word_1_205' title='bbox 742 1268 854 1306; x_wconf 88' lang='lat' dir='ltr'>rebus,</span> <span class='ocrx_word' id='word_1_206' title='bbox 883 1268 995 1308; x_wconf 85' lang='lat' dir='ltr'>pignus</span> <span class='ocrx_word' id='word_1_207' title='bbox 1015 1277 1063 1312; x_wconf 77' lang='lat' dir='ltr'>re-</span> 
     </span>
     <span class='ocr_line' id='line_1_29' title="bbox 193 1308 1061 1355; baseline -0.008 -9"><span class='ocrx_word' id='word_1_208' title='bbox 193 1313 386 1355; x_wconf 89' lang='lat' dir='ltr'>cipientibus</span> <span class='ocrx_word' id='word_1_209' title='bbox 403 1335 413 1351; x_wconf 93' lang='lat'>,</span> <span class='ocrx_word' id='word_1_210' title='bbox 449 1320 547 1352; x_wconf 91' lang='lat' dir='ltr'>porro</span> <span class='ocrx_word' id='word_1_211' title='bbox 584 1310 780 1350; x_wconf 83' lang='lat' dir='ltr'>subjiciamus</span> <span class='ocrx_word' id='word_1_212' title='bbox 815 1317 927 1350; x_wconf 87' lang='lat' dir='ltr'>paucas</span> <span class='ocrx_word' id='word_1_213' title='bbox 956 1308 1061 1348; x_wconf 81' lang='lat' dir='ltr'>excipi</span> 
     </span>
     <span class='ocr_line' id='line_1_30' title="bbox 194 1350 1060 1390; baseline -0.009 -3"><span class='ocrx_word' id='word_1_214' title='bbox 194 1354 312 1387; x_wconf 87' lang='lat' dir='ltr'>solitas.</span> <span class='ocrx_word' id='word_1_215' title='bbox 356 1353 451 1385; x_wconf 84' lang='lat' dir='ltr'>Putas</span> <span class='ocrx_word' id='word_1_216' title='bbox 474 1352 559 1384; x_wconf 88' lang='lat' dir='ltr'>forte</span> <span class='ocrx_word' id='word_1_217' title='bbox 577 1374 587 1390; x_wconf 93' lang='lat'>,</span> <span class='ocrx_word' id='word_1_218' title='bbox 609 1360 661 1382; x_wconf 91' lang='lat' dir='ltr'>me</span> <span class='ocrx_word' id='word_1_219' title='bbox 676 1350 815 1390; x_wconf 69' lang='lat' dir='ltr'>spectare</span> <span class='ocrx_word' id='word_1_220' title='bbox 834 1351 872 1380; x_wconf 89' lang='lat' dir='ltr'>ad</span> <span class='ocrx_word' id='word_1_221' title='bbox 892 1358 939 1381; x_wconf 88' lang='lat' dir='ltr'>res</span> <span class='ocrx_word' id='word_1_222' title='bbox 956 1358 1060 1380; x_wconf 84' lang='lat' dir='ltr'>exem-</span> 
     </span>
     <span class='ocr_line' id='line_1_31' title="bbox 194 1389 1062 1437; baseline -0.006 -10"><span class='ocrx_word' id='word_1_223' title='bbox 194 1404 265 1437; x_wconf 87' lang='lat' dir='ltr'>ptas</span> <span class='ocrx_word' id='word_1_224' title='bbox 287 1395 426 1427; x_wconf 86' lang='lat' dir='ltr'>humano</span> <span class='ocrx_word' id='word_1_225' title='bbox 451 1393 670 1430; x_wconf 90' lang='lat' dir='ltr'>commercio,</span> <span class='ocrx_word' id='word_1_226' title='bbox 694 1392 802 1431; x_wconf 86' lang='lat' dir='ltr'>quales</span> <span class='ocrx_word' id='word_1_227' title='bbox 825 1389 894 1422; x_wconf 89' lang='lat' dir='ltr'>sunt</span> <span class='ocrx_word' id='word_1_228' title='bbox 916 1390 1062 1422; x_wconf 84' lang='lat' dir='ltr'>homines</span> 
     </span>
     <span class='ocr_line' id='line_1_32' title="bbox 194 1431 1062 1478; baseline -0.008 -9"><span class='ocrx_word' id='word_1_229' title='bbox 194 1437 285 1470; x_wconf 87' lang='lat' dir='ltr'>liberi</span> <span class='ocrx_word' id='word_1_230' title='bbox 301 1437 318 1468; x_wconf 91' lang='lat' dir='ltr'>l.</span> <span class='ocrx_word' id='word_1_231' title='bbox 335 1439 364 1468; x_wconf 87' lang='lat'>6.</span> <span class='ocrx_word' id='word_1_232' title='bbox 383 1435 416 1466; x_wconf 91' lang='lat' dir='ltr'>C.</span> <span class='ocrx_word' id='word_1_233' title='bbox 434 1435 511 1478; x_wconf 65' lang='lat' dir='ltr'>Quae</span> <span class='ocrx_word' id='word_1_234' title='bbox 529 1443 573 1464; x_wconf 84' lang='lat' dir='ltr'>res</span> <span class='ocrx_word' id='word_1_235' title='bbox 583 1435 664 1473; x_wconf 77' lang='lat' dir='ltr'>pigri.</span> <span class='ocrx_word' id='word_1_236' title='bbox 680 1433 761 1473; x_wconf 76' lang='lat' dir='ltr'>oblig.</span> <span class='ocrx_word' id='word_1_237' title='bbox 783 1433 812 1464; x_wconf 78' lang='lat' dir='ltr'>dt</span> <span class='ocrx_word' id='word_1_238' title='bbox 829 1432 901 1463; x_wconf 90' lang='lat' dir='ltr'>loca</span> <span class='ocrx_word' id='word_1_239' title='bbox 919 1431 1062 1473; x_wconf 82' lang='lat' dir='ltr'>religiosa</span> 
     </span>
     <span class='ocr_line' id='line_1_33' title="bbox 193 1472 1059 1519; baseline -0.005 -10"><span class='ocrx_word' id='word_1_240' title='bbox 193 1478 213 1509; x_wconf 88' lang='lat' dir='ltr'>l.</span> <span class='ocrx_word' id='word_1_241' title='bbox 239 1488 267 1519; x_wconf 83' lang='lat'>3.</span> <span class='ocrx_word' id='word_1_242' title='bbox 286 1478 319 1509; x_wconf 90' lang='lat' dir='ltr'>C.</span> <span class='ocrx_word' id='word_1_243' title='bbox 341 1477 400 1507; x_wconf 84' lang='lat' dir='ltr'>eod.</span> <span class='ocrx_word' id='word_1_244' title='bbox 422 1478 469 1507; x_wconf 82' lang='lat' dir='ltr'>tit.</span> <span class='ocrx_word' id='word_1_245' title='bbox 492 1474 545 1506; x_wconf 91' lang='lat' dir='ltr'>sed</span> <span class='ocrx_word' id='word_1_246' title='bbox 568 1474 617 1505; x_wconf 87' lang='lat' dir='ltr'>hae</span> <span class='ocrx_word' id='word_1_247' title='bbox 640 1482 703 1504; x_wconf 92' lang='lat' dir='ltr'>non</span> <span class='ocrx_word' id='word_1_248' title='bbox 727 1473 842 1504; x_wconf 84' lang='lat' dir='ltr'>suntin</span> <span class='ocrx_word' id='word_1_249' title='bbox 865 1472 968 1505; x_wconf 89' lang='lat' dir='ltr'>bonis.</span> <span class='ocrx_word' id='word_1_250' title='bbox 993 1473 1059 1505; x_wconf 85' lang='lat' dir='ltr'>illas</span> 
     </span>
     <span class='ocr_line' id='line_1_34' title="bbox 193 1513 1059 1559; baseline -0.005 -9"><span class='ocrx_word' id='word_1_251' title='bbox 193 1528 321 1559; x_wconf 86' lang='lat' dir='ltr'>quaero,</span> <span class='ocrx_word' id='word_1_252' title='bbox 344 1526 413 1557; x_wconf 82' lang='lat' dir='ltr'>quae</span> <span class='ocrx_word' id='word_1_253' title='bbox 430 1517 461 1547; x_wconf 91' lang='lat' dir='ltr'>in</span> <span class='ocrx_word' id='word_1_254' title='bbox 479 1515 570 1547; x_wconf 92' lang='lat' dir='ltr'>bonis</span> <span class='ocrx_word' id='word_1_255' title='bbox 589 1514 679 1553; x_wconf 91' lang='lat' dir='ltr'>sunt,</span> <span class='ocrx_word' id='word_1_256' title='bbox 703 1514 732 1545; x_wconf 70' lang='grc' dir='ltr'>ὅ(</span> <span class='ocrx_word' id='word_1_257' title='bbox 750 1513 954 1546; x_wconf 86' lang='lat' dir='ltr'>nihilominus</span> <span class='ocrx_word' id='word_1_258' title='bbox 974 1514 1059 1546; x_wconf 86' lang='lat' dir='ltr'>civili</span> 
     </span>
     <span class='ocr_line' id='line_1_35' title="bbox 192 1553 1058 1598; baseline -0.005 -7"><span class='ocrx_word' id='word_1_259' title='bbox 192 1559 316 1592; x_wconf 86' lang='lat' dir='ltr'>ratione</span> <span class='ocrx_word' id='word_1_260' title='bbox 333 1557 547 1598; x_wconf 89' lang='lat' dir='ltr'>prohibentur</span> <span class='ocrx_word' id='word_1_261' title='bbox 564 1555 708 1597; x_wconf 84' lang='lat' dir='ltr'>obligari.</span> <span class='ocrx_word' id='word_1_262' title='bbox 733 1553 779 1586; x_wconf 89' lang='lat' dir='ltr'>Ut</span> <span class='ocrx_word' id='word_1_263' title='bbox 796 1554 956 1596; x_wconf 86' lang='lat' dir='ltr'>specimen</span> <span class='ocrx_word' id='word_1_264' title='bbox 967 1556 1058 1587; x_wconf 86' lang='lat' dir='ltr'>dem:</span> 
     </span>
     <span class='ocr_line' id='line_1_36' title="bbox 190 1596 1058 1644; baseline -0.005 -12"><span class='ocrx_word' id='word_1_265' title='bbox 190 1606 278 1642; x_wconf 87' lang='lat' dir='ltr'>pone</span> <span class='ocrx_word' id='word_1_266' title='bbox 294 1609 335 1631; x_wconf 87' lang='lat' dir='ltr'>ex</span> <span class='ocrx_word' id='word_1_267' title='bbox 352 1599 373 1632; x_wconf 91' lang='lat' dir='ltr'>l.</span> <span class='ocrx_word' id='word_1_268' title='bbox 390 1603 408 1633; x_wconf 86' lang='lat'>8</span> <span class='ocrx_word' id='word_1_269' title='bbox 428 1598 460 1630; x_wconf 88' lang='lat' dir='ltr'>C.</span> <span class='ocrx_word' id='word_1_270' title='bbox 473 1597 550 1644; x_wconf 60' lang='lat' dir='ltr'>Qaae</span> <span class='ocrx_word' id='word_1_271' title='bbox 571 1606 616 1628; x_wconf 90' lang='lat' dir='ltr'>res</span> <span class='ocrx_word' id='word_1_272' title='bbox 635 1597 718 1638; x_wconf 85' lang='lat' dir='ltr'>pign.</span> <span class='ocrx_word' id='word_1_273' title='bbox 741 1596 825 1637; x_wconf 84' lang='lat' dir='ltr'>oblig.</span> <span class='ocrx_word' id='word_1_274' title='bbox 842 1596 912 1637; x_wconf 88' lang='lat' dir='ltr'>poff.</span> <span class='ocrx_word' id='word_1_275' title='bbox 928 1596 974 1628; x_wconf 84' lang='lat' dir='ltr'>vel</span> <span class='ocrx_word' id='word_1_276' title='bbox 992 1606 1058 1628; x_wconf 82' lang='lat' dir='ltr'>nori.</span> 
     </span>
     <span class='ocr_line' id='line_1_37' title="bbox 192 1638 1057 1682; baseline -0.003 -9"><span class='ocrx_word' id='word_1_277' title='bbox 192 1641 310 1682; x_wconf 88' lang='lat' dir='ltr'>aliquid</span> <span class='ocrx_word' id='word_1_278' title='bbox 326 1640 414 1682; x_wconf 89' lang='lat' dir='ltr'>quod</span> <span class='ocrx_word' id='word_1_279' title='bbox 429 1640 468 1672; x_wconf 86' lang='lat' dir='ltr'>ad</span> <span class='ocrx_word' id='word_1_280' title='bbox 478 1639 633 1670; x_wconf 86' lang='lat' dir='ltr'>culturam</span> <span class='ocrx_word' id='word_1_281' title='bbox 644 1638 708 1679; x_wconf 86' lang='lat' dir='ltr'>agri</span> <span class='ocrx_word' id='word_1_282' title='bbox 719 1639 874 1678; x_wconf 84' lang='lat' dir='ltr'>pertinet:</span> <span class='ocrx_word' id='word_1_283' title='bbox 891 1645 924 1669; x_wconf 91' lang='lat' dir='ltr'>ut</span> <span class='ocrx_word' id='word_1_284' title='bbox 940 1638 970 1669; x_wconf 93' lang='lat' dir='ltr'>in</span> <span class='ocrx_word' id='word_1_285' title='bbox 988 1638 1008 1669; x_wconf 88' lang='lat' dir='ltr'>l.</span> <span class='ocrx_word' id='word_1_286' title='bbox 1027 1648 1057 1678; x_wconf 81' lang='lat'>7.</span> 
     </span>
     <span class='ocr_line' id='line_1_38' title="bbox 190 1678 1059 1721; baseline -0.006 -6"><span class='ocrx_word' id='word_1_287' title='bbox 190 1683 298 1715; x_wconf 90' lang='lat' dir='ltr'>servos</span> <span class='ocrx_word' id='word_1_288' title='bbox 314 1689 470 1721; x_wconf 89' lang='lat' dir='ltr'>aratores,</span> <span class='ocrx_word' id='word_1_289' title='bbox 493 1687 547 1711; x_wconf 85' lang='lat' dir='ltr'>aut</span> <span class='ocrx_word' id='word_1_290' title='bbox 564 1680 663 1712; x_wconf 90' lang='lat' dir='ltr'>boves</span> <span class='ocrx_word' id='word_1_291' title='bbox 678 1678 855 1719; x_wconf 84' lang='lat' dir='ltr'>aratorios,</span> <span class='ocrx_word' id='word_1_292' title='bbox 880 1687 933 1710; x_wconf 90' lang='lat' dir='ltr'>aut</span> <span class='ocrx_word' id='word_1_293' title='bbox 948 1678 1059 1710; x_wconf 87' lang='lat' dir='ltr'>instru-</span> 
     </span>
     <span class='ocr_line' id='line_1_39' title="bbox 189 1719 1058 1759; baseline -0.007 -2"><span class='ocrx_word' id='word_1_294' title='bbox 189 1731 335 1757; x_wconf 88' lang='lat' dir='ltr'>mentum</span> <span class='ocrx_word' id='word_1_295' title='bbox 347 1723 526 1755; x_wconf 87' lang='lat' dir='ltr'>aratorium.</span> <span class='ocrx_word' id='word_1_296' title='bbox 538 1720 699 1759; x_wconf 90' lang='lat' dir='ltr'>nimirum,</span> <span class='ocrx_word' id='word_1_297' title='bbox 709 1730 750 1752; x_wconf 90' lang='lat' dir='ltr'>ne</span> <span class='ocrx_word' id='word_1_298' title='bbox 759 1721 950 1752; x_wconf 88' lang='lat' dir='ltr'>tributorum</span> <span class='ocrx_word' id='word_1_299' title='bbox 961 1719 1058 1752; x_wconf 87' lang='lat' dir='ltr'>illatio</span> 
     </span>
     <span class='ocr_line' id='line_1_40' title="bbox 190 1760 1060 1805; baseline -0.007 -7"><span class='ocrx_word' id='word_1_300' title='bbox 190 1766 388 1803; x_wconf 81' lang='lat' dir='ltr'>retardetur:</span> <span class='ocrx_word' id='word_1_301' title='bbox 401 1764 429 1796; x_wconf 73' lang='grc' dir='ltr'>δι</span> <span class='ocrx_word' id='word_1_302' title='bbox 439 1764 514 1805; x_wconf 90' lang='lat' dir='ltr'>quid</span> <span class='ocrx_word' id='word_1_303' title='bbox 524 1770 591 1795; x_wconf 89' lang='lat' dir='ltr'>turn</span> <span class='ocrx_word' id='word_1_304' title='bbox 601 1762 618 1794; x_wconf 74' lang='grc' dir='ltr'>ἱ)</span> <span class='ocrx_word' id='word_1_305' title='bbox 628 1763 752 1803; x_wconf 88' lang='lat' dir='ltr'>optime</span> <span class='ocrx_word' id='word_1_306' title='bbox 761 1763 844 1802; x_wconf 88' lang='lat' dir='ltr'>apud</span> <span class='ocrx_word' id='word_1_307' title='bbox 853 1760 1014 1793; x_wconf 87' lang='lat' dir='ltr'>Tacitum.</span> <span class='ocrx_word' id='word_1_308' title='bbox 1026 1761 1060 1793; x_wconf 91' lang='grc'>11-</span> 
     </span>
     <span class='ocr_line' id='line_1_41' title="bbox 190 1802 1058 1846; baseline -0.007 -7"><span class='ocrx_word' id='word_1_309' title='bbox 190 1808 222 1840; x_wconf 89' lang='lat' dir='ltr'>le</span> <span class='ocrx_word' id='word_1_310' title='bbox 233 1807 280 1839; x_wconf 83' lang='lat' dir='ltr'>lib.</span> <span class='ocrx_word' id='word_1_311' title='bbox 289 1816 318 1846; x_wconf 85' lang='lat'>4.</span> <span class='ocrx_word' id='word_1_312' title='bbox 330 1803 443 1846; x_wconf 77' lang='lat' dir='ltr'>Histor.</span> <span class='ocrx_word' id='word_1_313' title='bbox 454 1815 479 1836; x_wconf 89' lang='lat' dir='ltr'>c.</span> <span class='ocrx_word' id='word_1_314' title='bbox 490 1813 540 1845; x_wconf 83' lang='lat'>74.</span> <span class='ocrx_word' id='word_1_315' title='bbox 551 1803 657 1845; x_wconf 83' lang='lat' dir='ltr'>Neque</span> <span class='ocrx_word' id='word_1_316' title='bbox 664 1805 742 1844; x_wconf 80' lang='lat' dir='ltr'>quies</span> <span class='ocrx_word' id='word_1_317' title='bbox 751 1802 947 1844; x_wconf 82' lang='lat' dir='ltr'>gentiumfine</span> <span class='ocrx_word' id='word_1_318' title='bbox 958 1804 1058 1842; x_wconf 86' lang='lat' dir='ltr'>armis,</span> 
     </span>
     <span class='ocr_line' id='line_1_42' title="bbox 189 1842 1058 1890; baseline -0.008 -9"><span class='ocrx_word' id='word_1_319' title='bbox 189 1857 282 1890; x_wconf 75' lang='lat' dir='ltr'>neque</span> <span class='ocrx_word' id='word_1_320' title='bbox 299 1857 382 1880; x_wconf 85' lang='lat' dir='ltr'>arma</span> <span class='ocrx_word' id='word_1_321' title='bbox 391 1844 635 1886; x_wconf 79' lang='lat' dir='ltr'>sineftipendiis‚</span> <span class='ocrx_word' id='word_1_322' title='bbox 651 1844 887 1885; x_wconf 78' lang='lat' dir='ltr'>nequestz‘pendia</span> <span class='ocrx_word' id='word_1_323' title='bbox 895 1842 953 1882; x_wconf 80' lang='lat' dir='ltr'>(ine</span> <span class='ocrx_word' id='word_1_324' title='bbox 968 1845 1058 1875; x_wconf 84' lang='lat' dir='ltr'>tribu-</span> 
     </span>
     <span class='ocr_line' id='line_1_43' title="bbox 189 1884 1058 1931; baseline -0.007 -9"><span class='ocrx_word' id='word_1_325' title='bbox 189 1892 229 1922; x_wconf 81' lang='lat' dir='ltr'>tis</span> <span class='ocrx_word' id='word_1_326' title='bbox 239 1889 335 1921; x_wconf 84' lang='lat' dir='ltr'>haberi</span> <span class='ocrx_word' id='word_1_327' title='bbox 349 1894 468 1931; x_wconf 80' lang='lat' dir='ltr'>queunt.</span> <span class='ocrx_word' id='word_1_328' title='bbox 492 1887 554 1918; x_wconf 88' lang='lat' dir='ltr'>Sed</span> <span class='ocrx_word' id='word_1_329' title='bbox 560 1887 610 1927; x_wconf 86' lang='lat' dir='ltr'>jus</span> <span class='ocrx_word' id='word_1_330' title='bbox 620 1893 770 1926; x_wconf 88' lang='lat' dir='ltr'>apparet,</span> <span class='ocrx_word' id='word_1_331' title='bbox 783 1886 812 1916; x_wconf 73' lang='grc' dir='ltr'>ἀ</span> <span class='ocrx_word' id='word_1_332' title='bbox 823 1895 863 1916; x_wconf 87' lang='lat' dir='ltr'>ex</span> <span class='ocrx_word' id='word_1_333' title='bbox 873 1895 913 1916; x_wconf 92' lang='lat' dir='ltr'>eo</span> <span class='ocrx_word' id='word_1_334' title='bbox 925 1884 1058 1925; x_wconf 86' lang='lat' dir='ltr'>sequens</span> 
     </span>
     <span class='ocr_line' id='line_1_44' title="bbox 191 1923 1057 1972; baseline -0.006 -10"><span class='ocrx_word' id='word_1_335' title='bbox 191 1930 362 1972; x_wconf 87' lang='lat' dir='ltr'>disputatio</span> <span class='ocrx_word' id='word_1_336' title='bbox 377 1929 461 1970; x_wconf 90' lang='lat' dir='ltr'>apud</span> <span class='ocrx_word' id='word_1_337' title='bbox 485 1927 717 1972; x_wconf 86' lang='lat' dir='ltr'>Quintilianum</span> <span class='ocrx_word' id='word_1_338' title='bbox 741 1928 789 1958; x_wconf 77' lang='lat' dir='ltr'>lib.</span> <span class='ocrx_word' id='word_1_339' title='bbox 807 1936 836 1967; x_wconf 86' lang='lat'>7.</span> <span class='ocrx_word' id='word_1_340' title='bbox 853 1923 925 1966; x_wconf 71' lang='lat' dir='ltr'>lost.</span> <span class='ocrx_word' id='word_1_341' title='bbox 944 1932 1014 1957; x_wconf 86' lang='lat' dir='ltr'>orat.</span> <span class='ocrx_word' id='word_1_342' title='bbox 1031 1936 1057 1957; x_wconf 92' lang='lat' dir='ltr'>c.</span> 
     </span>
     <span class='ocr_line' id='line_1_45' title="bbox 191 1968 1059 2013; baseline -0.007 -9"><span class='ocrx_word' id='word_1_343' title='bbox 191 1977 220 2008; x_wconf 89' lang='lat'>8.</span> <span class='ocrx_word' id='word_1_344' title='bbox 235 1979 264 2013; x_wconf 86' lang='lat' dir='ltr'>p.</span> <span class='ocrx_word' id='word_1_345' title='bbox 281 1974 350 2013; x_wconf 74' lang='lat'>645.</span> <span class='ocrx_word' id='word_1_346' title='bbox 362 1971 412 2003; x_wconf 85' lang='lat' dir='ltr'>An</span> <span class='ocrx_word' id='word_1_347' title='bbox 427 1973 504 2012; x_wconf 85' lang='lat' dir='ltr'>quod</span> <span class='ocrx_word' id='word_1_348' title='bbox 520 1971 550 2000; x_wconf 85' lang='lat' dir='ltr'>in</span> <span class='ocrx_word' id='word_1_349' title='bbox 560 1975 635 2007; x_wconf 87' lang='lat' dir='ltr'>toto,</span> <span class='ocrx_word' id='word_1_350' title='bbox 652 1970 725 1998; x_wconf 76' lang='lat' dir='ltr'>idem</span> <span class='ocrx_word' id='word_1_351' title='bbox 749 1969 781 1998; x_wconf 86' lang='lat' dir='ltr'>in</span> <span class='ocrx_word' id='word_1_352' title='bbox 793 1968 901 2008; x_wconf 74' lang='lat' dir='ltr'>parte?</span> <span class='ocrx_word' id='word_1_353' title='bbox 915 1968 1059 1999; x_wconf 78' lang='lat' dir='ltr'>Arairum</span> 
     </span>
     <span class='ocr_line' id='line_1_46' title="bbox 189 2009 1057 2054; baseline -0.006 -9"><span class='ocrx_word' id='word_1_354' title='bbox 189 2015 312 2054; x_wconf 83' lang='lat' dir='ltr'>accipere</span> <span class='ocrx_word' id='word_1_355' title='bbox 334 2014 450 2054; x_wconf 81' lang='lat' dir='ltr'>pignori</span> <span class='ocrx_word' id='word_1_356' title='bbox 471 2021 529 2043; x_wconf 83' lang='lat' dir='ltr'>non</span> <span class='ocrx_word' id='word_1_357' title='bbox 553 2011 634 2042; x_wconf 80' lang='lat' dir='ltr'>licet.-</span> <span class='ocrx_word' id='word_1_358' title='bbox 654 2019 794 2040; x_wconf 75' lang='lat' dir='ltr'>vomerem</span> <span class='ocrx_word' id='word_1_359' title='bbox 816 2010 929 2048; x_wconf 78' lang='lat' dir='ltr'>accipit.</span> <span class='ocrx_word' id='word_1_360' title='bbox 962 2009 1057 2040; x_wconf 79' lang='lat' dir='ltr'>Aliud</span> 
     </span>
     <span class='ocr_line' id='line_1_47' title="bbox 191 2048 1057 2094; baseline -0.008 -7"><span class='ocrx_word' id='word_1_361' title='bbox 191 2054 375 2094; x_wconf 86' lang='lat' dir='ltr'>exemplum</span> <span class='ocrx_word' id='word_1_362' title='bbox 394 2053 515 2094; x_wconf 86' lang='lat' dir='ltr'>praebet</span> <span class='ocrx_word' id='word_1_363' title='bbox 531 2052 593 2083; x_wconf 86' lang='lat' dir='ltr'>hoc</span> <span class='ocrx_word' id='word_1_364' title='bbox 619 2051 788 2082; x_wconf 85' lang='lat' dir='ltr'>Alexandri</span> <span class='ocrx_word' id='word_1_365' title='bbox 813 2052 851 2081; x_wconf 86' lang='lat' dir='ltr'>ad</span> <span class='ocrx_word' id='word_1_366' title='bbox 869 2048 1057 2091; x_wconf 85' lang='lat' dir='ltr'>Septimium</span> 
     </span>
     <span class='ocr_line' id='line_1_48' title="bbox 189 2092 1060 2137; baseline -0.009 -9"><span class='ocrx_word' id='word_1_367' title='bbox 189 2097 208 2128; x_wconf 91' lang='lat' dir='ltr'>l.</span> <span class='ocrx_word' id='word_1_368' title='bbox 226 2106 256 2137; x_wconf 85' lang='lat'>5.</span> <span class='ocrx_word' id='word_1_369' title='bbox 275 2096 308 2127; x_wconf 88' lang='lat' dir='ltr'>C.</span> <span class='ocrx_word' id='word_1_370' title='bbox 328 2096 355 2126; x_wconf 83' lang='lat' dir='ltr'>d.</span> <span class='ocrx_word' id='word_1_371' title='bbox 375 2100 394 2125; x_wconf 78' lang='lat' dir='ltr'>t.</span> <span class='ocrx_word' id='word_1_372' title='bbox 417 2096 500 2135; x_wconf 86' lang='lat' dir='ltr'>Spem</span> <span class='ocrx_word' id='word_1_373' title='bbox 516 2103 612 2124; x_wconf 84' lang='lat' dir='ltr'>eorum</span> <span class='ocrx_word' id='word_1_374' title='bbox 619 2094 799 2133; x_wconf 73' lang='lat' dir='ltr'>premiorum</span> <span class='ocrx_word' id='word_1_375' title='bbox 808 2101 870 2132; x_wconf 83' lang='lat' dir='ltr'>quae</span> <span class='ocrx_word' id='word_1_376' title='bbox 880 2099 933 2132; x_wconf 76' lang='lat' dir='ltr'>pro</span> <span class='ocrx_word' id='word_1_377' title='bbox 951 2092 1060 2121; x_wconf 83' lang='lat' dir='ltr'>coronis</span> 
     </span>
     <span class='ocr_line' id='line_1_49' title="bbox 190 2132 1056 2177; baseline -0.008 -9"><span class='ocrx_word' id='word_1_378' title='bbox 190 2137 306 2169; x_wconf 77' lang='lat' dir='ltr'>athletis</span> <span class='ocrx_word' id='word_1_379' title='bbox 316 2134 489 2177; x_wconf 80' lang='lat' dir='ltr'>penfitcznda</span> <span class='ocrx_word' id='word_1_380' title='bbox 501 2138 590 2173; x_wconf 78' lang='lat' dir='ltr'>sunt,</span> <span class='ocrx_word' id='word_1_381' title='bbox 608 2136 732 2174; x_wconf 83' lang='lat' dir='ltr'>privata</span> <span class='ocrx_word' id='word_1_382' title='bbox 741 2132 873 2174; x_wconf 73' lang='lat' dir='ltr'>pnfflone</span> <span class='ocrx_word' id='word_1_383' title='bbox 885 2133 1056 2173; x_wconf 78' lang='lat' dir='ltr'>pignorari,</span> 
     </span>
     <span class='ocr_line' id='line_1_50' title="bbox 188 2172 1057 2214; baseline -0.008 -4"><span class='ocrx_word' id='word_1_384' title='bbox 188 2180 306 2210; x_wconf 86' lang='lat' dir='ltr'>minime</span> <span class='ocrx_word' id='word_1_385' title='bbox 320 2178 528 2209; x_wconf 74' lang='lat' dir='ltr'>admittendum</span> <span class='ocrx_word' id='word_1_386' title='bbox 545 2173 583 2214; x_wconf 79' lang='lat' dir='ltr'>eft</span> <span class='ocrx_word' id='word_1_387' title='bbox 598 2185 608 2204; x_wconf 73' lang='lat' dir='ltr'><em>s</em></span> <span class='ocrx_word' id='word_1_388' title='bbox 632 2174 668 2209; x_wconf 57' lang='grc' dir='ltr'>ὅ)</span> <span class='ocrx_word' id='word_1_389' title='bbox 686 2175 744 2205; x_wconf 78' lang='lat' dir='ltr'>ideo</span> <span class='ocrx_word' id='word_1_390' title='bbox 761 2184 811 2206; x_wconf 82' lang='lat' dir='ltr'>nec</span> <span class='ocrx_word' id='word_1_391' title='bbox 820 2172 849 2211; x_wconf 87' lang='lat' dir='ltr'><em>fi</em></span> <span class='ocrx_word' id='word_1_392' title='bbox 863 2174 993 2214; x_wconf 74' lang='lat' dir='ltr'>generale</span> <span class='ocrx_word' id='word_1_393' title='bbox 1002 2180 1057 2213; x_wconf 86' lang='lat' dir='ltr'>pa-</span> 
     </span>
     <span class='ocr_line' id='line_1_51' title="bbox 190 2216 1057 2257; baseline -0.009 -5"><span class='ocrx_word' id='word_1_394' title='bbox 190 2219 269 2251; x_wconf 68' lang='lat' dir='ltr'>aum</span> <span class='ocrx_word' id='word_1_395' title='bbox 282 2220 315 2250; x_wconf 83' lang='lat' dir='ltr'>de</span> <span class='ocrx_word' id='word_1_396' title='bbox 323 2219 453 2250; x_wconf 82' lang='lat' dir='ltr'>omnibus</span> <span class='ocrx_word' id='word_1_397' title='bbox 469 2217 547 2248; x_wconf 84' lang='lat' dir='ltr'>bonis</span> <span class='ocrx_word' id='word_1_398' title='bbox 558 2216 842 2257; x_wconf 79' lang='lat' dir='ltr'>pignoriobligandis</span> <span class='ocrx_word' id='word_1_399' title='bbox 851 2216 1057 2252; x_wconf 83' lang='lat' dir='ltr'>intervenerit,</span> 
     </span>
     <span class='ocr_line' id='line_1_52' title="bbox 189 2254 1056 2299; baseline -0.008 -6"><span class='ocrx_word' id='word_1_400' title='bbox 189 2267 271 2293; x_wconf 81' lang='lat' dir='ltr'>tenet.</span> <span class='ocrx_word' id='word_1_401' title='bbox 309 2259 491 2293; x_wconf 86' lang='lat' dir='ltr'>Alexander</span> <span class='ocrx_word' id='word_1_402' title='bbox 514 2257 634 2299; x_wconf 75' lang='lat' dir='ltr'>spectat</span> <span class='ocrx_word' id='word_1_403' title='bbox 658 2256 696 2287; x_wconf 90' lang='lat' dir='ltr'>ad</span> <span class='ocrx_word' id='word_1_404' title='bbox 720 2257 811 2287; x_wconf 84' lang='lat' dir='ltr'>ludos</span> <span class='ocrx_word' id='word_1_405' title='bbox 835 2257 1005 2297; x_wconf 87' lang='lat' dir='ltr'>gymnicos</span> <span class='ocrx_word' id='word_1_406' title='bbox 1026 2254 1056 2286; x_wconf 86' lang='lat' dir='ltr'>in</span> 
     </span>
     <span class='ocr_line' id='line_1_53' title="bbox 191 2297 1055 2343; baseline -0.008 -9"><span class='ocrx_word' id='word_1_407' title='bbox 191 2303 304 2343; x_wconf 87' lang='lat' dir='ltr'>quibus</span> <span class='ocrx_word' id='word_1_408' title='bbox 335 2300 543 2333; x_wconf 83' lang='lat' dir='ltr'>decertabant</span> <span class='ocrx_word' id='word_1_409' title='bbox 567 2298 696 2329; x_wconf 88' lang='lat' dir='ltr'>athletae</span> <span class='ocrx_word' id='word_1_410' title='bbox 722 2307 728 2328; x_wconf 90' lang='lat'><strong>:</strong></span> <span class='ocrx_word' id='word_1_411' title='bbox 774 2298 813 2328; x_wconf 87' lang='lat' dir='ltr'>de</span> <span class='ocrx_word' id='word_1_412' title='bbox 844 2297 956 2336; x_wconf 84' lang='lat' dir='ltr'>quibus</span> <span class='ocrx_word' id='word_1_413' title='bbox 988 2297 1055 2341; x_wconf 81' lang='lat' dir='ltr'>dixi</span> 
     </span>
     <span class='ocr_line' id='line_1_54' title="bbox 189 2338 1054 2381; baseline -0.007 -7"><span class='ocrx_word' id='word_1_414' title='bbox 189 2344 242 2374; x_wconf 84' lang='lat' dir='ltr'>sub</span> <span class='ocrx_word' id='word_1_415' title='bbox 269 2342 405 2381; x_wconf 91' lang='lat' dir='ltr'>Titulo,</span> <span class='ocrx_word' id='word_1_416' title='bbox 428 2341 476 2373; x_wconf 89' lang='lat' dir='ltr'>De</span> <span class='ocrx_word' id='word_1_417' title='bbox 498 2341 542 2372; x_wconf 84' lang='lat' dir='ltr'>his</span> <span class='ocrx_word' id='word_1_418' title='bbox 566 2340 617 2381; x_wconf 79' lang='lat' dir='ltr'>qui</span> <span class='ocrx_word' id='word_1_419' title='bbox 640 2344 700 2370; x_wconf 77' lang='lat' dir='ltr'>not.</span> <span class='ocrx_word' id='word_1_420' title='bbox 722 2339 826 2378; x_wconf 80' lang='lat' dir='ltr'>insani.</span> <span class='ocrx_word' id='word_1_421' title='bbox 849 2338 954 2369; x_wconf 81' lang='lat' dir='ltr'>addidi</span> <span class='ocrx_word' id='word_1_422' title='bbox 975 2338 1054 2377; x_wconf 88' lang='lat' dir='ltr'>illic,</span> 
     </span>
     <span class='ocr_line' id='line_1_55' title="bbox 190 2378 1055 2423; baseline -0.008 -7"><span class='ocrx_word' id='word_1_423' title='bbox 190 2384 249 2415; x_wconf 90' lang='lat' dir='ltr'>hos</span> <span class='ocrx_word' id='word_1_424' title='bbox 261 2384 352 2416; x_wconf 91' lang='lat' dir='ltr'>ludos</span> <span class='ocrx_word' id='word_1_425' title='bbox 363 2406 373 2423; x_wconf 93' lang='lat'>,</span> <span class='ocrx_word' id='word_1_426' title='bbox 385 2383 473 2423; x_wconf 90' lang='lat' dir='ltr'>quod</span> <span class='ocrx_word' id='word_1_427' title='bbox 489 2383 520 2413; x_wconf 90' lang='lat' dir='ltr'>in</span> <span class='ocrx_word' id='word_1_428' title='bbox 536 2381 691 2412; x_wconf 88' lang='lat' dir='ltr'>honorem</span> <span class='ocrx_word' id='word_1_429' title='bbox 702 2378 845 2411; x_wconf 86' lang='lat' dir='ltr'>Deorum</span> <span class='ocrx_word' id='word_1_430' title='bbox 858 2378 1055 2410; x_wconf 87' lang='lat' dir='ltr'>institueren-</span> 
     </span>
     <span class='ocr_line' id='line_1_56' title="bbox 191 2419 1053 2466; baseline -0.007 -10"><span class='ocrx_word' id='word_1_431' title='bbox 191 2432 242 2456; x_wconf 88' lang='lat' dir='ltr'>tur</span> <span class='ocrx_word' id='word_1_432' title='bbox 257 2447 266 2463; x_wconf 92' lang='lat'><em>‚</em></span> <span class='ocrx_word' id='word_1_433' title='bbox 288 2425 465 2466; x_wconf 88' lang='lat' dir='ltr'>appellatos</span> <span class='ocrx_word' id='word_1_434' title='bbox 483 2421 574 2455; x_wconf 87' lang='lat' dir='ltr'>fuisse</span> <span class='ocrx_word' id='word_1_435' title='bbox 593 2422 766 2453; x_wconf 88' lang='lat' dir='ltr'>certamina</span> <span class='ocrx_word' id='word_1_436' title='bbox 782 2419 874 2451; x_wconf 83' lang='lat' dir='ltr'>sacra.</span> <span class='ocrx_word' id='word_1_437' title='bbox 902 2429 985 2451; x_wconf 90' lang='lat' dir='ltr'>nunc</span> <span class='ocrx_word' id='word_1_438' title='bbox 1000 2420 1053 2451; x_wconf 91' lang='lat' dir='ltr'>sci-</span> 
     </span>
     <span class='ocr_line' id='line_1_57' title="bbox 189 2461 1052 2504; baseline -0.005 -7"><span class='ocrx_word' id='word_1_439' title='bbox 189 2466 324 2504; x_wconf 88' lang='lat' dir='ltr'>endum,</span> <span class='ocrx_word' id='word_1_440' title='bbox 355 2467 387 2497; x_wconf 89' lang='lat' dir='ltr'>in</span> <span class='ocrx_word' id='word_1_441' title='bbox 415 2465 462 2497; x_wconf 92' lang='lat' dir='ltr'>his</span> <span class='ocrx_word' id='word_1_442' title='bbox 489 2466 577 2496; x_wconf 89' lang='lat' dir='ltr'>datas</span> <span class='ocrx_word' id='word_1_443' title='bbox 601 2463 776 2494; x_wconf 70' lang='lat' dir='ltr'>victoribus</span> <span class='ocrx_word' id='word_1_444' title='bbox 800 2461 862 2493; x_wconf 80' lang='lat' dir='ltr'>effe</span> <span class='ocrx_word' id='word_1_445' title='bbox 888 2470 1024 2493; x_wconf 83' lang='lat' dir='ltr'>coronas</span> <span class='ocrx_word' id='word_1_446' title='bbox 1041 2484 1052 2499; x_wconf 91' lang='lat'>,</span> 
     </span>
     <span class='ocr_line' id='line_1_58' title="bbox 191 2501 1052 2548; baseline -0.006 -11"><span class='ocrx_word' id='word_1_447' title='bbox 191 2506 261 2548; x_wconf 90' lang='lat' dir='ltr'>(de</span> <span class='ocrx_word' id='word_1_448' title='bbox 285 2507 397 2546; x_wconf 90' lang='lat' dir='ltr'>quibus</span> <span class='ocrx_word' id='word_1_449' title='bbox 434 2506 547 2538; x_wconf 87' lang='lat' dir='ltr'>Petrus</span> <span class='ocrx_word' id='word_1_450' title='bbox 574 2504 675 2536; x_wconf 85' lang='lat' dir='ltr'>Faber</span> <span class='ocrx_word' id='word_1_451' title='bbox 703 2504 750 2535; x_wconf 86' lang='lat' dir='ltr'>lib.</span> <span class='ocrx_word' id='word_1_452' title='bbox 784 2512 811 2534; x_wconf 85' lang='lat'>2.</span> <span class='ocrx_word' id='word_1_453' title='bbox 847 2501 1005 2544; x_wconf 76' lang='lat' dir='ltr'>Agorzislic.</span> <span class='ocrx_word' id='word_1_454' title='bbox 1027 2512 1052 2533; x_wconf 88' lang='lat' dir='ltr'>c.</span> 
     </span>
     <span class='ocr_line' id='line_1_59' title="bbox 191 2542 1053 2588; baseline -0.008 -8"><span class='ocrx_word' id='word_1_455' title='bbox 191 2546 260 2587; x_wconf 82' lang='lat'>22.)</span> <span class='ocrx_word' id='word_1_456' title='bbox 277 2546 417 2588; x_wconf 78' lang='lat' dir='ltr'>ipsasque</span> <span class='ocrx_word' id='word_1_457' title='bbox 434 2547 580 2578; x_wconf 68' lang='lat' dir='ltr'>vitiorias</span> <span class='ocrx_word' id='word_1_458' title='bbox 596 2552 726 2576; x_wconf 88' lang='lat' dir='ltr'>vocatas</span> <span class='ocrx_word' id='word_1_459' title='bbox 744 2544 865 2576; x_wconf 86' lang='lat' dir='ltr'>idcirco</span> <span class='ocrx_word' id='word_1_460' title='bbox 882 2542 943 2574; x_wconf 85' lang='lat' dir='ltr'>esse</span> <span class='ocrx_word' id='word_1_461' title='bbox 960 2552 1053 2574; x_wconf 90' lang='lat' dir='ltr'>coro-</span> 
     </span>
     <span class='ocr_line' id='line_1_60' title="bbox 191 2584 1057 2629; baseline -0.007 -9"><span class='ocrx_word' id='word_1_462' title='bbox 191 2596 256 2620; x_wconf 84' lang='lat' dir='ltr'>nas.</span> <span class='ocrx_word' id='word_1_463' title='bbox 286 2586 354 2618; x_wconf 91' lang='lat' dir='ltr'>Hac</span> <span class='ocrx_word' id='word_1_464' title='bbox 383 2587 506 2619; x_wconf 84' lang='lat' dir='ltr'>ratione</span> <span class='ocrx_word' id='word_1_465' title='bbox 531 2587 716 2619; x_wconf 85' lang='lat' dir='ltr'>Alexander</span> <span class='ocrx_word' id='word_1_466' title='bbox 739 2594 810 2616; x_wconf 90' lang='lat' dir='ltr'>cum</span> <span class='ocrx_word' id='word_1_467' title='bbox 836 2585 898 2623; x_wconf 90' lang='lat' dir='ltr'>ait,</span> <span class='ocrx_word' id='word_1_468' title='bbox 928 2584 1057 2629; x_wconf 79' lang='lat' dir='ltr'>athletis</span> 
     </span>
     <span class='ocr_line' id='line_1_61' title="bbox 192 2624 1056 2670; baseline -0.006 -10"><span class='ocrx_word' id='word_1_469' title='bbox 192 2626 318 2670; x_wconf 83' lang='lat' dir='ltr'>praemia</span> <span class='ocrx_word' id='word_1_470' title='bbox 333 2636 390 2667; x_wconf 89' lang='lat' dir='ltr'>pro</span> <span class='ocrx_word' id='word_1_471' title='bbox 406 2628 532 2661; x_wconf 84' lang='lat' dir='ltr'>coronis</span> <span class='ocrx_word' id='word_1_472' title='bbox 551 2628 714 2668; x_wconf 80' lang='lat' dir='ltr'>pensitari,</span> <span class='ocrx_word' id='word_1_473' title='bbox 735 2624 905 2670; x_wconf 78' lang='lat' dir='ltr'>significat,</span> <span class='ocrx_word' id='word_1_474' title='bbox 929 2625 1056 2656; x_wconf 84' lang='lat' dir='ltr'>athletis</span> 
     </span>
     <span class='ocr_line' id='line_1_62' title="bbox 189 2666 1058 2711; baseline -0.007 -9"><span class='ocrx_word' id='word_1_475' title='bbox 189 2669 317 2711; x_wconf 80' lang='lat' dir='ltr'>praemia</span> <span class='ocrx_word' id='word_1_476' title='bbox 341 2676 399 2707; x_wconf 89' lang='lat' dir='ltr'>pro</span> <span class='ocrx_word' id='word_1_477' title='bbox 421 2669 555 2702; x_wconf 74' lang='lat' dir='ltr'>victoriis</span> <span class='ocrx_word' id='word_1_478' title='bbox 581 2667 735 2710; x_wconf 80' lang='lat' dir='ltr'>pensitari.</span> <span class='ocrx_word' id='word_1_479' title='bbox 760 2667 947 2707; x_wconf 84' lang='lat' dir='ltr'>Papinianus</span> <span class='ocrx_word' id='word_1_480' title='bbox 970 2666 989 2696; x_wconf 91' lang='lat' dir='ltr'>l.</span> <span class='ocrx_word' id='word_1_481' title='bbox 1005 2676 1058 2705; x_wconf 79' lang='lat'>40.</span> 
     </span>
     <span class='ocr_line' id='line_1_63' title="bbox 189 2707 1058 2751; baseline -0.007 -8"><span class='ocrx_word' id='word_1_482' title='bbox 189 2711 235 2743; x_wconf 87' lang='lat' dir='ltr'>D.</span> <span class='ocrx_word' id='word_1_483' title='bbox 252 2710 285 2741; x_wconf 80' lang='lat' dir='ltr'>de</span> <span class='ocrx_word' id='word_1_484' title='bbox 300 2718 330 2740; x_wconf 89' lang='lat' dir='ltr'>re</span> <span class='ocrx_word' id='word_1_485' title='bbox 340 2709 474 2751; x_wconf 77' lang='lat' dir='ltr'>judicata</span> <span class='ocrx_word' id='word_1_486' title='bbox 488 2711 530 2741; x_wconf 89' lang='lat' dir='ltr'>ait</span> <span class='ocrx_word' id='word_1_487' title='bbox 541 2733 550 2749; x_wconf 90' lang='lat'><strong>‚</strong></span> <span class='ocrx_word' id='word_1_488' title='bbox 574 2719 611 2741; x_wconf 84' lang='lat' dir='ltr'>ea</span> <span class='ocrx_word' id='word_1_489' title='bbox 628 2710 754 2750; x_wconf 86' lang='lat' dir='ltr'>praemia</span> <span class='ocrx_word' id='word_1_490' title='bbox 770 2707 906 2748; x_wconf 82' lang='lat' dir='ltr'>praestari</span> <span class='ocrx_word' id='word_1_491' title='bbox 925 2714 1058 2747; x_wconf 90' lang='lat' dir='ltr'>propter</span> 
     </span>
     <span class='ocr_line' id='line_1_64' title="bbox 191 2748 1056 2789; baseline -0.008 -5"><span class='ocrx_word' id='word_1_492' title='bbox 191 2759 329 2784; x_wconf 86' lang='lat' dir='ltr'>coronas</span> <span class='ocrx_word' id='word_1_493' title='bbox 357 2750 470 2780; x_wconf 88' lang='lat' dir='ltr'>sacras:</span> <span class='ocrx_word' id='word_1_494' title='bbox 493 2750 523 2781; x_wconf 73' lang='grc' dir='ltr'>δι</span> <span class='ocrx_word' id='word_1_495' title='bbox 539 2751 569 2782; x_wconf 85' lang='grc'>111</span> <span class='ocrx_word' id='word_1_496' title='bbox 591 2751 638 2783; x_wconf 91' lang='lat' dir='ltr'>his</span> <span class='ocrx_word' id='word_1_497' title='bbox 662 2749 826 2781; x_wconf 87' lang='lat' dir='ltr'>manifeste</span> <span class='ocrx_word' id='word_1_498' title='bbox 851 2748 997 2780; x_wconf 89' lang='lat' dir='ltr'>meminit</span> <span class='ocrx_word' id='word_1_499' title='bbox 1008 2754 1056 2789; x_wconf 87' lang='lat' dir='ltr'>pe-</span> 
     </span>
     <span class='ocr_line' id='line_1_65' title="bbox 191 2788 1055 2832; baseline -0.007 -7"><span class='ocrx_word' id='word_1_500' title='bbox 191 2793 302 2825; x_wconf 82' lang='lat' dir='ltr'>cunioe:</span> <span class='ocrx_word' id='word_1_501' title='bbox 318 2790 390 2832; x_wconf 82' lang='lat' dir='ltr'>quia</span> <span class='ocrx_word' id='word_1_502' title='bbox 404 2788 470 2820; x_wconf 77' lang='lat' dir='ltr'>haec</span> <span class='ocrx_word' id='word_1_503' title='bbox 484 2793 607 2829; x_wconf 77' lang='lat' dir='ltr'>praemia</span> <span class='ocrx_word' id='word_1_504' title='bbox 625 2799 714 2823; x_wconf 87' lang='lat' dir='ltr'>erant</span> <span class='ocrx_word' id='word_1_505' title='bbox 731 2790 904 2822; x_wconf 87' lang='lat' dir='ltr'>commoda</span> <span class='ocrx_word' id='word_1_506' title='bbox 920 2798 1055 2820; x_wconf 87' lang='lat' dir='ltr'>annona-</span> 
     </span>
     <span class='ocr_line' id='line_1_66' title="bbox 190 2829 1055 2874; baseline -0.007 -7"><span class='ocrx_word' id='word_1_507' title='bbox 190 2834 254 2874; x_wconf 84' lang='lat' dir='ltr'>ria,</span> <span class='ocrx_word' id='word_1_508' title='bbox 277 2831 330 2863; x_wconf 78' lang='lat' dir='ltr'>seu</span> <span class='ocrx_word' id='word_1_509' title='bbox 347 2829 528 2868; x_wconf 87' lang='lat' dir='ltr'>mercedes,</span> <span class='ocrx_word' id='word_1_510' title='bbox 542 2830 663 2871; x_wconf 86' lang='lat' dir='ltr'>salaria,</span> <span class='ocrx_word' id='word_1_511' title='bbox 685 2833 834 2871; x_wconf 85' lang='lat' dir='ltr'>obsonia,</span> <span class='ocrx_word' id='word_1_512' title='bbox 855 2830 1028 2861; x_wconf 63' lang='lat' dir='ltr'>victoribus</span> <span class='ocrx_word' id='word_1_513' title='bbox 1045 2852 1055 2868; x_wconf 95' lang='lat'><strong>‚</strong></span> 
     </span>
     <span class='ocr_line' id='line_1_67' title="bbox 190 2871 1055 2916; baseline -0.006 -9"><span class='ocrx_word' id='word_1_514' title='bbox 190 2874 342 2916; x_wconf 85' lang='lat' dir='ltr'>quamdiu</span> <span class='ocrx_word' id='word_1_515' title='bbox 361 2871 527 2908; x_wconf 87' lang='lat' dir='ltr'>viverent,</span> <span class='ocrx_word' id='word_1_516' title='bbox 556 2880 573 2900; x_wconf 91' lang='lat' dir='ltr'>a</span> <span class='ocrx_word' id='word_1_517' title='bbox 595 2873 773 2905; x_wconf 80' lang='lat' dir='ltr'>civitatibus</span> <span class='ocrx_word' id='word_1_518' title='bbox 786 2896 795 2911; x_wconf 86' lang='lat'><strong>‚</strong></span> <span class='ocrx_word' id='word_1_519' title='bbox 826 2873 911 2903; x_wconf 88' lang='lat' dir='ltr'>unde</span> <span class='ocrx_word' id='word_1_520' title='bbox 930 2871 1055 2903; x_wconf 84' lang='lat' dir='ltr'>oriundi</span> 
     </span>
     <span class='ocr_line' id='line_1_68' title="bbox 190 2909 1055 2955; baseline -0.008 -6"><span class='ocrx_word' id='word_1_521' title='bbox 190 2924 300 2954; x_wconf 86' lang='lat' dir='ltr'>erant,</span> <span class='ocrx_word' id='word_1_522' title='bbox 321 2911 480 2945; x_wconf 87' lang='lat' dir='ltr'>annuatim</span> <span class='ocrx_word' id='word_1_523' title='bbox 496 2909 654 2942; x_wconf 77' lang='lat' dir='ltr'>solvenda.</span> <span class='ocrx_word' id='word_1_524' title='bbox 670 2913 805 2955; x_wconf 83' lang='lat' dir='ltr'>Egregie</span> <span class='ocrx_word' id='word_1_525' title='bbox 821 2913 890 2944; x_wconf 82' lang='lat' dir='ltr'>haec</span> <span class='ocrx_word' id='word_1_526' title='bbox 906 2911 1055 2943; x_wconf 83' lang='lat' dir='ltr'>observat</span> 
     </span>
     <span class='ocr_line' id='line_1_69' title="bbox 192 2950 1055 2996; baseline -0.016 -6"><span class='ocrx_word' id='word_1_527' title='bbox 192 2958 305 2990; x_wconf 90' lang='lat' dir='ltr'>Petrus</span> <span class='ocrx_word' id='word_1_528' title='bbox 327 2954 427 2986; x_wconf 78' lang='lat' dir='ltr'>Faber</span> <span class='ocrx_word' id='word_1_529' title='bbox 449 2954 476 2985; x_wconf 80' lang='lat' dir='ltr'>d.</span> <span class='ocrx_word' id='word_1_530' title='bbox 501 2950 552 2996; x_wconf 46' lang='lat' dir='ltr'>lib..</span> <span class='ocrx_word' id='word_1_531' title='bbox 579 2961 608 2983; x_wconf 87' lang='lat'>2.</span> <span class='ocrx_word' id='word_1_532' title='bbox 631 2961 654 2983; x_wconf 80' lang='lat' dir='ltr'>C.</span> <span class='ocrx_word' id='word_1_533' title='bbox 676 2962 719 2991; x_wconf 84' lang='grc'>17.</span> <span class='ocrx_word' id='word_1_534' title='bbox 735 2965 775 2986; x_wconf 78' lang='lat' dir='ltr'>ex</span> <span class='ocrx_word' id='word_1_535' title='bbox 794 2955 896 2987; x_wconf 81' lang='lat' dir='ltr'>Plinio</span> <span class='ocrx_word' id='word_1_536' title='bbox 914 2952 1055 2993; x_wconf 60' lang='lat' dir='ltr'>aliisque,</span> 
     </span>
     <span class='ocr_line' id='line_1_70' title="bbox 192 2991 1055 3039; baseline -0.013 -10"><span class='ocrx_word' id='word_1_537' title='bbox 192 2998 306 3039; x_wconf 90' lang='lat' dir='ltr'>quibus</span> <span class='ocrx_word' id='word_1_538' title='bbox 322 2996 405 3028; x_wconf 85' lang='lat' dir='ltr'>addo</span> <span class='ocrx_word' id='word_1_539' title='bbox 423 2994 488 3026; x_wconf 94' lang='lat' dir='ltr'>hoc</span> <span class='ocrx_word' id='word_1_540' title='bbox 504 2991 661 3030; x_wconf 86' lang='lat' dir='ltr'>Vitruvii,</span> <span class='ocrx_word' id='word_1_541' title='bbox 684 2993 803 3031; x_wconf 81' lang='lat' dir='ltr'>Praefat.</span> <span class='ocrx_word' id='word_1_542' title='bbox 826 2996 873 3026; x_wconf 80' lang='lat' dir='ltr'>lib.</span> <span class='ocrx_word' id='word_1_543' title='bbox 893 3004 923 3031; x_wconf 87' lang='lat'>9.</span> <span class='ocrx_word' id='word_1_544' title='bbox 941 2994 1055 3026; x_wconf 79' lang='lat' dir='ltr'>Nobili-</span> 
     </span>
     <span class='ocr_line' id='line_1_71' title="bbox 191 3033 1056 3078; baseline -0.014 -8"><span class='ocrx_word' id='word_1_545' title='bbox 191 3041 243 3070; x_wconf 84' lang='lat' dir='ltr'>bus</span> <span class='ocrx_word' id='word_1_546' title='bbox 260 3037 387 3070; x_wconf 78' lang='lat' dir='ltr'>Athletz&#39;s</span> <span class='ocrx_word' id='word_1_547' title='bbox 411 3037 462 3077; x_wconf 84' lang='lat' dir='ltr'>qui</span> <span class='ocrx_word' id='word_1_548' title='bbox 484 3033 639 3074; x_wconf 70' lang='lat' dir='ltr'>Olympia,</span> <span class='ocrx_word' id='word_1_549' title='bbox 668 3033 803 3078; x_wconf 44' lang='lat' dir='ltr'>&#39;I&#39;ssylbiffi</span> <span class='ocrx_word' id='word_1_550' title='bbox 830 3034 969 3076; x_wconf 75' lang='lat' dir='ltr'>Isthmia,</span> <span class='ocrx_word' id='word_1_551' title='bbox 993 3035 1056 3066; x_wconf 71' lang='lat' dir='ltr'>Ne.</span> 
     </span>
     <span class='ocr_line' id='line_1_72' title="bbox 191 3075 1056 3118; baseline -0.005 -8"><span class='ocrx_word' id='word_1_552' title='bbox 191 3089 252 3110; x_wconf 84' lang='lat' dir='ltr'>mea</span> <span class='ocrx_word' id='word_1_553' title='bbox 266 3077 397 3118; x_wconf 80' lang='lat' dir='ltr'>viciffent</span> <span class='ocrx_word' id='word_1_554' title='bbox 409 3100 418 3116; x_wconf 92' lang='lat'>,</span> <span class='ocrx_word' id='word_1_555' title='bbox 435 3076 600 3107; x_wconf 77' lang='lat' dir='ltr'>Groecorum</span> <span class='ocrx_word' id='word_1_556' title='bbox 615 3082 733 3114; x_wconf 75' lang='lat' dir='ltr'>majores</span> <span class='ocrx_word' id='word_1_557' title='bbox 748 3075 789 3103; x_wconf 81' lang='lat' dir='ltr'>ita</span> <span class='ocrx_word' id='word_1_558' title='bbox 804 3086 921 3116; x_wconf 77' lang='lat' dir='ltr'>magnos</span> <span class='ocrx_word' id='word_1_559' title='bbox 939 3077 1056 3107; x_wconf 81' lang='lat' dir='ltr'>honores</span> 
     </span>
     <span class='ocr_line' id='line_1_73' title="bbox 190 3115 1056 3159; baseline -0.002 -9"><span class='ocrx_word' id='word_1_560' title='bbox 190 3118 419 3159; x_wconf 73' lang='lat' dir='ltr'>constituerunt,</span> <span class='ocrx_word' id='word_1_561' title='bbox 442 3123 475 3148; x_wconf 80' lang='lat' dir='ltr'>ut</span> <span class='ocrx_word' id='word_1_562' title='bbox 492 3125 550 3147; x_wconf 82' lang='lat' dir='ltr'>non</span> <span class='ocrx_word' id='word_1_563' title='bbox 564 3116 642 3146; x_wconf 79' lang='lat' dir='ltr'>modo</span> <span class='ocrx_word' id='word_1_564' title='bbox 658 3117 690 3145; x_wconf 85' lang='lat' dir='ltr'>in</span> <span class='ocrx_word' id='word_1_565' title='bbox 712 3121 853 3159; x_wconf 65' lang='lat' dir='ltr'>conventu</span> <span class='ocrx_word' id='word_1_566' title='bbox 862 3115 973 3154; x_wconf 75' lang='lat' dir='ltr'>stantes</span> <span class='ocrx_word' id='word_1_567' title='bbox 990 3127 1056 3148; x_wconf 87' lang='lat' dir='ltr'>cum</span> 
     </span>
     <span class='ocr_line' id='line_1_74' title="bbox 187 3156 1053 3201; baseline -0.002 -11"><span class='ocrx_word' id='word_1_568' title='bbox 187 3161 287 3201; x_wconf 84' lang='lat' dir='ltr'>palma</span> <span class='ocrx_word' id='word_1_569' title='bbox 304 3159 339 3193; x_wconf 55' lang='grc' dir='ltr'>ὅ)</span> <span class='ocrx_word' id='word_1_570' title='bbox 357 3168 460 3190; x_wconf 82' lang='lat' dir='ltr'>corona</span> <span class='ocrx_word' id='word_1_571' title='bbox 473 3158 574 3196; x_wconf 80' lang='lat' dir='ltr'>ferant</span> <span class='ocrx_word' id='word_1_572' title='bbox 590 3156 686 3187; x_wconf 81' lang='lat' dir='ltr'>laudes</span> <span class='ocrx_word' id='word_1_573' title='bbox 696 3178 704 3189; x_wconf 83' lang='grc'>,</span> <span class='ocrx_word' id='word_1_574' title='bbox 707 3156 760 3194; x_wconf 76' lang='lat' dir='ltr'>sed</span> <span class='ocrx_word' id='word_1_575' title='bbox 778 3159 864 3183; x_wconf 82' lang='lat' dir='ltr'>ettam</span> <span class='ocrx_word' id='word_1_576' title='bbox 881 3165 944 3185; x_wconf 82' lang='lat' dir='ltr'>cum</span> <span class='ocrx_word' id='word_1_577' title='bbox 960 3167 1053 3188; x_wconf 85' lang='lat' dir='ltr'>rever-</span> 
     </span>
     <span class='ocr_line' id='line_1_75' title="bbox 190 3194 1052 3239; baseline -0.009 -6"><span class='ocrx_word' id='word_1_578' title='bbox 190 3207 294 3234; x_wconf 73' lang='lat' dir='ltr'>tantur</span> <span class='ocrx_word' id='word_1_579' title='bbox 317 3200 431 3239; x_wconf 72' lang='lat' dir='ltr'>insutis</span> <span class='ocrx_word' id='word_1_580' title='bbox 457 3199 591 3230; x_wconf 77' lang='lat' dir='ltr'>civitates</span> <span class='ocrx_word' id='word_1_581' title='bbox 616 3206 679 3229; x_wconf 83' lang='lat' dir='ltr'>cum</span> <span class='ocrx_word' id='word_1_582' title='bbox 701 3194 823 3227; x_wconf 61' lang='lat' dir='ltr'>victorio</span> <span class='ocrx_word' id='word_1_583' title='bbox 847 3197 1052 3235; x_wconf 74' lang='lat' dir='ltr'>triumphantes</span> 
     </span>
    </p>
   </div>
   <div class='ocr_carea' id='block_1_2' title="bbox 1031 107 1561 147">
    <p class='ocr_par' dir='ltr' id='par_1_2' title="bbox 1031 107 1561 147">
     <span class='ocr_line' id='line_1_76' title="bbox 1031 107 1561 147; baseline 0.009 -5"><span class='ocrx_word' id='word_1_584' title='bbox 1031 107 1294 145; x_wconf 76' lang='lat' dir='ltr'>Noun-r</span> <span class='ocrx_word' id='word_1_585' title='bbox 1351 110 1561 147; x_wconf 68' lang='lat' dir='ltr'>Coun.</span> 
     </span>
    </p>
   </div>
   <div class='ocr_carea' id='block_1_3' title="bbox 1092 197 2023 3238">
    <p class='ocr_par' dir='ltr' id='par_1_3' title="bbox 1098 197 2023 1099">
     <span class='ocr_line' id='line_1_77' title="bbox 1106 197 1969 242; baseline 0.009 -14"><span class='ocrx_word' id='word_1_586' title='bbox 1106 197 1256 239; x_wconf 76' lang='lat' dir='ltr'>quadrigis</span> <span class='ocrx_word' id='word_1_587' title='bbox 1270 199 1302 230; x_wconf 82' lang='lat' dir='ltr'>in</span> <span class='ocrx_word' id='word_1_588' title='bbox 1316 201 1419 231; x_wconf 70' lang='lat' dir='ltr'>menia</span> <span class='ocrx_word' id='word_1_589' title='bbox 1435 199 1472 235; x_wconf 65' lang='grc' dir='ltr'>δ”</span> <span class='ocrx_word' id='word_1_590' title='bbox 1486 201 1518 231; x_wconf 83' lang='lat' dir='ltr'>in</span> <span class='ocrx_word' id='word_1_591' title='bbox 1531 203 1669 241; x_wconf 74' lang='lat' dir='ltr'>patriam·</span> <span class='ocrx_word' id='word_1_592' title='bbox 1681 202 1878 242; x_wconf 79' lang='lat' dir='ltr'>invehantur,</span> <span class='ocrx_word' id='word_1_593' title='bbox 1900 213 1913 235; x_wconf 87' lang='lat' dir='ltr'>e</span> <span class='ocrx_word' id='word_1_594' title='bbox 1928 215 1969 236; x_wconf 78' lang='lat' dir='ltr'>re-</span> 
     </span>
     <span class='ocr_line' id='line_1_78' title="bbox 1108 239 1970 284; baseline 0.009 -16"><span class='ocrx_word' id='word_1_595' title='bbox 1108 247 1162 278; x_wconf 84' lang='lat' dir='ltr'>que</span> <span class='ocrx_word' id='word_1_596' title='bbox 1181 239 1297 278; x_wconf 84' lang='lat' dir='ltr'>publica</span> <span class='ocrx_word' id='word_1_597' title='bbox 1310 248 1446 281; x_wconf 84' lang='lat' dir='ltr'>perpetua</span> <span class='ocrx_word' id='word_1_598' title='bbox 1459 243 1523 272; x_wconf 81' lang='lat' dir='ltr'>vito</span> <span class='ocrx_word' id='word_1_599' title='bbox 1533 241 1691 282; x_wconf 78' lang='lat' dir='ltr'>constitutis</span> <span class='ocrx_word' id='word_1_600' title='bbox 1701 243 1888 284; x_wconf 68' lang='lat' dir='ltr'>vefflgtzlibus</span> <span class='ocrx_word' id='word_1_601' title='bbox 1898 247 1970 284; x_wconf 71' lang='lat' dir='ltr'>frio-</span> 
     </span>
     <span class='ocr_line' id='line_1_79' title="bbox 1108 280 1969 323; baseline 0.01 -14"><span class='ocrx_word' id='word_1_602' title='bbox 1108 283 1208 310; x_wconf 76' lang='lat' dir='ltr'>antur.</span> <span class='ocrx_word' id='word_1_603' title='bbox 1230 280 1336 321; x_wconf 89' lang='lat' dir='ltr'>AEque</span> <span class='ocrx_word' id='word_1_604' title='bbox 1361 282 1493 322; x_wconf 85' lang='lat' dir='ltr'>pulchre</span> <span class='ocrx_word' id='word_1_605' title='bbox 1517 283 1665 315; x_wconf 88' lang='lat' dir='ltr'>observat</span> <span class='ocrx_word' id='word_1_606' title='bbox 1691 283 1809 323; x_wconf 73' lang='lat' dir='ltr'>Faber,</span> <span class='ocrx_word' id='word_1_607' title='bbox 1834 287 1969 319; x_wconf 85' lang='lat' dir='ltr'>Alexan-</span> 
     </span>
     <span class='ocr_line' id='line_1_80' title="bbox 1107 320 1969 367; baseline 0.009 -17"><span class='ocrx_word' id='word_1_608' title='bbox 1107 320 1198 366; x_wconf 78' lang='lat' dir='ltr'>drum</span> <span class='ocrx_word' id='word_1_609' title='bbox 1214 322 1242 352; x_wconf 80' lang='lat' dir='ltr'>d.</span> <span class='ocrx_word' id='word_1_610' title='bbox 1258 322 1277 353; x_wconf 89' lang='lat' dir='ltr'>l.</span> <span class='ocrx_word' id='word_1_611' title='bbox 1310 333 1340 362; x_wconf 86' lang='lat'>5.</span> <span class='ocrx_word' id='word_1_612' title='bbox 1357 333 1422 355; x_wconf 90' lang='lat' dir='ltr'>non</span> <span class='ocrx_word' id='word_1_613' title='bbox 1444 323 1616 364; x_wconf 88' lang='lat' dir='ltr'>prohibere</span> <span class='ocrx_word' id='word_1_614' title='bbox 1638 325 1867 366; x_wconf 80' lang='lat' dir='ltr'>obligationem</span> <span class='ocrx_word' id='word_1_615' title='bbox 1893 336 1969 367; x_wconf 83' lang='lat' dir='ltr'>prae·</span> 
     </span>
     <span class='ocr_line' id='line_1_81' title="bbox 1109 366 1969 404; baseline 0.009 -13"><span class='ocrx_word' id='word_1_616' title='bbox 1109 368 1245 393; x_wconf 87' lang='lat' dir='ltr'>miorum</span> <span class='ocrx_word' id='word_1_617' title='bbox 1260 372 1322 402; x_wconf 82' lang='lat' dir='ltr'>Jam</span> <span class='ocrx_word' id='word_1_618' title='bbox 1339 373 1398 404; x_wconf 88' lang='lat' dir='ltr'>pro</span> <span class='ocrx_word' id='word_1_619' title='bbox 1413 374 1533 396; x_wconf 89' lang='lat' dir='ltr'>corona</span> <span class='ocrx_word' id='word_1_620' title='bbox 1551 366 1601 397; x_wconf 87' lang='lat' dir='ltr'>seu</span> <span class='ocrx_word' id='word_1_621' title='bbox 1620 366 1750 398; x_wconf 72' lang='lat' dir='ltr'>victoria</span> <span class='ocrx_word' id='word_1_622' title='bbox 1769 368 1969 400; x_wconf 82' lang='lat' dir='ltr'>debitorum:</span> 
     </span>
     <span class='ocr_line' id='line_1_82' title="bbox 1106 400 1972 450; baseline 0.01 -19"><span class='ocrx_word' id='word_1_623' title='bbox 1106 400 1160 432; x_wconf 85' lang='lat' dir='ltr'>sed</span> <span class='ocrx_word' id='word_1_624' title='bbox 1176 412 1284 434; x_wconf 87' lang='lat' dir='ltr'>vetare</span> <span class='ocrx_word' id='word_1_625' title='bbox 1297 404 1526 450; x_wconf 81' lang='lat' dir='ltr'>obligationem</span> <span class='ocrx_word' id='word_1_626' title='bbox 1553 407 1614 447; x_wconf 86' lang='lat' dir='ltr'>spei</span> <span class='ocrx_word' id='word_1_627' title='bbox 1638 406 1840 447; x_wconf 70' lang='lat' dir='ltr'>praemiorum</span> <span class='ocrx_word' id='word_1_628' title='bbox 1856 409 1899 439; x_wconf 90' lang='lat' dir='ltr'>ob</span> <span class='ocrx_word' id='word_1_629' title='bbox 1917 418 1972 440; x_wconf 84' lang='lat' dir='ltr'>co·</span> 
     </span>
     <span class='ocr_line' id='line_1_83' title="bbox 1107 444 1971 488; baseline 0.012 -16"><span class='ocrx_word' id='word_1_630' title='bbox 1107 447 1198 473; x_wconf 75' lang='lat' dir='ltr'>r&#39;onas</span> <span class='ocrx_word' id='word_1_631' title='bbox 1216 444 1268 474; x_wconf 86' lang='lat' dir='ltr'>seu</span> <span class='ocrx_word' id='word_1_632' title='bbox 1283 445 1430 479; x_wconf 70' lang='lat' dir='ltr'>Victorias</span> <span class='ocrx_word' id='word_1_633' title='bbox 1447 447 1577 479; x_wconf 89' lang='lat' dir='ltr'>futuras.</span> <span class='ocrx_word' id='word_1_634' title='bbox 1596 448 1694 480; x_wconf 82' lang='lat' dir='ltr'>sauesi</span> <span class='ocrx_word' id='word_1_635' title='bbox 1711 449 1816 480; x_wconf 88' lang='lat' dir='ltr'>debita</span> <span class='ocrx_word' id='word_1_636' title='bbox 1833 458 1886 480; x_wconf 90' lang='lat' dir='ltr'>aut</span> <span class='ocrx_word' id='word_1_637' title='bbox 1903 459 1971 488; x_wconf 89' lang='lat' dir='ltr'>per-</span> 
     </span>
     <span class='ocr_line' id='line_1_84' title="bbox 1106 482 2023 531; baseline 0.011 -19"><span class='ocrx_word' id='word_1_638' title='bbox 1106 490 1200 523; x_wconf 90' lang='lat' dir='ltr'>cepta</span> <span class='ocrx_word' id='word_1_639' title='bbox 1215 482 1332 518; x_wconf 15' lang='lat' dir='ltr'>sintlob</span> <span class='ocrx_word' id='word_1_640' title='bbox 1341 496 1534 526; x_wconf 87' lang='lat' dir='ltr'>reportatam</span> <span class='ocrx_word' id='word_1_641' title='bbox 1553 488 1736 529; x_wconf 73' lang='lat' dir='ltr'>viCtoriam3</span> <span class='ocrx_word' id='word_1_642' title='bbox 1760 498 1873 521; x_wconf 89' lang='lat' dir='ltr'>contra</span> <span class='ocrx_word' id='word_1_643' title='bbox 1888 490 1948 522; x_wconf 80' lang='lat' dir='ltr'>effe</span> <span class='ocrx_word' id='word_1_644' title='bbox 1960 515 1972 531; x_wconf 91' lang='lat'><strong>‚</strong></span> <span class='ocrx_word' id='word_1_645' title='bbox 2022 490 2023 498; x_wconf 63' lang='lat'>¹</span> 
     </span>
     <span class='ocr_line' id='line_1_85' title="bbox 1107 524 1971 570; baseline 0.012 -16"><span class='ocrx_word' id='word_1_646' title='bbox 1107 524 1193 570; x_wconf 81' lang='lat' dir='ltr'>clare</span> <span class='ocrx_word' id='word_1_647' title='bbox 1217 524 1345 557; x_wconf 86' lang='lat' dir='ltr'>testatur</span> <span class='ocrx_word' id='word_1_648' title='bbox 1360 526 1547 568; x_wconf 80' lang='lat' dir='ltr'>Papinianus</span> <span class='ocrx_word' id='word_1_649' title='bbox 1571 532 1598 561; x_wconf 83' lang='lat' dir='ltr'>d.</span> <span class='ocrx_word' id='word_1_650' title='bbox 1624 531 1704 570; x_wconf 78' lang='lat' dir='ltr'>l.40.</span> <span class='ocrx_word' id='word_1_651' title='bbox 1724 531 1900 570; x_wconf 77' lang='lat' dir='ltr'>Commodis,</span> <span class='ocrx_word' id='word_1_652' title='bbox 1923 533 1971 564; x_wconf 86' lang='lat' dir='ltr'>in-</span> 
     </span>
     <span class='ocr_line' id='line_1_86' title="bbox 1110 569 1968 612; baseline 0.01 -17"><span class='ocrx_word' id='word_1_653' title='bbox 1110 573 1239 603; x_wconf 85' lang='lat' dir='ltr'>quiens,</span> <span class='ocrx_word' id='word_1_654' title='bbox 1256 569 1437 605; x_wconf 70' lang='lat' dir='ltr'>premiorum</span> <span class='ocrx_word' id='word_1_655' title='bbox 1451 579 1513 610; x_wconf 79' lang='lat' dir='ltr'>quoe</span> <span class='ocrx_word' id='word_1_656' title='bbox 1523 577 1638 612; x_wconf 80' lang='lat' dir='ltr'>propter</span> <span class='ocrx_word' id='word_1_657' title='bbox 1655 582 1770 603; x_wconf 76' lang='lat' dir='ltr'>coronas</span> <span class='ocrx_word' id='word_1_658' title='bbox 1780 575 1883 610; x_wconf 74' lang='lat' dir='ltr'>sacras</span> <span class='ocrx_word' id='word_1_659' title='bbox 1893 579 1968 612; x_wconf 81' lang='lat' dir='ltr'>proe·</span> 
     </span>
     <span class='ocr_line' id='line_1_87' title="bbox 1098 604 1971 654; baseline 0.011 -19"><span class='ocrx_word' id='word_1_660' title='bbox 1098 604 1236 653; x_wconf 62' lang='lat' dir='ltr'>flamus,</span> <span class='ocrx_word' id='word_1_661' title='bbox 1260 608 1440 640; x_wconf 83' lang='lat' dir='ltr'>condemnato</span> <span class='ocrx_word' id='word_1_662' title='bbox 1455 610 1565 649; x_wconf 75' lang='lat' dir='ltr'>placuit</span> <span class='ocrx_word' id='word_1_663' title='bbox 1586 613 1737 652; x_wconf 80' lang='lat' dir='ltr'>interdici,</span> <span class='ocrx_word' id='word_1_664' title='bbox 1761 612 1798 647; x_wconf 66' lang='lat'>&amp;²</span> <span class='ocrx_word' id='word_1_665' title='bbox 1812 623 1874 645; x_wconf 85' lang='lat' dir='ltr'>eam</span> <span class='ocrx_word' id='word_1_666' title='bbox 1882 620 1971 654; x_wconf 81' lang='lat' dir='ltr'>pecu-</span> 
     </span>
     <span class='ocr_line' id='line_1_88' title="bbox 1105 649 2016 694; baseline 0.009 -16"><span class='ocrx_word' id='word_1_667' title='bbox 1105 650 1185 678; x_wconf 83' lang='lat' dir='ltr'>niam</span> <span class='ocrx_word' id='word_1_668' title='bbox 1195 656 1265 689; x_wconf 76' lang='lat' dir='ltr'>jure</span> <span class='ocrx_word' id='word_1_669' title='bbox 1275 649 1406 694; x_wconf 84' lang='lat' dir='ltr'>pigrioris</span> <span class='ocrx_word' id='word_1_670' title='bbox 1421 651 1452 680; x_wconf 81' lang='lat' dir='ltr'>in</span> <span class='ocrx_word' id='word_1_671' title='bbox 1467 653 1580 690; x_wconf 69' lang='lat' dir='ltr'>causam</span> <span class='ocrx_word' id='word_1_672' title='bbox 1592 654 1721 693; x_wconf 80' lang='lat' dir='ltr'>judicati</span> <span class='ocrx_word' id='word_1_673' title='bbox 1736 655 1810 693; x_wconf 78' lang='lat' dir='ltr'>capi.</span> <span class='ocrx_word' id='word_1_674' title='bbox 1834 654 1908 686; x_wconf 82' lang='lat' dir='ltr'>Nec</span> <span class='ocrx_word' id='word_1_675' title='bbox 1923 654 1970 688; x_wconf 88' lang='lat' dir='ltr'>est</span> <span class='ocrx_word' id='word_1_676' title='bbox 2011 668 2016 686; x_wconf 68' lang='grc' dir='ltr'><strong><em>τ</em></strong></span> 
     </span>
     <span class='ocr_line' id='line_1_89' title="bbox 1106 688 2015 734; baseline 0.011 -16"><span class='ocrx_word' id='word_1_677' title='bbox 1106 688 1239 719; x_wconf 88' lang='lat' dir='ltr'>obscura</span> <span class='ocrx_word' id='word_1_678' title='bbox 1256 688 1443 720; x_wconf 85' lang='lat' dir='ltr'>diflerentiae</span> <span class='ocrx_word' id='word_1_679' title='bbox 1459 692 1561 724; x_wconf 87' lang='lat' dir='ltr'>ratio:</span> <span class='ocrx_word' id='word_1_680' title='bbox 1577 695 1664 733; x_wconf 89' lang='lat' dir='ltr'>quod</span> <span class='ocrx_word' id='word_1_681' title='bbox 1679 696 1808 734; x_wconf 74' lang='lat' dir='ltr'>peraCto</span> <span class='ocrx_word' id='word_1_682' title='bbox 1825 698 1971 727; x_wconf 86' lang='lat' dir='ltr'>certami-</span> <span class='ocrx_word' id='word_1_683' title='bbox 2013 693 2015 696; x_wconf 51' lang='lat'><em>⁴</em></span> 
     </span>
     <span class='ocr_line' id='line_1_90' title="bbox 1107 729 1970 775; baseline 0.013 -16"><span class='ocrx_word' id='word_1_684' title='bbox 1107 738 1167 767; x_wconf 87' lang='lat' dir='ltr'>ne,</span> <span class='ocrx_word' id='word_1_685' title='bbox 1191 729 1222 760; x_wconf 87' lang='lat'>&amp;</span> <span class='ocrx_word' id='word_1_686' title='bbox 1241 730 1373 775; x_wconf 80' lang='lat' dir='ltr'>obtenta</span> <span class='ocrx_word' id='word_1_687' title='bbox 1388 739 1509 762; x_wconf 87' lang='lat' dir='ltr'>corona</span> <span class='ocrx_word' id='word_1_688' title='bbox 1526 731 1576 763; x_wconf 85' lang='lat' dir='ltr'>seu</span> <span class='ocrx_word' id='word_1_689' title='bbox 1593 734 1739 774; x_wconf 73' lang='lat' dir='ltr'>victoria,</span> <span class='ocrx_word' id='word_1_690' title='bbox 1758 746 1822 768; x_wconf 90' lang='lat' dir='ltr'>non</span> <span class='ocrx_word' id='word_1_691' title='bbox 1840 736 1970 770; x_wconf 85' lang='lat' dir='ltr'>interest</span> 
     </span>
     <span class='ocr_line' id='line_1_91' title="bbox 1107 771 1972 814; baseline 0.013 -14"><span class='ocrx_word' id='word_1_692' title='bbox 1107 778 1288 801; x_wconf 90' lang='lat' dir='ltr'>communis</span> <span class='ocrx_word' id='word_1_693' title='bbox 1300 771 1471 812; x_wconf 86' lang='lat' dir='ltr'>voluptatis</span> <span class='ocrx_word' id='word_1_694' title='bbox 1487 771 1619 813; x_wconf 88' lang='lat' dir='ltr'>Populi,</span> <span class='ocrx_word' id='word_1_695' title='bbox 1633 782 1695 814; x_wconf 89' lang='lat' dir='ltr'>qua</span> <span class='ocrx_word' id='word_1_696' title='bbox 1709 777 1868 809; x_wconf 86' lang='lat' dir='ltr'>alacritate</span> <span class='ocrx_word' id='word_1_697' title='bbox 1885 778 1972 811; x_wconf 86' lang='lat' dir='ltr'>dein-</span> 
     </span>
     <span class='ocr_line' id='line_1_92' title="bbox 1107 810 1971 857; baseline 0.012 -16"><span class='ocrx_word' id='word_1_698' title='bbox 1107 811 1147 842; x_wconf 88' lang='lat' dir='ltr'>de</span> <span class='ocrx_word' id='word_1_699' title='bbox 1164 811 1198 842; x_wconf 87' lang='lat' dir='ltr'>fit</span> <span class='ocrx_word' id='word_1_700' title='bbox 1216 810 1354 849; x_wconf 87' lang='lat' dir='ltr'>athleta,</span> <span class='ocrx_word' id='word_1_701' title='bbox 1378 813 1495 853; x_wconf 85' lang='lat' dir='ltr'>quidve</span> <span class='ocrx_word' id='word_1_702' title='bbox 1511 815 1551 845; x_wconf 91' lang='lat' dir='ltr'>de</span> <span class='ocrx_word' id='word_1_703' title='bbox 1575 816 1752 847; x_wconf 84' lang='lat' dir='ltr'>commodis</span> <span class='ocrx_word' id='word_1_704' title='bbox 1770 818 1971 857; x_wconf 88' lang='lat' dir='ltr'>praemiorum</span> 
     </span>
     <span class='ocr_line' id='line_1_93' title="bbox 1107 851 1973 895; baseline 0.012 -13"><span class='ocrx_word' id='word_1_705' title='bbox 1107 851 1234 884; x_wconf 90' lang='lat' dir='ltr'>suorum</span> <span class='ocrx_word' id='word_1_706' title='bbox 1255 852 1384 884; x_wconf 85' lang='lat' dir='ltr'>statuat:</span> <span class='ocrx_word' id='word_1_707' title='bbox 1399 853 1452 884; x_wconf 93' lang='lat' dir='ltr'>sed</span> <span class='ocrx_word' id='word_1_708' title='bbox 1471 863 1544 886; x_wconf 87' lang='lat' dir='ltr'>ante</span> <span class='ocrx_word' id='word_1_709' title='bbox 1560 862 1740 895; x_wconf 86' lang='lat' dir='ltr'>certamen,</span> <span class='ocrx_word' id='word_1_710' title='bbox 1756 861 1896 891; x_wconf 85' lang='lat' dir='ltr'>nondum</span> <span class='ocrx_word' id='word_1_711' title='bbox 1915 860 1973 892; x_wconf 90' lang='lat' dir='ltr'>ob·</span> 
     </span>
     <span class='ocr_line' id='line_1_94' title="bbox 1107 895 1970 935; baseline 0.008 -10"><span class='ocrx_word' id='word_1_712' title='bbox 1107 901 1196 925; x_wconf 87' lang='lat' dir='ltr'>tenta</span> <span class='ocrx_word' id='word_1_713' title='bbox 1213 902 1333 932; x_wconf 88' lang='lat' dir='ltr'>corona</span> <span class='ocrx_word' id='word_1_714' title='bbox 1350 895 1402 926; x_wconf 91' lang='lat' dir='ltr'>seu</span> <span class='ocrx_word' id='word_1_715' title='bbox 1419 895 1572 935; x_wconf 73' lang='lat' dir='ltr'>viEtoria,</span> <span class='ocrx_word' id='word_1_716' title='bbox 1594 897 1684 928; x_wconf 87' lang='lat' dir='ltr'>aliter</span> <span class='ocrx_word' id='word_1_717' title='bbox 1702 904 1787 930; x_wconf 87' lang='lat' dir='ltr'>erat:</span> <span class='ocrx_word' id='word_1_718' title='bbox 1809 908 1878 931; x_wconf 86' lang='lat' dir='ltr'>nam</span> <span class='ocrx_word' id='word_1_719' title='bbox 1902 909 1970 935; x_wconf 90' lang='lat' dir='ltr'>tum</span> 
     </span>
     <span class='ocr_line' id='line_1_95' title="bbox 1106 935 1970 978; baseline 0.01 -14"><span class='ocrx_word' id='word_1_720' title='bbox 1106 935 1257 965; x_wconf 87' lang='lat' dir='ltr'>intererat</span> <span class='ocrx_word' id='word_1_721' title='bbox 1276 935 1410 974; x_wconf 88' lang='lat' dir='ltr'>publicae</span> <span class='ocrx_word' id='word_1_722' title='bbox 1425 935 1605 968; x_wconf 88' lang='lat' dir='ltr'>festivitatis</span> <span class='ocrx_word' id='word_1_723' title='bbox 1623 947 1685 978; x_wconf 88' lang='lat' dir='ltr'>qua</span> <span class='ocrx_word' id='word_1_724' title='bbox 1707 936 1852 970; x_wconf 86' lang='lat' dir='ltr'>Deorum</span> <span class='ocrx_word' id='word_1_725' title='bbox 1868 942 1970 974; x_wconf 88' lang='lat' dir='ltr'>cultus</span> 
     </span>
     <span class='ocr_line' id='line_1_96' title="bbox 1106 975 1972 1022; baseline 0.008 -16"><span class='ocrx_word' id='word_1_726' title='bbox 1106 975 1338 1022; x_wconf 75' lang='lat' dir='ltr'>aestimabatur,</span> <span class='ocrx_word' id='word_1_727' title='bbox 1362 976 1448 1022; x_wconf 76' lang='lat' dir='ltr'>spem</span> <span class='ocrx_word' id='word_1_728' title='bbox 1478 977 1657 1011; x_wconf 88' lang='lat' dir='ltr'>futurorum</span> <span class='ocrx_word' id='word_1_729' title='bbox 1680 979 1880 1019; x_wconf 67' lang='lat' dir='ltr'>praemiorum</span> <span class='ocrx_word' id='word_1_730' title='bbox 1906 991 1972 1014; x_wconf 87' lang='lat' dir='ltr'>non</span> 
     </span>
     <span class='ocr_line' id='line_1_97' title="bbox 1105 1017 1971 1057; baseline 0.008 -10"><span class='ocrx_word' id='word_1_731' title='bbox 1105 1017 1239 1057; x_wconf 86' lang='lat' dir='ltr'>obligari</span> <span class='ocrx_word' id='word_1_732' title='bbox 1274 1025 1399 1057; x_wconf 86' lang='lat' dir='ltr'>pignori</span> <span class='ocrx_word' id='word_1_733' title='bbox 1423 1029 1431 1050; x_wconf 76' lang='grc' dir='ltr'>ε</span> <span class='ocrx_word' id='word_1_734' title='bbox 1469 1028 1508 1050; x_wconf 88' lang='lat' dir='ltr'>ne</span> <span class='ocrx_word' id='word_1_735' title='bbox 1531 1019 1720 1053; x_wconf 87' lang='lat' dir='ltr'>athletarum</span> <span class='ocrx_word' id='word_1_736' title='bbox 1745 1022 1841 1053; x_wconf 86' lang='lat' dir='ltr'>virtus</span> <span class='ocrx_word' id='word_1_737' title='bbox 1866 1021 1971 1054; x_wconf 84' lang='lat' dir='ltr'>amissa</span> 
     </span>
     <span class='ocr_line' id='line_1_98' title="bbox 1106 1057 1682 1099; baseline 0.009 -11"><span class='ocrx_word' id='word_1_738' title='bbox 1106 1057 1159 1099; x_wconf 90' lang='lat' dir='ltr'>spe</span> <span class='ocrx_word' id='word_1_739' title='bbox 1178 1068 1215 1089; x_wconf 84' lang='lat' dir='ltr'>ea</span> <span class='ocrx_word' id='word_1_740' title='bbox 1228 1059 1383 1090; x_wconf 88' lang='lat' dir='ltr'>retinendi</span> <span class='ocrx_word' id='word_1_741' title='bbox 1400 1058 1496 1091; x_wconf 87' lang='lat' dir='ltr'>facile</span> <span class='ocrx_word' id='word_1_742' title='bbox 1514 1062 1682 1093; x_wconf 85' lang='lat' dir='ltr'>laxaretur.</span> 
     </span>
    </p>

    <p class='ocr_par' dir='ltr' id='par_1_4' title="bbox 1092 1100 2017 3158">
     <span class='ocr_line' id='line_1_99' title="bbox 1149 1100 1973 1146; baseline 0.008 -17"><span class='ocrx_word' id='word_1_743' title='bbox 1149 1101 1218 1140; x_wconf 82' lang='lat' dir='ltr'>Age</span> <span class='ocrx_word' id='word_1_744' title='bbox 1235 1108 1319 1130; x_wconf 89' lang='lat' dir='ltr'>nunc</span> <span class='ocrx_word' id='word_1_745' title='bbox 1335 1100 1515 1133; x_wconf 78' lang='lat' dir='ltr'>disseramus</span> <span class='ocrx_word' id='word_1_746' title='bbox 1533 1103 1573 1133; x_wconf 91' lang='lat' dir='ltr'>de</span> <span class='ocrx_word' id='word_1_747' title='bbox 1595 1103 1735 1142; x_wconf 74' lang='lat' dir='ltr'>aCtione,</span> <span class='ocrx_word' id='word_1_748' title='bbox 1758 1102 1898 1143; x_wconf 82' lang='lat' dir='ltr'>pignoris</span> <span class='ocrx_word' id='word_1_749' title='bbox 1916 1104 1973 1146; x_wconf 83' lang='lat' dir='ltr'>hy-</span> 
     </span>
     <span class='ocr_line' id='line_1_100' title="bbox 1106 1141 2017 1185; baseline 0.003 -13"><span class='ocrx_word' id='word_1_750' title='bbox 1106 1141 1298 1182; x_wconf 80' lang='lat' dir='ltr'>pothecaeve</span> <span class='ocrx_word' id='word_1_751' title='bbox 1321 1142 1447 1173; x_wconf 89' lang='lat' dir='ltr'>nomine</span> <span class='ocrx_word' id='word_1_752' title='bbox 1471 1152 1488 1173; x_wconf 89' lang='lat' dir='ltr'>a</span> <span class='ocrx_word' id='word_1_753' title='bbox 1516 1143 1656 1175; x_wconf 86' lang='lat' dir='ltr'>Praetore</span> <span class='ocrx_word' id='word_1_754' title='bbox 1679 1145 1855 1185; x_wconf 86' lang='lat' dir='ltr'>proposita:</span> <span class='ocrx_word' id='word_1_755' title='bbox 1885 1154 1972 1178; x_wconf 87' lang='lat' dir='ltr'>tanta</span> <span class='ocrx_word' id='word_1_756' title='bbox 2016 1172 2017 1175; x_wconf 75' lang='grc'>,</span> 
     </span>
     <span class='ocr_line' id='line_1_101' title="bbox 1104 1182 1972 1228; baseline 0.007 -16"><span class='ocrx_word' id='word_1_757' title='bbox 1104 1182 1257 1213; x_wconf 86' lang='lat' dir='ltr'>videlicet</span> <span class='ocrx_word' id='word_1_758' title='bbox 1273 1182 1338 1223; x_wconf 86' lang='lat' dir='ltr'>ejus</span> <span class='ocrx_word' id='word_1_759' title='bbox 1356 1183 1559 1224; x_wconf 69' lang='grc' dir='ltr'><strong>3116101113(ος</strong></span> <span class='ocrx_word' id='word_1_760' title='bbox 1582 1192 1616 1216; x_wconf 92' lang='lat' dir='ltr'>ut</span> <span class='ocrx_word' id='word_1_761' title='bbox 1640 1184 1722 1225; x_wconf 82' lang='lat' dir='ltr'>Gajo</span> <span class='ocrx_word' id='word_1_762' title='bbox 1739 1185 1817 1217; x_wconf 86' lang='lat' dir='ltr'>teste</span> <span class='ocrx_word' id='word_1_763' title='bbox 1834 1188 1862 1218; x_wconf 90' lang='lat' dir='ltr'>in</span> <span class='ocrx_word' id='word_1_764' title='bbox 1882 1187 1902 1218; x_wconf 89' lang='lat' dir='ltr'>l.</span> <span class='ocrx_word' id='word_1_765' title='bbox 1921 1195 1972 1228; x_wconf 81' lang='lat'>27.</span> 
     </span>
     <span class='ocr_line' id='line_1_102' title="bbox 1105 1223 2014 1268; baseline 0.007 -13"><span class='ocrx_word' id='word_1_766' title='bbox 1105 1223 1146 1255; x_wconf 90' lang='lat' dir='ltr'>D.</span> <span class='ocrx_word' id='word_1_767' title='bbox 1162 1226 1195 1254; x_wconf 75' lang='lat' dir='ltr'>cle</span> <span class='ocrx_word' id='word_1_768' title='bbox 1211 1225 1337 1256; x_wconf 77' lang='lat' dir='ltr'>noxalib.</span> <span class='ocrx_word' id='word_1_769' title='bbox 1357 1225 1462 1256; x_wconf 70' lang='lat' dir='ltr'>atrion.</span> <span class='ocrx_word' id='word_1_770' title='bbox 1487 1226 1599 1268; x_wconf 84' lang='lat' dir='ltr'>pignus</span> <span class='ocrx_word' id='word_1_771' title='bbox 1615 1227 1700 1266; x_wconf 85' lang='lat' dir='ltr'>qu&#39;us</span> <span class='ocrx_word' id='word_1_772' title='bbox 1723 1227 1901 1266; x_wconf 79' lang='lat' dir='ltr'>persecutio</span> <span class='ocrx_word' id='word_1_773' title='bbox 1918 1237 1972 1260; x_wconf 88' lang='lat' dir='ltr'>ne·</span> <span class='ocrx_word' id='word_1_774' title='bbox 2009 1244 2014 1262; x_wconf 75' lang='lat' dir='ltr'>l</span> 
     </span>
     <span class='ocr_line' id='line_1_103' title="bbox 1103 1265 2011 1309; baseline 0.007 -14"><span class='ocrx_word' id='word_1_775' title='bbox 1103 1273 1212 1305; x_wconf 77' lang='lat' dir='ltr'>gatar,</span> <span class='ocrx_word' id='word_1_776' title='bbox 1228 1265 1350 1297; x_wconf 86' lang='lat' dir='ltr'>nullum</span> <span class='ocrx_word' id='word_1_777' title='bbox 1366 1266 1412 1298; x_wconf 91' lang='lat' dir='ltr'>sit.</span> <span class='ocrx_word' id='word_1_778' title='bbox 1429 1266 1483 1298; x_wconf 87' lang='lat' dir='ltr'>Est</span> <span class='ocrx_word' id='word_1_779' title='bbox 1499 1277 1576 1299; x_wconf 80' lang='lat' dir='ltr'>vei-o</span> <span class='ocrx_word' id='word_1_780' title='bbox 1591 1268 1642 1299; x_wconf 87' lang='lat' dir='ltr'>illa</span> <span class='ocrx_word' id='word_1_781' title='bbox 1652 1269 1788 1309; x_wconf 85' lang='lat' dir='ltr'>duplex,</span> <span class='ocrx_word' id='word_1_782' title='bbox 1801 1278 1860 1300; x_wconf 92' lang='lat' dir='ltr'>nec</span> <span class='ocrx_word' id='word_1_783' title='bbox 1880 1271 1969 1302; x_wconf 87' lang='lat' dir='ltr'>unius</span> <span class='ocrx_word' id='word_1_784' title='bbox 2010 1272 2011 1277; x_wconf 77' lang='grc'>’</span> 
     </span>
     <span class='ocr_line' id='line_1_104' title="bbox 1103 1307 1972 1351; baseline 0.003 -13"><span class='ocrx_word' id='word_1_785' title='bbox 1103 1307 1263 1351; x_wconf 78' lang='lat' dir='ltr'>Praetoris.</span> <span class='ocrx_word' id='word_1_786' title='bbox 1282 1307 1369 1346; x_wconf 86' lang='lat' dir='ltr'>prior</span> <span class='ocrx_word' id='word_1_787' title='bbox 1386 1309 1526 1340; x_wconf 86' lang='lat' dir='ltr'>vindicat</span> <span class='ocrx_word' id='word_1_788' title='bbox 1542 1309 1685 1348; x_wconf 75' lang='lat' dir='ltr'>invecta,</span> <span class='ocrx_word' id='word_1_789' title='bbox 1704 1309 1806 1349; x_wconf 87' lang='lat' dir='ltr'>illata,</span> <span class='ocrx_word' id='word_1_790' title='bbox 1825 1310 1972 1350; x_wconf 71' lang='lat' dir='ltr'>inducta,</span> 
     </span>
     <span class='ocr_line' id='line_1_105' title="bbox 1106 1347 1973 1391; baseline 0.003 -12"><span class='ocrx_word' id='word_1_791' title='bbox 1106 1348 1137 1379; x_wconf 90' lang='lat' dir='ltr'>in</span> <span class='ocrx_word' id='word_1_792' title='bbox 1157 1348 1307 1387; x_wconf 81' lang='lat' dir='ltr'>praedium</span> <span class='ocrx_word' id='word_1_793' title='bbox 1324 1347 1473 1380; x_wconf 89' lang='lat' dir='ltr'>rusticum</span> <span class='ocrx_word' id='word_1_794' title='bbox 1497 1351 1630 1381; x_wconf 88' lang='lat' dir='ltr'>locatori</span> <span class='ocrx_word' id='word_1_795' title='bbox 1650 1350 1689 1381; x_wconf 90' lang='lat' dir='ltr'>ab</span> <span class='ocrx_word' id='word_1_796' title='bbox 1707 1360 1747 1381; x_wconf 87' lang='lat' dir='ltr'>eo</span> <span class='ocrx_word' id='word_1_797' title='bbox 1764 1351 1852 1391; x_wconf 80' lang='lat' dir='ltr'>cujus</span> <span class='ocrx_word' id='word_1_798' title='bbox 1868 1351 1898 1382; x_wconf 92' lang='lat' dir='ltr'>in</span> <span class='ocrx_word' id='word_1_799' title='bbox 1914 1352 1973 1382; x_wconf 86' lang='lat' dir='ltr'>bo·</span> 
     </span>
     <span class='ocr_line' id='line_1_106' title="bbox 1103 1389 1972 1431; baseline 0.005 -12"><span class='ocrx_word' id='word_1_800' title='bbox 1103 1389 1150 1420; x_wconf 88' lang='lat' dir='ltr'>nis</span> <span class='ocrx_word' id='word_1_801' title='bbox 1167 1396 1277 1428; x_wconf 89' lang='lat' dir='ltr'>erant,</span> <span class='ocrx_word' id='word_1_802' title='bbox 1296 1389 1460 1421; x_wconf 82' lang='lat' dir='ltr'>manifeste</span> <span class='ocrx_word' id='word_1_803' title='bbox 1478 1391 1614 1431; x_wconf 81' lang='lat' dir='ltr'>obligata</span> <span class='ocrx_word' id='word_1_804' title='bbox 1632 1392 1661 1422; x_wconf 92' lang='lat' dir='ltr'>in</span> <span class='ocrx_word' id='word_1_805' title='bbox 1676 1390 1873 1423; x_wconf 82' lang='lat' dir='ltr'>securitatem</span> <span class='ocrx_word' id='word_1_806' title='bbox 1891 1401 1972 1424; x_wconf 86' lang='lat' dir='ltr'>rner-</span> 
     </span>
     <span class='ocr_line' id='line_1_107' title="bbox 1103 1429 1968 1474; baseline 0.003 -13"><span class='ocrx_word' id='word_1_807' title='bbox 1103 1429 1199 1462; x_wconf 85' lang='lat' dir='ltr'>cedis.</span> <span class='ocrx_word' id='word_1_808' title='bbox 1237 1431 1404 1470; x_wconf 82' lang='lat' dir='ltr'>Appellata</span> <span class='ocrx_word' id='word_1_809' title='bbox 1422 1431 1490 1462; x_wconf 85' lang='lat' dir='ltr'>haec</span> <span class='ocrx_word' id='word_1_810' title='bbox 1507 1432 1545 1463; x_wconf 91' lang='lat' dir='ltr'>ab</span> <span class='ocrx_word' id='word_1_811' title='bbox 1562 1432 1690 1464; x_wconf 66' lang='lat' dir='ltr'>auctore</span> <span class='ocrx_word' id='word_1_812' title='bbox 1705 1431 1862 1464; x_wconf 72' lang='lat' dir='ltr'>Serviane.</span> <span class='ocrx_word' id='word_1_813' title='bbox 1885 1434 1968 1474; x_wconf 85' lang='lat' dir='ltr'>ejus-</span> 
     </span>
     <span class='ocr_line' id='line_1_108' title="bbox 1103 1472 1974 1513; baseline 0.005 -12"><span class='ocrx_word' id='word_1_814' title='bbox 1103 1480 1166 1512; x_wconf 91' lang='lat' dir='ltr'>que</span> <span class='ocrx_word' id='word_1_815' title='bbox 1183 1472 1334 1511; x_wconf 81' lang='lat' dir='ltr'>exemplo</span> <span class='ocrx_word' id='word_1_816' title='bbox 1360 1472 1489 1504; x_wconf 85' lang='lat' dir='ltr'>inventa</span> <span class='ocrx_word' id='word_1_817' title='bbox 1514 1472 1629 1505; x_wconf 83' lang='lat' dir='ltr'>deinde</span> <span class='ocrx_word' id='word_1_818' title='bbox 1655 1473 1698 1504; x_wconf 89' lang='lat' dir='ltr'>est</span> <span class='ocrx_word' id='word_1_819' title='bbox 1715 1473 1831 1513; x_wconf 83' lang='lat' dir='ltr'>altera,</span> <span class='ocrx_word' id='word_1_820' title='bbox 1854 1482 1974 1506; x_wconf 78' lang='lat' dir='ltr'>caetera</span> 
     </span>
     <span class='ocr_line' id='line_1_109' title="bbox 1101 1511 1970 1553; baseline 0.005 -10"><span class='ocrx_word' id='word_1_821' title='bbox 1101 1521 1235 1553; x_wconf 86' lang='lat' dir='ltr'>pignora</span> <span class='ocrx_word' id='word_1_822' title='bbox 1251 1511 1461 1550; x_wconf 86' lang='lat' dir='ltr'>persecutura.</span> <span class='ocrx_word' id='word_1_823' title='bbox 1483 1523 1554 1553; x_wconf 84' lang='lat' dir='ltr'>quae</span> <span class='ocrx_word' id='word_1_824' title='bbox 1572 1513 1655 1553; x_wconf 83' lang='lat' dir='ltr'>quasi</span> <span class='ocrx_word' id='word_1_825' title='bbox 1671 1514 1819 1545; x_wconf 80' lang='lat' dir='ltr'>Serviana</span> <span class='ocrx_word' id='word_1_826' title='bbox 1834 1523 1970 1548; x_wconf 81' lang='lat' dir='ltr'>vocatur</span> 
     </span>
     <span class='ocr_line' id='line_1_110' title="bbox 1099 1552 1968 1625; baseline 0.006 -42"><span class='ocrx_word' id='word_1_827' title='bbox 1099 1552 1129 1625; x_wconf 57' lang='grc' dir='ltr'>ῗ.</span> <span class='ocrx_word' id='word_1_828' title='bbox 1146 1563 1175 1594; x_wconf 82' lang='lat'>7.</span> <span class='ocrx_word' id='word_1_829' title='bbox 1196 1553 1268 1592; x_wconf 77' lang='lat' dir='ltr'>Insl.</span> <span class='ocrx_word' id='word_1_830' title='bbox 1287 1554 1320 1584; x_wconf 84' lang='lat' dir='ltr'>cle</span> <span class='ocrx_word' id='word_1_831' title='bbox 1335 1552 1505 1585; x_wconf 63' lang='lat' dir='ltr'>ustionibus.</span> <span class='ocrx_word' id='word_1_832' title='bbox 1529 1554 1601 1586; x_wconf 83' lang='lat' dir='ltr'>alibi</span> <span class='ocrx_word' id='word_1_833' title='bbox 1617 1553 1766 1586; x_wconf 86' lang='lat' dir='ltr'>Serviana</span> <span class='ocrx_word' id='word_1_834' title='bbox 1783 1555 1968 1595; x_wconf 88' lang='lat' dir='ltr'>simpliciter</span> 
     </span>
     <span class='ocr_line' id='line_1_111' title="bbox 1113 1594 1969 1636; baseline 0.004 -10"><span class='ocrx_word' id='word_1_835' title='bbox 1113 1619 1120 1626; x_wconf 94' lang='lat'>.</span> <span class='ocrx_word' id='word_1_836' title='bbox 1137 1604 1167 1636; x_wconf 86' lang='lat'>3.</span> <span class='ocrx_word' id='word_1_837' title='bbox 1183 1594 1202 1625; x_wconf 92' lang='lat' dir='ltr'>l.</span> <span class='ocrx_word' id='word_1_838' title='bbox 1227 1603 1274 1626; x_wconf 90' lang='lat'>10.</span> <span class='ocrx_word' id='word_1_839' title='bbox 1294 1594 1313 1626; x_wconf 89' lang='lat' dir='ltr'>l.</span> <span class='ocrx_word' id='word_1_840' title='bbox 1335 1599 1382 1628; x_wconf 88' lang='lat'>18.</span> <span class='ocrx_word' id='word_1_841' title='bbox 1400 1595 1442 1626; x_wconf 90' lang='lat' dir='ltr'>D.</span> <span class='ocrx_word' id='word_1_842' title='bbox 1460 1596 1488 1626; x_wconf 85' lang='lat' dir='ltr'>h.</span> <span class='ocrx_word' id='word_1_843' title='bbox 1507 1601 1528 1628; x_wconf 81' lang='lat' dir='ltr'>t.</span> <span class='ocrx_word' id='word_1_844' title='bbox 1548 1596 1577 1627; x_wconf 77' lang='grc' dir='ltr'>δι</span> <span class='ocrx_word' id='word_1_845' title='bbox 1599 1605 1616 1626; x_wconf 82' lang='grc'><strong>3</strong></span> <span class='ocrx_word' id='word_1_846' title='bbox 1633 1596 1697 1627; x_wconf 91' lang='lat' dir='ltr'>fine</span> <span class='ocrx_word' id='word_1_847' title='bbox 1712 1597 1749 1627; x_wconf 89' lang='lat' dir='ltr'>ad</span> <span class='ocrx_word' id='word_1_848' title='bbox 1766 1605 1861 1636; x_wconf 90' lang='lat' dir='ltr'>quern</span> <span class='ocrx_word' id='word_1_849' title='bbox 1877 1606 1969 1629; x_wconf 87' lang='lat' dir='ltr'>com-</span> 
     </span>
     <span class='ocr_line' id='line_1_112' title="bbox 1100 1635 1969 1678; baseline 0.006 -12"><span class='ocrx_word' id='word_1_850' title='bbox 1100 1643 1226 1676; x_wconf 87' lang='lat' dir='ltr'>parata,</span> <span class='ocrx_word' id='word_1_851' title='bbox 1250 1635 1449 1676; x_wconf 87' lang='lat' dir='ltr'>pigneratitia</span> <span class='ocrx_word' id='word_1_852' title='bbox 1471 1637 1490 1668; x_wconf 85' lang='lat' dir='ltr'>l.</span> <span class='ocrx_word' id='word_1_853' title='bbox 1516 1646 1566 1676; x_wconf 82' lang='grc'>41.</span> <span class='ocrx_word' id='word_1_854' title='bbox 1594 1637 1637 1668; x_wconf 91' lang='lat' dir='ltr'>D.</span> <span class='ocrx_word' id='word_1_855' title='bbox 1663 1637 1696 1668; x_wconf 75' lang='lat' dir='ltr'>cle</span> <span class='ocrx_word' id='word_1_856' title='bbox 1708 1639 1791 1678; x_wconf 79' lang='lat' dir='ltr'>pign.</span> <span class='ocrx_word' id='word_1_857' title='bbox 1813 1637 1869 1669; x_wconf 71' lang='grc' dir='ltr'>αὲῗ.</span> <span class='ocrx_word' id='word_1_858' title='bbox 1895 1638 1914 1668; x_wconf 83' lang='lat' dir='ltr'>l.</span> <span class='ocrx_word' id='word_1_859' title='bbox 1936 1647 1969 1675; x_wconf 88' lang='lat'>9.</span> 
     </span>
     <span class='ocr_line' id='line_1_113' title="bbox 1101 1675 1964 1721; baseline 0.005 -14"><span class='ocrx_word' id='word_1_860' title='bbox 1101 1678 1133 1708; x_wconf 82' lang='lat' dir='ltr'>in</span> <span class='ocrx_word' id='word_1_861' title='bbox 1143 1675 1201 1716; x_wconf 86' lang='lat' dir='ltr'>fin.</span> <span class='ocrx_word' id='word_1_862' title='bbox 1214 1676 1256 1707; x_wconf 91' lang='lat' dir='ltr'>D.</span> <span class='ocrx_word' id='word_1_863' title='bbox 1275 1676 1366 1721; x_wconf 65' lang='lat' dir='ltr'>Quib.</span> <span class='ocrx_word' id='word_1_864' title='bbox 1388 1679 1461 1708; x_wconf 83' lang='lat' dir='ltr'>mod.</span> <span class='ocrx_word' id='word_1_865' title='bbox 1474 1678 1557 1720; x_wconf 74' lang='lat' dir='ltr'>pigri.</span> <span class='ocrx_word' id='word_1_866' title='bbox 1576 1678 1651 1715; x_wconf 73' lang='lat' dir='ltr'>fiilv.</span> <span class='ocrx_word' id='word_1_867' title='bbox 1675 1677 1712 1713; x_wconf 61' lang='grc' dir='ltr'>ὃ)</span> <span class='ocrx_word' id='word_1_868' title='bbox 1735 1679 1814 1710; x_wconf 83' lang='lat' dir='ltr'>alibi.</span> <span class='ocrx_word' id='word_1_869' title='bbox 1840 1680 1964 1720; x_wconf 85' lang='lat' dir='ltr'>plenius</span> 
     </span>
     <span class='ocr_line' id='line_1_114' title="bbox 1101 1718 1967 1761; baseline 0.006 -13"><span class='ocrx_word' id='word_1_870' title='bbox 1101 1718 1304 1759; x_wconf 85' lang='lat' dir='ltr'>pigneratitia</span> <span class='ocrx_word' id='word_1_871' title='bbox 1320 1718 1469 1750; x_wconf 83' lang='lat' dir='ltr'>Serviana</span> <span class='ocrx_word' id='word_1_872' title='bbox 1490 1719 1510 1751; x_wconf 86' lang='lat' dir='ltr'>l.</span> <span class='ocrx_word' id='word_1_873' title='bbox 1527 1730 1557 1761; x_wconf 85' lang='lat'>3.</span> <span class='ocrx_word' id='word_1_874' title='bbox 1596 1743 1602 1750; x_wconf 88' lang='lat'>.</span> <span class='ocrx_word' id='word_1_875' title='bbox 1626 1729 1655 1758; x_wconf 61' lang='lat'>3.</span> <span class='ocrx_word' id='word_1_876' title='bbox 1677 1721 1723 1752; x_wconf 68' lang='lat'>1).</span> <span class='ocrx_word' id='word_1_877' title='bbox 1743 1719 1795 1751; x_wconf 80' lang='lat' dir='ltr'>Ad</span> <span class='ocrx_word' id='word_1_878' title='bbox 1816 1720 1967 1753; x_wconf 80' lang='lat' dir='ltr'>exhibend.</span> 
     </span>
     <span class='ocr_line' id='line_1_115' title="bbox 1101 1753 1969 1804; baseline 0.002 -14"><span class='ocrx_word' id='word_1_879' title='bbox 1101 1759 1207 1801; x_wconf 87' lang='lat' dir='ltr'>paffim</span> <span class='ocrx_word' id='word_1_880' title='bbox 1226 1758 1475 1800; x_wconf 86' lang='lat' dir='ltr'>hypothecaria,</span> <span class='ocrx_word' id='word_1_881' title='bbox 1499 1761 1529 1792; x_wconf 73' lang='grc' dir='ltr'>ἀ</span> <span class='ocrx_word' id='word_1_882' title='bbox 1546 1770 1563 1792; x_wconf 90' lang='grc'><strong>3</strong></span> <span class='ocrx_word' id='word_1_883' title='bbox 1599 1753 1753 1792; x_wconf 80' lang='lat' dir='ltr'>ustiniano</span> <span class='ocrx_word' id='word_1_884' title='bbox 1776 1761 1795 1791; x_wconf 88' lang='lat' dir='ltr'>l.</span> <span class='ocrx_word' id='word_1_885' title='bbox 1813 1771 1921 1793; x_wconf 83' lang='lat' dir='ltr'>onmem</span> <span class='ocrx_word' id='word_1_886' title='bbox 1937 1762 1969 1804; x_wconf 86' lang='lat'>§.</span> 
     </span>
     <span class='ocr_line' id='line_1_116' title="bbox 1101 1800 1970 1843; baseline 0.002 -11"><span class='ocrx_word' id='word_1_887' title='bbox 1101 1813 1129 1841; x_wconf 89' lang='lat'>4.</span> <span class='ocrx_word' id='word_1_888' title='bbox 1151 1800 1197 1832; x_wconf 91' lang='lat' dir='ltr'>De</span> <span class='ocrx_word' id='word_1_889' title='bbox 1221 1806 1343 1840; x_wconf 80' lang='lat' dir='ltr'>concept.</span> <span class='ocrx_word' id='word_1_890' title='bbox 1372 1800 1483 1843; x_wconf 77' lang='lat' dir='ltr'>Digeft.</span> <span class='ocrx_word' id='word_1_891' title='bbox 1508 1801 1644 1833; x_wconf 87' lang='lat' dir='ltr'>formula</span> <span class='ocrx_word' id='word_1_892' title='bbox 1659 1801 1905 1843; x_wconf 83' lang='lat' dir='ltr'>hypothecaria:</span> <span class='ocrx_word' id='word_1_893' title='bbox 1929 1803 1970 1835; x_wconf 81' lang='lat' dir='ltr'>ad</span> 
     </span>
     <span class='ocr_line' id='line_1_117' title="bbox 1101 1841 1972 1883; baseline 0.003 -10"><span class='ocrx_word' id='word_1_894' title='bbox 1101 1850 1237 1881; x_wconf 84' lang='lat' dir='ltr'>eamque</span> <span class='ocrx_word' id='word_1_895' title='bbox 1254 1841 1402 1880; x_wconf 86' lang='lat' dir='ltr'>scriptum</span> <span class='ocrx_word' id='word_1_896' title='bbox 1421 1852 1493 1874; x_wconf 90' lang='lat' dir='ltr'>cum</span> <span class='ocrx_word' id='word_1_897' title='bbox 1513 1853 1529 1873; x_wconf 90' lang='lat' dir='ltr'>a</span> <span class='ocrx_word' id='word_1_898' title='bbox 1546 1841 1648 1883; x_wconf 79' lang='lat' dir='ltr'>Gajo,</span> <span class='ocrx_word' id='word_1_899' title='bbox 1666 1851 1731 1875; x_wconf 87' lang='lat' dir='ltr'>tum</span> <span class='ocrx_word' id='word_1_900' title='bbox 1750 1852 1765 1873; x_wconf 88' lang='lat' dir='ltr'>a</span> <span class='ocrx_word' id='word_1_901' title='bbox 1782 1842 1972 1883; x_wconf 80' lang='lat' dir='ltr'>Marciano,</span> 
     </span>
     <span class='ocr_line' id='line_1_118' title="bbox 1101 1882 1969 1925; baseline 0.002 -11"><span class='ocrx_word' id='word_1_902' title='bbox 1101 1883 1164 1915; x_wconf 83' lang='lat' dir='ltr'>effe</span> <span class='ocrx_word' id='word_1_903' title='bbox 1179 1883 1291 1914; x_wconf 84' lang='lat' dir='ltr'>librum</span> <span class='ocrx_word' id='word_1_904' title='bbox 1308 1882 1511 1924; x_wconf 80' lang='lat' dir='ltr'>singularem,</span> <span class='ocrx_word' id='word_1_905' title='bbox 1537 1886 1676 1915; x_wconf 85' lang='lat' dir='ltr'>indicant</span> <span class='ocrx_word' id='word_1_906' title='bbox 1701 1885 1812 1925; x_wconf 82' lang='lat' dir='ltr'>aliquae</span> <span class='ocrx_word' id='word_1_907' title='bbox 1834 1885 1887 1916; x_wconf 85' lang='lat' dir='ltr'>sub</span> <span class='ocrx_word' id='word_1_908' title='bbox 1906 1885 1969 1916; x_wconf 88' lang='lat' dir='ltr'>hoc</span> 
     </span>
     <span class='ocr_line' id='line_1_119' title="bbox 1100 1923 1967 1966; baseline 0.002 -11"><span class='ocrx_word' id='word_1_909' title='bbox 1100 1923 1215 1956; x_wconf 88' lang='lat' dir='ltr'>Titulo</span> <span class='ocrx_word' id='word_1_910' title='bbox 1251 1923 1484 1965; x_wconf 79' lang='lat' dir='ltr'>inscriptiones.</span> <span class='ocrx_word' id='word_1_911' title='bbox 1516 1924 1562 1956; x_wconf 86' lang='lat' dir='ltr'>Ita</span> <span class='ocrx_word' id='word_1_912' title='bbox 1593 1925 1732 1964; x_wconf 87' lang='lat' dir='ltr'>conjicio</span> <span class='ocrx_word' id='word_1_913' title='bbox 1748 1948 1758 1964; x_wconf 87' lang='lat'>,</span> <span class='ocrx_word' id='word_1_914' title='bbox 1791 1926 1967 1966; x_wconf 82' lang='lat' dir='ltr'>propositas</span> 
     </span>
     <span class='ocr_line' id='line_1_120' title="bbox 1104 1965 1967 2005; baseline 0.002 -9"><span class='ocrx_word' id='word_1_915' title='bbox 1104 1965 1230 1997; x_wconf 82' lang='lat' dir='ltr'>duobus</span> <span class='ocrx_word' id='word_1_916' title='bbox 1248 1965 1366 1996; x_wconf 62' lang='lat' dir='ltr'>Editus</span> <span class='ocrx_word' id='word_1_917' title='bbox 1382 1965 1473 1997; x_wconf 81' lang='lat' dir='ltr'>fuisse</span> <span class='ocrx_word' id='word_1_918' title='bbox 1494 1966 1547 1997; x_wconf 86' lang='lat' dir='ltr'>has</span> <span class='ocrx_word' id='word_1_919' title='bbox 1565 1967 1723 1997; x_wconf 72' lang='lat' dir='ltr'>actiones.-</span> <span class='ocrx_word' id='word_1_920' title='bbox 1739 1975 1829 1998; x_wconf 85' lang='lat' dir='ltr'>unam</span> <span class='ocrx_word' id='word_1_921' title='bbox 1845 1966 1967 2005; x_wconf 90' lang='lat' dir='ltr'>Servii,</span> 
     </span>
     <span class='ocr_line' id='line_1_121' title="bbox 1101 2006 1970 2048; baseline 0.002 -11"><span class='ocrx_word' id='word_1_922' title='bbox 1101 2008 1263 2047; x_wconf 74' lang='lat' dir='ltr'>cujiisdam</span> <span class='ocrx_word' id='word_1_923' title='bbox 1288 2006 1462 2048; x_wconf 75' lang='lat' dir='ltr'>incogniti,</span> <span class='ocrx_word' id='word_1_924' title='bbox 1485 2008 1614 2039; x_wconf 87' lang='lat' dir='ltr'>alteram</span> <span class='ocrx_word' id='word_1_925' title='bbox 1638 2006 1787 2038; x_wconf 72' lang='lat' dir='ltr'>Praetoris</span> <span class='ocrx_word' id='word_1_926' title='bbox 1807 2007 1932 2038; x_wconf 83' lang='lat' dir='ltr'>alterius</span> <span class='ocrx_word' id='word_1_927' title='bbox 1949 2017 1970 2039; x_wconf 88' lang='lat' dir='ltr'>a</span> 
     </span>
     <span class='ocr_line' id='line_1_122' title="bbox 1101 2047 1970 2088; baseline 0.001 -9"><span class='ocrx_word' id='word_1_928' title='bbox 1101 2048 1272 2079; x_wconf 81' lang='lat' dir='ltr'>Veteribus</span> <span class='ocrx_word' id='word_1_929' title='bbox 1284 2056 1436 2087; x_wconf 87' lang='lat' dir='ltr'>nusquam</span> <span class='ocrx_word' id='word_1_930' title='bbox 1448 2049 1575 2088; x_wconf 83' lang='lat' dir='ltr'>proditi.</span> <span class='ocrx_word' id='word_1_931' title='bbox 1588 2057 1648 2079; x_wconf 87' lang='lat' dir='ltr'>nec</span> <span class='ocrx_word' id='word_1_932' title='bbox 1658 2047 1875 2079; x_wconf 84' lang='lat' dir='ltr'>animadverto</span> <span class='ocrx_word' id='word_1_933' title='bbox 1885 2072 1894 2087; x_wconf 94' lang='lat'><em>‚</em></span> <span class='ocrx_word' id='word_1_934' title='bbox 1912 2057 1970 2081; x_wconf 85' lang='lat' dir='ltr'>cur</span> 
     </span>
     <span class='ocr_line' id='line_1_123' title="bbox 1100 2087 1970 2130; baseline 0.002 -11"><span class='ocrx_word' id='word_1_935' title='bbox 1100 2089 1165 2120; x_wconf 91' lang='lat' dir='ltr'>hoc</span> <span class='ocrx_word' id='word_1_936' title='bbox 1183 2089 1262 2121; x_wconf 86' lang='lat' dir='ltr'>nolit</span> <span class='ocrx_word' id='word_1_937' title='bbox 1279 2087 1321 2119; x_wconf 94' lang='lat' dir='ltr'>D.</span> <span class='ocrx_word' id='word_1_938' title='bbox 1342 2088 1476 2120; x_wconf 89' lang='lat' dir='ltr'>Vinnius</span> <span class='ocrx_word' id='word_1_939' title='bbox 1499 2090 1538 2121; x_wconf 88' lang='lat' dir='ltr'>ad</span> <span class='ocrx_word' id='word_1_940' title='bbox 1562 2090 1589 2129; x_wconf 60' lang='grc' dir='ltr'>ἓ.</span> <span class='ocrx_word' id='word_1_941' title='bbox 1613 2099 1641 2130; x_wconf 85' lang='lat'>7.</span> <span class='ocrx_word' id='word_1_942' title='bbox 1658 2087 1730 2129; x_wconf 76' lang='lat' dir='ltr'>lust.</span> <span class='ocrx_word' id='word_1_943' title='bbox 1746 2090 1779 2119; x_wconf 83' lang='lat' dir='ltr'>de</span> <span class='ocrx_word' id='word_1_944' title='bbox 1793 2089 1898 2120; x_wconf 62' lang='lat' dir='ltr'>abilon.</span> <span class='ocrx_word' id='word_1_945' title='bbox 1922 2100 1970 2121; x_wconf 86' lang='grc'><strong>31·-</strong></span> 
     </span>
     <span class='ocr_line' id='line_1_124' title="bbox 1098 2129 1968 2170; baseline 0 -9"><span class='ocrx_word' id='word_1_946' title='bbox 1098 2130 1231 2162; x_wconf 86' lang='lat' dir='ltr'>bitratus</span> <span class='ocrx_word' id='word_1_947' title='bbox 1247 2152 1257 2168; x_wconf 92' lang='lat'><em>‚</em></span> <span class='ocrx_word' id='word_1_948' title='bbox 1295 2129 1474 2162; x_wconf 88' lang='lat' dir='ltr'>Servianam</span> <span class='ocrx_word' id='word_1_949' title='bbox 1499 2133 1607 2162; x_wconf 84' lang='lat' dir='ltr'>venire</span> <span class='ocrx_word' id='word_1_950' title='bbox 1640 2140 1679 2161; x_wconf 88' lang='lat' dir='ltr'>ex</span> <span class='ocrx_word' id='word_1_951' title='bbox 1715 2130 1817 2161; x_wconf 73' lang='lat' dir='ltr'>Edieli</span> <span class='ocrx_word' id='word_1_952' title='bbox 1841 2131 1968 2170; x_wconf 83' lang='lat' dir='ltr'>vei-bis;</span> 
     </span>
     <span class='ocr_line' id='line_1_125' title="bbox 1099 2170 1968 2210; baseline 0.002 -8"><span class='ocrx_word' id='word_1_953' title='bbox 1099 2171 1180 2210; x_wconf 77' lang='lat' dir='ltr'>quasi</span> <span class='ocrx_word' id='word_1_954' title='bbox 1207 2170 1387 2202; x_wconf 86' lang='lat' dir='ltr'>Servianam</span> <span class='ocrx_word' id='word_1_955' title='bbox 1417 2171 1626 2203; x_wconf 83' lang='lat' dir='ltr'>Prudentibns</span> <span class='ocrx_word' id='word_1_956' title='bbox 1655 2171 1763 2202; x_wconf 91' lang='lat' dir='ltr'>deberi</span> <span class='ocrx_word' id='word_1_957' title='bbox 1794 2181 1833 2202; x_wconf 85' lang='lat' dir='ltr'>ex</span> <span class='ocrx_word' id='word_1_958' title='bbox 1860 2170 1968 2204; x_wconf 71' lang='lat' dir='ltr'>Edisti</span> 
     </span>
     <span class='ocr_line' id='line_1_126' title="bbox 1099 2211 1965 2254; baseline 0 -10"><span class='ocrx_word' id='word_1_959' title='bbox 1099 2212 1262 2244; x_wconf 85' lang='lat' dir='ltr'>sententia.</span> <span class='ocrx_word' id='word_1_960' title='bbox 1298 2211 1359 2243; x_wconf 86' lang='lat' dir='ltr'>Sed</span> <span class='ocrx_word' id='word_1_961' title='bbox 1377 2212 1529 2244; x_wconf 88' lang='lat' dir='ltr'>Vinnium</span> <span class='ocrx_word' id='word_1_962' title='bbox 1546 2212 1684 2251; x_wconf 83' lang='lat' dir='ltr'>refutat3</span> <span class='ocrx_word' id='word_1_963' title='bbox 1702 2213 1788 2253; x_wconf 92' lang='lat' dir='ltr'>quod</span> <span class='ocrx_word' id='word_1_964' title='bbox 1809 2212 1890 2244; x_wconf 87' lang='grc'><strong>36110</strong></span> <span class='ocrx_word' id='word_1_965' title='bbox 1907 2215 1965 2254; x_wconf 88' lang='lat' dir='ltr'>hy-</span> 
     </span>
     <span class='ocr_line' id='line_1_127' title="bbox 1099 2253 1964 2295; baseline 0.001 -11"><span class='ocrx_word' id='word_1_966' title='bbox 1099 2253 1286 2293; x_wconf 85' lang='lat' dir='ltr'>pothecaria</span> <span class='ocrx_word' id='word_1_967' title='bbox 1303 2275 1314 2292; x_wconf 88' lang='lat'>,</span> <span class='ocrx_word' id='word_1_968' title='bbox 1353 2253 1417 2285; x_wconf 87' lang='lat' dir='ltr'>five</span> <span class='ocrx_word' id='word_1_969' title='bbox 1448 2254 1528 2295; x_wconf 85' lang='lat' dir='ltr'>quasi</span> <span class='ocrx_word' id='word_1_970' title='bbox 1559 2253 1707 2285; x_wconf 87' lang='lat' dir='ltr'>Serviana</span> <span class='ocrx_word' id='word_1_971' title='bbox 1724 2276 1734 2291; x_wconf 91' lang='lat'>,</span> <span class='ocrx_word' id='word_1_972' title='bbox 1765 2255 1794 2285; x_wconf 89' lang='lat' dir='ltr'>in</span> <span class='ocrx_word' id='word_1_973' title='bbox 1825 2255 1843 2284; x_wconf 89' lang='lat' dir='ltr'>l.</span> <span class='ocrx_word' id='word_1_974' title='bbox 1865 2264 1893 2295; x_wconf 88' lang='lat'>5.</span> <span class='ocrx_word' id='word_1_975' title='bbox 1929 2254 1964 2287; x_wconf 89' lang='lat' dir='ltr'>C.</span> 
     </span>
     <span class='ocr_line' id='line_1_128' title="bbox 1098 2294 1967 2335; baseline 0 -10"><span class='ocrx_word' id='word_1_976' title='bbox 1098 2295 1132 2325; x_wconf 79' lang='lat' dir='ltr'>Si</span> <span class='ocrx_word' id='word_1_977' title='bbox 1157 2296 1241 2326; x_wconf 82' lang='lat' dir='ltr'>alien.</span> <span class='ocrx_word' id='word_1_978' title='bbox 1267 2303 1312 2324; x_wconf 80' lang='lat' dir='ltr'>res</span> <span class='ocrx_word' id='word_1_979' title='bbox 1332 2296 1448 2335; x_wconf 78' lang='lat' dir='ltr'>pigner.</span> <span class='ocrx_word' id='word_1_980' title='bbox 1480 2296 1538 2327; x_wconf 89' lang='lat' dir='ltr'>alia</span> <span class='ocrx_word' id='word_1_981' title='bbox 1560 2295 1674 2326; x_wconf 87' lang='lat' dir='ltr'>dicitur</span> <span class='ocrx_word' id='word_1_982' title='bbox 1698 2294 1852 2326; x_wconf 88' lang='lat' dir='ltr'>ordinaria</span> <span class='ocrx_word' id='word_1_983' title='bbox 1867 2317 1877 2333; x_wconf 93' lang='lat'>,</span> <span class='ocrx_word' id='word_1_984' title='bbox 1907 2296 1967 2326; x_wconf 87' lang='lat' dir='ltr'>alia</span> 
     </span>
     <span class='ocr_line' id='line_1_129' title="bbox 1098 2335 1962 2376; baseline 0.001 -10"><span class='ocrx_word' id='word_1_985' title='bbox 1098 2335 1191 2368; x_wconf 91' lang='lat' dir='ltr'>utilis.</span> <span class='ocrx_word' id='word_1_986' title='bbox 1217 2336 1267 2367; x_wconf 86' lang='lat' dir='ltr'>illa</span> <span class='ocrx_word' id='word_1_987' title='bbox 1291 2337 1380 2367; x_wconf 88' lang='lat' dir='ltr'>venit</span> <span class='ocrx_word' id='word_1_988' title='bbox 1394 2346 1436 2368; x_wconf 90' lang='lat' dir='ltr'>ex</span> <span class='ocrx_word' id='word_1_989' title='bbox 1453 2336 1554 2368; x_wconf 68' lang='lat' dir='ltr'>Edicti</span> <span class='ocrx_word' id='word_1_990' title='bbox 1572 2336 1695 2374; x_wconf 78' lang='lat' dir='ltr'>vei-bis,</span> <span class='ocrx_word' id='word_1_991' title='bbox 1717 2336 1737 2366; x_wconf 88' lang='lat' dir='ltr'>si</span> <span class='ocrx_word' id='word_1_992' title='bbox 1755 2335 1864 2376; x_wconf 80' lang='lat' dir='ltr'>pignus</span> <span class='ocrx_word' id='word_1_993' title='bbox 1882 2343 1962 2367; x_wconf 88' lang='lat' dir='ltr'>teni-</span> 
     </span>
     <span class='ocr_line' id='line_1_130' title="bbox 1096 2375 1963 2417; baseline -0.001 -9"><span class='ocrx_word' id='word_1_994' title='bbox 1096 2386 1176 2417; x_wconf 86' lang='lat' dir='ltr'>pore</span> <span class='ocrx_word' id='word_1_995' title='bbox 1198 2378 1425 2408; x_wconf 81' lang='lat' dir='ltr'>conventionis</span> <span class='ocrx_word' id='word_1_996' title='bbox 1449 2377 1480 2409; x_wconf 93' lang='lat' dir='ltr'>in</span> <span class='ocrx_word' id='word_1_997' title='bbox 1507 2378 1598 2409; x_wconf 85' lang='lat' dir='ltr'>bonis</span> <span class='ocrx_word' id='word_1_998' title='bbox 1623 2377 1774 2408; x_wconf 85' lang='lat' dir='ltr'>debitoris</span> <span class='ocrx_word' id='word_1_999' title='bbox 1799 2376 1883 2408; x_wconf 86' lang='lat' dir='ltr'>fuit:</span> <span class='ocrx_word' id='word_1_1000' title='bbox 1906 2375 1963 2407; x_wconf 87' lang='lat' dir='ltr'>ista</span> 
     </span>
     <span class='ocr_line' id='line_1_131' title="bbox 1096 2416 1966 2457; baseline -0.001 -8"><span class='ocrx_word' id='word_1_1001' title='bbox 1096 2428 1137 2451; x_wconf 82' lang='lat' dir='ltr'>ex</span> <span class='ocrx_word' id='word_1_1002' title='bbox 1159 2418 1259 2450; x_wconf 60' lang='lat' dir='ltr'>Edisti</span> <span class='ocrx_word' id='word_1_1003' title='bbox 1283 2416 1435 2449; x_wconf 84' lang='lat' dir='ltr'>sententia</span> <span class='ocrx_word' id='word_1_1004' title='bbox 1453 2442 1462 2457; x_wconf 96' lang='lat'><strong>‚</strong></span> <span class='ocrx_word' id='word_1_1005' title='bbox 1495 2428 1566 2450; x_wconf 88' lang='lat' dir='ltr'>cuin</span> <span class='ocrx_word' id='word_1_1006' title='bbox 1592 2428 1625 2449; x_wconf 91' lang='lat' dir='ltr'>re</span> <span class='ocrx_word' id='word_1_1007' title='bbox 1645 2418 1742 2448; x_wconf 85' lang='lat' dir='ltr'>aliena</span> <span class='ocrx_word' id='word_1_1008' title='bbox 1767 2417 1889 2457; x_wconf 74' lang='lat' dir='ltr'>pignori</span> <span class='ocrx_word' id='word_1_1009' title='bbox 1908 2419 1966 2448; x_wconf 90' lang='lat' dir='ltr'>ob-</span> 
     </span>
     <span class='ocr_line' id='line_1_132' title="bbox 1096 2457 1967 2501; baseline -0.002 -10"><span class='ocrx_word' id='word_1_1010' title='bbox 1096 2459 1189 2501; x_wconf 82' lang='lat' dir='ltr'>ligata</span> <span class='ocrx_word' id='word_1_1011' title='bbox 1217 2467 1361 2499; x_wconf 88' lang='lat' dir='ltr'>tempore</span> <span class='ocrx_word' id='word_1_1012' title='bbox 1391 2460 1615 2491; x_wconf 82' lang='lat' dir='ltr'>conventionis</span> <span class='ocrx_word' id='word_1_1013' title='bbox 1632 2481 1640 2496; x_wconf 90' lang='lat'><strong>‚</strong></span> <span class='ocrx_word' id='word_1_1014' title='bbox 1669 2457 1844 2489; x_wconf 82' lang='lat' dir='ltr'>dominium</span> <span class='ocrx_word' id='word_1_1015' title='bbox 1876 2459 1967 2489; x_wconf 81' lang='lat' dir='ltr'>debi-</span> 
     </span>
     <span class='ocr_line' id='line_1_133' title="bbox 1097 2499 1960 2541; baseline -0.001 -9"><span class='ocrx_word' id='word_1_1016' title='bbox 1097 2501 1158 2532; x_wconf 87' lang='lat' dir='ltr'>tori</span> <span class='ocrx_word' id='word_1_1017' title='bbox 1189 2499 1298 2541; x_wconf 86' lang='lat' dir='ltr'>postea</span> <span class='ocrx_word' id='word_1_1018' title='bbox 1325 2501 1515 2540; x_wconf 88' lang='lat' dir='ltr'>supervenit.</span> <span class='ocrx_word' id='word_1_1019' title='bbox 1560 2499 1635 2531; x_wconf 87' lang='lat' dir='ltr'>Non</span> <span class='ocrx_word' id='word_1_1020' title='bbox 1669 2500 1770 2529; x_wconf 84' lang='lat' dir='ltr'>minus</span> <span class='ocrx_word' id='word_1_1021' title='bbox 1794 2499 1856 2529; x_wconf 88' lang='lat' dir='ltr'>huc</span> <span class='ocrx_word' id='word_1_1022' title='bbox 1889 2509 1960 2539; x_wconf 86' lang='lat' dir='ltr'>per-</span> 
     </span>
     <span class='ocr_line' id='line_1_134' title="bbox 1098 2539 1955 2581; baseline -0.001 -8"><span class='ocrx_word' id='word_1_1023' title='bbox 1098 2543 1180 2573; x_wconf 89' lang='lat' dir='ltr'>tinet</span> <span class='ocrx_word' id='word_1_1024' title='bbox 1200 2565 1210 2580; x_wconf 94' lang='lat'>,</span> <span class='ocrx_word' id='word_1_1025' title='bbox 1248 2541 1336 2581; x_wconf 90' lang='lat' dir='ltr'>quod</span> <span class='ocrx_word' id='word_1_1026' title='bbox 1360 2543 1390 2572; x_wconf 94' lang='lat' dir='ltr'>in</span> <span class='ocrx_word' id='word_1_1027' title='bbox 1414 2542 1433 2572; x_wconf 90' lang='lat' dir='ltr'>l.</span> <span class='ocrx_word' id='word_1_1028' title='bbox 1457 2546 1486 2572; x_wconf 89' lang='lat'>6.</span> <span class='ocrx_word' id='word_1_1029' title='bbox 1518 2550 1591 2572; x_wconf 88' lang='lat' dir='ltr'>mox</span> <span class='ocrx_word' id='word_1_1030' title='bbox 1616 2539 1772 2579; x_wconf 73' lang='lat' dir='ltr'>sequente</span> <span class='ocrx_word' id='word_1_1031' title='bbox 1788 2539 1829 2571; x_wconf 90' lang='lat' dir='ltr'>sic</span> <span class='ocrx_word' id='word_1_1032' title='bbox 1851 2549 1955 2572; x_wconf 84' lang='lat' dir='ltr'>extat:</span> 
     </span>
     <span class='ocr_line' id='line_1_135' title="bbox 1101 2581 1963 2623; baseline -0.009 -9"><span class='ocrx_word' id='word_1_1033' title='bbox 1101 2583 1245 2614; x_wconf 76' lang='lat' dir='ltr'>Serviano</span> <span class='ocrx_word' id='word_1_1034' title='bbox 1260 2584 1347 2613; x_wconf 86' lang='lat' dir='ltr'>etiam</span> <span class='ocrx_word' id='word_1_1035' title='bbox 1365 2582 1438 2613; x_wconf 73' lang='grc' dir='ltr'>αέἶίο</span> <span class='ocrx_word' id='word_1_1036' title='bbox 1460 2582 1586 2612; x_wconf 76' lang='lat' dir='ltr'>declarat</span> <span class='ocrx_word' id='word_1_1037' title='bbox 1602 2583 1762 2618; x_wconf 73' lang='lat' dir='ltr'>evidenter,</span> <span class='ocrx_word' id='word_1_1038' title='bbox 1781 2581 1849 2621; x_wconf 84' lang='lat' dir='ltr'>jure</span> <span class='ocrx_word' id='word_1_1039' title='bbox 1862 2583 1963 2623; x_wconf 75' lang='lat' dir='ltr'>pigno.</span> 
     </span>
     <span class='ocr_line' id='line_1_136' title="bbox 1098 2622 1962 2664; baseline -0.001 -10"><span class='ocrx_word' id='word_1_1040' title='bbox 1098 2625 1140 2654; x_wconf 79' lang='lat' dir='ltr'>ris</span> <span class='ocrx_word' id='word_1_1041' title='bbox 1155 2625 1245 2654; x_wconf 84' lang='lat' dir='ltr'>teneri</span> <span class='ocrx_word' id='word_1_1042' title='bbox 1260 2633 1316 2654; x_wconf 84' lang='lat' dir='ltr'>non</span> <span class='ocrx_word' id='word_1_1043' title='bbox 1329 2623 1422 2663; x_wconf 84' lang='lat' dir='ltr'>poffe,</span> <span class='ocrx_word' id='word_1_1044' title='bbox 1446 2622 1503 2664; x_wconf 81' lang='lat' dir='ltr'>nist</span> <span class='ocrx_word' id='word_1_1045' title='bbox 1515 2632 1575 2663; x_wconf 78' lang='lat' dir='ltr'>quae</span> <span class='ocrx_word' id='word_1_1046' title='bbox 1591 2622 1743 2662; x_wconf 77' lang='lat' dir='ltr'>obligantis</span> <span class='ocrx_word' id='word_1_1047' title='bbox 1759 2622 1789 2653; x_wconf 81' lang='lat' dir='ltr'>in</span> <span class='ocrx_word' id='word_1_1048' title='bbox 1807 2624 1885 2653; x_wconf 65' lang='lat' dir='ltr'>honis</span> <span class='ocrx_word' id='word_1_1049' title='bbox 1898 2624 1962 2661; x_wconf 79' lang='lat' dir='ltr'>fue-</span> 
     </span>
     <span class='ocr_line' id='line_1_137' title="bbox 1100 2662 1954 2704; baseline 0 -9"><span class='ocrx_word' id='word_1_1050' title='bbox 1100 2666 1170 2695; x_wconf 84' lang='lat' dir='ltr'>rint.</span> <span class='ocrx_word' id='word_1_1051' title='bbox 1195 2663 1268 2696; x_wconf 90' lang='lat' dir='ltr'>Nec</span> <span class='ocrx_word' id='word_1_1052' title='bbox 1283 2664 1345 2695; x_wconf 88' lang='lat' dir='ltr'>alio</span> <span class='ocrx_word' id='word_1_1053' title='bbox 1362 2663 1461 2694; x_wconf 90' lang='lat' dir='ltr'>modo</span> <span class='ocrx_word' id='word_1_1054' title='bbox 1478 2663 1601 2702; x_wconf 82' lang='lat' dir='ltr'>accipio</span> <span class='ocrx_word' id='word_1_1055' title='bbox 1616 2663 1680 2693; x_wconf 90' lang='lat' dir='ltr'>hoc</span> <span class='ocrx_word' id='word_1_1056' title='bbox 1705 2662 1843 2704; x_wconf 88' lang='lat' dir='ltr'>Philippi</span> <span class='ocrx_word' id='word_1_1057' title='bbox 1870 2665 1887 2694; x_wconf 86' lang='lat' dir='ltr'>l.</span> <span class='ocrx_word' id='word_1_1058' title='bbox 1909 2673 1954 2699; x_wconf 83' lang='lat'>19-</span> 
     </span>
     <span class='ocr_line' id='line_1_138' title="bbox 1100 2703 1960 2745; baseline -0.001 -9"><span class='ocrx_word' id='word_1_1059' title='bbox 1100 2705 1132 2736; x_wconf 90' lang='lat' dir='ltr'>C.</span> <span class='ocrx_word' id='word_1_1060' title='bbox 1153 2707 1186 2736; x_wconf 80' lang='lat' dir='ltr'>de</span> <span class='ocrx_word' id='word_1_1061' title='bbox 1209 2705 1322 2745; x_wconf 84' lang='lat' dir='ltr'>usuris:</span> <span class='ocrx_word' id='word_1_1062' title='bbox 1347 2704 1421 2735; x_wconf 83' lang='lat' dir='ltr'>Cum</span> <span class='ocrx_word' id='word_1_1063' title='bbox 1445 2704 1588 2735; x_wconf 75' lang='lat' dir='ltr'>Serviano</span> <span class='ocrx_word' id='word_1_1064' title='bbox 1610 2705 1697 2734; x_wconf 80' lang='lat' dir='ltr'>etiam</span> <span class='ocrx_word' id='word_1_1065' title='bbox 1719 2703 1790 2735; x_wconf 67' lang='grc' dir='ltr'><strong>(16ἶὶ0</strong></span> <span class='ocrx_word' id='word_1_1066' title='bbox 1810 2703 1960 2744; x_wconf 72' lang='lat' dir='ltr'>manifeste</span> 
     </span>
     <span class='ocr_line' id='line_1_139' title="bbox 1098 2746 1963 2787; baseline 0 -10"><span class='ocrx_word' id='word_1_1067' title='bbox 1098 2747 1239 2785; x_wconf 71' lang='lat' dir='ltr'>declaret,</span> <span class='ocrx_word' id='word_1_1068' title='bbox 1262 2746 1391 2787; x_wconf 81' lang='lat' dir='ltr'>pignoris</span> <span class='ocrx_word' id='word_1_1069' title='bbox 1409 2746 1533 2776; x_wconf 75' lang='lat' dir='ltr'>inhiberi</span> <span class='ocrx_word' id='word_1_1070' title='bbox 1545 2746 1781 2786; x_wconf 80' lang='lat' dir='ltr'>persecutionem,</span> <span class='ocrx_word' id='word_1_1071' title='bbox 1804 2746 1850 2775; x_wconf 84' lang='lat' dir='ltr'>vel</span> <span class='ocrx_word' id='word_1_1072' title='bbox 1856 2746 1963 2784; x_wconf 76' lang='lat' dir='ltr'>solutis</span> 
     </span>
     <span class='ocr_line' id='line_1_140' title="bbox 1093 2784 1965 2828; baseline -0.001 -10"><span class='ocrx_word' id='word_1_1073' title='bbox 1093 2789 1244 2828; x_wconf 85' lang='lat' dir='ltr'>pecuniis,</span> <span class='ocrx_word' id='word_1_1074' title='bbox 1267 2787 1313 2818; x_wconf 84' lang='lat' dir='ltr'>vel</span> <span class='ocrx_word' id='word_1_1075' title='bbox 1330 2784 1359 2823; x_wconf 87' lang='lat' dir='ltr'><em>fi</em></span> <span class='ocrx_word' id='word_1_1076' title='bbox 1378 2793 1429 2826; x_wconf 87' lang='lat' dir='ltr'>per</span> <span class='ocrx_word' id='word_1_1077' title='bbox 1454 2788 1618 2818; x_wconf 77' lang='lat' dir='ltr'>creditorem</span> <span class='ocrx_word' id='word_1_1078' title='bbox 1635 2784 1766 2826; x_wconf 80' lang='lat' dir='ltr'>steterit,</span> <span class='ocrx_word' id='word_1_1079' title='bbox 1789 2795 1843 2827; x_wconf 84' lang='lat' dir='ltr'>quo</span> <span class='ocrx_word' id='word_1_1080' title='bbox 1866 2788 1965 2817; x_wconf 78' lang='lat' dir='ltr'>iizinur</span> 
     </span>
     <span class='ocr_line' id='line_1_141' title="bbox 1092 2826 1969 2869; baseline 0.001 -10"><span class='ocrx_word' id='word_1_1081' title='bbox 1092 2829 1265 2869; x_wconf 81' lang='lat' dir='ltr'>solvantur.</span> <span class='ocrx_word' id='word_1_1082' title='bbox 1288 2826 1400 2858; x_wconf 86' lang='lat' dir='ltr'>Sermo</span> <span class='ocrx_word' id='word_1_1083' title='bbox 1417 2829 1579 2866; x_wconf 80' lang='lat' dir='ltr'>utriusque</span> <span class='ocrx_word' id='word_1_1084' title='bbox 1596 2828 1657 2858; x_wconf 90' lang='lat' dir='ltr'>Ioci</span> <span class='ocrx_word' id='word_1_1085' title='bbox 1675 2827 1813 2867; x_wconf 79' lang='lat' dir='ltr'>explicat</span> <span class='ocrx_word' id='word_1_1086' title='bbox 1831 2826 1969 2860; x_wconf 79' lang='lat' dir='ltr'>formam</span> 
     </span>
     <span class='ocr_line' id='line_1_142' title="bbox 1099 2868 1965 2909; baseline -0.002 -8"><span class='ocrx_word' id='word_1_1087' title='bbox 1099 2870 1128 2901; x_wconf 86' lang='lat'>&amp;</span> <span class='ocrx_word' id='word_1_1088' title='bbox 1144 2871 1297 2901; x_wconf 86' lang='lat' dir='ltr'>rationem</span> <span class='ocrx_word' id='word_1_1089' title='bbox 1315 2868 1442 2900; x_wconf 72' lang='grc'><strong>36110013</strong></span> <span class='ocrx_word' id='word_1_1090' title='bbox 1460 2869 1540 2908; x_wconf 78' lang='lat' dir='ltr'>quasi</span> <span class='ocrx_word' id='word_1_1091' title='bbox 1563 2868 1737 2900; x_wconf 86' lang='lat' dir='ltr'>Servianae:</span> <span class='ocrx_word' id='word_1_1092' title='bbox 1762 2869 1837 2899; x_wconf 89' lang='lat' dir='ltr'>licet</span> <span class='ocrx_word' id='word_1_1093' title='bbox 1853 2869 1965 2909; x_wconf 84' lang='lat' dir='ltr'>simpli-</span> 
     </span>
     <span class='ocr_line' id='line_1_143' title="bbox 1098 2909 1965 2950; baseline -0.001 -9"><span class='ocrx_word' id='word_1_1094' title='bbox 1098 2910 1178 2942; x_wconf 89' lang='lat' dir='ltr'>citer</span> <span class='ocrx_word' id='word_1_1095' title='bbox 1200 2909 1379 2950; x_wconf 86' lang='lat' dir='ltr'>appelletur</span> <span class='ocrx_word' id='word_1_1096' title='bbox 1401 2909 1558 2941; x_wconf 87' lang='lat' dir='ltr'>Serviana.</span> <span class='ocrx_word' id='word_1_1097' title='bbox 1582 2919 1621 2940; x_wconf 90' lang='lat' dir='ltr'>co</span> <span class='ocrx_word' id='word_1_1098' title='bbox 1646 2919 1723 2940; x_wconf 88' lang='lat' dir='ltr'>vero</span> <span class='ocrx_word' id='word_1_1099' title='bbox 1746 2910 1876 2940; x_wconf 91' lang='lat' dir='ltr'>nomine</span> <span class='ocrx_word' id='word_1_1100' title='bbox 1899 2919 1965 2941; x_wconf 88' lang='lat' dir='ltr'>non</span> 
     </span>
     <span class='ocr_line' id='line_1_144' title="bbox 1098 2949 1965 2992; baseline -0.001 -10"><span class='ocrx_word' id='word_1_1101' title='bbox 1098 2951 1160 2992; x_wconf 86' lang='lat' dir='ltr'>ipsa</span> <span class='ocrx_word' id='word_1_1102' title='bbox 1178 2950 1353 2990; x_wconf 85' lang='lat' dir='ltr'>designatur</span> <span class='ocrx_word' id='word_1_1103' title='bbox 1376 2951 1478 2990; x_wconf 68' lang='lat' dir='ltr'>afti03</span> <span class='ocrx_word' id='word_1_1104' title='bbox 1501 2950 1553 2982; x_wconf 91' lang='lat' dir='ltr'>sed</span> <span class='ocrx_word' id='word_1_1105' title='bbox 1568 2949 1714 2982; x_wconf 69' lang='lat' dir='ltr'>Edictum</span> <span class='ocrx_word' id='word_1_1106' title='bbox 1732 2959 1795 2990; x_wconf 89' lang='lat' dir='ltr'>quo</span> <span class='ocrx_word' id='word_1_1107' title='bbox 1817 2950 1868 2982; x_wconf 85' lang='lat' dir='ltr'>illa</span> <span class='ocrx_word' id='word_1_1108' title='bbox 1881 2950 1965 2981; x_wconf 87' lang='grc'><strong>36110</strong></span> 
     </span>
     <span class='ocr_line' id='line_1_145' title="bbox 1099 2990 1962 3032; baseline -0.002 -8"><span class='ocrx_word' id='word_1_1109' title='bbox 1099 3002 1115 3023; x_wconf 82' lang='grc'><strong>3</strong></span> <span class='ocrx_word' id='word_1_1110' title='bbox 1138 2993 1280 3024; x_wconf 83' lang='lat' dir='ltr'>Praetore</span> <span class='ocrx_word' id='word_1_1111' title='bbox 1303 2990 1367 3022; x_wconf 89' lang='lat' dir='ltr'>fuit</span> <span class='ocrx_word' id='word_1_1112' title='bbox 1390 2994 1525 3032; x_wconf 87' lang='lat' dir='ltr'>prodita.</span> <span class='ocrx_word' id='word_1_1113' title='bbox 1549 2992 1610 3023; x_wconf 88' lang='lat' dir='ltr'>Sed</span> <span class='ocrx_word' id='word_1_1114' title='bbox 1637 2990 1726 3022; x_wconf 84' lang='lat' dir='ltr'>nimis</span> <span class='ocrx_word' id='word_1_1115' title='bbox 1749 2992 1865 3029; x_wconf 86' lang='lat' dir='ltr'>liquet,</span> <span class='ocrx_word' id='word_1_1116' title='bbox 1889 3000 1962 3022; x_wconf 85' lang='lat' dir='ltr'>curri</span> 
     </span>
     <span class='ocr_line' id='line_1_146' title="bbox 1099 3031 1962 3074; baseline 0 -10"><span class='ocrx_word' id='word_1_1117' title='bbox 1099 3042 1138 3064; x_wconf 88' lang='lat' dir='ltr'>ex</span> <span class='ocrx_word' id='word_1_1118' title='bbox 1155 3033 1221 3072; x_wconf 88' lang='lat' dir='ltr'>his,</span> <span class='ocrx_word' id='word_1_1119' title='bbox 1244 3040 1312 3064; x_wconf 89' lang='lat' dir='ltr'>tum</span> <span class='ocrx_word' id='word_1_1120' title='bbox 1330 3042 1370 3063; x_wconf 85' lang='lat' dir='ltr'>ex</span> <span class='ocrx_word' id='word_1_1121' title='bbox 1386 3034 1414 3064; x_wconf 84' lang='lat' dir='ltr'>d.</span> <span class='ocrx_word' id='word_1_1122' title='bbox 1426 3032 1454 3074; x_wconf 84' lang='lat'>§.</span> <span class='ocrx_word' id='word_1_1123' title='bbox 1467 3043 1495 3072; x_wconf 86' lang='lat'>7.</span> <span class='ocrx_word' id='word_1_1124' title='bbox 1514 3033 1671 3064; x_wconf 66' lang='lat' dir='ltr'>astionem</span> <span class='ocrx_word' id='word_1_1125' title='bbox 1683 3032 1764 3072; x_wconf 89' lang='lat' dir='ltr'>quasi</span> <span class='ocrx_word' id='word_1_1126' title='bbox 1780 3031 1962 3064; x_wconf 82' lang='lat' dir='ltr'>Servianain</span> 
     </span>
     <span class='ocr_line' id='line_1_147' title="bbox 1098 3071 1966 3115; baseline -0.002 -9"><span class='ocrx_word' id='word_1_1127' title='bbox 1098 3084 1162 3106; x_wconf 89' lang='lat' dir='ltr'>non</span> <span class='ocrx_word' id='word_1_1128' title='bbox 1179 3083 1196 3104; x_wconf 86' lang='lat' dir='ltr'>a</span> <span class='ocrx_word' id='word_1_1129' title='bbox 1214 3073 1410 3105; x_wconf 88' lang='lat' dir='ltr'>Prudenturn</span> <span class='ocrx_word' id='word_1_1130' title='bbox 1434 3074 1722 3115; x_wconf 87' lang='lat' dir='ltr'>interpretatione,</span> <span class='ocrx_word' id='word_1_1131' title='bbox 1746 3073 1798 3103; x_wconf 91' lang='lat' dir='ltr'>sed</span> <span class='ocrx_word' id='word_1_1132' title='bbox 1813 3081 1829 3102; x_wconf 88' lang='lat' dir='ltr'>a</span> <span class='ocrx_word' id='word_1_1133' title='bbox 1846 3071 1966 3104; x_wconf 71' lang='lat' dir='ltr'>Prazto-</span> 
     </span>
     <span class='ocr_line' id='line_1_148' title="bbox 1098 3113 1833 3158; baseline -0.004 -12"><span class='ocrx_word' id='word_1_1134' title='bbox 1098 3125 1131 3147; x_wconf 89' lang='lat' dir='ltr'>re</span> <span class='ocrx_word' id='word_1_1135' title='bbox 1147 3123 1243 3157; x_wconf 90' lang='lat' dir='ltr'>atque</span> <span class='ocrx_word' id='word_1_1136' title='bbox 1263 3114 1376 3146; x_wconf 71' lang='lat' dir='ltr'>Edicto</span> <span class='ocrx_word' id='word_1_1137' title='bbox 1395 3115 1482 3155; x_wconf 90' lang='lat' dir='ltr'>ipso,</span> <span class='ocrx_word' id='word_1_1138' title='bbox 1506 3113 1673 3154; x_wconf 84' lang='lat' dir='ltr'>proficisci.</span> <span class='ocrx_word' id='word_1_1139' title='bbox 1746 3153 1752 3158; x_wconf 96' lang='lat'>.</span> <span class='ocrx_word' id='word_1_1140' title='bbox 1828 3151 1833 3157; x_wconf 31' lang='grc' dir='ltr'>ι</span> 
     </span>
    </p>

    <p class='ocr_par' dir='ltr' id='par_1_5' title="bbox 1093 3153 1967 3238">
     <span class='ocr_line' id='line_1_149' title="bbox 1135 3153 1967 3195; baseline -0.001 -8"><span class='ocrx_word' id='word_1_1141' title='bbox 1135 3156 1266 3188; x_wconf 79' lang='lat' dir='ltr'>Interim</span> <span class='ocrx_word' id='word_1_1142' title='bbox 1284 3154 1329 3187; x_wconf 91' lang='lat' dir='ltr'>est</span> <span class='ocrx_word' id='word_1_1143' title='bbox 1345 3165 1424 3188; x_wconf 88' lang='lat' dir='ltr'>unus</span> <span class='ocrx_word' id='word_1_1144' title='bbox 1448 3157 1614 3195; x_wconf 86' lang='lat' dir='ltr'>utriusque</span> <span class='ocrx_word' id='word_1_1145' title='bbox 1641 3153 1769 3185; x_wconf 72' lang='lat' dir='ltr'>actionis</span> <span class='ocrx_word' id='word_1_1146' title='bbox 1784 3160 1906 3194; x_wconf 80' lang='lat' dir='ltr'>exitus3</span> <span class='ocrx_word' id='word_1_1147' title='bbox 1929 3164 1967 3187; x_wconf 82' lang='lat' dir='ltr'>ac</span> 
     </span>
     <span class='ocr_line' id='line_1_150' title="bbox 1093 3194 1967 3238; baseline -0.005 -8"><span class='ocrx_word' id='word_1_1148' title='bbox 1093 3206 1133 3229; x_wconf 89' lang='lat' dir='ltr'>ne</span> <span class='ocrx_word' id='word_1_1149' title='bbox 1150 3198 1198 3230; x_wconf 86' lang='lat' dir='ltr'>bis</span> <span class='ocrx_word' id='word_1_1150' title='bbox 1216 3198 1302 3230; x_wconf 88' lang='lat' dir='ltr'>idem</span> <span class='ocrx_word' id='word_1_1151' title='bbox 1329 3197 1471 3237; x_wconf 82' lang='lat' dir='ltr'>dicatur,</span> <span class='ocrx_word' id='word_1_1152' title='bbox 1495 3197 1642 3238; x_wconf 87' lang='lat' dir='ltr'>sequutus</span> <span class='ocrx_word' id='word_1_1153' title='bbox 1664 3194 1846 3234; x_wconf 86' lang='lat' dir='ltr'>exemplum</span> <span class='ocrx_word' id='word_1_1154' title='bbox 1871 3195 1967 3229; x_wconf 80' lang='lat' dir='ltr'>Vete-</span> 
     </span>
    </p>
   </div>
  </div>
 </body>
</html>
