2052 3487
380 78 463 117 Di:
517 77 824 114 Foanonz
875 87 944 114 ET

78 168 114 211 „se
128 170 200 204 sane
213 171 382 214 pecuniam
396 178 437 200 ex
453 166 599 208 stipulatu
609 173 780 205 numquam
790 166 944 208 petierat:

79 214 135 247 sed
156 214 265 246 tutelae
290 219 408 254 egerat.
436 207 642 249 respondetur
659 214 777 253 ‚autem
792 230 803 246 ,
835 204 856 239 si
876 208 945 249 Seja

78 265 149 289 non
168 254 308 287 cessasset
323 252 488 295 pecuniam
505 248 640 285 offerre,
654 257 723 288 Jure
743 258 809 294 non
833 249 943 281 deberi

77 291 197 329 usuras.
240 296 316 328 Inde
340 294 463 334 colligit
486 289 622 335 jacobus
649 289 814 330 Cujacius,
838 290 943 322 usuras

78 338 194 370 ,officio
207 337 324 378 Judicis
332 333 453 368 debitas
468 332 499 363 in
513 331 640 362 actione
648 331 743 376 bonae
756 330 851 369 fidei,
869 341 941 372 qua-

81 380 122 413 lis
141 379 186 412 est
201 379 308 411 tutelae
323 377 421 414 actio,
443 373 607 405 oblatione
623 370 702 411 sisti;
727 369 781 403 etsi
798 373 882 404 nulla
898 372 943 404 se-

81 429 157 454 cuta
188 419 405 461 obsignatione
435 415 464 446 &
486 413 697 453 depositione.
739 413 838 445 Male.
869 423 942 446 nam

82 463 171 504 quod
188 461 330 502 Cujacius
340 459 425 496 vult,
442 464 507 487 non
524 454 594 486 vult
610 453 763 486 Scaevola.
781 464 846 486 non
856 456 942 487 enim

81 510 307 546 proponuntur
327 501 354 532 ei
373 498 487 536 usurae,
511 495 621 527 officio
636 495 755 535 Judicis
772 496 890 528 debitae
910 497 942 528 in

80 547 207 577 actione
231 544 363 575 tutelae:
391 539 443 571 sed
464 538 656 578 proponitur
680 538 709 569 ei
735 537 822 569 nudo
849 537 942 578 paCto

80 587 143 619 esse
160 585 345 618 transactum
368 583 407 614 de
429 579 554 611 attione
571 578 699 611 tutelae:
722 579 753 610 &
776 587 850 610 cum
876 588 941 611 ma-

77 629 128 669 jor
145 637 231 668 pars,
254 623 462 656 transafflone
486 621 611 658 debita,
635 619 712 652 ess‘et
728 620 848 659 soluta,
871 618 941 652 resi-

80 670 139 700 dua
164 667 225 699 csse
249 674 362 702 cauta,
395 665 427 695 id
449 662 513 701 est,
545 661 748 702 stipulatione
772 661 941 703 promissa,

76 709 195 749 adjcsta
213 716 325 749 poena,
344 706 364 738 si
381 706 411 736 in
428 704 586 735 solutione
601 702 754 736 cessatur:
771 703 838 744 (sic
854 704 941 735 enini

75 751 231 791 suspicor,
255 749 284 780 &
310 747 425 789 patitur
451 753 545 776 tenor
567 745 656 786 loci)
681 745 710 776 ἀ
733 745 831 784 ideo,
860 744 882 777 fi
906 744 942 790 si—

76 792 195 825 stantur
219 789 314 822 usurae
338 789 416 820 nuda
442 787 627 825 oblatione,
651 795 717 818 non
738 785 884 818 sistuntur
909 795 941 817 in

76 834 201 866 afflone
219 831 325 863 tutelae
341 854 350 869 ,
375 828 425 861 seu
443 829 536 860 bona:
560 826 635 859 fidei
652 851 662 866 ,
685 827 803 859 debitae
830 827 940 859 officio

77 875 219 916 Judici53
243 882 310 912 quae
336 870 454 912 Cujacii
479 869 631 900 sententia
651 868 732 901 fuit:
757 868 808 900 sed
835 878 876 900 ex
891 867 940 900 sti-

75 917 182 959 pulatu
197 915 312 946 debitae
326 914 394 954 jure
418 911 625 952 obligationis
646 911 677 942 in
696 910 818 950 iudicio
843 909 940 941 stricti

76 959 160 1000 juris.
185 957 232 987 hae
250 964 377 996 quoque
393 952 491 985 usurae
506 951 659 984 Scaevolae
677 961 742 983 non
753 960 940 998 proponun-

76 1009 126 1032 tur
135 997 299 1029 cucurriffe
309 997 367 1037 jam
378 1005 417 1026 ex
427 1003 516 1026 mora
524 1016 534 1032 ‚
551 993 581 1025 &
591 993 708 1025 deinde
723 993 938 1039 intervenien-

78 1049 110 1073 te
126 1040 288 1071 oblatione
298 1036 413 1070 desiisse
423 1045 556 1067 currere.
572 1034 714 1066 minime.
726 1033 777 1066 sed
788 1043 939 1075 proponi—

77 1090 129 1114 tur
145 1081 213 1121 §eja
228 1081 317 1111 heres
336 1079 464 1116 tutoris,
489 1086 560 1108 cum
588 1076 701 1117 pupilli
724 1076 816 1107 heres
841 1085 936 1117 pecu-

78 1125 160 1155 niam
175 1129 298 1162 peteret
321 1120 441 1151 actione
457 1118 582 1157 tutelae,
606 1127 647 1149 ex
670 1127 731 1158 qua
750 1126 814 1149 non
841 1117 937 1149 debe-

78 1164 211 1202 bantur,
240 1172 308 1194 eam
333 1162 362 1193 in
384 1162 452 1201 jure
469 1157 616 1191 obtulisse
633 1168 674 1190 ex
697 1158 786 1190 causa
811 1157 937 1199 stipula-

81 1206 192 1237 tionis:
219 1214 258 1236 ex
275 1213 333 1244 qua
344 1209 491 1243 poterant
505 1202 533 1232 ei
551 1200 681 1239 deberi;
696 1199 717 1232 si
734 1199 803 1246 SeJa
820 1201 851 1231 in
869 1209 935 1231 mo-

78 1256 112 1280 ra
128 1245 240 1278 fuisset.
260 1246 320 1286 jam
336 1253 411 1275 vero
429 1252 465 1274 ea
484 1242 568 1274 nulla
591 1242 774 1274 intervenit.
800 1242 937 1282 primum

78 1288 159 1319 enim
178 1296 239 1318 non
258 1286 317 1317 fuit
334 1292 489 1317 conventa
505 1284 631 1316 actione
649 1283 862 1329 exqstipulatu.
885 1282 938 1315 sed

77 1328 199 1360 actione
233 1327 348 1358 tutelae.
385 1326 499 1358 deinde
515 1348 525 1364 ,
563 1334 637 1357 cuin
660 1324 720 1356 fuit
743 1332 908 1356 conventa
925 1347 935 1364 ,

74 1378 258 1409 quamquam
283 1369 362 1400 male
377 1390 386 1404 ‚
411 1375 516 1398 tamen
534 1376 598 1398 non
623 1365 752 1398 cessavit
776 1375 817 1397 ex
840 1365 936 1407 stipu-

70 1410 137 1443 lacu
162 1410 327 1448 pecuniam
353 1408 481 1441 offerre.
506 1418 570 1439 non
595 1407 691 1449 igitur
713 1406 782 1448 Seja
799 1430 809 1445 ,
843 1406 937 1439 heres

71 1453 185 1483 tutoris
203 1475 213 1490 ,
242 1459 431 1492 proponitur
455 1450 485 1481 in
512 1458 601 1481 mora
626 1447 737 1488 fuisse;
768 1448 820 1480 sed
842 1448 936 1480 heres

70 1493 219 1534 pupillae:
250 1493 279 1524 &
306 1493 378 1524 ideo
404 1492 529 1532 placet,
554 1492 593 1522 ad
618 1489 720 1522 usuras
743 1500 809 1522 non
834 1490 936 1522 teneri

69 1534 191 1575 Sejam,
215 1533 295 1575 quasi
311 1533 483 1565 deficiente
506 1532 696 1564 conditione
719 1530 775 1563 sub
798 1540 860 1578 qua
884 1540 936 1563 eas

69 1574 265 1616 promiserat.
290 1583 385 1616 atque
401 1574 432 1606 id
453 1574 597 1605 Scaevola
616 1574 683 1604 vult
697 1595 708 1612 ,
731 1581 805 1604 cum
822 1580 865 1604 ait
881 1595 891 1613 ,
907 1570 937 1611 fi

70 1616 137 1658 Seja
153 1627 209 1648 non
225 1616 344 1657 ceffaffet
365 1626 402 1647 ex
417 1613 565 1656 stipulatu
583 1615 736 1654 pecuniam
759 1613 870 1655 offerre.
894 1614 937 1646 sic

69 1660 152 1694 enirn
177 1659 278 1697 accipi
304 1657 422 1695 debet,
453 1654 536 1697 quasi
564 1656 648 1687 dicat
665 1678 675 1695 ,
699 1655 802 1687 usuras
827 1665 844 1686 a
866 1655 936 1696 Seja

68 1708 134 1731 non
152 1700 282 1737 deberi;
302 1698 343 1735 fi,
366 1707 438 1729 cum
465 1696 571 1728 tutelae
597 1699 845 1736 conveniretur,
870 1706 936 1728 non

68 1741 265 1780 neglexerit,
289 1740 455 1778 pecuniam
477 1748 516 1769 ex
537 1737 683 1778 stipulatu
699 1737 838 1769 offerre:
863 1739 937 1778 quia

68 1790 133 1812 non
151 1779 441 1820 proponitursuisse
459 1779 488 1809 in
501 1788 607 1816 mora,
630 1789 671 1811 ex
680 1788 741 1818 qua
751 1777 855 1811 usuras
864 1788 938 1820 pro·

68 1822 205 1853 miserat.
230 1822 357 1861 utique,
380 1817 400 1851 si
419 1820 530 1860 pupilli
555 1819 648 1851 heres
671 1820 811 1851 oblatam
838 1829 935 1860 pecu-

67 1863 152 1895 niam
177 1871 347 1901 numquam
371 1862 487 1892 deinde
517 1860 610 1902 petiit
639 1870 677 1892 ex
703 1859 851 1900 stipulatu
874 1869 937 1901 qua

67 1904 195 1936 actione
219 1903 357 1935 debebat
382 1910 502 1943 petere.
534 1911 624 1940 narn,
648 1900 670 1933 si
693 1903 788 1941 petiit
812 1901 842 1933 δε
867 1900 936 1942 Seja

65 1954 131 1977 non
156 1945 217 1976 fuit
233 1952 339 1986 parata
354 1943 496 1982 solvere,
520 1942 624 1974 adhue
647 1943 773 1975 videtur
791 1941 935 1981 ceffaffe,

68 1986 99 2017 &
115 1986 174 2017 hac
197 1995 230 2016 re
255 1993 374 2016 moram
402 1983 589 2016 commisisse
607 1984 628 2016 l.
652 1994 682 2026 3.
704 1983 733 2025 §.
756 1983 812 2015 ult.
835 1982 879 2016 D.
902 1984 936 2015 de

66 2026 228 2059 ustionibus
245 2027 331 2066 empti
350 2025 386 2060 89⁹
401 2027 523 2056 venditi.

104 2067 187 2100 Haec
208 2068 303 2109 igitur
323 2067 472 2099 obtinent
487 2075 551 2098 non
568 2066 599 2098 in
618 2064 792 2105 praesente,
815 2065 869 2097 sed
884 2065 933 2098 fu-

65 2117 152 2148 tura,
177 2108 334 2141 usurarum
360 2108 567 2149 obligatione.
592 2115 762 2148 utrumque
787 2108 934 2148 indigitat

66 2151 97 2182 in
116 2151 224 2192 primis
242 2150 362 2189 species
381 2158 474 2189 quam
493 2149 674 2181 Antoninus
694 2148 803 2181 tractat
819 2148 837 2179 l.
848 2158 877 2185 9.
899 2148 932 2180 C.

65 2193 99 2223 de
114 2194 217 2232 usuris.
242 2191 362 2232 species
385 2190 550 2223 Antonini.
591 2188 699 2222 Titius
723 2189 841 2230 accipit
867 2199 936 2221 rnu-

67 2240 153 2265 tuam
180 2233 366 2274 pecuniam,
391 2234 420 2264 ὄι
445 2232 598 2264 creditori
619 2241 677 2273 per
698 2231 935 2273 stipulationem

66 2275 226 2315 promittit
241 2275 379 2306 minores
403 2273 528 2312 usuras,
552 2273 582 2305 &
605 2273 625 2304 si
649 2273 703 2304 has
720 2272 773 2304 sua
796 2273 847 2305 die
868 2282 934 2305 non

64 2314 212 2354 solverit,
227 2316 369 2355 majores.
388 2315 512 2356 placet,
524 2314 699 2346 minoribus
717 2314 767 2346 sua
779 2314 830 2346 die
846 2314 934 2346 obla-

66 2357 106 2388 tis
121 2379 131 2395 ,
160 2356 182 2389 fi
204 2365 256 2389 eas
279 2356 419 2388 declinet
442 2357 584 2387 creditor
602 2379 611 2394 ‚
641 2356 840 2387 oblationem
874 2365 934 2396 pro

63 2397 265 2438 praestatione
288 2397 414 2429 haberi:
437 2397 592 2441 etsilnulla
609 2396 756 2437 sequatur
771 2396 933 2438 consigna-

64 2440 111 2470 tio
129 2448 181 2471 aut
197 2438 365 2479 depositio.
388 2438 433 2470 est
448 2439 532 2470 enim
549 2438 639 2479 hujus
655 2438 886 2478 stipulationis,
911 2438 933 2471 si

63 2481 202 2512 minores
228 2480 277 2511 sua
299 2480 352 2512 die
374 2489 438 2512 non
464 2479 626 2512 solvantur
642 2503 652 2518 ,
681 2480 816 2520 majores
840 2480 933 2519 dari,

64 2520 168 2553 sensus
185 2522 260 2559 ille,
284 2529 319 2552 ut
334 2520 468 2564 majores
486 2531 549 2553 non
573 2521 768 2560 debeantur,
790 2521 811 2553 si
830 2522 931 2553 mino-

64 2570 113 2594 res
131 2562 182 2594 sua
204 2563 256 2595 die
283 2563 443 2594 solvantur
465 2560 484 2594 l.
501 2572 550 2602 4ο.
574 2560 602 2605 §.
619 2573 648 2595 2.
672 2561 715 2594 D.
736 2564 769 2594 de
795 2563 932 2594 conditio-

66 2604 149 2633 nibus
171 2603 206 2638 ἐξ
231 2602 525 2645 demonstrationibus.
550 2614 586 2635 ea
610 2613 688 2636 vero
706 2604 852 2636 conditio
871 2613 929 2644 pro

66 2642 194 2682 impleta
216 2644 350 2676 habetur
365 2669 375 2685 ‚
397 2644 461 2677 five
486 2646 615 2676 debitor
638 2646 778 2677 minores
808 2644 928 2684 solvat,

66 2681 130 2714 five
145 2691 200 2724 per
217 2694 290 2719 eum
306 2695 372 2720 nou
388 2686 468 2727 stet,
492 2696 557 2728 quo
579 2687 683 2719 minus
699 2685 816 2720 solvat:
840 2688 929 2728 quod

753 2804 966 2841 CAPUT

221 2896 332 2945 Quid,
350 2898 381 2944 fi
405 2901 548 2947 obligatio
574 2902 702 2937 tollatur
721 2901 952 2948 prescriptione
983 2902 1161 2949 temporis?
1193 2905 1301 2955 Quid,
1321 2905 1355 2953 fi

528 2960 636 2995 vento,
653 2951 725 2994 five
743 2950 899 2998 expreffo,
919 2951 986 3000 five
1008 2955 1120 3004 tacito,
1147 2953 1370 3006 remittantur?

164 3089 360 3129 exceptione
375 3114 385 3129 ,
417 3094 506 3124 verbi
534 3103 632 3135 gratia
647 3119 657 3135 ‚
681 3098 717 3128 tri
744 3098 808 3128 inta
832 3106 929 3129 anno-

106 3171 112 3176 ·
161 3130 262 3177 rumf?
295 3132 370 3172 quid
395 3133 560 3174 dicemus,
591 3135 696 3170 usuras
719 3107 799 3169 sginiri
817 3137 834 3169 ?
863 3148 929 3172 non

61 3178 147 3205 enim
162 3181 304 3206 omnium
329 3174 484 3209 mensium
504 3185 700 3213 annorumve
724 3179 837 3221 quibus
854 3188 928 3222 pr0=

61 3045 141 3141 Q
153 3047 227 3086 uid,
251 3047 272 3079 si
291 3048 445 3091 obligatio
460 3060 523 3084 non
540 3053 605 3095 ipso
619 3056 686 3095 jure
703 3056 852 3094 tollatur,
877 3054 932 3089 sed

995 75 1533 115 UsuR15.1,1n.111.
1790 88 1864 125 219

989 174 1056 200 tum
1080 167 1117 199 fit
1135 191 1145 207 ,
1175 177 1248 201 cum
1271 169 1412 201 minores
1437 167 1536 202 offert
1551 190 1562 207 ‚
1592 166 1622 200 ὅ(
1641 169 1782 203 creditor
1805 180 1861 203 ne-

986 217 1060 250 gat,
1083 218 1136 241 eas
1159 211 1317 251 accipere.
1341 218 1507 252 receptum
1529 209 1616 242 euim
1643 210 1708 250 est,
1731 213 1861 252 quotics

987 259 1044 291 per
1062 260 1133 281 curn
1158 251 1245 290 quus
1269 252 1400 284 interest
1416 253 1639 284 conditionem
1663 260 1727 284 non
1750 253 1861 294 imple-

985 292 1031 331 ri,
1055 291 1129 330 siat,
1152 301 1217 332 quo
1235 294 1337 324 minus
1353 295 1523 334 impleatur
1538 316 1548 333 ,
1571 293 1705 333 perinde
1730 294 1862 333 haberi,

985 342 1023 364 ac
1037 332 1058 364 si
1074 333 1205 373 impleta
1221 336 1366 366 conditio
1382 334 1489 372 fuisset
1508 334 1528 367 l.
1547 339 1614 367 161.
1642 334 1681 366 D.
1704 336 1738 366 de
1753 336 1862 378 regulis

979 372 1070 416 juris.
1094 375 1179 406 unde
1202 375 1402 416 consequens
1427 376 1491 415 est,
1515 384 1549 408 ut
1574 375 1697 408 oblatio
1712 400 1723 416 ,
1753 386 1862 418 quamn

985 425 1080 456 quam
1105 415 1168 447 sola
1198 426 1263 448 non
1295 417 1369 449 sistit
1395 417 1520 449 cursum
1546 418 1725 450 debitarum
1758 419 1862 451 usura-

985 466 1072 497 rum,
1096 456 1202 489 obstet
1221 465 1345 498 tamen‚
1361 468 1426 500 quo
1442 460 1545 491 minus
1561 459 1677 491 futurae
1693 460 1860 501 incipiant.

986 497 1039 529 sed
1057 507 1229 539 utrumque
1252 500 1337 531 clare
1354 501 1535 533 Antoninus
1558 500 1577 532 l.
1594 511 1622 537 9.
1650 500 1682 532 C.
1703 503 1735 532 de
1750 503 1862 541 usuris.

985 539 1082 571 verba
1110 540 1277 572 Antonini.
1321 541 1354 572 Si
1373 548 1427 583 per
1451 548 1477 573 te
1504 548 1561 573 non
1577 540 1659 582 fiat,
1683 552 1737 584 quo
1761 544 1861 574 minus

984 582 1065 612 intra
1091 587 1214 622 tempora
1227 581 1373 623 praefinita
1391 585 1546 624 pecuniam
1570 584 1714 614 minorum
1735 585 1860 622 solveres

987 621 1193 665 [usurarium]
1209 624 1263 663 sed
1275 631 1327 665 per
1343 629 1451 656 tutores
1462 624 1593 664 filiorum
1612 626 1781 664 creditoris,
1805 627 1859 667 qui

983 673 1044 694 eam
1066 665 1189 705 accipere
1205 665 1379 705 noluerunt,
1403 668 1489 708 idque
1514 667 1592 706 apud
1609 666 1738 707 judicem
1757 669 1860 699 datum

981 707 1166 746 probaveris:
1188 707 1249 748 ejus
1269 708 1420 748 temporis,
1442 717 1495 749 quo
1508 714 1561 748 per
1579 712 1605 737 te
1620 717 1677 738 non
1685 705 1794 748 stetz'ffe
1809 716 1861 750 ap-

978 747 1142 786 paruerit,
1174 752 1268 788 usurae
1291 748 1412 790 majores
1438 758 1495 780 non
1516 754 1682 790 exigentur.
1728 748 1814 793 Quod
1828 748 1859 788 fi

983 788 1070 818 etiam
1083 789 1193 828 sortem
1222 788 1373 830 deposuisti
1388 814 1397 828 ‚
1427 791 1529 821 exinde
1552 799 1588 821 ex
1616 799 1672 831 quo
1695 791 1724 821 ia
1741 791 1860 831 tatium

983 831 1168 869 apparuerit,
1191 831 1223 861 in
1238 835 1341 871 usuras
1356 841 1414 863 non
1431 832 1619 863 convenieris.

1027 869 1061 901 In
1080 870 1247 903 antichrefi
1269 880 1374 904 tamen
1392 873 1574 905 Antoninus
1590 873 1634 905 ita
1659 872 1813 916 rescripsit
1834 874 1858 907 l.

986 919 1032 943 11.
1059 912 1092 942 C.
1111 913 1169 943 eod.
1192 914 1239 944 tit.
1284 913 1334 945 Ex
1347 917 1461 954 praedizs
1479 915 1598 956 pignori
1619 915 1750 958 obligatis
1766 917 1860 947 credi·

982 958 1027 984 tor
1040 950 1103 994 post
1125 953 1248 985 oblatum
1256 952 1314 991 fibi
1322 956 1393 996 jure
1404 957 1560 997 pecuniam
1583 966 1670 998 quam
1687 967 1745 988 non
1756 959 1857 998 susce·

978 994 1024 1035 pit
1042 1017 1051 1032 ,
1074 992 1104 1032 fi
1118 994 1241 1033 fruetus
1258 998 1364 1036 accepit
1383 1020 1392 1035 ‚
1424 999 1574 1029 exonerari
1590 1000 1682 1037 sortis
1700 999 1829 1030 debitum
1844 1022 1858 1041 ,

982 1042 1090 1066 certum
1112 1034 1162 1076 est.
1204 1037 1311 1077 Atque
1327 1038 1401 1070 hmc
1419 1046 1531 1079 putant
1546 1039 1741 1071 eruditissimi
1759 1041 1859 1073 inter-

981 1085 1110 1116 pretes,
1135 1078 1166 1108 in
1188 1077 1355 1110 antichresi
1379 1079 1482 1112 usuras
1504 1080 1568 1112 sola
1592 1080 1650 1112 sisti
1675 1082 1856 1115 oblatione.

982 1117 1083 1159 Quod
1100 1118 1176 1150 mihi
1197 1128 1263 1151 non
1289 1120 1434 1153 videtur:
1459 1121 1571 1161 &jam
1596 1122 1685 1163 supra
1709 1122 1857 1164 ostendi,

981 1161 1104 1191 oblatam
1117 1161 1186 1201 jure
1205 1163 1360 1201 pecuniam
1377 1162 1545 1194 Antonino
1569 1162 1631 1194 effe
1645 1186 1656 1202 ,
1688 1166 1858 1204 pecuniam

981 1210 1047 1233 non
1074 1200 1257 1242 simpliciter
1281 1202 1442 1242 oblatam,
1467 1204 1518 1235 sed
1542 1211 1577 1235 ut
1591 1205 1639 1243 jus
1662 1205 1858 1247 praescribit,

981 1242 1012 1273 id
1037 1241 1083 1274 est
1099 1266 1109 1281 ,
1141 1241 1305 1275 subsecuta
1330 1243 1571 1285 consignatione
1590 1247 1618 1276 ἃ
1642 1247 1857 1286 depositione.

979 1282 1021 1315 fic
1037 1284 1121 1315 enim
1136 1284 1205 1324 ius,
1230 1291 1263 1315 ut
1283 1294 1478 1317 exoneretur
1496 1285 1588 1317 sortis
1604 1287 1770 1327 debitum,
1787 1289 1859 1322 vult

980 1323 1089 1357 offerri
1112 1327 1306 1365 pecuniam3
1336 1325 1391 1358 nisi
1414 1328 1444 1358 in
1465 1327 1554 1367 jure,
1579 1336 1632 1359 aut
1656 1329 1686 1360 in
1713 1330 1859 1370 judicio,

980 1365 1036 1398 fiac
1060 1366 1196 1399 oblatio.
1228 1375 1296 1399 turn
1322 1376 1408 1400 enim
1438 1368 1502 1401 sola
1530 1368 1669 1402 sufficit:
1701 1369 1859 1412 Ulpianus

980 1414 1069 1439 certe
1091 1410 1111 1439 l.
1129 1418 1180 1449 30.
1203 1407 1245 1439 D.
1262 1409 1498 1449 desolationibus
1514 1411 1575 1449 ait,
1601 1411 1634 1442 Si
1647 1413 1757 1443 debitor
1772 1413 1860 1454 offer-

979 1456 1022 1480 ret
1033 1452 1188 1489 pecuniam
1203 1459 1266 1491 quae
1280 1456 1444 1490 peteretur,
1469 1453 1591 1483 creditor
1613 1453 1698 1484 nollet
1713 1457 1859 1496 accivere:

978 1491 1093 1522 Praetor
1109 1492 1135 1522 ei
1151 1492 1272 1533 denegat
1290 1491 1425 1524 aitiones.
1440 1517 1443 1519 .
1469 1492 1510 1524 Et
1525 1494 1600 1525 ideo
1617 1494 1745 1532 nescio,
1769 1505 1808 1529 an
1824 1497 1861 1530 in

978 1532 1007 1563 d.
1030 1532 1051 1563 l.
1071 1541 1117 1564 11.
1142 1532 1184 1564 sic
1207 1533 1267 1573 legi
1284 1533 1430 1574 praestet‚
1450 1532 1512 1574 post
1534 1534 1659 1566 oblatam
1674 1535 1720 1575 fib
1740 1536 1777 1568 In
1788 1539 1860 1578 jure

973 1575 1154 1614 pecuniam:
1185 1581 1220 1605 ut
1238 1573 1274 1606 sit
1290 1597 1300 1613 ,
1325 1573 1388 1615 post
1412 1576 1535 1606 oblatam
1549 1574 1607 1613 fibi
1629 1577 1661 1607 in
1680 1578 1749 1619 jure
1767 1584 1859 1620 pecu·

978 1614 1069 1646 niam.
1088 1624 1161 1648 nam
1180 1617 1211 1647 in
1222 1615 1292 1657 jure
1308 1615 1372 1655 est,
1385 1617 1467 1658 apud
1485 1616 1682 1649 Praetorem:
1706 1618 1759 1657 Sic
1776 1619 1859 1657 mihi

980 1656 1128 1695 videtur3
1151 1666 1192 1689 eo
1209 1658 1316 1690 verius
1333 1680 1343 1697 ,
1368 1658 1440 1698 quia
1461 1657 1667 1690 consentiunt
1690 1660 1860 1693 manuscri-

979 1698 1026 1737 pti
1045 1697 1135 1730 libri:
1158 1699 1189 1730 in
1215 1698 1330 1739 quibus
1354 1699 1419 1738 est,
1443 1700 1586 1741 injure:
1611 1708 1765 1740 praeterea
1789 1711 1858 1737 non

978 1737 1024 1770 est
1049 1739 1223 1779 probabilis
1245 1740 1347 1779 ratio,
1371 1750 1429 1772 cur
1450 1741 1633 1774 antichresis
1655 1752 1673 1774 a
1690 1744 1859 1777 communi

976 1779 1045 1818 iure
1069 1782 1286 1821 exciperetur.
1317 1791 1388 1814 nam
1416 1782 1505 1822 quod
1538 1782 1601 1814 hoc
1623 1781 1691 1815 fieri
1722 1793 1857 1825 putant,

978 1821 1051 1860 quia
1074 1821 1258 1853 antichresis
1283 1831 1347 1854 non
1367 1822 1506 1855 consistit
1530 1824 1610 1855 intra
1631 1826 1761 1858 modum
1777 1828 1857 1868 legl-

979 1861 1125 1893 timarum
1144 1861 1320 1902 usurarum3
1344 1862 1373 1894 δι
1391 1864 1464 1896 ideo
1481 1863 1607 1897 facilius
1622 1865 1705 1899 finiri
1722 1868 1855 1909 debuit,

978 1901 1011 1933 id
1027 1901 1138 1934 falsum
1155 1902 1218 1935 ess'e
1230 1927 1240 1943 ‚
1265 1903 1356 1945 supra
1372 1905 1506 1937 ostendi.

1017 1941 1054 1974 In
1078 1943 1223 1985 frugibus
1248 1952 1353 1976 tamen
1378 1947 1545 1979 constituit
1571 1947 1650 1989 Imp.
1670 1947 1853 1983 Constanti·

978 1993 1037 2016 nus
1053 1984 1072 2016 l.
1085 1994 1110 2016 1.
1123 1986 1192 2017 Cod.
1205 1985 1309 2017 Theod.
1329 1988 1362 2018 de
1378 1989 1490 2023 usuris:
1506 1997 1557 2027 ut,
1568 1988 1590 2020 fi
1608 1990 1750 2023 creditor
1765 2001 1782 2023 a
1800 1993 1854 2030 dee

978 2025 1085 2057 bitore
1101 2027 1321 2068 interpellatus
1336 2051 1346 2067 ,
1370 2030 1451 2068 nolit
1467 2030 1616 2071 accipere
1636 2033 1727 2064 tortis
1750 2033 1854 2065 usura·

978 2076 1112 2108 rumque
1138 2067 1350 2108 solutionem,
1382 2069 1444 2101 sola
1476 2073 1654 2103 conventio
1676 2072 1741 2105 five
1766 2074 1853 2107 obla-

978 2109 1025 2139 tio
1051 2108 1155 2140 usuras
1180 2108 1286 2150 sistat,
1319 2110 1348 2142 ὅς
1373 2111 1465 2144 sortis
1489 2113 1720 2154 obligationem
1745 2117 1851 2154 tollat.

976 2149 1039 2196 Sed
1054 2149 1119 2182 hoc
1134 2150 1277 2192 singulari
1294 2152 1363 2192 jure
1384 2161 1568 2194 receptum,
1592 2156 1630 2186 ad
1656 2156 1853 2198 consequen-

979 2197 1038 2222 tias
1056 2192 1245 2225 trahendum
1263 2202 1328 2225 non
1348 2193 1427 2233 esse,
1451 2194 1514 2234 ipsa
1532 2195 1733 2229 Constantini
1751 2199 1852 2231 verba

977 2232 1158 2274 indigitant.
1191 2235 1287 2266 verba
1320 2234 1390 2266 haec
1414 2235 1494 2276 sunt.
1548 2237 1727 2281 Quicunque
1741 2236 1853 2282 fruges

977 2274 1138 2314 (humidas
1161 2276 1208 2307 vei
1231 2278 1369 2317 urentes)
1399 2277 1597 2319 indigentibus
1621 2287 1741 2312 mutuas
1771 2283 1852 2313 dede·

976 2316 1057 2356 rint,
1080 2316 1174 2357 usurae
1187 2319 1300 2349 nomine
1322 2319 1435 2350 tertiam
1451 2325 1564 2359 partem
1587 2320 1762 2361 superfluam
1784 2333 1852 2355 con-

968 2360 1161 2399 sequantur:
1190 2359 1221 2390 id
1242 2357 1281 2399 est
1298 2383 1307 2397 ‚
1331 2366 1365 2390 ut
1383 2359 1412 2399 fi
1430 2365 1546 2399 summa
1569 2363 1670 2393 crediti
1693 2366 1725 2394 in
1742 2365 1852 2396 duobus

975 2400 1076 2430 modiis
1100 2400 1210 2438 fuerit,
1234 2402 1354 2431 tertium
1377 2402 1501 2432 modium
1526 2403 1649 2443 amplius
1677 2405 1852 2446 consequan-

976 2447 1034 2472 tur.
1079 2440 1168 2483 Quod
1186 2440 1215 2480 fi
1236 2448 1396 2473 conventus
1424 2442 1569 2481 creditor,
1595 2450 1713 2485 propter
1728 2444 1851 2479 commo.

975 2482 1044 2512 dum
1068 2487 1251 2521 usurarum,
1274 2484 1400 2514 debitum
1421 2489 1588 2523 recuperare
1611 2486 1735 2518 noluerit
1749 2511 1759 2526 ‚
1777 2498 1850 2520 non

967 2523 1066 2563 solum
1082 2524 1177 2561 usuris
1190 2547 1198 2560 ,
1212 2523 1267 2564 sed
1284 2524 1372 2554 etiam
1388 2525 1475 2555 debiti
1496 2527 1663 2566 quantitate
1684 2530 1850 2569 privandus·

973 2563 1022 2604 eft.
1066 2564 1140 2608 Quoe
1162 2565 1209 2596 lex
1225 2566 1263 2596 ad
1277 2565 1350 2600 solas
1369 2566 1496 2606 pertinet
1513 2568 1628 2609 fruges.
1654 2578 1722 2600 nam
1734 2568 1787 2611 pro
1802 2579 1849 2612 ρει

973 2607 1061 2652 cunia
1084 2606 1162 2638 ultra
1180 2605 1314 2648 singulas
1339 2605 1501 2645 centesimas
1514 2611 1635 2642 creditor
1655 2616 1776 2645 vetatur
1798 2623 1847 2647 aaa

971 2653 1070 2688 cipere.

1027 2805 1142 2842 XVI.

1376 2908 1476 2956 usurce
1494 2913 1585 2958 patto
1611 2923 1681 2949 con·

973 3057 1067 3090 missae
1083 3059 1148 3093 ,sint
1171 3060 1288 3101 usurae,
1311 3072 1372 3096 una
1396 3062 1442 3096 est
1454 3062 1618 3105 ,stipulatio
1635 3086 1644 3100 ,
1670 3061 1722 3094 s'ed
1739 3059 1842 3105 fingua

972 3099 1074 3134 lorum
1091 3102 1242 3136 mensium
1260 3113 1458 3137 annorumve
1477 3105 1603 3146 fingulae
1622 3103 1842 3146 stipulationes

971 3139 1040 3187 sunt
1056 3144 1267 3185 ,sconc'eptae
1293 3146 1347 3178 sub
1379 3146 1568 3177 conditione
1586 3168 1596 3185 ‚
1627 3144 1681 3182 nisi
1698 3144 1754 3183 jsin
1781 3147 1842 3178 ulis

968 3183 1275 3229 mensibusan'nisve
1290 3187 1391 3234 soluta
1406 3186 1503 3263 {ierit
1518 3186 1585 3225 sors
1601 3187 1742 3230 capitalis
1769 3195 1842 3263 siff.

1259 3239 1265 3242 ·
1421 3234 1427 3249 ⁴
1444 3235 1462 3261 c
1480 3237 1500 3263 2
1730 3236 1737 3249 ᾗ
1828 3255 1839 3263 .
