2036 3495
511 117 721 174 rND'Ex
775 134 1014 172 RERUM
1060 134 1097 171 ec
1149 131 1550 185 VERBORUM.

122 248 129 255 .
170 230 220 264 tis,
243 230 332 265 iisque
347 226 499 256 decemviri
520 236 583 257 curn
606 229 705 257 Praeto-
734 225 883 254 Condictio
899 226 977 255 causa
991 226 1052 253 data
1069 226 1144 254 causa
1161 235 1217 255 non
1233 227 1309 255 secu-

150 273 154 276 ·
167 277 198 295 re
213 272 357 305 praeerant.
668 273 701 299 91

122 305 322 337 Ceutumviri,
344 312 376 331 an
397 303 546 332 decemviri
563 303 597 331 ad
617 303 702 331 eonfi-

169 343 235 372 lium
257 340 409 371 adhibendi
432 341 531 375 essent,
553 340 700 377 quomodo

166 382 350 409 animaretur.
637 379 698 407 ibid.

129 417 374 447 Centumvirorum
418 416 592 453 quadruplex
628 416 700 450 judi-

167 457 240 484 cium
264 461 346 487 erat,
376 454 401 481 ὅ(
429 460 550 489 quatuor
577 454 698 482 tribuna-

164 493 216 528 lia,
255 494 281 521 in
310 493 408 528 'quibus
437 492 537 519 e'odein
569 496 697 527 tempore

163 532 257 568 plures
277 530 361 558 caestu
382 530 551 564 agebantur,
587 529 696 558 eadem-

159 575 216 605 que
235 570 261 597 in
274 567 438 595 ‹difficilibus
459 567 543 594 causss
565 567 591 595 in
612 576 696 596 unum

161 608 341 643 cogebantur.
662 615 695 638 92

122 643 344 672 Centumvirales
365 642 459 670 causae.
635 644 697 671 ibid.

123 680 357 710 Centumviralein
376 679 475 708 hastam
496 688 610 716 cogere.
662 691 694 714 91

121 719 206 746 Certa
221 718 332 746 nomina
347 738 356 751 ‚
377 725 469 746 certus
488 718 585 747 homo.

119 756 308 785 Certaminum
325 755 501 791 publicorum
519 765 533 784 a
550 757 692 786 veteribus

153 793 338 822 institutorum
357 794 437 821 ratio.
640 799 693 825 126

116 831 149 859 ad
170 830 327 860 Certamina
352 831 462 867 publica
490 831 620 861 videntur
646 833 692 862 ad-

153 867 223 897 miffi
245 869 354 904 liberti,
374 870 494 897 maxime
510 870 689 906 Augustales,

153 915 211 935 non
228 906 308 934 servi.
624 908 687 937 ibid.

115 943 250 973 Ceffionis
266 945 292 972 in
312 945 394 981 Jure,
425 944 451 972 ὅ(
467 945 623 974 traditionis
640 946 691 974 dif-

151 982 270 1011 ferentia
281 982 348 1018 Jure
363 983 469 1011 Veteri.
491 992 555 1018 373,
567 986 628 1017 384.
652 985 689 1012 sa-

148 1020 253 1048 ciendae
273 1021 370 1048 forma.
392 1021 455 1050 ibid.
491 1030 539 1050 cur
561 1022 587 1049 in
603 1021 687 1057 Dige-

151 1056 196 1084 stis
211 1065 269 1085 non
288 1057 334 1086 iiat
350 1058 467 1087 mentio.
633 1066 685 1093 373

109 1095 296 1132 chirographi
318 1095 447 1125 redditio.
474 1095 540 1125 vid.
575 1096 684 1126 Paetum

148 1139 272 1161 tacitum.

110 1171 187 1199 Citra
198 1178 251 1207 pro
267 1170 334 1200 fine.
629 1180 683 1207 244

107 1209 191 1237 Cives
212 1209 297 1237 Rom.
320 1218 373 1237 nec
391 1210 530 1238 civitatem
546 1231 553 1242 ‚
581 1218 632 1238 nec
653 1211 683 1237 li-

145 1247 297 1280 bertatem,
316 1255 370 1275 nec
393 1248 476 1275 vitam
502 1247 581 1275 inviti
603 1248 680 1274 amit-

142 1291 202 1311 tere
221 1289 371 1320 poterant;
406 1284 515 1312 fictione
548 1285 620 1320 Juris
642 1284 680 1312 ef-

141 1322 242 1350 fectum
256 1343 263 1356 ‚
286 1327 314 1349 ut
326 1321 453 1358 poss'ent,
476 1321 500 1348 ἃ
519 1321 674 1357 quomodo.

99 1398 212 1426 -Civitas
228 1395 312 1426 Rom.
334 1406 349 1425 a
364 1400 422 1433 quo
436 1396 588 1434 peregrinis
604 1368 676 1425 datsa.

100 1473 205 1502 civitas
220 1493 230 1506 ‚
250 1478 296 1501 aut
308 1472 443 1508 populus,
463 1468 610 1508 quomodo
625 1473 672 1500 iin-

138 1511 265 1540 mortalis
287 1511 355 1544 effe,
378 1509 423 1538 vel
443 1510 534 1546 perire
557 1509 670 1538 dicatur.

100 1585 235 1618 Civitati,
256 1584 300 1612 vel
323 1584 429 1620 populo
457 1584 564 1612 relictus
587 1584 671 1613 Usus-

140 1623 251 1651 fruetus.
274 1621 329 1649 vid.
351 1622 458 1649 Usussr.

100 1660 253 1689 Civitatum
274 1659 367 1687 usurae.
387 1667 413 1687 v.
429 1658 523 1688 Usura.

101 1698 286 1726 cloacarium.
620 1701 672 1734 342

103 1735 201 1763 Coecus
216 1736 315 1769 paries,
619 1741 672 1771 346

103 1771 254 1800 Coenacula
273 1777 453 1808 opponuntur
474 1771 618 1806 domibus,
640 1784 672 1802 ε-

141 1810 220 1837 dibus
232 1831 238 1842 ‚
262 1809 363 1837 insulis.
619 1819 673 1846 349

101 1856 152 1885 per
168 1847 317 1876 Coenacula
333 1846 445 1876 domum
460 1847 585 1877 dividere
598 1849 673 1885 quid.

610 1886 673 1915 ibid.

105 1923 214 1959 Cogere
233 1921 364 1957 judicium
384 1943 391 1957 ,
420 1923 464 1951 vel
483 1923 585 1952 hastam
608 1933 672 1952 cen-

141 1960 323 1990 tumviralem.
635 1970 669 1996 91

102 1998 277 2033 Cognitionis
290 2006 346 2031 re53
369 1998 404 2027 de
420 2000 519 2035 quibus
534 1999 588 2034 ipsc
603 1999 671 2028 Prae-

138 2043 183 2063 tor
203 2043 263 2062 cum
280 2036 395 2064 consilio
409 2036 609 2073 cognoscebat,
632 2038 670 2066 fe-

137 2080 166 2100 re
186 2078 264 2100 erant
278 2072 360 2100 causae
378 2074 461 2109 juris,
483 2074 509 2102 &
530 2074 565 2102 de
588 2084 669 2111 aequo

136 2110 162 2137 ἂ
187 2111 279 2142 bono3
314 2110 452 2140 interdum
475 2112 557 2141 etiam
583 2113 668 2141 causae

135 2147 204 2176 facti.
633 2153 667 2185 85

101 2184 276 2221 Cognitionis
293 2186 364 2214 ordo
385 2188 445 2224 quis
469 2188 554 2222 effer,
582 2188 608 2216 δί
628 2188 665 2216 ob

135 2230 202 2258 quas
217 2224 307 2251 causas
316 2224 349 2251 ab
364 2233 399 2252 eo
415 2225 600 2254 recederetur.
614 2230 667 2256 106

100 2260 314 2289 Commendatio
341 2269 399 2290 non
430 2262 467 2290 est
496 2264 665 2294 mandatum.

633 2304 667 2337 72

98 2335 289 2364 Commissoria
313 2336 383 2365 Lex.
412 2336 467 2365 vid.
491 2338 572 2367 Pasta
596 2339 667 2374 adse-

132 2374 183 2401 sta.

99 2411 123 2438 in
140 2411 328 2447 Commodato
342 2419 401 2447 quae
416 2413 496 2450 culpa
515 2414 664 2450 praestetur.

630 2457 666 2482 60

97 2485 258 2515 Communia
274 2509 281 2520 ‚
318 2486 343 2514 &
366 2488 475 2524 publica
501 2489 565 2526 Jure
583 2461 665 2519 {latu-

135 2532 169 2552 rae
186 2533 235 2559 pro
256 2523 352 2552 iisdem
375 2527 547 2562 accipiuntur
567 2527 594 2555 in
613 2534 664 2556 tra-

135 2561 206 2589 ftatu
224 2562 258 2589 de
275 2562 378 2590 Rerum
396 2563 545 2597 divisione,
567 2572 663 2600 quate-

133 2607 184 2626 nus
210 2598 350 2628 innoxiam
379 2600 524 2630 utilitatem
549 2602 664 2632 habent.

572 2649 603 2668 12
613 2662 619 2673 ,
632 2650 642 2669 1

99 2681 151 2710 pro
172 2673 371 2702 Coinmunibus
384 2674 518 2703 habentur
532 2677 612 2705 etiam
622 2649 666 2706 re&

136 2711 255 2746 privatae¹
263 2710 441 2746 singulorum,
464 2721 523 2748 quae
538 2714 665 2743 adferunt

134 2748 179 2776 alii
200 2748 345 2775 utilitatem
358 2769 365 2781 ,
389 2757 446 2777 non
464 2758 591 2785 gravem,
613 2761 665 2781 nec

136 2784 293 2814 damnosam
309 2780 434 2813 doinino.
631 2798 665 2818 12

99 2823 284 2856 Communia,
316 2821 370 2849 five
395 2823 506 2859 publica
529 2824 580 2853 alia
607 2826 667 2855 sunt

136 2861 261 2890 omnium
292 2859 437 2888 hominum
469 2861 533 2897 Jure
570 2863 666 2891 Genti-

133 2907 202 2932 um;
229 2897 281 2924 alia
302 2897 365 2934 Jure
385 2897 470 2925 Civili
491 2899 560 2935 Pop.
581 2899 665 2930 Rom.

136 2936 181 2965 vel
197 2935 395 2970 cujuscumque
411 2934 523 2963 alterius
537 2937 665 2966 civitatis.

633 2983 667 3010 14

95 3011 264 3040 Coinmunio
282 3011 422 3039 bonorum
442 3011 513 3040 inter
532 3013 665 3048 coniuges

131 3050 157 3077 ἃ
171 3050 275 3077 amicos
293 3049 390 3084 qualis.
547 3058 597 3084 41,
610 3050 663 3085 seq.

94 3087 303 3122 Comparativus
318 3094 369 3121 pro
386 3086 516 3122 positivo.
610 3096 664 3122 249

93 3126 288 3158 componere,
302 3122 326 3151 &
341 3124 507 3161 compositio
523 3124 558 3152 de
573 3132 659 3154 trans-

130 3161 245 3190 afflone.
406 3194 408 3196 ¹
449 3166 660 3198 232‚237,4o6

92 3198 287 3227 Condistiones
320 3198 459 3228 interdum
491 3207 660 3230 concurrunt

126 3245 188 3264 curn
203 3236 264 3265 aliis
282 3237 445 3266 actionibus.
608 3245 661 3274 314

126 3273 190 3302 Yam.
211 3273 233 3302 I.

1375 227 1558 264 stinguantur.
1845 230 1910 260 ihiii.

771 265 796 292 'ta
813 268 925 299 quando
942 265 1023 292 detur
1039 264 1079 296 ei,
1102 264 1306 300 quipecuniam
1336 266 1549 295 Conventiones
1579 264 1649 303 Juris
1672 264 1804 295 Gentium
1827 271 1909 297 etiarn

769 309 821 336 pio
837 311 865 330 rc
880 302 973 335 dedit,
996 302 1021 329 ὅς
1036 310 1069 329 ex
1091 303 1305 338 permutatione.

767 343 801 367 62
813 363 816 369 .
828 344 870 373 63.
893 340 953 368 add.
976 340 1159 367 Permutatio.

729 374 914 406 Conditiones
931 377 1110 415 impossibiles
1125 399 1132 410 ,
1161 386 1233 413 pene
1256 378 1305 407 im-

765 415 905 452 possibiles
922 438 928 450 ,
951 417 977 445 δι
997 413 1123 443 difficiles
1137 436 1144 448 ‚
1168 423 1228 450 qum
1245 415 1303 444 lint.

1158 457 1207 487 361
1222 475 1228 485 ,
1245 453 1300 490 seq.

730 490 897 519 Condncere
924 491 1069 528 pecuniam
1087 512 1094 524 ,
1121 499 1173 527 pro
1199 490 1300 519 soenori

763 530 899 565 accipere.
1246 537 1300 563 159

726 566 900 595 Consefforia
915 568 986 596 aetio
1004 566 1077 596 unde
1092 565 1213 599 dicatur,
1235 568 1296 600 cui,

763 605 891 632 adversus
910 614 1011 641 quem,
1033 604 1058 632 ἃ
1076 604 1108 632 ad
1125 603 1192 641 quid
1206 603 1296 632 detur.

763 652 824 678 392.
846 642 879 670 ad
896 643 1000 671 Ususfr.
1024 642 1128 670 v‘indic.

727 680 877 712 Coniiteri‚
899 689 951 717 pro
966 680 1119 708 adfirmare.
1232 678 1296 708 ibid.

761 757 780 784 1i
799 756 952 793 specialiter
976 755 1058 782 alicui
1079 756 1140 791 quis
1167 754 1294 789 suadeat,

759 793 836 830 quod
850 793 957 830 alioqui
973 792 1093 821 fafturus
1115 800 1173 820 non
1195 792 1295 821 suisset.

1172 837 1213 863 72.
1238 831 1291 865 seq.

720 868 871 898 Consilium
896 867 1075 904 Magistratus
1096 867 1291 902 cognoscentis

757 908 856 935 Romae
869 915 946 935 erant
961 904 1122 933 Decemviri
1141 904 1234 931 litibus
1250 905 1291 938 J'u-

758 944 898 976 dicandis,
912 944 955 972 vel
972 941 1164 974 Centumviri3
1186 941 1212 970 in
1227 950 1291 978 pro-

755 983 854 1010 vinciis
870 982 1103 1017 Recuperatores.
1255 988 1286 1012 91

718 1018 869 1048 Constium
885 1027 918 1047 an
931 1025 1062 1046 exercere
1078 1015 1159 1053 possit
1172 1017 1291 1044 Manda-

754 1058 837 1085 tarius
849 1055 1058 1090 jurisdictionis.
1161 1057 1223 1084 108.
1234 1054 1290 1090 seq.

714 1093 951 1123 Constitutionum
967 1114 974 1125 ‚
1006 1092 1031 1120 &
1057 1091 1264 1128 Rescriptorum
1279 1112 1289 1125 ‚

748 1132 805 1160 five
825 1131 1063 1167 Subscriptionum
1088 1129 1286 1166 Principaliurn

749 1169 918 1198 differentia.
945 1170 1015 1201 2²8,
1036 1174 1110 1203 234,
1131 1171 1194 1201 236.
1223 1166 1287 1195 add.

746 1207 932 1241 Rescriptum.

710 1242 931 1272 Constitutiones
960 1241 1045 1278 duae,
1081 1243 1165 1271 ‘etiam
1194 1242 1285 1271 diver-

745 1281 836 1310 sorum
865 1281 1045 1316 Principum,
1090 1279 1226 1308 interdum
1255 1280 1284 1308 in

746 1327 827 1347 unam
849 1319 974 1347 conflata:
1002 1319 1030 1346 in
1057 1317 1164 1346 Codice
1186 1316 1282 1354 Justin.

1060 1376 1064 1380 .
1226 1363 1281 1389 242

707 1393 931 1423 Constitutioncs
958 1394 1100 1431 JCtorum.
1139 1401 1167 1422 v.
1196 1393 1282 1430 Juris-

742 1432 868 1460 consulti.

701 1469 887 1499 Constitutum
901 1468 1104 1507 possessorium·
1131 1469 1188 1498 vid.
1212 1470 1279 1499 Tra-

739 1507 818 1535 ditio.

700 1544 881 1574 Consuetudo
903 1545 1005 1582 regulae
1021 1546 1092 1583 Juris
1112 1552 1278 1582 repugnans.

735 1582 792 1610 vid.
816 1584 936 1619 Regula.

700 1619 866 1655 Consulet·e·,
889 1630 940 1658 pro
956 1620 1093 1655 statuere,
1114 1618 1275 1649 decernere.

941 1667 944 1671 ·
1001 1676 1005 1681 -
1221 1663 1274 1693 265

701 1694 891 1731 contestatio,
911 1695 1051 1732 absolute,
1071 1705 1124 1733 pro
1141 1695 1198 1725 litis
1207 1705 1272 1725 con-

739 1733 894 1763 testatione.
1176 1736 1272 1769 28,98

701 1771 846 1801 Contineri
867 1771 1036 1809 stipulationi
1054 1795 1061 1807 ,
1089 1780 1141 1810 pro
1162 1772 1273 1808 stipula-

739 1810 826 1838 tione.
1220 1817 1274 1844 3527

702 1847 729 1875 In
751 1847 933 1880 Continenti,
956 1857 990 1876 ex
1011 1846 1190 1880 Continenti,
1211 1847 1278 1883 quid

742 1885 791 1920 fit3
817 1885 843 1913 δι
872 1894 932 1922 quae
963 1886 1038 1921 pacta
1064 1886 1092 1913 in
1120 1885 1277 1914 continenti

739 1922 921 1953 contractibus
930 1921 1197 1958 adjiciexistimanda
1214 1922 1276 1951 fint.

887 1986 891 1991 .
1219 1969 1276 1996 420

699 1997 874 2028 Contrastus.
898 2006 926 2027 v.
948 1999 1121 2028 Conventio.

699 2035 862 2065 Contractus
878 2037 955 2065 varta
972 2038 1087 2065 nomina
1105 2037 1133 2064 in
1148 2036 1232 2074 Jure,
1247 2035 1274 2064 ὅ(

734 2073 869 2102 definitio.
1217 2081 1271 2108 415

698 2111 863 2140 Contractus
890 2111 1001 2149 quidam
1035 2112 1128 2145 certi,
1168 2111 1196 2140 &
1222 2119 1272 2139 no-

731 2150 828 2183 minati
851 2149 926 2184 sunt,
954 2149 1070 2187 quidam
1093 2150 1214 2182 incerti,
1242 2148 1268 2176 δε

732 2187 896 2217 innominati
917 2197 924 2216 :
981 2189 1053 2217 ratio
1107 2187 1268 2222 appellatio-

732 2226 774 2253 nis
814 2231 1013 2260 utrorumque‚
1052 2225 1078 2253 δε
1118 2224 1266 2253 discrimen

733 2263 889 2297 actionum,
909 2272 977 2300 quas
997 2263 1165 2300 producunt.
1191 2270 1266 2327 s415.

1202 2308 1265 2336 eqq.

695 2337 730 2366 de
753 2337 916 2366 Contra6tus
937 2337 1025 2366 forma
1039 2359 1046 2371 ,
1076 2337 1131 2365 five
1152 2343 1265 2370 natura,

732 2375 788 2404 five
808 2375 953 2404 substantia
971 2385 1032 2412 quae
1058 2375 1111 2403 effe
1131 2374 1265 2404 dicantur.

1058 2411 1266 2449 421‚44r.seq.

693 2451 857 2479 Contrasms
872 2458 934 2479 curn
952 2451 978 2478 in
992 2451 1127 2487 integrum
1143 2448 1264 2484 restitui,

731 2488 849 2521 resolvi,
871 2488 1003 2521 rescindi,
1026 2488 1134 2521 initus,
1156 2486 1264 2521 nullus,

730 2532 776 2554 aut
790 2526 891 2555 nullius
913 2526 1049 2554 momenti
1072 2525 1126 2553 esse
1147 2524 1263 2559 dicitur,

730 2563 910 2602 supplendum
929 2563 982 2597 est,
1005 2569 1095 2591 utrum
1117 2563 1183 2600 Jure
1199 2562 1266 2590 civi-

732 2602 766 2634 li,
787 2610 820 2630 an
838 2601 973 2629 Praetorio
988 2599 1015 2627 id
1036 2601 1094 2628 fiat.
1212 2607 1264 2634 317

694 2639 722 2667 in
744 2638 940 2667 Contrac'tibus
968 2638 1049 2666 bonae
1073 2637 1136 2665 fidei
1160 2637 1266 2673 semper

733 2675 761 2704 id
783 2678 824 2706 aei
846 2675 1024 2711 intelligitur,
1053 2681 1083 2703 ut
1102 2676 1177 2703 bona
1199 2674 1266 2702 fides

732 2713 888 2751 praestetur‚
909 2712 957 2741 eni
979 2721 1036 2740 non
1056 2712 1088 2740 fit
1102 2712 1264 2749 expressum.

1212 2756 1262 2783 301

695 2788 893 2817 Contractuum
907 2790 987 2817 bonae
999 2787 1080 2821 fidei,
1096 2785 1120 2813 ὅ(
1136 2785 1215 2814 (tristi
1225 2788 1265 2821 ju-

732 2827 768 2854 ris
796 2826 954 2854 differentia
974 2825 1046 2852 circa
1068 2823 1264 2852 vindicandum

733 2863 828 2892 dolum
849 2863 967 2895 malum,
996 2861 1022 2889 ὅ(
1043 2868 1162 2894 metum3
1193 2862 1264 2889 eirca

735 2902 933 2936 exceptiones,
960 2899 985 2927 ἃ
1004 2900 1064 2928 alia.
1097 2899 1154 2927 vid.
1181 2900 1266 2928 Bonae

731 2938 777 2966 fid.
799 2939 930 2967 contrac‘t.

694 2974 891 3009 Conventum‚
912 2975 938 3003 δε
953 2972 1131 3008 conventio,
1149 2983 1262 3010 genera-

730 3012 765 3040 lia
780 3013 914 3041 vocabula
931 3012 1005 3045 sunt,
1021 3013 1047 3041 ἃ
1062 3021 1139 3049 aeque
1154 3014 1207 3041 late
1215 3021 1263 3050 pa-

729 3056 788 3078 tent
803 3058 834 3078 ac
845 3050 969 3086 paetum,
990 3049 1015 3078 δι
1028 3052 1126 3087 pactio.
1207 3058 1260 3086 401

692 3086 903 3115 Conventiones
940 3088 999 3116 aliae
1033 3088 1092 3116 sunt
1119 3088 1258 3125 publica),

729 3125 787 3153 aliae
807 3125 934 3160 privatae.
963 3126 1076 3161 privatae
1096 3126 1197 3155 rursum
1215 3126 1260 3163 Ju-

726 3164 763 3190 ris
797 3163 921 3198 gentium
949 3163 994 3190 vel
1024 3163 1161 3199 legitimae.
1194 3172 1258 3198 411.

728 3199 783 3236 seq.
805 3200 919 3235 publicae
939 3208 1000 3236 quae
1025 3200 1094 3235 fint,
1122 3202 1149 3229 (St
1171 3209 1220 3230 cur
1244 3211 1260 3230 a

725 3238 963 3268 conventionibus
976 3238 1047 3275 Juris
1063 3240 1196 3306 Gentiim
1220 3238 1260 3267 di-

1177 3284 1220 3305 xx
1240 3285 1256 3305 2

1371 305 1523 340 peregrinis
1539 305 1754 340 permittuntur,
1777 313 1806 334 ut
1821 308 1909 334 emtio

1370 342 1498 371 venditio
1518 341 1570 369 &tx
1591 350 1639 370 cur
1658 343 1693 370 ita
1717 342 1860 377 dicantur,
1881 344 1908 372 ἀ

1371 379 1519 415 quomodo
1546 379 1754 415 distinguantur'
1773 390 1789 408 a
1815 382 1906 418 legiti-

1369 418 1436 450 mis,
1461 417 1516 445 live
1533 418 1669 446 civilibus.
1691 426 1755 452 412.
1776 418 1849 456 seqq.
1878 426 1906 447 a·-

1370 454 1504 491 liquando
1536 455 1571 483 ita
1602 456 1774 491 accipiuntur
1788 479 1795 491 ‚
1829 456 1904 492 quast

1366 492 1534 528 essentJuris
1552 493 1659 520 Civilis.
1684 503 1747 529 414.
1776 494 1903 531 quedam

1366 529 1440 563 sunt,
1463 538 1578 566 quarum
1600 531 1787 565 obligationes
1805 533 1903 559 dieun-

1364 574 1406 596 tur
1426 567 1538 599 civiles;
1559 574 1619 604 qua:
1636 569 1680 595 illa
1698 568 1773 597 sunt:
1795 578 1843 598 cur
1864 570 1903 597 ita

1364 605 1542 638 dicantur,&
1556 613 1616 641 qua:
1632 605 1702 632 inter
1717 614 1779 640 eas,
1795 606 1818 633 ἂ
1835 615 1901 635 con-

1363 644 1512 671 ventiones
1527 643 1598 679 Juris
1612 642 1708 670 Civilis
1723 643 1753 671 sit
1768 643 1901 672 diil'eren-

1363 681 1409 709 tia.
1833 682 1899 709 ibid.

644 728 696 754 192
725 718 876 748 Consilium
891 727 947 746 non
958 718 997 745 est
1012 717 1187 750 mandatum,
1203 718 1297 746 etiam·
1325 716 1537 760 Conventiones
1546 718 1617 755 Juris
1627 718 1761 747 Gentium
1777 719 1836 747 sunt
1853 719 1898 747 vel

1361 755 1458 790 nudae,
1483 763 1500 783 ι.
1519 764 1544 783 e.
1563 764 1623 792 quae
1647 762 1752 785 tantum
1774 763 1899 785 convena

1361 795 1453 822 tiones
1470 801 1620 827 vocantur,
1654 794 1699 822 vel
1721 802 1777 822 non
1800 795 1898 827 nudie,

1359 831 1414 858 ssve
1432 832 1599 869 contrastus.
1621 839 1685 868 415.
1706 831 1768 862 add.
1784 832 1897 861 Pactum

1357 869 1470 897 nudum.

1320 904 1532 935 Conventiones
1572 907 1702 943 legitimae
1742 907 1872 937 dicuntur
1885 930 1894 942 ,

1356 951 1417 977 quae
1445 945 1565 980 propria:
1596 946 1656 973 sunt
1677 946 1780 974 civium
1806 946 1893 975 Rom.

1357 986 1385 1007 ut
1419 986 1521 1009 nexum
1537 1004 1543 1015 ‚
1585 982 1658 1011 dotis
1695 983 1778 1012 dietio
1793 1004 1801 1016 ,
1839 983 1894 1013 διε.

1357 1025 1406 1044 cur
1433 1018 1471 1046 ita
1506 1018 1654 1053 dicantur,
1687 1020 1714 1048 ἀ
1743 1021 1895 1057 quomodo

1356 1054 1557 1091 distinguantur
1601 1066 1616 1084 a
1654 1059 1894 1088 conventionibus

1355 1092 1428 1128 Juris
1461 1094 1605 1123 Gentium.
1635 1103 1699 1131 413.
1732 1096 1807 1133 seqq.
1842 1097 1892 1125 usu

1353 1136 1458 1158 mutata
1499 1131 1526 1159 in
1563 1132 1729 1168 quibusdam
1768 1134 1893 1163 articulis

1353 1175 1446 1196 earum
1469 1168 1572 1201 forma,
1602 1170 1629 1198 in
1659 1170 1701 1198 liis
1728 1171 1816 1207 accipi
1837 1180 1892 1201 coe<

1351 1208 1468 1241 petunt,
1499 1206 1573 1242 quasi
1599 1206 1670 1244 Juris
1697 1209 1831 1237 Gentium
1852 1210 1893 1238 es-

1350 1243 1419 1271 sent.
1834 1253 1892 1282 414

1312 1280 1528 1309 Conventiones
1543 1280 1671 1317 legitimae
1685 1284 1769 1313 etiarn
1792 1283 1888 1312 dicun-

1351 1325 1409 1353 tur,
1431 1327 1492 1356 quae
1515 1319 1611 1355 Lege,
1634 1321 1679 1348 vel
1701 1322 1889 1350 Senatuscon-

1349 1356 1435 1390 sulto,
1471 1357 1516 1384 vel
1539 1357 1638 1386 Edieto
1667 1358 1883 1392 confirmantur,

1347 1403 1377 1424 ut
1395 1403 1430 1423 ex
1446 1394 1525 1430 pat-‘to
1541 1394 1682 1429 nascatur,
1714 1396 1758 1424 vel
1774 1397 1887 1425 tollatur

1346 1433 1435 1465 aetio,
1456 1430 1481 1458 ἃ
1497 1441 1556 1468 quae
1572 1432 1623 1460 iliae
1643 1433 1702 1462 lint.
1722 1441 1786 1469 427.
1809 1434 1887 1471 seqqo

1343 1469 1406 1498 add·
1425 1470 1535 1498 Paetum
1556 1470 1670 1499 nudum.

1307 1507 1487 1541 Conventio,
1507 1516 1559 1543 pro
1580 1508 1776 1538 admonitione
1795 1514 1887 1538 extra—

1342 1544 1465 1580 judiciali
1482 1545 1581 1573 testato
1598 1545 1675 1573 fasta.
1828 1555 1884 1580 209

1306 1582 1473 1610 Conventus
1486 1581 1597 1617 juridici
1613 1583 1678 1619 qui,
1700 1581 1727 1610 ἃ
1741 1582 1813 1612 ordo
1833 1592 1883 1612 co·-

1343 1621 1500 1656 gnitionum
1517 1621 1542 1647 in
1560 1619 1623 1648 illis.
1846 1625 1884 1657 89

1305 1657 1437 1685 Cornelia
1452 1658 1521 1686 Lex.
1543 1664 1570 1685 v.
1585 1659 1655 1686 Lex.

1303 1695 1435 1724 Creditor
1455 1703 1488 1722 an
1503 1717 1510 1729 ,
1540 1695 1565 1723 ὅ(
1582 1695 1696 1731 quando
1717 1696 1757 1726 rei
1778 1696 1881 1727 debitae

1342 1734 1403 1766 sur,
1424 1740 1471 1761 aut
1484 1732 1578 1769 praedo
1593 1733 1632 1762 iit.
1766 1743 1812 1771 4?-
1823 1735 1881 1772 seq.

1302 1771 1464 1800 Creditores
1478 1779 1562 1808 quem
1576 1789 1583 1800 ‚
1603 1771 1630 1799 &
1644 1772 1744 1808 quibus
1765 1773 1879 1802 actioni-

1341 1810 1393 1838 bus
1408 1809 1561 1837 convenire
1580 1809 1695 1846 possint,
1717 1811 1880 1840 transastio-

1343 1856 1378 1875 ne
1394 1846 1463 1875 faeta
1475 1847 1547 1875 inter
1560 1847 1693 1875 heredem
1712 1849 1880 1884 scriptum&

1343 1885 1506 1921 legitimum.
1526 1887 1650 1919 30‚448.
1672 1894 1755 1921 quem
1771 1894 1878 1917 couve-

1342 1924 1402 1951 nire
1415 1922 1531 1959 poffint‚
1551 1923 1630 1958 pasto
1643 1922 1715 1951 saeco
1730 1924 1803 1952 inter
1817 1925 1886 1963 plu-¹

1341 1969 1385 1989 res
1402 1959 1519 1988 heredes
1534 1978 1543 1993 ‚
1565 1966 1595 1988 ut
1608 1960 1703 1996 singuli
1718 1962 1801 1991 certis
1815 1971 1876 1991 cre-

1340 1998 1474 2025 ditoribus
1491 1996 1610 2026 solvant.
1819 2008 1875 2035 447

1302 2034 1479 2063 Creditorum
1494 2034 1668 2071 quorundam
1681 2036 1789 2073 pastum
1808 2046 1876 2067 cum

1337 2072 1480 2101 communi
1511 2072 1640 2102 debitore
1655 2095 1663 2108 ‚
1703 2075 1749 2102 vel
1787 2075 1875 2109 majo-

1336 2111 1373 2138 ris
1409 2109 1494 2146 partis
1536 2118 1633 2139 eorum
1666 2112 1774 2147 pastum
1808 2121 1874 2142 cum

1335 2147 1442 2176 herede
1467 2146 1615 2181 defuncti,
1649 2156 1787 2184 quatenus
1819 2158 1872 2178 no-

1331 2191 1393 2215 ceat
1405 2184 1475 2213 aliis.
1493 2185 1557 2214 ibid.
1578 2185 1641 2215 add.
1655 2187 1735 2217 Patra
1751 2187 1873 2217 credito-

1333 2231 1403 2252 rum.

1295 2260 1407 2289 Crimen
1421 2261 1549 2297 capitale.
1570 2261 1627 2291 vid.
1642 2261 1778 2298 Capitale.

1294 2298 1330 2327 de
1346 2298 1515 2327 Criminibus
1531 2300 1695 2336 paetiowel
1710 2300 1869 2331 transactio.

1329 2336 1385 2368 vid.
1404 2336 1525 2365 Paetum.
1546 2337 1719 2366 Transactio.

1292 2373 1369 2402 Crux
1382 2381 1466 2410 poena
1480 2373 1630 2403 latronum.

1294 2411 1406 2439 Culleus
1422 2419 1503 2447 poena
1519 2411 1668 2447 parricidii.
1756 2420 1801 2444 20.
1811 2415 1867 2452 seq.

1294 2449 1382 2485 Culpa
1396 2449 1449 2476 lata
1465 2457 1525 2485 quae
1539 2449 1577 2477 fit.
1662 2456 1707 2484 25.
1724 2449 1798 2487 seqq.
1812 2460 1868 2488 279

1294 2486 1389 2522 Culpae
1405 2486 1482 2519 latae,
1507 2486 1533 2513 δε
1547 2485 1605 2514 doli
1620 2486 1763 2516 discrimen
1779 2498 1787 2517 :
1807 2498 1867 2526 quo

1331 2522 1406 2552 sensu
1432 2523 1513 2559 culpa
1531 2523 1585 2552 lata
1607 2524 1713 2553 dicatur
1731 2524 1814 2556 dolus
1830 2528 1867 2557 es-

1330 2561 1376 2595 se,
1398 2569 1430 2588 ac
1443 2560 1511 2589 dolo
1527 2569 1718 2598 comparetur:
1738 2562 1764 2591 &
1780 2573 1868 2602 quan·

1332 2598 1370 2626 do
1387 2597 1509 2626 infamet.
1749 2609 1793 2637 25.
1809 2603 1866 2640 seq.

1294 2644 1354 2673 quae
1367 2635 1454 2672 Culpa
1470 2636 1645 2672 praesteturin
1661 2637 1794 2674 pignore3
1805 2649 1866 2677 quas

1331 2674 1357 2701 in
1375 2673 1564 2702 commodato.
1633 2682 1669 2709 9,
1684 2676 1794 2713 60.seqv
1809 2686 1865 2713 279

1294 2710 1406 2739 Cultura
1427 2710 1452 2738 ἀ
1472 2710 1542 2739 Cura
1568 2710 1642 2741 idern
1665 2712 1739 2745 sunt;
1760 2715 1786 2742 &
1806 2724 1864 2744 non

1330 2748 1451 2783 factum,
1478 2748 1522 2777 sed
1545 2749 1588 2784 jus
1615 2749 1729 2780 colendi
1755 2759 1864 2781 notant.

1314 2815 1316 2817 ,
1460 2816 1461 2819 ,
1748 2796 1865 2823 39‚430

1294 2821 1424 2851 Custodia
1451 2822 1478 2851 δε
1506 2823 1649 2858 diligentia
1673 2834 1730 2854 non
1759 2829 1862 2861 temper

1330 2867 1429 2889 notant
1456 2861 1669 2893 exac‘tiffimanm
1703 2863 1747 2890 sed
1773 2864 1862 2890 modo

1330 2898 1460 2931 majorem
1476 2919 1486 2933 ,
1512 2900 1598 2927 modo
1620 2900 1756 2928 minorem
1771 2918 1780 2930 ‚
1807 2907 1860 2934 pro

1327 2941 1424 2964 natura
1436 2937 1636 2966 contraetuum.
1748 2939 1793 2965 60.
1805 2935 1860 2973 seq.

1556 3010 1593 3040 D.

1833 2382 1870 2414 σς

1380 3085 1407 3115 6:
1426 3082 1462 3116 T.
1484 3086 1563 3114 facile
1577 3086 1774 3120 permutantur.-

1382 3123 1597 3160 Dactyliotheca:
1620 3122 1763 3152 Veterum.

1824 3090 1862 3122 48

1805 3132 1859 3159 253

1287 3201 1363 3230 Dare
1384 3200 1445 3237 plus
1469 3197 1526 3230 est,
1558 3205 1639 3234 quarn
1669 3197 1779 3227 tridere
1793 3170 1860 3232 ,πὺξ

1327 3244 1406 3268 notat
1433 3235 1637 3265 transsationem
1664 3236 1859 3280 dominian.

1757 3280 1839 3303 Ηῐῖἷι]
1854 3293 1862 3313 5
