2036 3495
172 137 218 172 42
602 119 947 155 Genitxim

825 204 1181 242 T1Tutus

1004 114 1266 153 Noonr
1326 117 1537 152 Coun.

1239 207 1312 243 IV.

917 280 967 316 De
979 281 1009 315 in
1018 281 1074 327 jus
1089 283 1230 318 vocando.

235 387 255 408 o
267 385 311 407 ST
335 372 501 404 traCtatum
518 370 558 402 de
573 369 812 410 jurisdictione,
832 368 991 410 sequitur,
1015 377 1051 401 ut

173 381 223 453 P
239 416 419 456 explicetur
441 414 522 444 ordo
549 421 613 452 quo
636 413 666 443 in
686 412 754 451 jure
777 434 786 450 ,
807 411 904 451 inque
925 412 1051 452 judiciis

174 457 309 501 procedi
334 455 462 487 debeat.
506 452 584 485 Non
607 452 653 484 est
668 461 775 484 autem
795 452 949 491 dubium,
973 453 1047 492 quin

173 510 241 532 non
252 504 405 540 oporteat
423 495 499 527 sumi
515 495 642 526 initium
659 495 698 525 ab
715 494 919 525 executione.
935 501 1048 524 contra

177 542 276 573 debet
302 539 385 570 attio
410 539 494 577 prius
519 536 609 576 dirigi
626 534 772 567 adversus
790 544 898 574 reum3
921 535 995 566 inde
1013 535 1048 567 lis

174 581 366 619 contestari;
382 578 544 619 postremo
554 577 709 608 sententia
725 575 802 608 ferri
813 599 823 615 ‚
839 576 930 607 causa
941 577 1048 616 cogni-

174 633 207 656 ta
223 624 242 654 l.
263 633 290 655 1.
310 618 341 653 C.
361 623 394 652 cle
409 625 520 651 execnt.
544 619 586 649 rei
597 618 690 660 judic.
705 618 724 648 l.
744 619 821 649 unic.
843 617 875 648 C.
891 618 924 648 de
935 617 1045 657 prohib.

164 663 306 707 sequestr.
319 671 424 704 pecun.
440 662 458 692 l.
475 670 515 699 40
545 659 586 691 D.
609 661 643 690 de
658 660 789 690 minorib.
815 659 896 689 adeo
913 668 987 689 vere
1004 658 1047 689 nit

172 707 354 745 Imperator
369 704 397 745 §.
417 703 468 734 ult.
487 699 560 740 [nst.
577 702 610 732 de
622 706 780 742 poen.›tem.
806 700 882 740 liiig.
902 700 1046 731 omnium

173 748 336 780 actionum
353 744 611 776 instituendarum
630 741 821 782 principium
839 740 997 781 proficisci
1007 741 1046 773 ab

174 800 211 823 ea
227 796 317 830 parte
334 785 437 818 Edisti
455 786 543 824 quod
559 783 603 814 est
620 785 659 815 de
672 784 701 814 in
716 783 765 824 jus
781 783 939 814 vocando.

215 830 307 862 Solet
332 835 437 859 autem
460 826 491 857 in
513 826 562 865 jus
593 834 710 856 vocare
726 834 742 855 a
762 825 870 856 multis
889 823 1048 856 confundi

173 882 248 904 cum
270 872 387 902 citare:
411 877 484 899 cum
512 866 649 898 Veteres
670 874 840 905 utrumque
855 865 986 897 verbum
1005 867 1048 897 di-

172 913 351 947 stinxerint.
380 910 531 941 dixerunt
548 909 632 940 enim
645 931 654 946 ‚
678 908 767 939 citari
787 916 894 945 reum3
916 907 968 938 ubi
985 907 1050 947 ipsa

175 953 371 996 cognitionis
389 952 440 983 die
452 974 461 989 ,
485 952 514 981 ei
532 957 606 981 ante
624 949 706 980 dista
725 958 780 990 pei·
796 950 827 980 in
844 949 890 988 jus
905 950 1049 980 vocatio-

173 1006 270 1035 nem,
292 995 545 1034 sequentemque
562 991 816 1031 stipulationem,
840 991 870 1021 in
885 989 981 1029 foro,
1003 991 1047 1021 in-

174 1048 238 1079 que
263 1035 432 1071 tribunali,
456 1034 552 1065 etiam
574 1033 605 1064 in
628 1032 748 1072 judicio
766 1055 775 1070 ,
799 1033 899 1077 (nam.
915 1032 954 1062 ad
981 1031 1046 1062 hoc

172 1087 307 1119 quoque
334 1076 446 1108 citatio
471 1074 630 1115 pertinet)
652 1082 735 1104 voce
760 1081 916 1113 praeconis
932 1082 1046 1103 evoca-

173 1129 244 1159 tur3
268 1127 302 1152 ut
317 1125 485 1160 appareat,
510 1123 614 1148 utrum
631 1115 764 1154 praesens
782 1113 834 1152 iit,
856 1123 894 1144 an
912 1122 976 1145 non
992 1113 1044 1145 lit:

173 1163 273 1203 idque
289 1160 398 1200 saepius
414 1157 479 1190 fieri
497 1156 603 1198 potest
617 1157 637 1188 l.
656 1166 684 1196 7.
705 1155 746 1186 D.
764 1156 797 1186 de
820 1156 852 1185 in
873 1156 977 1196 integr.
1001 1164 1044 1185 re-

168 1203 234 1245 stit.
261 1203 281 1233 l.
307 1212 356 1242 73.
383 1200 424 1232 D.
452 1200 486 1230 de
505 1198 602 1240 judic.
618 1199 636 1229 l.
658 1207 703 1230 10.
722 1196 763 1228 D.
782 1198 815 1228 tle
825 1196 933 1236 public.
950 1197 1045 1238 judic.

172 1254 248 1276 cum
262 1246 292 1275 in
309 1237 356 1283 jus
373 1241 505 1272 vocatio
520 1239 574 1271 fiat
590 1239 703 1277 semel,
727 1238 756 1269 &
773 1245 894 1269 tantum
913 1238 952 1268 ad
972 1246 1045 1268 eum

174 1287 230 1326 qui
244 1286 291 1326 jus
308 1284 445 1315 dicturus
460 1281 497 1313 fit
512 1283 539 1312 d.
555 1279 574 1321 §
599 1281 652 1311 ult.
671 1278 741 1320 Inft.
757 1280 790 1310 de
801 1285 878 1320 paen.
897 1284 961 1324 tem.
972 1278 1045 1319 litig.

171 1336 209 1359 nt
227 1327 347 1358 dudum
363 1323 544 1357 observavit
560 1322 726 1354 Duarenus
741 1320 790 1352 lib.
813 1330 839 1352 1.
858 1319 977 1361 Dzspnt.
995 1330 1047 1352 an·

172 1378 236 1401 niv.
256 1378 280 1399 c.
319 1394 327 1401 .

216 1409 270 1442 Est
287 1376 380 1450 igitur
397 1408 426 1438 in
443 1407 492 1447 jus
507 1414 644 1442 vocare,
667 1403 705 1435 ad
721 1403 894 1435 Praetorem
912 1411 1045 1434 vocare:

172 1461 245 1484 nam
258 1451 307 1490 ius
322 1448 487 1484 estlocus,
504 1447 556 1477 ubi
574 1445 751 1484 Praetorjus
769 1444 867 1482 dicit,
884 1443 966 1476 salva
983 1453 1045 1476 ma-

169 1493 281 1533 jestate
297 1489 419 1529 imperii
440 1487 481 1518 sui
498 1487 518 1518 l.
532 1494 597 1528 pen.
611 1486 652 1518 D.
669 1487 702 1516 de
712 1483 786 1527 just.
804 1484 914 1527 &jun
931 1486 1046 1517 dicitur

172 1541 278 1566 tamen
304 1533 398 1561 etiam
423 1529 453 1560 in
475 1529 631 1568 judicium
656 1535 773 1557 vocare
797 1530 912 1558 eodem
939 1526 1044 1566 sensu,

172 1584 240 1616 quo
256 1574 286 1604 in
301 1572 348 1612 jus
368 1571 485 1601 vocare
502 1569 521 1601 l.
543 1578 569 1601 1.
587 1568 616 1610 §.
636 1578 665 1610 3.
684 1567 725 1599 D.
743 1569 776 1598 de
792 1569 900 1599 arimin.
918 1574 1005 1599 tutor.
1023 1568 1042 1600 l.

170 1625 201 1658 3.
218 1614 262 1646 D.
281 1616 313 1645 de
327 1622 356 1644 eo
366 1618 419 1653 per
435 1621 518 1653 quem
528 1610 606 1651 fast.
633 1611 698 1640 erit.
721 1609 741 1640 l.
760 1619 787 1640 2.
808 1609 836 1650 §.
862 1620 890 1641 2.
908 1609 949 1640 D.
981 1609 1045 1652 Qui

165 1657 261 1699 jatisd
293 1664 354 1696 cog.
379 1655 560 1692 eodemque
585 1650 685 1683 modo
711 1651 818 1681 cautio
841 1651 961 1690 judicio
983 1652 1043 1684 sisti

169 1699 289 1730 dicitur
306 1705 365 1736 pro
382 1694 440 1726 fisti
457 1694 497 1726 ad
513 1693 659 1724 Praetoris
675 1691 779 1723 sellam
794 1692 812 1722 l.
826 1701 853 1723 1.
871 1691 908 1725 ὅ)
925 1692 944 1722 l.
964 1703 992 1724 2.
1014 1692 1044 1734 §.

173 1748 201 1772 1.
226 1738 266 1770 D.
284 1737 396 1778 Siquis
412 1737 444 1767 in
455 1736 507 1777 jus
522 1740 617 1766 vocat.
641 1743 698 1765 non
715 1734 766 1763 ier.
791 1734 861 1773 quia
884 1738 939 1773 (ut
964 1735 1044 1765 vidit

171 1780 320 1821 Cujacius
336 1779 384 1808 lib.
406 1786 451 1809 10.
472 1776 593 1816 Observ.
612 1785 635 1805 c.
655 1775 722 1814 io.)
741 1774 863 1806 Praetor
881 1775 982 1814 judex
1000 1775 1044 1806 est

170 1830 284 1854 vetere
295 1819 530 1860 appellatione;
546 1817 576 1849 ὅ(
592 1826 608 1847 a
620 1815 761 1847 Praetore
774 1816 886 1857 agendi
905 1815 1044 1856 potestas

167 1863 383 1905 permittitur,
400 1868 473 1891 cum
492 1859 531 1890 ab
541 1868 581 1889 eo
597 1856 772 1899 postulatur
787 1857 887 1895 aetio,
904 1866 975 1889 cum
992 1867 1045 1889 ex-

169 1905 300 1946 ceptio,
324 1903 425 1941 Judex
452 1901 568 1938 etiam;
591 1899 731 1938 denique
748 1899 852 1930 omnis
869 1900 1044 1939 conceptio

167 1946 268 1979 futuri
283 1943 394 1986 judicii
410 1941 630 1979 constituitur,
646 1942 718 1972 data
733 1938 868 1971 formula
879 1963 889 1978 ,
907 1941 982 1972 dato
997 1940 1046 1980 Ju-

170 1988 265 2026 dice,
290 1986 320 2017 δι
338 1985 408 2022 die,
425 1993 489 2024 quo
505 1984 545 2014 ad
563 1992 655 2021 eum,
680 1981 751 2021 post
767 1981 827 2012 litis
843 1981 1046 2013 contestatio-

170 2038 248 2061 nem
263 2029 354 2067 (nam
370 2024 568 2064 indeincipit
582 2031 751 2062 acceptum
766 2023 918 2062 Judicium
936 2024 954 2053 l.
967 2025 1045 2055 unic.

171 2070 205 2101 C.
225 2071 256 2100 cle
267 2070 308 2100 lit.
329 2064 466 2107 contest.)
483 2075 547 2098 non
561 2066 657 2105 J'uris,
673 2063 726 2095 sed
745 2063 819 2095 fasti
831 2086 840 2102 ,
857 2064 1044 2096 dilcutiendi

169 2110 262 2144 causa
277 2109 416 2140 adeatur.
445 2107 499 2139 Est
517 2108 611 2148 igitur
627 2108 659 2138 in
675 2106 724 2145 jus
740 2114 858 2136 vocare
873 2107 913 2137 ad
927 2105 1045 2137 Praeto-

169 2161 239 2185 rem
256 2159 383 2182 vocare.
417 2148 573 2188 Ulpianus
592 2148 611 2179 l.
633 2155 659 2179 1.
678 2147 705 2178 b.
727 2152 748 2178 t.
768 2145 938 2187 respiciens
955 2149 994 2179 ad
1012 2147 1045 2179 fi-

169 2203 245 2227 nem
262 2191 444 2223 vocationis
460 2191 491 2221 in
506 2191 553 2230 Jus
568 2190 630 2228 ait,
647 2190 678 2221 in
695 2188 743 2228 jus
760 2196 878 2220 vocare
893 2187 955 2220 effe
970 2189 1046 2229 juris

168 2233 361 2275 experiundi
385 2230 476 2264 causa
500 2240 627 2264 vocare.
669 2228 770 2269 Dixi,
794 2230 872 2270 quid
896 2228 933 2261 fit
950 2230 980 2262 in
995 2231 1043 2271 J'us

169 2283 314 2309 vocatio.
507 2301 511 2304 i

214 2315 361 2360 QuaeriS,
374 2314 543 2356 quomodo
558 2311 638 2345 fiat?
654 2312 777 2351 dicam,
795 2313 887 2345 aliam
905 2312 966 2345 ess'e
976 2312 1042 2345 for-

168 2368 253 2392 mam
273 2367 313 2390 ex
329 2355 513 2389 Duodecim
529 2354 664 2386 Tabulis
675 2378 684 2393 ,
701 2355 791 2386 aliam
807 2355 875 2395 jure
891 2364 991 2387 novo.
1008 2365 1044 2386 o-

166 2401 223 2433 lim
239 2409 281 2432 ex
299 2398 485 2431 Duodecim
503 2395 638 2428 Tabulis
663 2396 812 2436 privatim
829 2395 927 2428 fiebat
942 2406 999 2438 per
1013 2405 1042 2429 a·

169 2441 310 2473 ctorem:
325 2449 386 2472 nec
404 2447 472 2472 erat
488 2438 638 2471 Praetoris
655 2437 803 2477 permissu
818 2447 920 2477 opus3
937 2448 977 2470 ne
994 2447 1044 2479 ap-

167 2484 309 2524 paritore
324 2481 466 2522 quidem.
491 2480 566 2520 quin
583 2479 668 2511 ultro
683 2479 801 2510 licebat
818 2479 936 2519 actori,
961 2480 1043 2511 dice-

168 2533 206 2556 re
221 2523 402 2555 occurrenti
418 2522 474 2554 fibi
492 2522 522 2553 in
543 2522 594 2552 via
611 2520 765 2552 debitori:
789 2521 914 2552 ambula
931 2522 960 2552 in
974 2522 1043 2561 J'us;

166 2564 300 2604 sequere
316 2566 345 2595 in
360 2565 428 2604 Jus;
444 2573 506 2605 ego
524 2569 557 2594 te
571 2563 604 2593 in
619 2562 667 2602 jus
685 2571 789 2600 voco,
807 2569 861 2593 aut
876 2561 992 2594 simile:
1008 2571 1045 2593 ut

168 2614 211 2637 ex
226 2606 394 2636 comoediis
414 2605 514 2638 Plauti
533 2604 561 2635 &
579 2603 726 2635 Terentii
749 2604 897 2635 omnibus
917 2611 1042 2635 notum.

166 2647 339 2679 tenebatur
355 2655 431 2677 vero
439 2645 481 2677 {ic
497 2653 633 2677 vocatus
645 2653 815 2676 vocantem
832 2645 917 2685 sequi
931 2646 961 2676 in
975 2645 1041 2683 jus,

169 2688 201 2720 ἃ
223 2687 354 2729 quidem
377 2687 475 2718 illico.
505 2687 593 2727 quod
618 2685 672 2718 nisi
689 2684 831 2718 faceret:
855 2694 923 2718 erat
945 2687 1044 2717 actori

166 2730 234 2771 jus,
257 2727 380 2767 aliquos
401 2737 441 2758 ex
458 2727 743 2767 praetereuntibus,
767 2735 821 2758 aut
843 2728 952 2759 amicis
969 2736 1043 2759 eum

167 2773 203 2803 in
219 2770 315 2802 finem
326 2769 489 2799 advocatis
500 2792 510 2808 ‚
526 2768 690 2807 antestari,
706 2769 738 2800 id
749 2768 812 2808 est,
828 2777 961 2810 rogare,
978 2770 1043 2801 vel-

167 2812 280 2845 lentne
307 2809 369 2841 effe
395 2809 498 2841 testes.
529 2811 642 2850 quibus
664 2809 913 2848 affirmantibus,
936 2810 1040 2842 velle‘:

169 2853 297 2886 deinde.
312 2850 555 2892 permittebatur
577 2852 693 2890 actori,
716 2851 786 2891 post
804 2852 968 2883 attractam
986 2861 1040 2883 eo-

168 2904 240 2928 rum
257 2902 364 2925 aurern
379 2891 433 2933 (id
450 2890 534 2922 enim
548 2890 665 2931 fiebat,
689 2902 762 2924 cum
779 2893 956 2933 adjectione
973 2902 1040 2924 ver-

166 2936 224 2974 bi,
240 2933 395 2974 memento)
411 2941 466 2963 reo
483 2933 637 2970 moranti,
653 2941 706 2965 aut
720 2933 881 2966 frustranti
892 2958 902 2974 ‚
917 2942 971 2966 aut
987 2943 1040 2975 pe-

169 2978 244 3010 dem
257 2977 387 3008 struenti
403 2974 441 3005 ad
452 2971 579 3013 fugam,
594 2982 719 3005 manum
736 2976 886 3015 injicere3
902 2985 1040 3015 eumque

169 3019 308 3051 obtorto
326 3016 412 3048 collo
426 3015 546 3046 ducere
560 3013 594 3044 &
611 3014 734 3046 trabere
749 3017 782 3046 in
798 3017 862 3056 jus,
880 3019 975 3049 etiam
995 3019 1040 3059 in-

169 3060 294 3099 mitum)
316 3057 397 3089 Rem
422 3063 523 3087 totam
544 3053 588 3086 fic
605 3055 752 3086 describit
770 3056 921 3091 Horatius
944 3060 992 3091 lib.
1013 3068 1039 3091 1,

168 3101 302 3134 sermon.
320 3100 374 3131 Sat
386 3108 418 3135 9.
556 3108 558 3112 ’
771 3107 774 3109 ’
824 3108 827 3110 ·

428 3138 502 3174 Casu
517 3137 598 3170 venit
615 3126 715 3167 obuius
729 3138 773 3168 illi

212 3183 433 3218 Adversarius,
457 3179 511 3219 ὅ),
534 3189 587 3220 quo
604 3184 654 3214 tu,
680 3177 853 3218 turpiffime,
876 3188 983 3221 magna

215 3224 375 3259 Exclamat
389 3231 469 3256 voce.
511 3220 554 3256 Ec
569 3220 632 3256 licet
646 3218 810 3261 antestari?
832 3228 879 3262 ego
895 3229 962 3254 vero

1137 370 1253 410 Oppono
1271 371 1451 402 auriculam:
1465 371 1543 412 rapit
1558 371 1589 401 in
1597 369 1659 412 jus,
1677 370 1781 402 clamor
1797 373 1961 413 utrimque,

1138 410 1275 454 Undique
1290 416 1452 452 concursus.

1094 449 1171 483 Hoc
1184 454 1232 492 jus
1250 462 1331 492 erat,
1350 453 1370 485 fi
1386 453 1520 493 praesens
1533 453 1609 485 effet
1625 463 1706 484 reuS.
1724 451 1786 484 atsi
1803 453 1960 495 latitaret,

1091 501 1145 524 aut
1162 495 1251 526 aliter
1266 504 1330 526 non
1347 495 1423 527 effet
1441 496 1540 527 aetori
1560 493 1698 535 potestas
1718 503 1790 526 cum
1808 504 1848 526 eo
1868 505 1962 535 agen-

1091 534 1140 566 di:
1154 533 1274 566 solebat
1284 536 1371 568 aCtor
1382 538 1433 569 die
1446 536 1692 576 postulationum
1704 536 1873 575 implorare
1883 538 1963 568 Prae-

1092 576 1170 606 toris
1195 576 1356 609 auxilium.
1400 577 1522 609 Praetor
1538 587 1636 616 vero,
1661 587 1695 608 re
1714 577 1891 609 summatim
1907 587 1963 609 co-

1090 617 1196 657 gnita,
1216 617 1346 656 jubebat
1367 628 1455 651 reum
1474 619 1601 650 evocari
1619 619 1656 650 ad
1674 618 1716 650 sui
1742 618 1961 653 defensionem

1090 665 1143 688 aut
1161 659 1478 698 denunciationibus,
1497 660 1517 691 si
1535 661 1579 692 ita
1595 661 1681 692 domi
1701 660 1855 698 latitaret,
1879 669 1914 692 ut
1931 671 1962 692 a·

1090 699 1191 730 ditum
1209 700 1248 730 ad
1264 698 1293 729 se
1308 700 1509 741 admitteret3
1529 710 1583 733 aut
1600 702 1733 739 edifitis,
1749 701 1769 734 fi
1786 702 1905 734 aditum
1923 703 1962 734 ad

1090 740 1120 771 se
1144 750 1208 772 non
1234 740 1407 781 praestaret3
1433 750 1487 773 aut
1510 743 1609 774 literis
1627 766 1636 780 ‚
1658 742 1679 774 fi
1704 742 1806 775 Roma
1831 743 1961 775 abesset.

1090 783 1177 822 quod
1193 781 1214 813 fi
1234 791 1305 813 reus
1322 791 1388 813 non
1407 791 1531 823 pareret
1555 785 1663 824 primae
1680 783 1828 816 Praetoris
1846 794 1963 816 evoca-

1092 824 1191 855 tioni:
1216 823 1409 854 decernebat
1427 823 1548 855 Praetor
1564 825 1751 863 secundam,
1773 826 1803 858 &
1820 827 1962 859 actorem

1091 864 1180 896 fimul
1204 864 1352 895 mittebat
1374 865 1404 896 in
1426 865 1510 896 bona
1529 866 1699 905 latitantis,
1722 866 1792 899 fere
1809 867 1963 899 custodiae

1090 907 1201 946 gratia.
1218 915 1254 936 ac
1269 905 1291 937 fi
1308 906 1436 938 tertium
1454 914 1608 939 evocatus
1623 916 1688 939 non
1706 917 1908 949 compareret
1923 910 1963 941 ad

1091 947 1135 978 sui
1159 946 1396 978 defensionem:
1417 948 1479 988 jam
1503 957 1567 979 non
1589 950 1825 988 procedebatur
1841 951 1879 981 ad
1897 949 1963 982 seu-

1091 989 1246 1027 tentiam3
1268 989 1352 1027 (non
1381 990 1464 1020 enim
1490 989 1554 1020 lioc
1576 998 1643 1020 erat
1667 992 1765 1023 moris
1782 1000 1856 1023 ante
1872 992 1962 1023 litem

1090 1029 1319 1068 contestatam3
1342 1039 1403 1062 nec
1419 1031 1516 1071 magis
1533 1038 1600 1061 erat
1612 1030 1700 1063 locus
1715 1032 1823 1064 edicto
1840 1042 1964 1072 perem-

1089 1071 1217 1111 ptorio,
1241 1071 1281 1103 de
1299 1080 1364 1109 quo
1390 1073 1492 1112 agitur
1508 1071 1528 1103 l.
1543 1076 1594 1105 68.
1611 1071 1647 1106 ἑὸ)
1661 1073 1742 1114 seqq.
1762 1072 1803 1104 D.
1822 1074 1855 1104 cle
1866 1075 1963 1114 judic.
2016 1098 2019 1102 ,

1089 1121 1124 1144 ut
1150 1113 1232 1144 male
1251 1112 1443 1144 existimavit
1461 1113 1571 1152 Scipio
1587 1111 1738 1145 Gentillis
1757 1114 1805 1145 lib.
1817 1113 1895 1157 fing.
1918 1115 1962 1147 0-

1088 1155 1178 1196 rigin.
1193 1161 1263 1195 pag.
1283 1158 1352 1188 286.
1376 1163 1448 1186 nam
1470 1155 1499 1186 &
1518 1155 1583 1186 hoc
1603 1155 1731 1187 demum
1748 1154 1860 1187 habuit
1875 1155 1964 1188 usum

1089 1195 1161 1235 post
1186 1195 1276 1227 litem
1299 1195 1508 1227 contestatam
1526 1196 1545 1227 l.
1565 1204 1613 1236 71.
1631 1195 1667 1229 δ’
1684 1205 1734 1237 73.
1755 1195 1797 1228 D.
1813 1198 1872 1229 eod.
1894 1198 1963 1239 tit.)

1089 1236 1143 1268 sed
1160 1236 1281 1268 Praetor
1290 1238 1392 1268 altero
1409 1239 1541 1269 decreto
1552 1237 1595 1268 rei
1612 1238 1696 1268 bona
1712 1238 1751 1268 ab
1768 1237 1874 1270 actore
1891 1248 1965 1279 pos-

1089 1278 1178 1310 sideri
1194 1288 1230 1309 ac
1246 1277 1371 1309 distrahi
1388 1278 1458 1319 post
1476 1280 1603 1319 triginta
1620 1279 1686 1310 dies
1700 1279 1842 1319 jubebat.
1865 1281 1896 1312 id
1914 1283 1963 1312 in-

1090 1320 1176 1351 dicat
1191 1319 1304 1351 Paulus
1319 1319 1337 1350 l.
1360 1328 1406 1356 19.
1425 1320 1452 1350 h.
1472 1326 1493 1351 t.
1513 1320 1638 1360 plenius
1658 1319 1811 1360 Ulpianus
1827 1321 1847 1353 l.
1867 1330 1915 1353 21.
1932 1322 1964 1365 §.

1090 1371 1118 1392 2.
1145 1360 1186 1391 D.
1211 1360 1262 1392 Ex
1276 1362 1352 1401 quib.
1371 1361 1450 1399 caus.
1467 1362 1535 1402 maj.
1563 1360 1616 1392 sed
1633 1361 1808 1401 pleniffitne
1823 1362 1962 1401 Jacobus

1090 1401 1236 1442 Cujacius
1261 1402 1308 1433 lib.
1330 1411 1376 1434 10.
1404 1402 1526 1442 Observ.
1544 1412 1566 1433 c.
1591 1411 1646 1440 10,
1669 1402 1698 1433 ἃ
1717 1402 1851 1435 Carolus
1870 1403 1963 1445 Sigo-

1088 1443 1157 1475 nius
1165 1443 1211 1474 lib.
1228 1452 1254 1475 1·
1271 1442 1449 1484 Dejuclic.c.
1463 1448 1509 1478 18.
1528 1443 1646 1475 Saltem
1661 1444 1774 1476 addam
1791 1444 1857 1476 hoc
1871 1445 1962 1479 Plau-

1089 1484 1112 1516 ti
1130 1484 1237 1517 Aulul.
1259 1494 1286 1515 2.
1303 1494 1333 1522 4.

1172 1526 1361 1558 Pulmentum
1373 1526 1483 1566 pridem
1498 1527 1523 1557 ei
1540 1526 1644 1566 eripuit
1662 1527 1791 1558 milvus.-

1167 1567 1262 1599 Homo
1276 1568 1313 1598 ad
1331 1567 1483 1598 Proetorem
1499 1567 1725 1607 deplorobnndur
1740 1569 1834 1600 venit.

1165 1608 1240 1647 Infit
1255 1609 1294 1639 ihi
1308 1607 1450 1649 postulare
1460 1609 1597 1649 plorans,
1619 1608 1752 1649 ejulans,

1172 1649 1215 1681 Ut
1224 1648 1281 1687 sibi
1296 1650 1391 1681 liceret
1408 1650 1530 1680 milvum
1545 1651 1691 1681 vadarier.

1087 1690 1139 1721 Sic
1154 1690 1216 1722 fuit
1233 1701 1273 1722 ex
1292 1690 1474 1722 Duodecim
1485 1690 1628 1723 Tabulis.
1653 1692 1805 1731 idemque
1821 1692 1962 1726 obtinuit
1993 1712 1994 1715 =

1083 1732 1152 1772 jur'e
1168 1732 1414 1764 Pandectarum:
1432 1733 1608 1774 mitigatum
1625 1741 1730 1765 tamen
1746 1733 1861 1766 Edicto
1879 1734 1961 1766 Prae-

1089 1774 1177 1805 toris.
1202 1783 1266 1814 quo
1283 1775 1323 1805 de
1339 1783 1438 1813 porro
1456 1774 1580 1806 asturus
1596 1783 1663 1806 ero.
1683 1774 1894 1815 Explicantur
1906 1785 1960 1807 au-

1088 1823 1154 1846 tem
1170 1814 1223 1846 sub
1236 1815 1422 1846 hocTitulo
1439 1816 1497 1847 tria
1512 1816 1625 1855 capita.
1640 1817 1745 1857 primo
1762 1818 1865 1848 vetuit
1877 1817 1961 1849 Prae-

1089 1865 1162 1896 tor,
1178 1858 1328 1895 quasdam
1346 1856 1494 1897 personas
1511 1858 1645 1889 omnino
1663 1858 1772 1890 vocari
1789 1858 1820 1890 in
1835 1858 1894 1899 jus.
1919 1859 1963 1891 al-

1089 1905 1160 1929 tero
1176 1897 1334 1938 permisit,
1359 1900 1511 1938 quasdam
1529 1899 1635 1930 vocari
1655 1900 1804 1940 quidem,
1828 1901 1880 1932 sed
1895 1909 1963 1933 non

1088 1940 1198 1979 aliter,
1215 1949 1308 1980 quam
1324 1948 1398 1970 ante
1416 1940 1506 1971 venia
1523 1950 1538 1971 a
1555 1939 1584 1971 se
1603 1940 1780 1981 impetrata.
1797 1942 1961 1981 postremo

1087 1981 1118 2012 in
1136 1990 1207 2013 eum
1224 1982 1277 2021 qui
1296 1981 1383 2012 secus
1397 1981 1532 2020 fecerit,
1548 1980 1653 2022 posuit
1667 1991 1793 2022 poenam
1805 1983 1961 2022 quinqua-

1087 2022 1175 2063 ginta
1192 2031 1370 2054 aureorum.
1411 2021 1525 2054 Tenor
1544 2023 1635 2062 primi
1662 2023 1774 2063 capitis
1794 2032 1902 2064 magna
1916 2032 1962 2056 ex

1088 2071 1177 2105 parte
1192 2064 1378 2105 intelligitur
1393 2073 1433 2095 ex
1453 2062 1605 2102 Ulpian0,
1623 2063 1818 2102 Callistrato,
1836 2063 1960 2105 &Gajo

1088 2106 1106 2137 l.
1126 2115 1155 2138 2.
1171 2115 1200 2147 3.
1213 2116 1243 2145 4.
1263 2105 1298 2141 ὅ*
1314 2115 1362 2137 22.
1381 2105 1409 2136 h.
1428 2111 1449 2136 t.
1466 2104 1608 2137 Tantum
1624 2107 1654 2137 in
1666 2105 1843 2137 transcursu
1859 2115 1960 2138 anno-

1090 2147 1184 2185 tabo,
1208 2148 1295 2187 quod
1319 2146 1473 2186 Ulpianus
1498 2146 1527 2177 in
1545 2149 1573 2178 α.
1596 2147 1616 2177 l.
1635 2157 1663 2179 2.
1687 2148 1829 2179 nominat
1853 2146 1960 2189 Magi-

1090 2188 1201 2220 stratus
1226 2190 1276 2229 qui
1302 2189 1406 2219 hahent
1430 2189 1580 2228 imperium
1596 2211 1606 2227 ,
1629 2190 1680 2230 qui
1698 2188 1814 2229 pofftmt
1835 2189 1960 2230 aliquem

1084 2230 1226 2267 coercere,
1249 2228 1395 2271 &jubere
1420 2230 1451 2260 in
1475 2239 1615 2260 carcerem
1637 2231 1714 2261 duci.
1757 2229 1855 2261 Tales
1878 2239 1958 2262 vero

1087 2270 1157 2302 sunt
1180 2271 1383 2312 Magistratus
1406 2271 1561 2311 majores,
1584 2280 1600 2301 a
1625 2272 1738 2310 quibus
1755 2272 1894 2303 minores
1913 2272 1959 2303 di-

1087 2312 1217 2353 stinguit
1236 2313 1387 2353 Ulpianus
1404 2311 1422 2342 l.
1442 2322 1491 2352 3²·
1508 2312 1550 2343 D.
1568 2313 1601 2343 de
1616 2313 1747 2355 injuriis.
1781 2312 1826 2345 „ln
1846 2313 1958 2344 eadem

1081 2353 1106 2385 l.
1123 2364 1151 2386 2.
1174 2357 1216 2385 ait
1232 2354 1398 2394 Ulpianus,
1416 2353 1482 2384 Nec
1499 2352 1669 2393 Pontificem
1683 2355 1752 2385 dum
1760 2354 1849 2393 sacra
1858 2354 1958 2392 facit,

1087 2404 1139 2426 nec
1157 2404 1200 2426 eos
1217 2397 1269 2437 qui
1282 2401 1399 2435 propter
1415 2394 1468 2425 loci
1483 2395 1645 2435 religionem
1660 2394 1760 2432 indefie
1776 2404 1887 2426 movere
1899 2404 1957 2426 non

1082 2436 1209 2477 poffunt.
1233 2437 1369 2476 jacobus
1380 2436 1550 2467 Raevardus
1562 2436 1610 2466 lib.
1632 2445 1656 2466 1.
1675 2435 1748 2467 Var.
1764 2445 1788 2466 c.
1804 2439 1834 2466 6.
1850 2444 1960 2467 emen-

1087 2479 1159 2516 dat,
1177 2478 1387 2517 indesemoveri
1403 2487 1459 2508 non
1470 2476 1599 2517 poffunt.
1623 2476 1686 2507 Sed
1699 2475 1845 2508 servanda
1864 2484 1958 2508 vetus

1087 2519 1202 2558 leffio,
1225 2520 1291 2549 inde
1307 2519 1334 2556 [ὲ
1353 2528 1482 2549 movere:
1504 2519 1590 2557 cujus
1612 2517 1733 2556 sensus,
1755 2518 1821 2548 inde
1836 2519 1957 2555 discede-

1083 2570 1134 2592 re:
1158 2561 1237 2592 utin
1254 2560 1274 2592 l.
1288 2565 1356 2600 pen.
1375 2559 1418 2590 D.
1445 2560 1479 2590 de
1491 2565 1588 2589 vocar.
1609 2568 1690 2591 mun.
1714 2559 1802 2597 quod
1820 2559 1959 2592 animad-

1087 2602 1184 2633 vertit
1208 2601 1354 2641 Cujacius
1379 2600 1424 2631 lib.
1453 2609 1499 2640 13.
1527 2599 1646 2632 observ.
1666 2610 1690 2630 c.
1709 2609 1757 2636 29.
1781 2609 1818 2631 ac
1838 2599 1957 2641 spectat

1087 2643 1150 2674 huc
1172 2643 1249 2674 illud
1273 2641 1404 2673 Senecae
1427 2641 1474 2672 lib.
1501 2650 1524 2672 1.
1549 2641 1597 2672 De
1618 2648 1713 2682 tranq.
1739 2643 1827 2673 anim.
1852 2652 1879 2673 c.
1902 2651 1957 2674 10:

1090 2684 1238 2729 Quosdam
1254 2683 1342 2715 exilia
1355 2692 1413 2714 uno
1430 2683 1486 2713 loco
1505 2688 1619 2720 renent,
1642 2684 1777 2724 quosdam
1791 2684 1956 2719 sacerdotia.

1083 2727 1123 2758 21n
1142 2726 1252 2757 eadem
1270 2725 1288 2756 l.
1309 2735 1337 2756 2.
1354 2725 1396 2755 ait
1413 2733 1544 2764 quoque
1554 2722 1728 2763 Ulpianus,
1747 2724 1812 2756 Nec
1827 2725 1959 2766 eum-qui

1086 2768 1119 2798 in
1134 2768 1219 2805 caula
1229 2766 1346 2807 publica
1360 2775 1430 2807 equo
1436 2766 1548 2806 publico
1564 2766 1778 2796 transvehatur.
1805 2766 1854 2797 Ad
1870 2766 1958 2798 hu'nc

1086 2809 1193 2840 locum
1212 2806 1317 2847 potest
1334 2808 1445 2839 referri
1463 2806 1572 2838 Livius
1585 2807 1633 2837 lib.
1654 2816 1683 2842 9.
1701 2808 1732 2837 in
1742 2806 1800 2846 fin.
1827 2807 1856 2838 &
1881 2806 1958 2838 Sue-

1084 2850 1191 2881 tonius
1211 2848 1374 2880 Ostama-c.
1392 2853 1442 2888 38.
1474 2848 1697 2886 Superioribus
1714 2849 1869 2888 exemplis
1885 2847 1957 2880 addi

1079 2890 1210 2933 *poss'unt
1235 2891 1301 2921 alia.
1332 2891 1468 2930 primum
1492 2889 1555 2928 est,
1578 2888 1598 2920 fi
1625 2890 1718 2929 injus
1735 2897 1868 2920 vocatus
1884 2888 1957 2929 satis

1082 2941 1137 2964 aut
1160 2939 1289 2964 cautum
1315 2932 1458 2970 dederit,
1483 2932 1532 2962 vel
1549 2930 1618 2971 quis
1639 2931 1704 2971 ejus
1720 2930 1885 2971 personam
1898 2930 1958 2961 de-

1078 2974 1214 3013 fendet3
1230 2974 1280 3004 vel
1297 2973 1316 3005 fi
1327 2973 1501 3012 dum‘injus
1510 2974 1655 3010 venitur,
1670 2973 1710 3003 de
1720 2981 1754 3003 re
1763 2970 1954 3003 mansuetum

1081 3015 1190 3047 fuerit.
1214 3024 1285 3047 nam
1305 3023 1454 3046 vocatum
1474 3014 1525 3045 vel
1540 3013 1584 3045 *fic
1600 3012 1741 3045 excusari
1761 3022 1778 3043 a
1795 3011 1954 3043 necestita-

1084 3065 1116 3089 te
1135 3056 1285 3097 sequendi
1303 3058 1332 3088 in
1349 3056 1419 3096 jus,
1436 3063 1568 3096 apparet
1584 3054 1595 3085 l
1623 3065 1660 3086 22
1687 3054 1706 3094 §
1736 3062 1759 3084 1.
1779 3053 1806 3082 h.
1823 3058 1836 3082 t
1862 3051 1892 3081 &
1907 3052 1953 3082 in-

1076 3100 1133 3139 fra
1151 3098 1248 3130 'ritulo
1263 3107 1314 3129 vt.
1333 3098 1369 3132 ὃ)
1386 3106 1478 3129 virt.
1522 3096 1630 3128 Simile
1645 3093 1828 3138 exemplum·
1842 3091 1906 3137 est}
1930 3091 1952 3123 si

1082 3142 1154 3181 quis
1164 3139 1194 3171 se
1209 3140 1461 3180 receperitintra
1478 3140 1607 3170 domum
1625 3136 1721 3180 luam»
1742 3141 1844 3179 innuit
1862 3132 1954 3178 Cice-

1085 3192 1122 3213 ro
1139 3181 1195 3213 Pro
1206 3182 1285 3212 domo
1302 3191 1326 3212 c.
1344 3180 1526 3218 aih-Verba
1542 3178 1718 3209 Ciceronis.
1741 3173 1823 3217 Qum
1835 3172 1873 3214 est
1890 3176 1955 3209 lan-

1085 3222 1179 3263 ᾶῑτιε,
1201 3224 1271 3264 quial
1295 3224 1371 3255 omni
1395 3220 1529 3262 religione
1552 3218 1717 3256 munitius,
1744 3225 1832 3256 quam
1854 3216 1954 3288 232⁷?qu
