2036 3495
130 114 202 149 424

136 192 215 224 item
239 198 343 223 utrum
376 187 493 219 addant
510 209 519 225 ,
549 194 587 217 an
615 182 784 215 detrahant
807 180 1011 227 obligationi.

139 243 212 264 nam
231 234 259 264 in
277 229 457 263 continenti
477 226 615 266 adjesta,
630 225 651 256 fi
666 224 782 255 addant
801 223 1011 263 obligation13

139 284 205 306 non
224 273 318 304 inesse
335 280 375 301 ex
391 276 480 308 parte
489 267 622 304 actoris,
637 274 742 305 neque
760 263 901 295 formare
917 263 1012 294 actio-

141 324 226 347 nem.
249 313 292 345 sin
311 310 499 347 detrahant3
515 307 610 339 inesl'e
628 316 667 337 ex
685 313 774 346 parte
790 307 853 343 rei,
871 304 900 335 dt
918 304 1012 335 aetio·

140 365 215 388 nem
235 355 348 386 tollere
373 351 423 381 vel
450 348 670 390 transfigurare
686 346 753 387 ipso
769 348 847 387 Jure.
878 346 967 384 quod
991 344 1012 376 si

138 405 181 431 ex
198 393 366 427 intervallo
383 392 441 423 sint
460 388 716 428 subsecuta‚s1ve
733 388 810 429 quid
827 386 1012 424 detrahant,

138 437 205 470 five
228 435 377 476 adjiciant
401 432 594 464 conti-adtui:
617 433 646 462 ei
673 439 738 461 non
754 427 868 467 iness'e3
892 429 936 459 ita
952 436 1012 458 nec

138 478 253 510 tollere
279 476 437 507 actionem
461 473 527 515 ipso
551 473 640 513 jure3
665 472 695 502 ὃ(
721 478 843 501 tantum
862 469 900 501 ad
916 478 1011 500 exce-

139 520 285 561 ptionem
303 514 473 557 proficere.
498 514 550 546 Sic
569 512 741 544 Veteribus
757 510 873 549 visum3
888 520 953 542 non
970 518 1013 541 ta·

137 570 212 592 men
230 558 373 600 semper,
397 566 503 597 neque
525 555 684 587 omnibus.
716 563 787 585 nam
805 561 839 583 ut
856 552 946 590 alibi,
971 550 1013 582 sic

137 602 210 638 hic,
227 600 298 632 usus
315 599 459 640 quaedam
477 607 517 630 ex
532 597 662 637 antiqua
677 594 811 627 mutavit
826 592 949 624 forma:
967 601 1013 623 et-

139 643 303 685 siparcius
318 643 348 673 in
372 648 504 678 mutuo,
531 647 625 678 quam
643 639 674 669 in
698 635 912 676 stipulatione.
943 632 1012 665 fue-

136 685 180 716 rit
194 684 226 715 id
241 682 373 715 curiosae
391 680 643 712 observationis:
666 687 703 709 ac
719 677 741 710 fi
756 675 882 708 fastidio
898 684 964 706 non
982 685 1013 706 e-

137 727 181 758 rit
199 734 268 757 mea
294 724 476 764 diligentia:
501 730 641 761 exequar
656 719 774 760 singula
791 727 864 750 meo
881 717 1012 758 ingenio

137 767 293 807 exemplis
311 765 434 805 aliquot
452 773 516 795 non
537 762 781 802 inelegantibus.

179 807 344 839 Familiam
367 807 464 836 ducet
487 803 643 844 Ulpianus
659 803 679 835 l.
696 811 749 833 XI.
764 802 794 843 §.
816 810 842 832 1.
862 800 903 832 D.
924 801 956 831 de
970 810 1010 831 re-

137 851 190 881 bus
207 849 322 880 creditis
337 847 442 878 verbis
452 845 668 886 sequentibus.
692 844 726 875 Si
742 844 793 875 tihi
809 843 906 873 decrero
919 844 1011 873 decem

136 891 155 931 s
150 890 209 933 fic]
221 914 229 928 ‚
252 896 284 921 ut
300 898 401 920 novem
418 889 532 919 debeas:
556 886 699 919 Proculus
715 886 776 923 ait,
793 883 829 919 {9⁹
846 883 937 921 reae,
953 893 1011 914 non

137 933 261 973 amplius
280 937 306 962 te
326 932 381 970 ipso
395 930 463 971 jure
484 930 599 967 debere,
622 937 709 969 quam
724 936 837 958 novem.
858 926 911 965 sed
928 923 950 961 fi
966 926 1010 955 de-

137 975 222 1012 dero,
246 980 279 1004 ut
304 973 436 1003 undecim
461 971 579 1009 debeas,
598 975 686 1009 putat
706 967 864 1005 Proculus,
888 967 1011 1006 amplius

135 1025 223 1057 quam
240 1016 331 1046 decem
349 1013 460 1044 conditi
475 1022 532 1043 non
551 1010 637 1052 poffe.
681 1009 874 1049 Exemplum
897 1007 961 1038 hoc
978 1008 1009 1039 in

136 1064 261 1088 mutuo.
286 1056 317 1087 in
335 1064 400 1095 quo
417 1055 481 1086 duo
499 1054 578 1085 dicit
600 1051 773 1092 Ulpianus,
790 1057 887 1090 atque
904 1058 945 1080 ex
961 1058 1011 1080 au-

135 1098 284 1130 &oritate
302 1096 447 1129 Proculi:
464 1096 536 1134 qui,
552 1102 587 1126 ut
603 1093 681 1125 mihi
701 1092 845 1130 videtur,
863 1092 1010 1131 princeps

134 1139 225 1172 ausus
243 1138 323 1177 fuit,
348 1139 400 1169 hic
417 1137 570 1169 recedere
589 1146 606 1167 a
622 1134 779 1166 Veterum
799 1131 1009 1178 definitione,

134 1191 202 1213 non
229 1181 260 1212 in
286 1188 407 1218 totum,
433 1178 484 1209 sed
502 1187 542 1208 ex
560 1184 659 1217 parte.
690 1176 826 1216 primum
841 1182 884 1205 ait
900 1172 1010 1214 Ulpia-

135 1232 212 1261 nus,
227 1221 249 1254 fi
265 1222 385 1253 dedero
402 1220 457 1251 tibi
474 1220 589 1250 decern
603 1225 752 1255 mutuos:
769 1216 833 1247 hoc
848 1215 960 1255 pacto,
974 1222 1010 1246 ut

135 1273 256 1296 novem
276 1263 412 1294 debeas:
437 1269 469 1291 te
485 1260 552 1301 ipso
567 1260 636 1300 jure
654 1267 773 1290 novem
791 1257 928 1294 debere,
944 1265 1008 1288 non

134 1306 260 1338 decern.
278 1305 306 1335 δι
323 1301 635 1339 movetUlpianum:
652 1300 741 1340 quod
756 1300 788 1330 id
804 1298 1009 1340 pactummu-

136 1354 195 1378 tuo
214 1347 245 1377 in
263 1345 442 1376 continenti
461 1343 505 1375 est
521 1342 695 1382 adjectum:
712 1350 773 1372 nec
789 1341 818 1371 ei
835 1339 941 1377 addit,
957 1337 1009 1370 sed

136 1388 285 1420 detrahit.
309 1386 388 1418 int-st
405 1386 502 1427 igitur
517 1392 629 1416 mutuo
646 1391 686 1414 ex
703 1389 793 1423 parte
809 1381 872 1419 rei;
896 1380 926 1411 ἃ
944 1389 1010 1410 cer-

135 1430 159 1461 ti
183 1428 422 1460 condictionem
446 1434 486 1457 ex
509 1435 550 1456 eo
576 1433 701 1462 natam,
724 1429 880 1463 quatenus
902 1422 1011 1453 datum

134 1471 200 1509 est,
216 1470 283 1511 ipso
298 1470 367 1509 jure
383 1468 468 1499 tollit
479 1489 487 1504 ‚
504 1474 656 1506 quantum
669 1465 783 1495 attinet
795 1464 833 1494 ad
849 1463 1010 1493 decimum

129 1520 307 1544 nummum.
332 1510 396 1540 hoc
413 1508 551 1549 primum
569 1505 740 1546 Ulpianus:
764 1504 915 1543 sequutus
934 1503 1009 1534 Pro-

131 1553 259 1589 culum,
284 1550 336 1591 qui
360 1549 403 1581 fic
423 1549 543 1589 primus
565 1547 672 1579 statuit
694 1545 844 1578 adversus
864 1552 1008 1577 veterem

130 1594 213 1635 juris
227 1592 376 1624 formam.
401 1590 477 1631 quid
492 1589 609 1621 deinde
620 1587 801 1629 Ulpianus?
817 1586 867 1625 Si,
884 1587 1007 1626 inquit,

131 1635 253 1668 dedero
270 1633 328 1664 tibi
345 1633 478 1670 decem3
495 1640 531 1662 ea
547 1631 636 1671 lege,
653 1637 688 1661 ut
704 1629 854 1661 undecim
871 1628 1007 1660 debeas:

128 1675 305 1710 Proculum
331 1681 462 1715 putare,
485 1673 619 1713 amplius
636 1680 731 1710 quarn
748 1671 862 1702 decern
879 1670 1006 1701 condici

79 1741 85 1744 -
128 1727 195 1750 non
223 1716 323 1758 poffe.
347 1715 389 1748 fic
416 1714 591 1756 Ulpianus:
615 1711 811 1754 significans,
835 1711 1007 1743 Proculum

128 1759 210 1792 nihil
234 1758 295 1790 hac
318 1758 349 1789 in
375 1766 466 1798 parte
488 1754 620 1788 mutasse
637 1763 678 1786 ex
695 1753 776 1793 juris
794 1752 911 1794 regula.
934 1762 1008 1784 nam

125 1801 255 1843 pactum
280 1807 315 1832 ut
332 1798 482 1830 undecim
499 1797 636 1834 debeas,
660 1804 733 1826 curn
750 1795 862 1826 decem
881 1795 1007 1834 accepi-

127 1842 185 1882 sti,
200 1849 296 1884 auget
312 1840 412 1873 mutui
427 1839 678 1880 obligationem:
704 1836 734 1868 δι
750 1836 824 1867 ideo
843 1845 907 1867 non
927 1835 1007 1867 inest

125 1891 242 1917 mutuo
259 1893 299 1915 ex
315 1889 405 1924 parte
422 1880 558 1919 a&oris;
580 1888 641 1911 nec
660 1877 814 1911 informat
829 1877 910 1909 certi
929 1886 1005 1908 con-

126 1926 302 1958 dictionem
319 1934 359 1957 ex
373 1931 506 1962 mutUO,
528 1928 685 1963 quatenus
702 1919 811 1952 datum
829 1918 894 1960 est,
917 1928 1005 1952 com-

125 1975 305 2009 petentem.

171 2008 248 2041 Non
266 2010 402 2051 ignoro,
417 2008 525 2049 paffim
541 2007 632 2039 aliam
649 2006 763 2039 adduci
779 2002 923 2044 causam,
948 2013 1004 2037 cur

128 2051 161 2082 in
179 2052 205 2081 ci.
225 2052 243 2081 l.
259 2061 311 2082 Χῖ.
328 2051 357 2092 §.
378 2060 403 2082 1.
420 2051 533 2082 decem
550 2049 631 2081 datis
655 2058 696 2080 ex
713 2054 843 2085 mutu0‚
869 2046 899 2078 dt
920 2047 1003 2086 adje-

129 2093 183 2124 cto
198 2092 308 2132 paeto,
328 2100 363 2123 ut
373 2101 509 2131 novem,
525 2099 579 2122 aut
594 2097 629 2121 ut
644 2089 792 2121 undecim
809 2088 1001 2119 debeantur:

127 2134 158 2165 in
170 2134 269 2165 altero
281 2133 349 2164 casu
366 2141 487 2165 tautum
499 2141 618 2165 novem
628 2154 636 2170 ,
653 2132 683 2163 in
699 2131 800 2162 altero
817 2137 938 2161 tantum
950 2129 1002 2160 de-

127 2184 199 2206 cem
210 2198 219 2214 ‚
237 2175 423 2206 debeantur.
439 2174 674 2214 ajuntscilicet,
691 2172 722 2203 in
734 2172 836 2203 altero
848 2171 1003 2202 donatum

127 2216 230 2248 videri
248 2224 411 2248 nummum
422 2216 600 2247 decimum:
617 2215 647 2245 in
659 2214 760 2245 altero
770 2212 1002 2254 obligationem

126 2268 162 2289 re
170 2267 235 2289 non
252 2257 398 2289 contrahi
415 2258 495 2288 ultra
511 2265 605 2297 quam
622 2257 730 2286 datum
745 2254 791 2286 sit.
816 2253 877 2286 Sed
893 2261 1003 2286 neutra

127 2298 289 2340 responsio
308 2297 445 2331 nostram
468 2304 611 2329 moratur
633 2295 831 2328 sententiam.
865 2295 1003 2336 primum

126 2350 193 2372 non
210 2350 249 2372 ne
276 2351 313 2379 0,
336 2340 449 2372 decem
474 2339 555 2371 datis
580 2348 621 2370 ex
642 2336 732 2369 causa
750 2338 869 2375 mutui,
894 2344 929 2368 ut
945 2346 1002 2368 no·

126 2392 201 2414 vern
213 2392 244 2414 re
275 2383 416 2413 ituantur
427 2405 436 2419 ‚
446 2381 585 2413 debitori
597 2380 750 2411 donatum
761 2377 823 2410 esl'e
838 2388 1003 2410 nummum

127 2424 298 2455 decimum.
329 2423 404 2464 quin
421 2422 547 2460 fateor,
573 2421 644 2461 quia
663 2420 731 2451 haec
750 2420 884 2452 donatio
906 2420 934 2451 ei
953 2429 1003 2461 pa-

128 2465 181 2496 cto
198 2463 278 2496 faeta
297 2465 360 2502 est3
381 2473 444 2495 non
463 2463 551 2505 posse
569 2464 684 2495 decem
701 2470 773 2493 curn
790 2460 907 2494 effectu
925 2461 1002 2502 peti.

127 2514 161 2536 at
177 2505 222 2537 est
238 2516 326 2537 error
343 2507 407 2537 hoc
423 2506 519 2545 quaeri
546 2503 803 2537 existimantium.
833 2503 910 2534 illud
934 2512 1002 2534 ver-

129 2548 223 2579 titur:
246 2546 267 2578 fi
294 2547 499 2579 nihilominus
517 2546 659 2578 creditor
682 2546 794 2577 decern
820 2554 836 2576 a
854 2544 1004 2576 debitore

124 2596 216 2629 petat
234 2589 310 2619 certi
331 2588 559 2626 condietione,
573 2588 605 2620 id
624 2586 688 2625 est,
704 2585 830 2617 afflone
847 2585 942 2617 stricti
958 2586 1003 2625 ju-

127 2631 188 2661 ris:
214 2630 380 2670 quomodo
407 2630 556 2661 servanda
574 2628 627 2660 usu
644 2627 720 2659 Fori
738 2626 874 2658 Romani
893 2637 928 2658 ea
946 2628 1001 2659 do-

126 2671 217 2702 natio
235 2671 399 2702 videatur:
424 2671 533 2709 ipsone
548 2671 634 2711 iure,
651 2679 689 2701 an
704 2669 785 2709 paCti
804 2669 1000 2709 exceptione

127 2722 169 2744 ex
188 2712 251 2743 hoc
271 2710 413 2742 Edicto?
436 2712 519 2743 istaec
542 2722 591 2743 res
611 2711 676 2750 est,
699 2719 796 2750 atque
819 2719 855 2741 ea
873 2710 936 2741 huc
955 2719 1002 2741 re-

131 2754 197 2785 dit:
214 2761 319 2784 utrum
337 2751 398 2782 tale
415 2753 538 2791 pastum
555 2753 624 2785 insit
642 2760 775 2791 mutuo,
791 2752 823 2783 id
842 2751 906 2789 est,
922 2760 1000 2782 con-

127 2795 239 2826 trat'tui
255 2793 350 2825 stricti
365 2794 456 2833 Juris:
473 2803 510 2825 an
527 2804 591 2826 non
608 2794 686 2826 insit.
712 2803 782 2825 nam
802 2792 822 2824 si
836 2802 902 2824 non
921 2792 1001 2823 inest

127 2837 174 2868 ei:
187 2836 250 2876 jam
267 2836 385 2866 nudum
401 2833 464 2872 est3
480 2844 538 2866 nec
554 2835 682 2875 prodest
697 2834 765 2875 ipso
779 2835 865 2875 jure,
877 2833 928 2865 sed
945 2844 1002 2874 per

128 2878 367 2917 exceptionem.
398 2874 440 2906 sin
460 2876 537 2906 inest
553 2878 599 2907 ei:
625 2877 722 2918 magis
739 2876 898 2908 aaronem
915 2875 1002 2906 tollit

124 2919 194 2960 ipso
209 2920 294 2958 J'ure,
309 2926 402 2958 quam
419 2926 475 2957 per
490 2918 727 2955 exceptionem.
746 2917 820 2958 quid
836 2926 914 2957 ergo
929 2916 1000 2948 est‘?

127 2962 172 2992 ait
197 2959 370 2999 Ulpianus,
391 2967 457 2989 non
482 2957 616 3002 amplius
639 2966 671 2989 te
695 2958 761 2998 ipso
776 2959 844 2998 jure
861 2959 1000 2995 debere,

128 3011 223 3042 quam
235 3010 364 3032 novem.
383 3007 473 3038 putat
489 2999 603 3038 igitur,
619 2999 744 3037 pastum
760 3007 891 3038 mutuo,
908 3000 939 3030 id
955 2999 1000 3030 est

126 3042 303 3074 contr-aemi
332 3040 427 3073 strieti
448 3041 541 3080 Jur1s‚
565 3040 596 3069 in
625 3040 803 3070 continenti
826 3041 999 3080 adjessum,

126 3094 200 3115 cum
217 3084 354 3115 detrahit
371 3081 578 3122 obligationi,
600 3078 695 3110 inesse
716 3090 755 3110 ex
772 3090 863 3119 parte
882 3083 946 3121 rei,
973 3082 1003 3113 ὅτ,

128 3127 207 3156 certi
225 3124 462 3155 condictionem
478 3122 545 3163 ipso
558 3123 626 3161 jure
637 3129 832 3160 expungere.
853 3122 1001 3163 respondi

126 3167 237 3208 primae
253 3166 445 3205 objectioni:
471 3164 633 3195 videamus
652 3161 792 3192 alteram.
826 3201 831 3206 .

169 3207 249 3240 Haec
267 3216 356 3248 aeque
372 3205 505 3238 infirma.
540 3203 757 3237 concedamus
782 3211 886 3241 enim,
912 3205 999 3243 quod

733 91 1320 131 GertARn1Noonr

1054 180 1159 220 ajunt,
1183 181 1296 213 decem
1315 180 1412 220 datis,
1430 187 1464 211 ut
1481 181 1629 212 undecim
1647 181 1839 222 debeantur,
1857 193 1921 217 non

1054 222 1220 261 undecim,
1235 222 1285 254 sed
1304 223 1416 254 decem
1433 222 1559 253 deberi:
1577 232 1616 253 co
1633 223 1720 262 quod
1736 233 1799 256 non
1816 227 1922 264 potest

1055 262 1210 304 obligatio
1227 273 1260 294 re
1278 263 1360 295 nasci
1377 264 1475 299 ultra,
1495 272 1586 303 quam
1607 264 1714 295 datum
1731 263 1785 304 sit3
1802 275 1865 297 non
1883 276 1925 297 ta-

1054 313 1128 335 men
1145 305 1178 335 id
1200 304 1393 345 propositam
1411 306 1540 344 expedit
1559 304 1789 337 difficultatem.
1819 307 1923 338 adhuc

1056 345 1141 376 enim
1157 354 1283 386 quaero,
1300 355 1356 378 cur
1371 347 1454 386 apud
1466 344 1636 385 Ulpianum
1654 355 1695 376 ex
1709 354 1822 378 mutuo
1838 350 1926 387 quod

1055 395 1089 417 re
1114 387 1331 426 contrahitur,
1356 396 1421 419 non
1444 387 1537 427 poffit
1558 394 1690 427 propter
1706 387 1859 427 adjectum
1874 397 1926 429 pa-

1056 427 1139 473 etum
1153 428 1233 459 ultra
1245 429 1276 460 id
1292 429 1381 469 quod
1396 429 1501 460 datum
1517 428 1579 468 est,
1604 428 1758 469 obligatio
1776 428 1857 460 nasci
1873 429 1925 461 Ci-

1056 468 1111 499 v111
1136 468 1235 508 Jure?
1260 479 1296 501 ea
1313 479 1390 501 vero
1407 479 1472 501 non
1497 470 1554 501 alia
1572 469 1634 508 est,
1660 479 1754 509 quarn
1770 470 1858 510 quod
1874 479 1927 511 pa-

1057 509 1159 548 ctum,
1177 519 1289 542 mutuo
1305 511 1336 542 in
1353 511 1533 543 continenti
1549 511 1724 552 adjectum,
1744 509 1766 542 si
1782 511 1858 551 quid
1876 513 1927 543 ad-

1056 551 1110 581 dat
1136 551 1347 592 obligationi,
1369 561 1432 584 non
1459 552 1538 584 inest
1555 562 1595 584 ex
1612 560 1701 592 parte
1719 552 1851 591 actoris3
1873 553 1927 584 ita-

1056 601 1118 638 que
1133 593 1252 624 nudum
1269 601 1394 633 manet,
1419 593 1449 625 &
1465 595 1579 626 nullius
1595 594 1751 625 momenti
1769 593 1824 624 est.
1852 594 1927 625 alio-

1056 642 1132 673 quin
1149 633 1326 672 depositum
1344 644 1434 675 aeque
1451 645 1484 667 re
1502 635 1698 666 contrahitur
1713 643 1750 665 ac
1765 643 1926 668 mutuum:

1057 675 1087 705 ἃ
1103 683 1209 706 tamen
1229 684 1270 707 ex
1287 677 1441 714 nummis,
1465 676 1528 708 sine
1544 676 1762 715 obsignatione
1780 676 1929 716 depositis

1056 725 1093 747 ca
1108 717 1195 757 lege,
1222 723 1256 748 ut
1272 715 1367 748 usurae
1384 717 1586 758 praestentur,
1610 721 1716 750 donec
1731 718 1930 750 tantumdem

1056 757 1222 789 reddatur:
1247 758 1365 798 placuit
1389 758 1561 799 Papiniano
1586 760 1604 790 l.
1623 769 1671 796 24.
1692 758 1728 793 ἑοῦ
1743 758 1763 789 l.
1783 769 1832 800 25.
1849 758 1876 800 §.
1900 768 1927 791 1.

1055 799 1098 830 J).
1123 798 1271 839 Depofiti,
1295 801 1391 831 etiam
1417 799 1514 831 Paulo
1538 801 1557 831 l.
1577 804 1625 832 26.
1646 800 1674 842 §.
1699 809 1724 831 1.
1740 799 1784 832 D.
1804 802 1862 831 eod.
1881 802 1926 832 tit.

1055 839 1157 873 usuras
1173 841 1282 872 deberi
1295 841 1420 872 actione
1431 840 1583 882 depositi:
1601 841 1744 882 quamvis
1757 841 1928 882 negarine·

1054 889 1169 922 queat,
1185 881 1226 913 fic
1240 882 1470 923 obligationem
1491 893 1524 914 re
1543 883 1624 914 nasci
1641 884 1740 921 ultra,
1759 892 1852 923 quam
1872 884 1927 914 de.

1054 922 1190 964 positum
1208 923 1262 955 est.
1288 932 1436 965 putemus
1452 924 1565 965 igitur,
1581 926 1663 956 inter
1680 931 1824 956 mutuum
1835 924 1863 955 dt
1874 925 1927 956 de-

1052 963 1188 1004 positum
1214 964 1290 1005 (etsi
1307 973 1476 1005 utrumque
1492 975 1525 996 re
1542 966 1769 1006 contrahatur)
1793 967 1926 997 interes-

1054 1005 1103 1037 se:
1121 1007 1209 1046 quod
1229 1013 1375 1039 mutuum
1392 1006 1437 1038 est
1453 1007 1633 1038 contractus
1650 1007 1743 1038 stricti
1756 1007 1850 1047 juris3
1873 1008 1925 1039 de-

1054 1046 1189 1086 positum
1207 1048 1300 1080 bonae
1316 1047 1407 1080 fidei:
1427 1050 1565 1089 ideoque
1581 1049 1705 1089 pactum
1716 1048 1862 1089 deposito
1877 1049 1929 1080 ad·

1049 1089 1167 1129 jestum
1180 1090 1219 1120 de
1230 1088 1412 1130 praestandis
1423 1090 1518 1121 usuris
1528 1113 1536 1127 ,
1548 1089 1694 1128 deposito
1710 1089 1788 1121 inest
1803 1100 1842 1121 ex
1858 1099 1925 1131 par-

1053 1138 1085 1161 te
1101 1130 1237 1169 nitoris,
1254 1131 1413 1163 &format
1423 1131 1742 1171 depositiaetionem:
1761 1130 1926 1172 postquam
1952 1162 1955 1163 γ

1053 1172 1172 1212 placuit
1190 1171 1279 1204 Divo
1304 1172 1376 1211 Pio,
1404 1174 1492 1213 quod
1516 1172 1676 1213 superiore
1700 1172 1823 1204 ostendi
1843 1174 1928 1214 capi-

1053 1221 1106 1251 te,
1131 1214 1162 1244 in
1180 1213 1276 1244 bonae
1294 1213 1367 1245 fidei
1380 1214 1525 1254 judiciis,
1542 1216 1647 1255 quoad
1664 1213 1784 1251 usuras.
1803 1222 1925 1247 tantum

1052 1253 1142 1295 posse
1165 1254 1308 1287 officium
1332 1256 1459 1294 arbitri,
1485 1264 1637 1296 quantum
1664 1257 1747 1287 valet
1764 1255 1924 1296 stipulatio

1052 1296 1080 1326 d.
1097 1296 1117 1326 l.
1136 1305 1185 1336 24.
1203 1304 1235 1327 at
1249 1304 1363 1328 mutuo
1380 1306 1444 1328 non
1462 1296 1540 1328 inest
1557 1298 1618 1328 tale
1634 1297 1780 1337 passum3
1799 1307 1859 1328 nec
1875 1307 1926 1338 pa-

1054 1335 1185 1369 ciscenti
1211 1338 1341 1378 prodest
1365 1338 1403 1369 ad
1425 1339 1577 1378 petendas
1601 1339 1705 1370 usuras
1721 1339 1740 1369 l.
1758 1348 1787 1379 3.
1804 1337 1840 1372 &²
1856 1339 1875 1369 l.
1894 1348 1923 1380 7.

1056 1378 1089 1409 C.
1108 1379 1141 1409 de
1156 1379 1269 1418 usuris.-
1292 1379 1409 1420 quippe
1433 1389 1504 1410 curn
1526 1380 1557 1411 in
1576 1378 1670 1411 stricti
1685 1380 1762 1420 juris
1777 1380 1924 1419 judiciis,

1053 1420 1200 1465 exceptis
1226 1421 1336 1462 legatis
1356 1421 1384 1451 ὅ(
1401 1419 1666 1459 fideicommissis,
1690 1430 1753 1452 non
1772 1421 1925 1457 placuerit

1052 1458 1142 1492 Divo
1159 1461 1218 1493 Pio
1229 1485 1239 1500 ,
1256 1463 1340 1493 circa
1354 1461 1457 1493 usuras
1468 1470 1589 1493 mutare
1603 1471 1743 1494 veterem
1763 1462 1899 1494 formam
1910 1485 1920 1500 ‚

1053 1501 1105 1548 sed
1123 1511 1175 1534 eas
1194 1503 1317 1542 adhuc,
1342 1511 1502 1543 tamquam
1520 1513 1666 1544 poenam,
1690 1511 1811 1536 tantum
1828 1503 1920 1545 stipu-

1051 1542 1171 1575 latione
1189 1544 1308 1576 deberi.

1089 1585 1198 1625 Atque
1225 1585 1288 1616 huc
1310 1586 1407 1617 etiam
1423 1586 1447 1617 it
1466 1586 1579 1618 Paulus
1597 1587 1616 1618 l.
1638 1596 1684 1626 17.
1705 1586 1746 1618 D.
1764 1588 1796 1617 cle
1810 1585 1922 1627 pribiis,

1050 1626 1181 1666 pulchra
1199 1626 1229 1658 ὅ(
1245 1627 1408 1667 elegante,
1432 1626 1484 1659 sed
1505 1629 1590 1667 quus
1617 1629 1683 1667 vis,
1706 1637 1776 1659 mea
1794 1629 1922 1667 opinio-

1051 1677 1112 1707 ne,
1129 1669 1273 1700 nondum
1293 1669 1364 1700 satis
1380 1669 1577 1710 intelligitur.
1597 1668 1658 1710 ipsa
1675 1670 1800 1701 interim
1818 1669 1863 1700 est
1881 1679 1923 1701 ex

1050 1708 1138 1741 Pauli
1154 1710 1202 1742 lib.
1219 1720 1250 1752 3.
1293 1711 1343 1742 Ad
1365 1709 1532 1749 EdiCturn,
1556 1720 1662 1751 eoque
1687 1713 1814 1751 propria
1832 1711 1922 1751 hujus

1050 1750 1133 1797 loci,
1156 1752 1200 1783 ita
1222 1761 1283 1783 nec
1309 1752 1432 1793 pigebit
1450 1761 1519 1790 me,
1544 1752 1575 1783 in
1593 1761 1662 1784 eain
1678 1753 1860 1793 diligentius
1877 1753 1923 1784 in-

1051 1801 1187 1833 quirere.
1212 1793 1310 1825 verba
1327 1793 1425 1825 Pauli.
1458 1794 1492 1824 Si
1511 1794 1565 1825 rz‘ln'
1579 1795 1670 1825 decem
1685 1795 1765 1832 dem,
1791 1792 1826 1828 ὅ)
1839 1795 1922 1834 paci-

1040 1836 1133 1874 scar,
1150 1842 1184 1866 ut
1199 1835 1310 1877 viginti
1328 1835 1404 1866 mihi
1423 1835 1618 1867 debeantur:
1637 1845 1694 1866 non
1711 1836 1841 1874 nascitur
1856 1835 1922 1866 ohli-

1045 1877 1127 1917 gatio
1150 1877 1230 1909 ultra
1252 1878 1362 1908 decem.-
1385 1886 1414 1908 re
1435 1878 1512 1908 enim
1537 1886 1594 1908 non
1609 1875 1694 1917 potest
1710 1877 1841 1918 obligatio
1858 1886 1922 1908 con-

1048 1917 1148 1964 trabi,
1163 1916 1219 1956 nisi
1238 1926 1382 1961 quatenus
1392 1917 1553 1958 datumfit.
1578 1917 1624 1950 Ut
1639 1919 1760 1959 planior
1778 1917 1920 1949 fiatPau-

1046 1959 1068 1990 11
1096 1958 1272 2000 sententia,
1296 1961 1402 1993 obiter
1426 1962 1634 2001 praemittam,
1659 1960 1746 2001 quod
1769 1960 1813 1991 est
1838 1961 1918 1990 citra

1047 2001 1297 2035 controversiam
1309 2027 1317 2041 ‚
1331 2002 1352 2034 si
1370 2004 1428 2034 tibi
1448 2005 1559 2034 decern
1577 2003 1668 2040 dem,
1685 2011 1744 2033 nec
1760 2000 1917 2040 paciscar,

1047 2051 1082 2074 ut
1098 2043 1175 2075 mihi
1193 2045 1303 2086 viginti
1320 2044 1512 2076 debeantur:
1532 2044 1608 2075 nihil
1625 2043 1700 2074 mihi
1718 2043 1825 2074 deberi
1843 2050 1919 2081 pra:-

1049 2093 1098 2116 ter
1115 2086 1247 2117 decem:
1273 2096 1313 2117 eo
1339 2086 1426 2126 quod
1445 2095 1508 2116 non
1527 2083 1632 2126 potest
1650 2094 1681 2115 re
1700 2084 1780 2115 nasci
1797 2084 1917 2123 obliga-

1048 2127 1112 2165 tio,
1128 2126 1183 2159 nisi
1199 2135 1354 2167 quatenus
1369 2127 1477 2158 datum
1493 2126 1538 2158 sit.
1559 2127 1622 2157 hoc
1637 2127 1836 2165 exploratum
1850 2133 1918 2155 om·

1047 2168 1158 2201 nibus:
1184 2177 1245 2200 nec
1260 2168 1305 2200 est
1322 2167 1485 2208 quaestioni
1503 2168 1613 2200 Paulo.
1644 2167 1696 2198 sed
1714 2168 1808 2207 quid,
1832 2166 1852 2197 si
1874 2167 1917 2197 in-

1047 2209 1204 2241 terveniat
1227 2210 1290 2241 tale
1314 2209 1461 2250 paetum,
1485 2216 1520 2240 ut
1540 2210 1610 2249 plus
1628 2209 1798 2245 debeatur,
1823 2215 1918 2247 atque

1045 2253 1078 2283 in
1105 2252 1302 2290 continenti,
1326 2252 1378 2282 ubi
1404 2251 1604 2282 contrahitur
1628 2249 1796 2282 mutuum?
1820 2258 1855 2280 ea
1874 2248 1918 2280 est

1045 2293 1133 2326 Pauli
1150 2292 1290 2333 quaestio.
1315 2293 1357 2324 ait
1375 2302 1470 2332 vero,
1496 2301 1556 2324 nec
1570 2293 1632 2333 jam
1651 2291 1731 2323 nasci
1748 2290 1917 2330 obligatio-

1045 2343 1119 2367 nem
1136 2335 1218 2366 ultra
1233 2334 1357 2365 decem.
1388 2344 1463 2365 vere
1482 2334 1511 2365 ἃ
1527 2334 1696 2365 meditate:
1722 2342 1792 2364 nam
1810 2332 1830 2364 si
1847 2332 1913 2363 abs-

1046 2386 1109 2417 que
1129 2386 1170 2407 eo
1196 2376 1291 2417 pacto
1316 2375 1370 2414 sit,
1394 2385 1459 2407 non
1483 2375 1588 2416 potest
1611 2383 1775 2413 mutuum,
1800 2374 1830 2405 id
1853 2372 1916 2411 est,

1046 2427 1099 2456 re,
1117 2418 1197 2449 ultra
1213 2426 1306 2459 quam
1323 2418 1431 2449 datum
1447 2417 1510 2456 est,
1527 2416 1606 2448 nasci
1623 2416 1790 2457 obligatio.
1809 2423 1840 2446 at
1856 2423 1915 2446 nec

1045 2458 1136 2491 causa
1153 2458 1216 2498 est,
1239 2468 1296 2490 cur
1322 2460 1438 2499 magis,
1463 2459 1505 2490 ob
1523 2458 1676 2498 adjefitum
1695 2458 1756 2489 tale
1773 2457 1916 2498 patrum,

1047 2502 1130 2532 ultra
1144 2509 1238 2541 quam
1254 2501 1359 2532 datum
1376 2499 1439 2539 est,
1455 2499 1608 2531 nascatur.
1626 2500 1697 2539 quia
1712 2500 1792 2530 ultra
1808 2498 1849 2530 nil
1866 2498 1915 2528 ab‘-

1047 2542 1092 2574 est
1118 2543 1290 2574 creditori:
1318 2551 1355 2573 ac
1381 2540 1402 2573 fi
1424 2542 1503 2573 ultra
1523 2543 1550 2572 ei
1576 2543 1799 2582 promittatur3
1823 2547 1917 2581 poena

1045 2591 1100 2615 aut
1123 2582 1213 2615 usura
1237 2591 1389 2615 vocatur:
1412 2584 1450 2614 ad
1475 2592 1570 2621 quarn
1589 2592 1654 2613 non
1673 2582 1791 2622 spectat
1810 2589 1916 2612 natura

1045 2626 1144 2657 mutui
1159 2636 1168 2664 ;
1183 2624 1235 2656 sed
1252 2624 1430 2666 stipulatio,
1446 2623 1467 2656 si
1487 2624 1620 2663 subjecta
1637 2623 1691 2655 sit:
1709 2624 1795 2663 quod
1813 2622 1833 2654 fi
1851 2631 1915 2653 non

1044 2666 1100 2706 sit;
1117 2666 1243 2708 pastum
1263 2667 1381 2698 nudum
1400 2665 1462 2702 est,
1479 2673 1573 2703 atque
1591 2666 1700 2696 inutile
1719 2664 1815 2697 Civili
1832 2663 1914 2703 Jure.

1044 2718 1110 2740 non
1127 2708 1212 2740 enim
1236 2707 1316 2739 inest
1334 2707 1511 2738 contractui
1529 2706 1621 2738 strifti
1637 2707 1732 2746 juris,
1756 2705 1855 2746 qualis
1872 2702 1915 2735 est

1044 2758 1209 2781 mutuum:
1234 2750 1307 2789 quia
1333 2750 1362 2779 in
1389 2758 1429 2779 eo
1458 2749 1534 2779 nihil
1553 2749 1688 2779 mutavit
1704 2746 1808 2778 Divus
1826 2746 1924 2785 Pius:

1044 2800 1079 2822 ut
1100 2790 1187 2831 supra
1206 2790 1281 2821 dixi.
1315 2790 1411 2831 igitur
1430 2791 1525 2821 etiam
1549 2789 1620 2829 post
1644 2789 1676 2820 id
1703 2789 1825 2829 pactum
1853 2795 1913 2818 ma-

1045 2839 1101 2864 net
1124 2841 1210 2863 mera
1234 2839 1331 2871 atque
1356 2832 1476 2871 integra
1496 2831 1596 2862 mutui
1614 2838 1741 2862 natura:
1764 2838 1828 2861 non
1846 2837 1914 2868 per-

1045 2874 1196 2910 mittens3
1227 2883 1261 2904 re
1288 2872 1369 2903 nasci
1397 2873 1627 2913 obligationem
1645 2882 1654 2910 ;
1683 2871 1736 2903 nisi
1760 2877 1914 2911 quatenus

1046 2916 1152 2946 datum
1175 2914 1221 2945 sit.
1252 2913 1383 2955 exposui
1410 2915 1544 2953 primum
1570 2914 1752 2954 exemplum
1768 2911 1853 2952 quod
1870 2907 1913 2940 est

1045 2958 1084 2988 de
1104 2956 1202 2996 pactis
1221 2963 1334 2988 mutuo
1352 2956 1492 2996 adjectis.
1877 2989 1883 2995 ,

1083 2998 1226 3029 Alterum
1252 2998 1311 3028 erit
1336 2998 1376 3028 de
1393 2997 1490 3037 paffis
1507 2996 1741 3037 stipulationem
1764 2992 1912 3030 sequutffi·

1043 3040 1107 3070 tale
1134 3039 1318 3078 exemplum
1345 3037 1389 3069 est
1413 3039 1497 3077 apud
1522 3038 1651 3069 Paulum
1670 3036 1687 3066 l.
1707 3045 1735 3072 4.
1750 3033 1778 3073 §.
1797 3031 1850 3077 tflt-
1869 3029 1911 3061 D-

1046 3082 1079 3112 cle
1091 3079 1187 3121 patris
1200 3091 1208 3111 .·
1221 3089 1291 3120 quae
1309 3079 1352 3111 est
1364 3089 1404 3110 ex
1415 3080 1497 3110 libro
1508 3081 1573 3119 ejus
1589 3076 1683 3109 tertio
1698 3075 1735 3105 ad
1751 3071 1911 3104 EdiCtum.

1047 3122 1145 3153 verba
1162 3122 1260 3154 Pauli.
1307 3120 1357 3152 Ex
1371 3121 1455 3160 fresio
1473 3123 1558 3151 etiam
1580 3117 1739 3157 consultus,
1763 3122 1826 3144 cum
1850 3121 1914 3142 con-

1044 3162 1184 3203 vemffer,
1209 3170 1243 3193 ut
1271 3163 1377 3193 donec
1402 3161 1498 3193 usurae
1524 3161 1737 3195 solverentur,
1763 3153 1826 3184 sors
1851 3162 1916 3183 non

1045 3211 1230 3244 peteretur,
1257 3202 1460 3244 &stipulatio
1480 3208 1553 3242 pure
1569 3202 1699 3238 concepta
1708 3194 1831 3236 fuiffet3
1853 3203 1915 3264 ειέἕ-
