2036 3495
137 128 211 164 444

144 206 317 238 utilitatem
336 199 529 244 pupillorum
551 194 640 241 fleri,
662 199 697 225 ut
727 201 767 223 ex
789 189 936 236 mandata
950 197 1013 234 ‘ge-

145 247 244 279 nerali
262 244 499 287 jamdictionm
523 237 575 268 vel
599 234 667 275 ipsa
687 233 832 266 mandata
856 230 1011 277 intelliga-

145 297 216 327 tur;
238 288 346 326 itaque
365 282 570 315 constitutum
594 276 666 308 esse.
690 275 779 319 quod
806 274 835 305 (St
858 271 1013 318 Ulpianus

146 327 316 361 confirmae
329 327 349 357 l.
370 333 393 355 ι.
409 322 437 364 §.
453 331 480 360 4.
507 322 553 351 D.
570 319 598 350 h.
616 324 636 349 t.
661 317 703 349 At
719 324 811 347 enim·
829 314 1013 360 Mar-cianus

144 371 164 401 l‘.
186 379 211 401 ι.
228 369 257 411 §.
280 377 324 400 11.
342 365 383 397 D.
408 364 457 395 Ad
474 361 624 393 Senatusc.
645 357 756 398 Turpis.
780 356 886 387 scribit
904 363 934 400 in
946 352 1015 384 hinc

145 411 259 442 verba:
283 403 529 446 Suspeffltutoris
551 400 693 440 accusatio
713 395 928 442 pratribuualt
949 401 1016 441 tang

146 457 210 482 tum
226 447 389 481 examinari
397 442 507 487 potest.-
529 442 567 478 &1
585 441 684 473 nullus
699 441 775 472 alius
797 439 830 469 de
853 436 1015 480 hujusmodi

145 488 316 534 quastione,
345 496 432 529 quam
449 486 554 522 Praeles
574 483 770 524 pronunciare
788 476 888 526 potest.
930 477 1013 515 Sed,

143 540 180 564 ut
195 528 406 563 demonstravi
431 527 480 558 lib.
504 536 531 558 2.
556 524 603 556 De
615 524 726 566 jurisd.
752 519 788 556 &³
812 528 910 565 τηεν,
936 528 960 549 c.
983 527 1013 564 9.

144 572 326 605 Marcianus
344 568 509 602 Praefidem
528 566 656 607 quidem
665 570 803 610 opponit
861 558 1012 605 agistrati3

141 614 200 645 bus
209 610 450 652 municipalibus
460 609 574 650 quibus
584 616 648 638 non
658 613 723 636 erat
736 613 784 644 jus
794 600 1011 642 cognoscendi

141 655 183 687 de
200 654 247 686 his
258 663 329 695 quae
346 661 405 693 pro
422 650 568 682 tribunali
582 646 853 680 decernebantur:
864 642 915 673 sed
925 649 1009 687 man-

141 696 267 728 datariis
279 692 504 736 jurisditiionis
521 691 574 730 qui
591 699 632 720 ex
646 687 795 733 mandato
817 682 954 728 praesidis
979 691 1010 712 e-

138 737 187 777 jus
204 739 275 769 vice
301 736 332 776 ᾄ
349 734 489 775 partibus
513 731 702 771 fungentes,
723 736 771 767 Jus
795 734 853 765 pro
871 723 1009 768 tribuna-

138 778 160 810 li
177 777 393 818 cognoscendi
410 767 765 808 habebant,Praesidem
784 775 848 797 non
862 769 1010 805 opponit.

183 819 404 854 Ostendimus,
436 814 488 855 qui
513 812 639 853 possunt
663 811 703 842 de
726 806 868 856 suspecto
891 814 1011 845 cogno-

138 865 236 898 scere.
260 868 344 893 nunc
360 856 540 892 videamus,
564 853 618 894 qui
634 849 764 890 suspecti
783 848 851 880 fieri
873 846 1010 887 possunt.

137 906 295 947 Ulpianus
309 900 329 931 l.
351 907 377 930 1.
396 896 425 938 §.
443 906 472 937 5.
487 896 514 927 b.
533 900 554 926 t.
579 894 640 932 ait,
663 892 772 925 Omnes
795 895 902 920 tutores
923 886 1008 934 poffffi

136 948 232 988 igitur
260 949 373 974 omnes
394 940 459 970 sine
487 935 692 972 discrimine,
715 931 780 979 fivp
802 927 1008 971 testamentarii

130 989 194 1029 fini
229 983 298 1024 five
308 991 367 1014 non
378 977 515 1018 smt,sed
533 977 653 1010 alterius
666 982 780 1016 generis
797 977 922 1018 tutores-.-
940 978 1007 1000 ver-

138 1031 170 1062 bi
192 1010 309 1070 g’ratia,
330 1032 348 1054 a
365 1019 552 1062 Magistratu
573 1017 647 1050 dati.
671 1025 709 1047 an
732 1015 761 1045 &
784 1010 945 1053 legitimi?
967 1018 1009 1057 εξ(

137 1065 351 1110 superioribus
367 1063 409 1096 sic
424 1060 522 1093 infert
534 1059 707 1100 Ulpianus:
729 1055 832 1103 Quare
846 1052 882 1087 ὅ)
895 1050 923 1090 fi
938 1052 1007 1092 legi·

135 1114 226 1145 timus
241 1107 284 1147 fit
299 1110 398 1144 tutor,
420 1102 557 1141 accusaris
570 1100 685 1145 poterit.
709 1097 781 1145 quid
792 1094 819 1133 fi
837 1092 1007 1136 patronus?

136 1153 231 1186 adhuc
246 1151 320 1181 idem
336 1146 390 1178 crit
406 1144 571 1188 dicendum,
606 1140 658 1172 Sic
674 1137 846 1179 Ulpianus:
870 1134 925 1166 etsi
942 1142 1007 1181 non

135 1194 199 1228 sine
219 1192 494 1231 temperamento,
517 1184 546 1216 &
564 1192 596 1214 in
618 1189 777 1226 utroque,
809 1185 882 1208 cum
902 1176 933 1222 le
958 1182 1006 1206 iti-

137 1245 211 1274 mo,
235 1240 302 1264 tum
320 1236 457 1271 patrono
475 1233 623 1267 quoque:
647 1231 719 1254 nam
736 1217 932 1267 ita-exaudio
965 1224 1007 1247 oc

136 1278 271 1317 sequens
288 1282 329 1304 ex
352 1269 520 1311 Ulpiano„
536 1265 624 1297 Modo
649 1271 682 1295 tit
705 1268 933 1308 meminerimus,
952 1263 1005 1298 pa-

137 1325 218 1350 trono
235 1314 434 1357 parcendum:
463 1309 606 1350 patiente
626 1304 780 1344 loquendi
802 1301 925 1348 forma,
949 1299 1017 1330 ob·-

136 1360 256 1392 servata
273 1355 351 1387 alibi
361 1354 409 1384 lib.
421 1349 502 1392 fing.
519 1349 570 1380 Aa
585 1345 683 1379 Eam.
701 1345 752 1376 De
762 1340 1017 1390 pastis&tram-1

139 1400 198 1433 aff.
223 1406 288 1430 tum
308 1393 362 1427 usu
379 1393 455 1435 juris
469 1414 479 1431 ,
503 1397 538 1421 ut
553 1397 630 1420 mox
646 1386 810 1427 apparebit
828 1392 868 1415 ex
892 1381 1008 1431 Mode-

139 1442 223 1475 stino
239 1439 258 1470 l.
273 1447 304 1475 9.
322 1435 363 1467 D.
389 1435 418 1465 h.
436 1439 459 1464 t.
503 1430 633 1463 Interim
660 1436 725 1458 non
746 1430 1007 1465 praetermittam,

140 1492 182 1515 ex
198 1482 227 1513 d.
247 1480 266 1511 l.
285 1487 311 1510 1.
333 1476 361 1518 §.
384 1484 415 1515 5.
446 1481 515 1513 qua:
537 1469 582 1501 est
607 1468 734 1508 Ulpiani
751 1467 781 1508 §.
796 1476 833 1511 -2.
851 1462 924 1505 Inst.
945 1464 972 1494 h.
987 1470 1008 1494 t.

139 1525 183 1556 ita
200 1530 264 1554 non
280 1527 321 1550 ex
338 1524 416 1547 vero
432 1510 646 1553 repraesentari
662 1518 680 1540 a
694 1507 892 1554 justiniano.-
909 1504 1011 1551 ngre

140 1565 179 1601 δ’
187 1562 216 1602 fi
231 1560 375 1600 legitimus
383 1555 424 1594 fit
438 1559 537 1591 tutor,
558 1550 689 1592 accusari
701 1554 818 1590 poterit.
840 1549 946 1588 quidsi
958 1552 1010 1593 pct-

140 1602 268 1638 tromw?
291 1599 385 1632 adhuc
400 1598 476 1628 idem
488 1596 542 1626 erit
558 1594 728 1630 dicendum,
751 1590 899 1636 ‹summ-odo
914 1596 1012 1619 memt-

141 1647 286 1681 nerim-us,
302 1637 526 1681 famoepatroni
536 1634 718 1677 parcendum
731 1631 807 1672 effe,
830 1631 895 1661 licet
907 1635 946 1679 με
959 1631 1012 1668 Ju-

131 1686 251 1729 spaftus
266 1688 390 1715 remotus
405 1678 509 1718 faerit.
552 1675 718 1707 Postrema
727 1672 824 1705 verba
838 1693 848 1709 ,
872 1670 967 1716 Licet·
978 1675 1015 1701 ut

131 1726 282 1772 snjpoc'tus
297 1728 422 1755 remotus
430 1719 546 1759 fuerit,
554 1718 621 1758 Jure
636 1714 776 1760 suspefiha
790 1712 882 1745 fuere
899 1712 1013 1757 Amico

141 1778 236 1807 meox,
261 1759 642 1798 Henricoissrenkmimo,
666 1756 803 1788 Erudito
820 1755 850 1786 δι
866 1752 1013 1794 Ingenio-

140 1813 174 1843 so
192 1809 291 1846 Viro,
316 1804 454 1837 Diatrib'..
473 1802 522 1834 De
540 1800 719 1832 Euremaiic.
742 1807 768 1829 c.
784 1799 815 1828 6.
846 1794 958 1827 desunt
982 1802 1015 1824 e-

141 1854 206 1885 nirn
222 1851 256 1882 in⁴
272 1850 301 1881 d.
315 1848 334 1879 l.
356 1855 381 1877 1¹.
398 1845 426 1887 §.
445 1854 474 1885 5.
498 1849 652 1884 praeterea
667 1839 797 1871 suadent
813 1837 940 1876 quidem
950 1835 1016 1866 Ve-

143 1902 249 1931 teres,
273 1888 382 1931 pupilli
403 1891 539 1927 agnato,
563 1882 667 1920 affini,
691 1888 744 1912 aut
759 1886 916 1924 patrono,
939 1875 1014 1908 siob

143 1934 252 1967 dolum
276 1927 462 1963 removendi
484 1925 564 1964 sint,
587 1923 671 1963 parci
689 1928 869 1967 reverentia
885 1917 1014 1966 necessi·

143 1975 262 2008 tudinis
277 1978 332 2004 aut
353 1975 560 2011 patronatus,
584 1965 723 2004 ideoque
747 1971 794 1994 eis
816 1960 939 2000 adjungi
957 1968 1014 2005 po-

142 2018 205 2050 tius
222 2020 423 2048 curatorem,
445 2017 542 2050 quam
557 2016 613 2039 cos
631 2011 745 2051 notata·
764 2002 827 2034 fide
844 2008 1014 2033 removeri.

144 2066 255 2090 verum
280 2060 424 2086 remotos
440 2072 451 2087 ‚
480 2057 514 2081 ut
538 2047 715 2087 suspectos,
739 2047 771 2077 id
794 2042 862 2082 est,
893 2043 937 2073 ob
960 2042 1017 2088 do-

144 2101 228 2138 lum,
252 2096 304 2128 ubi
322 2091 473 2127 excusant
491 2091 530 2122 ab
547 2088 700 2121 infamia?
724 2094 889 2131 nusquam.
913 2085 990 2124 quid
1006 2105 1016 2122 ,

144 2141 167 2174 si
183 2139 294 2173 melius
312 2136 344 2168 δε
369 2131 626 2172 circumspectius
651 2126 854 2160 Modestinus
878 2125 897 2156 l.
914 2134 944 2162 9.
965 2125 1017 2172 D.

147 2183 174 2214 b.
192 2188 213 2213 t.
239 2180 272 2211 Si
285 2183 381 2215 tutor,
403 2174 508 2214 inquit
525 2196 534 2211 ‚
557 2172 651 2212 aliquo
667 2169 783 2201 vinculo
807 2165 1018 2207 neceffiiudinzs

148 2223 195 2255 vel
212 2220 376 2261 adfinitatis
390 2215 498 2257 pupillo
515 2212 684 2253 conjunc'tus
693 2209 736 2257 sit
748 2233 758 2249 ,
780 2209 826 2240 vel
835 2208 864 2246 si
873 2213 1017 2248 patronus

147 2264 253 2306 pupilli
267 2261 361 2293 liberti
378 2258 496 2289 tutelam
508 2257 605 2297 gerit,
630 2252 666 2287 δέ’
681 2261 747 2294 quis
761 2259 861 2281 eorum
883 2259 902 2280 a
925 2248 1026 2280 tutela*

148 2304 334 2337 removendus
354 2301 509 2335 videatur,
532 2297 668 2337 optimum
682 2287 800 2333 fabium
816 2288 875 2339 est,
905 2296 1016 2321 curato-

149 2356 209 2378 rem
236 2346 261 2375 ei
281 2343 377 2384 potius
403 2340 546 2381 adjungi,
567 2346 654 2378 quam
674 2335 802 2366 eumdem
825 2342 890 2379 cuni
915 2337 1018 2362 notata

145 2386 206 2428 fide
229 2385 265 2419 ὅ)
282 2382 490 2424 existimatione
512 2379 659 2411 removeri.
708 2375 788 2407 Rem
812 2373 886 2405 dedi
910 2382 1018 2404 veram

151 2429 182 2460 ἃ
199 2427 329 2457 claram:
358 2423 414 2455 nisi
436 2421 456 2453 si
479 2422 569 2461 quis,
600 2417 785 2462 excusanda}
812 2422 952 2461 receptae
977 2415 1019 2445 le-

149 2468 262 2501 Etionis
277 2465 390 2506 gratia,
414 2464 519 2499 malit,
541 2467 662 2492 remotus
680 2469 696 2490 a
711 2457 882 2498 justiniano
900 2465 930 2487 in
948 2457 974 2487 ci.
990 2455 1020 2497 §.

150 2520 180 2543 2.
205 2517 261 2549 per
277 2507 449 2546 Euellagen
474 2504 626 2544 temporis
651 2501 712 2532 dici
732 2508 791 2539 pro
813 2499 1020 2533 removendum

151 2559 205 2583 ant
220 2548 360 2587 alioquin
378 2548 408 2577 id
427 2545 558 2576 vei-bum
577 2543 723 2582 accipere
741 2540 804 2572 sine
826 2539 961 2576 effectu3
987 2546 1021 2570 ut

152 2588 331 2632 hujusmodi
350 2587 529 2617 locutiones
547 2586 576 2616 in
589 2592 636 2625 pr.
654 2581 726 2623 lnst.
745 2583 778 2612 de
791 2583 929 2621 emptione
952 2589 1020 2611 ven-

152 2635 258 2666 ditione
274 2630 303 2661 &
322 2628 392 2658 alibi
414 2628 522 2658 notavi
540 2627 628 2666 supra
654 2624 706 2655 sub
727 2621 865 2660 Titulo,
891 2622 937 2652 De
958 2631 1022 2652 con-

157 2674 233 2707 irah.
249 2675 332 2711 empt.
374 2667 436 2698 Sed
452 2668 528 2699 mihi
555 2668 585 2698 in
611 2665 776 2707 proposito
800 2663 897 2703 magis
916 2662 1022 2702 placet

155 2712 336 2754 conjeeiura
358 2708 490 2741 Domini
507 2708 713 2739 Brenkmani:
744 2713 896 2745 praeterea
920 2702 1032 2734 obser--

154 2756 259 2789 vantis
285 2753 317 2784 id
344 2750 432 2789 quod
454 2758 502 2779 res
527 2748 595 2787 est,
626 2757 667 2779 ex
694 2744 871 2778 Modestini
897 2745 1023 2782 verbis,

157 2787 507 2840 Optimumfafsumvest,
530 2791 671 2829 itemque
687 2798 726 2820 ei<
753 2788 816 2828 ejus
840 2786 1025 2827 Inscriptio-

156 2850 216 2878 ne,
240 2836 293 2868 lib.
316 2832 499 2874 singularem
523 2829 569 2860 De
596 2830 788 2861 Eiirematicis
812 2827 1025 2870 praeferente,

158 2889 223 2912 non
249 2875 389 2915 spectare
405 2873 444 2903 ad
468 2871 605 2911 rigorem
627 2872 719 2909 juris:
744 2869 796 2902 sed
821 2869 883 2901 ess'e
905 2868 1026 2900 consilii

157 2923 189 2954 &
204 2917 350 2951 suasionis
367 2911 514 2946 adversus
529 2911 604 2952 juris
627 2912 763 2950 rigorem
778 2934 788 2948 ,
812 2920 846 2942 ut
868 2911 1027 2950 hujusmo-

156 2963 188 2993 di
205 2958 332 2992 consilia
351 2957 381 2988 ἃ
398 2953 551 2986 suasiones
568 2951 734 2983 Euremata
750 2962 766 2983 a
778 2952 964 2984 Modestino
974 2960 1027 2990 ap-

158 3002 290 3044 pellari,
313 2999 390 3030 olim
407 2994 628 3027 animadvertit
643 2991 802 3025 Dominus
818 2994 966 3034 Cujacius
981 2992 1030 3023 lib.

164 3054 209 3075 12.
233 3040 354 3075 Obl'erv.
373 3044 433 3078 cap.
453 3046 502 3075 532.

202 3081 411 3120 Consequens
429 3077 492 3116 est,
517 3083 551 3106 ut
567 3074 747 3112 videamus,
771 3076 823 3114 qui
841 3075 969 3114 possunt
986 3074 1030 3106 su-

163 3123 287 3165 schtos
305 3120 470 3162 postulare.
514 3116 556 3148 Et
580 3117 624 3148 ait
648 3114 802 3155 Ulpianus
827 3115 845 3145 l.
866 3125 891 3145 1.
910 3117 938 3157 ᾗ,
955 3121 984 3147 6,
1001 3118 1029 3147 b,

163 3172 184 3197 ι.
210 3162 294 3204 quasi
311 3162 467 3201 publicam
486 3159 547 3191 esse
565 3158 645 3189 hanc
661 3155 912 3188 accusationem:
933 3166 1032 3195 puto,

555 108 911 143 GERARDI
969 99 1233 134 Noonr
1290 98 1502 135 Comi«.

1056 188 1085 219 d.
1102 187 1122 219 l.
1143 195 1169 219 t.
1186 185 1215 229 §.
1234 197 1261 218 2.
1286 196 1357 220 cum
1375 187 1503 228 publica
1522 187 1645 228 judicia.
1660 188 1850 221 venianten
1864 188 1927 222 [tez-

1055 238 1096 269 ge
1113 228 1216 268 aliqua
1233 228 1438 268 publicorum-
1449 229 1642 268 judiciorum
1666 230 1685 261 l.
1709 239 1736 262 1.
1753 229 1795 262 D.
1818 231 1852 261 da
1869 238 1926 271 pui-

1055 271 1118 301 bsio.
1129 270 1225 311 judic.
1250 270 1292 300 ita
1317 280 1382 302 non
1407 269 1451 302 est
1474 279 1550 302 vere
1573 271 1718 310 publicae,
1751 279 1856 303 tamen
1880 272 1926 302 est

1057 311 1294 351 quasi÷publica;
1306 310 1442 349 stilicen,
1453 312 1524 352 quia
1542 313 1697 344 omnibusi
1707 320 1928 353 pateat-exeme-

1057 352 1112 392 plo
1130 352 1329 392 publicorum
1343 353 1550 393 iudiciorum:
1574 354 1603 385 in
1623 353 1742 395 quibua
1753 355 1927 392 executm,

1058 394 1122 424 hoc
1138 393 1202 432 cst,
1225 401 1259 424 ut
1283 393 1361 425 alibi-
1385 394 1544 436 explicui,
1567 395 1744 435 accusatio,
1767 391 1868 426 cuivis
1885 403 1928 426 ex

1057 435 1179 475 populo
1200 435 1388 480 plerumque
1404 436 1494 467 datur
1510 436 1539 477 ᾗ.
1560 445 1585 468 1..
1606 435 1678 477 Infit.
1697 435 1747 467 De
1757 437 1863 476 public.
1880 436 1928 477 ju·

1055 476 1113 507 iiic.
1150 476 1370 507 Admittuntnr
1390 477 1484 517 igitur
1499 479 1538 509 ad
1554 477 1687 519 suspects
1699 479 1821 509 tutoris«
1831 486 1926 508 actu*

1056 516 1208 548 sationem
1225 525 1342 548 omnes·
1356 519 1408 556 qui
1427 518 1539 550 volent
1555 528 1663 560 agere:
1687 526 1723 551 ut
1741 520 1773 550 in
1794 518 1927 559 popuilae-

1055 557 1343 590 ribusactionibus.
1367 558 1396 590 ὅ(
1414 566 1521 590 tamen
1537 560 1685 599 interest,
1708 560 1796 600 quod
1821 568 1924 600 popu-

1054 599 1125 631 laris
1143 598 1226 631 attio
1242 606 1364 631 tantum
1385 600 1517 640 integra:
1538 601 1680 642 persona:
1703 602 1899 642 permittitur
1915 611 1925 633 z

1053 640 1166 678 idest,
1190 641 1239 672 cui
1264 646 1321 680 per
1343 638 1491 671 Edictum
1515 642 1672 681 postulare
1697 643 1773 675 licet
1794 642 1814 673 l.
1833 651 1861 682 4.
1880 641 1924 674 D.

1053 681 1192 721 depopul.
1207 680 1265 712 αὲἶ.
1289 681 1342 711 sed
1357 680 1421 711 hoc
1439 681 1508 721 plus
1533 682 1578 714 est
1601 683 1632 714 in
1657 683 1810 724 praesente
1833 692 1926 714 accu-

1053 724 1189 753 satione:
1204 722 1293 762 quod
1309 722 1403 753 etiam
1421 721 1527 762 potest
1544 732 1631 755 tutor
1648 723 1804 764 suspectus
1820 722 1925 756 ‘remo-

1053 771 1104 794 tus
1119 770 1309 794 contutores
1331 761 1403 794 suos
1423 762 1580 804 suspectos
1604 764 1733 796 facere:
1755 774 1791 797 ut
1814 764 1926 806 Ulpia-

1053 813 1110 836 nus
1126 803 1145 836 l.
1161 812 1192 845 3.
1209 803 1250 835 D.
1274 804 1302 835 b.
1326 810 1346 835 t.
1369 803 1526 836 observat.
1567 805 1690 838 Liberti
1714 815 1845 847 quoque
1869 816 1925 847 pu·

1053 846 1202 887 pillorum
1216 867 1226 883 ‚
1248 846 1373 885 inquit,
1398 845 1427 887 §.
1446 854 1472 878 1.
1489 847 1517 879 d.
1538 846 1546 866 l
1574 857 1603 889 3.
1626 854 1715 888 grate
1737 846 1876 886 facient,

1054 894 1178 918 tutores
1193 886 1244 918 vel
1261 894 1425 919 curatores
1441 896 1554 920 eorum
1578 890 1661 921 male
1683 896 1833 930 gerentes
1857 898 1926 921 tem

1051 936 1282 968 patronorum,
1305 928 1358 960 vel
1380 928 1552 961 liberorum
1572 938 1801 971 patronorum,
1825 928 1927 970 suspe-

1050 969 1118 1001 Cios
1133 968 1283 1001 fecerint.
1326 969 1390 1001 Sed
1409 970 1429 1002 si
1447 977 1618 1011 patronum
1637 971 1744 1010 suum,
1767 979 1803 1002 ut
1826 971 1927 1011 suspe-

1051 1010 1136 1041 ctum
1161 1011 1193 1041 in
1212 1010 1314 1042 tutela
1336 1009 1445 1043 facere
1470 1012 1590 1052 velint;
1612 1013 1728 1045 melius
1745 1012 1809 1050 est,
1834 1013 1932 1043 liber·

1050 1059 1101 1083 tos
1116 1051 1156 1097 ab
1173 1050 1376 1098 accusatione
1393 1053 1503 1093 repelli
1520 1075 1531 1092 ,
1553 1063 1594 1086 ne
1608 1055 1638 1085 in
1657 1054 1726 1095 ipsa
1739 1053 1929 1095 cognitione

1049 1101 1175 1134 gravius
1190 1093 1310 1133 aliquid
1329 1101 1486 1135 emergat:
1509 1103 1583 1127 cum
1605 1095 1668 1127 hoc
1684 1095 1759 1127 aliis.
1775 1095 1928 1127 omnibus

1049 1141 1168 1174 pateat.
1209 1133 1293 1180 Cum
1319 1134 1382 1174 ait,
1406 1135 1518 1167 Melius
1540 1135 1598 1178 est,-
1629 1143 1762 1178 apparet
1779 1159 1789 1175 ‚
1822 1136 1929 1177 ipsum.

1049 1184 1182 1216 quoque
1207 1176 1240 1207 id
1267 1184 1308 1207 ex
1329 1175 1539 1209 Eurematicis
1565 1177 1644 1209 effe:
1668 1184 1703 1209 ut
1724 1179 1848 1217 optime
1869 1177 1932 1209 ob-

1049 1216 1184 1248 servavit
1199 1217 1298 1248 modo
1318 1216 1463 1250 laudatus
1480 1217 1640 1251 Dominus
1655 1219 1846 1251 Brenkman.

1065 1298 1070 1303 ,
1088 1257 1311 1289 Admittuntur
1328 1259 1425 1300 igitur
1445 1260 1484 1292 ad
1506 1259 1636 1301 suspecti
1662 1261 1777 1292 tutoris
1799 1259 1929 1292 accusa-

1049 1304 1171 1330 tionem
1187 1298 1250 1330 fine
1266 1299 1469 1332 distinetione
1487 1311 1600 1334 omnes
1617 1311 1729 1334 mai-es.
1752 1302 1801 1334 An
1819 1302 1849 1333 «St
1864 1301 1926 1333 foe-

1050 1340 1169 1372 minae?
1192 1340 1421 1374 admittunt-ur:
1450 1341 1504 1373 sed
1530 1343 1579 1374 hae
1602 1341 1675 1374 solae
1702 1352 1774 1383 quae
1803 1345 1931 1383 pietate

1050 1381 1286 1413 necessitudinis
1300 1381 1402 1413 ducta:
1415 1405 1426 1422 ‚
1450 1383 1489 1414 ad
1506 1382 1571 1414 hoc
1594 1385 1794 1425 procedunt:
1819 1392 1856 1414 uti
1870 1392 1927 1424 pu-

1051 1430 1101 1461 ta,
1124 1430 1244 1460 mater,
1267 1424 1374 1454 nutrix
1391 1431 1522 1464 quoque
1545 1424 1575 1455 &
1599 1425 1677 1456 avia.
1699 1423 1806 1464 potest
1827 1424 1856 1456 &
1880 1424 1928 1455 so-

1052 1473 1124 1502 ror,
1135 1463 1166 1495 &
1181 1462 1203 1494 fi
1219 1472 1281 1503 qua
1295 1464 1354 1495 alia
1372 1465 1488 1496 mulier
1501 1463 1599 1495 fuerit
1615 1466 1702 1506 cujus
1717 1465 1840 1497 Praetor
1857 1475 1927 1505 per·

1053 1504 1181 1545 pensam
1206 1505 1361 1544 pietatem
1387 1505 1583 1536 intellexerit
1598 1528 1608 1544 ,
1630 1514 1695 1537 non
1720 1506 1810 1538 sexus
1836 1515 1928 1538 vere-

1053 1546 1200 1577 cundiam
1218 1545 1432 1585 egredientis,
1443 1545 1496 1577 sed
1511 1546 1632 1586 pietate
1643 1546 1830 1586 productam
1841 1569 1850 1584 ‚
1861 1555 1936 1578 non.

1054 1587 1223 1618 continere
1240 1587 1382 1626 iniuriam
1399 1587 1610 1627 pupillorum,
1631 1588 1780 1619 admittet
1797 1595 1866 1619 eam
1890 1587 1936 1619 ad·

1055 1627 1291 1660 accusationem
1306 1627 1325 1659 l.
1341 1636 1366 1659 1..
1384 1627 1411 1700 ἓ.
1425 1637 1453 1669 7.
1464 1628 1491 1659 h.
1503 1634 1523 1659 t.
1535 1626 1586 1659 De
1603 1628 1822 1669 impuberibus
1842 1637 1931 1669 quae-

1055 1669 1159 1702 ritur?
1171 1669 1200 1701 ἀ
1217 1667 1371 1710 Ulpianus
1398 1694 1406 1702 .
1417 1679 1445 1710 7.
1464 1668 1766 1710 h.t.11mpuberibus
1781 1671 1933 1711 quidem,

1056 1711 1162 1751 inquit
1175 1734 1185 1749 ,
1215 1719 1281 1742 non
1300 1711 1499 1750 permittitur
1519 1710 1680 1751 suspectos
1698 1711 1826 1743 facere:
1856 1713 1938 1742 ado-2

1057 1752 1250 1784 lescentibus
1276 1752 1370 1792 plane
1396 1752 1597 1793 permittitur
1622 1753 1806 1785 volentibus
1830 1751 1935 1793 suspe-

1056 1793 1126 1825 &os
1144 1792 1252 1824 facere
1269 1800 1435 1826 curatores
1447 1792 1537 1833 suos,
1562 1793 1743 1827 dummodo·
1764 1803 1807 1825 ex
1829 1792 1934 1825 consi-

1057 1836 1104 1867 lio
1127 1834 1372 1866 necessariorum
1407 1835 1439 1866 id
1462 1833 1591 1868 faciant.
1636 1835 1794 1867 Praeterea
1822 1835 1935 1867 viden-

1057 1877 1153 1913 dum,
1178 1885 1216 1907 an
1233 1876 1262 1907 &
1279 1875 1341 1908 sine
1358 1874 1561 1908 accusatione
1585 1876 1678 1913 possit
1702 1875 1858 1917 suspectus
1883 1885 1935 1907 re-

1057 1917 1159 1958 pelli?
1183 1917 1212 1948 ἀ
1231 1918 1329 1958 magis
1354 1917 1417 1949 effe
1442 1924 1534 1958 putat
1558 1916 1732 1959 Ulpianus.
1764 1925 1799 1948 ut
1821 1918 1936 1958 repelli

1058 1959 1192 1997 debeat,
1215 1957 1235 1989 fi
1254 1958 1383 1990 Praetori
1402 1958 1521 1999 liqueat
1539 1968 1579 1991 ex
1605 1959 1804 1996 apertissimis
1827 1968 1936 1990 rerum

1058 2000 1271 2042 argumentis,
1303 1999 1478 2040 suspectum
1497 2009 1569 2031 eum
1594 1999 1679 2032 effe:
1702 2001 1800 2041 idque
1820 1998 1940 2032 favore.

1059 2042 1252 2083 pupillorum
1271 2041 1490 2082 recipiendum
1507 2041 1569 2073 esl'e
1585 2041 1605 2073 i.
1629 2052 1658 2083 3.
1677 2041 1705 2083 ἓ.
1722 2052 1751 2081 4.
1779 2040 1820 2072 D.
1839 2042 1868 2073 h.
1887 2047 1911 2073 t.

1099 2082 1198 2114 Nunc
1221 2091 1280 2124 age
1310 2082 1499 2121 traQemus,
1525 2089 1565 2114 ex
1583 2085 1698 2122 quibus
1717 2081 1813 2114 causis
1831 2081 1935 2123 suspe-

1059 2123 1099 2156 &ti
1117 2131 1353 2156 removeantur.
1394 2124 1448 2155 Ait
1464 2131 1571 2155 autem
1597 2123 1753 2165 Ulpianus
1769 2126 1798 2155 il.
1819 2123 1839 2154 l.
1855 2132 1883 2164 3.
1903 2124 1935 2166 §.

1059 2176 1089 2206 5.
1115 2167 1158 2196 ob
1175 2165 1285 2197 dolum
1302 2165 1332 2196 in
1350 2166 1450 2196 tutela
1467 2165 1630 2198 admissum
1648 2165 1820 2205 suspectum
1837 2164 1941 2198 licere

1060 2206 1234 2248 postulare:
1257 2205 1279 2237 fi
1295 2205 1383 2238 forte
1397 2205 1546 2247 grassatus
1564 2208 1594 2238 in
1610 2207 1712 2238 'tutela
1727 2206 1788 2244 est,
1799 2213 1853 2237 aut
1870 2206 1937 2238 sor-

1060 2249 1135 2280 dide
1150 2248 1234 2289 egit,
1259 2248 1308 2279 vel
1328 2246 1506 2288 perniciose
1523 2249 1663 2289 pupillo,
1687 2248 1738 2280 vel
1755 2247 1872 2288 aliquid
1891 2249 1938 2280 in-

1061 2291 1198 2329 tercepit
1216 2298 1255 2320 ex
1278 2289 1372 2320 rebus
1391 2289 1596 2331 pupillaribus
1620 2290 1682 2330 jam
1705 2295 1804 2320 tutor.
1846 2288 1938 2321 Simi-

1062 2332 1134 2363 liter
1155 2331 1199 2361 ait
1222 2329 1379 2371 Ulpianus
1403 2332 1430 2361 d.
1446 2331 1465 2362 l.
1488 2340 1517 2372 3.
1536 2331 1565 2373 §.
1586 2340 1648 2372 12.v
1675 2330 1707 2362 Si
1727 2338 1815 2362 tutor
1835 2330 1937 2361 inimi*-

1062 2382 1117 2405 cus
1135 2372 1259 2412 pupillo
1276 2372 1504 2412 parentibusve
1520 2375 1586 2413 ejus
1600 2372 1657 2411 sit,
1677 2372 1709 2404 <St
1725 2371 1936 2413 generaliter,

1062 2415 1084 2448 fi
1099 2423 1158 2453 qua
1183 2413 1263 2453 justa
1284 2412 1374 2444 causa
1394 2413 1578 2446 *Praetorem
1604 2415 1766 2448 moverit,
1789 2419 1845 2441 cur
1868 2420 1937 2442 non

1063 2455 1179 2488 debeat
1195 2455 1226 2486 in
1245 2464 1283 2486 ea
1299 2454 1400 2486 tutela
1416 2454 1547 2496 versari,
1572 2455 1658 2495 rejici
1673 2461 1746 2484 eum
1761 2461 1778 2482 a
1795 2450 1939 2484 Praerore

1064 2508 1084 2530 o
1111 2504 1231 2528 ortere.
1320 2506 1322 2510 ·
1830 2503 1831 2507 ¹

1089 2506 1184 2569 pHaec
1201 2538 1242 2568 ita
1258 2535 1430 2578 Ulpianus,
1455 2536 1475 2569 fi
1493 2536 1626 2577 quidem.
1639 2532 1800 2566 admissum
1817 2532 1942 2580 aliquid

1064 2580 1142 2611 dolo
1159 2579 1242 2610 malo
1260 2588 1277 2609 a
1294 2587 1402 2610 tutore
1419 2578 1454 2610 sit
1469 2579 1501 2608 in
1520 2575 1709 2614 tutela,sive
1724 2585 1796 2607 cum
1810 2576 1872 2615 jam
1892 2573 1940 2606 est

1065 2628 1162 2652 tutor.
1191 2629 1261 2652 nam
1287 2619 1307 2651 si
1329 2627 1403 2650 ante
1433 2617 1554 2649 admisit
1569 2640 1579 2657 ,
1610 2625 1704 2658 quam
1727 2624 1815 2648 tutor
1837 2615 1943 2653 effet,

1065 2661 1210 2701 quamvis
1229 2663 1260 2691 in
1287 2660 1381 2691 bonis
1404 2660 1533 2700 pupilli,
1557 2659 1607 2690 vel
1632 2659 1663 2690 in
1687 2659 1803 2696 tutela;
1826 2666 1944 2688 con-tra*

1066 2703 1170 2743 placet
1190 2700 1329 2742 Ulpiano
1347 2702 1375 2732 d.
1393 2700 1412 2731 l.
1430 2709 1459 2741 3.
1475 2699 1505 2741 §.
1522 2710 1553 2739 5.
1576 2709 1642 2731 non
1658 2698 1747 2739 posse
1762 2698 1942 2739 suspectum·

1068 2751 1207 2775 tutorem
1232 2741 1398 2783 postulari:
1429 2750 1501 2782 quia
1525 2740 1673 2774 delictum
1698 2741 1841 2772 tutelam·
1857 2746 1943 2779 prae·

1068 2784 1166 2816 cessit.
1197 2784 1330 2824 proinde
1352 2782 1373 2814 fi
1398 2783 1508 2822 pupilli
1530 2781 1730 2814 substantiam
1757 2781 1911 2821 expilavit
1927 2802 1943 2820 s

1068 2826 1120 2858 sed
1139 2833 1310 2865 antequam
1334 2831 1421 2855 tutor
1440 2823 1534 2855 esset:
1559 2831 1665 2864 putat,
1688 2822 1945 2854 accusari-debe-s

1067 2877 1102 2899 re
1119 2867 1267 2908 expilatae
1285 2864 1487 2897 hereditatis:
1511 2864 1533 2896 si
1550 2866 1652 2898 minus
1667 2863 1754 2895 furti.
1790 2863 1818 2895 E
1839 2864 1943 2894 diver-

1068 2910 1101 2940 so
1126 2917 1258 2950 quoque
1282 2907 1379 2948 quaeri
1411 2905 1534 2946 potest,
1563 2905 1584 2938 fi
1607 2912 1696 2940 tutor
1717 2904 1816 2937 fuerit
1839 2905 1941 2945 pupil-

1072 2951 1114 2989 li,
1138 2950 1288 2989 idemque
1317 2948 1354 2980 fit
1378 2955 1505 2979 curator
1527 2945 1734 2979 confirmatus
1757 2945 1946 2978 adolescena

1073 2994 1124 3030 ti,
1154 3000 1192 3022 an
1223 2989 1318 3031 possit
1348 2998 1390 3021 ex
1412 2988 1534 3021 delictis
1564 2989 1672 3019 tutela:
1703 2986 1860 3028 suspectus
1883 2995 1944 3033 pq-

1073 3032 1200 3065 stulari?
1239 3030 1282 3062 Et
1305 3039 1381 3063 cum·
1409 3030 1503 3070 possit
1528 3030 1646 3061 ,tutel'ae
1670 3038 1687 3060 a
1724 3035 1944 3060 concuratori-

1073 3074 1131 3105 bus
1151 3073 1337 3111 conveniri3
1372 3071 1571 3112 consequens
1591 3071 1651 3103 erit
1676 3070 1804 3109 dicere,
1827 3067 1945 3100 cessare

1074 3114 1202 3155 suspecti
1220 3113 1462 3145 accusationem.
1486 3115 1528 3143 ita
1547 3109 1776 3152 Ulpianus§.6.
1793 3109 1948 3150 d.l.opti-

1078 3165 1128 3188 ma
1145 3157 1291 3194 ratione,
1315 3154 1387 3196 quia
1401 3162 1435 3185 ut
1454 3154 1561 3184 tutelae
1579 3153 1628 3194 agi
1640 3152 1735 3193 'poflit
1757 3151 1844 3183 finita
1864 3159 1947 3184 tute-

163 3208 236 3248 quia
253 3202 416 3238 descendit
441 3210 481 3234 ex
507 3199 595 3241 Lege
620 3197 811 3232 Duodecim
836 3194 1034 3231 Tabularum
1078 3198 1128 3238 la,
1158 3196 1330 3232 instituitur
1361 3195 1492 3237 suspecti
1517 3193 1700 3237 postulati-o.
1722 3193 1755 3228 in
1784 3192 1950 3235 praesentia

1893 3243 1958 3266 -au-
