2036 3495
155 128 228 166 450
574 114 917 149 Geitixitni

164 208 331 249 exempla,
354 203 482 247 apposui
505 203 524 234 l.
548 211 578 241 5.
601 201 619 231 l.
647 209 694 232 10.
724 198 744 229 l.
772 206 821 238 13.
845 196 894 228 D.
917 195 944 226 b.
968 200 996 240 t..
1013 193 1034 226 l.

168 259 216 291 13.
266 273 269 278 .
296 258 321 280 1.
351 249 398 278 D.
422 247 452 276 ,Ie
479 243 610 281 excusat.
641 249 703 271 nec
733 248 815 280 opus
846 237 1036 283 explicatio-

165 300 216 322 ne.
255 288 402 321 uffecerit
423 284 560 316 formula
583 281 714 313 actionis
746 280 842 311 bonae
862 277 959 324 fidei,
992 276 1037 307 so-

168 332 224 363 lita
245 329 374 367 concipi
398 328 437 357 de
457 335 498 356 eo
531 324 620 364 quod
642 323 777 354 alterum
800 321 890 352 alteri
913 328 959 365 ex·
975 316 1038 349 fide

168 372 253 404 bona
276 368 436 411 praestare,
465 374 590 405 aequum
614 364 668 395 est.
703 364 746 394 ita
770 362 858 407 quod
887 360 1016 391 dubium
1032 381 1042 397 ,

170 420 323 453 oportere
358 415 499 438 tutorem
531 405 654 446 pupillo
686 405 744 436 hnc
775 403 902 434 actione
931 401 1042 432 redde-

171 463 206 486 re
229 451 384 483 rationem
408 446 686 479 administrationis
709 446 739 487 §.
762 445 816 476 ult.
843 441 915 483 Infi.
939 443 971 472 de
996 440 1041 472 A·

170 494 216 525 til.
239 498 296 523 tut.
321 491 397 521 duas
422 489 599 520 habituram
622 494 750 528 partes:
773 494 833 516 una
848 484 911 531 cst,
935 491 970 514 ut
985 491 1041 522 pu·

168 533 248 575 pilio
270 530 412 563 restituat
435 530 590 570 quidquid
613 538 654 560 ex
685 525 955 558 administratione
992 533 1039 554 re·

169 575 270 606 tinet:
293 573 408 609 altera,
438 579 474 602 ut
496 572 524 602 ei
555 576 681 610 reparet
703 569 871 605 damnum,
901 565 921 597 fi
952 564 1040 605 quod

168 616 199 647 ei
232 613 468 646 committendo
499 620 553 643 aut
582 610 765 642 omittendo
805 608 939 639 dederit.
969 614 1041 636 nam

169 656 239 688 haec
261 656 346 686 bona
369 653 447 687 fides
470 653 617 693 postulat.
667 650 819 695 Primum
838 655 970 688 oportet
994 655 1040 693 tu-

171 705 277 729 torem
308 696 430 736 pupillo
459 705 498 725 ex
530 695 593 726 fide
629 693 713 724 bona
750 690 913 736 restituere
951 688 1044 728 quid-

171 739 248 778 quid
278 747 319 769 ex
346 736 613 769 administratione
641 734 778 769 retinet3
800 731 948 777 'ideoque
977 737 1043 759 nori

171 780 202 811 in
226 778 318 811 folle.
340 779 371 810 id
393 779 478 808 enim
500 776 584 806 belle
607 781 702 814 negat
726 770 920 816 Callistratus
948 769 967 801 l.
993 773 1042 803 82.

172 819 217 853 D.
241 822 274 852 de
296 821 375 851 cond.
398 817 434 852 ὅ)
463 813 614 856 deinonflr.
645 815 675 845 &
704 821 817 845 contra
848 812 1000 857 Ulpianus
1024 810 1043 841 l.

176 871 204 893 i.
227 862 255 903 §.
279 871 309 902 3.
334 860 374 890 D.
396 860 424 890 h.
450 863 470 888 t.
493 856 620 896 officio,
642 855 763 896 inquit,
788 853 904 884 tutoris
926 861 1045 898 incum-

173 904 246 939 bit,
282 899 443 938 conficere
479 898 600 930 tabulas
634 896 688 928 seu
710 895 841 927 codices
871 894 958 926 aetus
981 893 1045 939 sui,

175 946 206 976 &
235 943 322 975 finita
359 941 484 979 tutela,
515 938 690 971 inventaria
719 937 883 969 exhibere.
915 936 1002 981 quod
1026 935 1046 965 li

174 994 240 1017 non
263 983 377 1020 faciat,
400 990 453 1012 aut
477 990 541 1012 non
564 980 733 1017 exhibeat,
758 978 821 1009 hoc
850 985 980 1022 nomine
1003 983 1048 1005 teo

174 1033 268 1057 netur
295 1024 415 1065 iudicio
441 1023 559 1055 tutelae.
591 1022 699 1059 addit,
729 1020 770 1050 de
799 1018 895 1049 servis
918 1023 1048 1057 quoque

173 1065 444 1107 interrogationes
465 1064 496 1095 ἂ
519 1062 707 1104 quaestiones
730 1059 909 1106 habendas,
933 1059 962 1089 <it
986 1058 1049 1088 hoc

175 1108 288 1140 officio
317 1106 435 1147 judicis
466 1108 652 1136 convenire.
683 1103 764 1134 adeo
795 1108 951 1146 rationem
982 1099 1051 1130 red·

175 1150 252 1182 dere
276 1153 341 1180 no'n
365 1147 410 1179 est
440 1147 516 1178 nudi
546 1145 639 1176 faeti:
673 1143 724 1177 sed
747 1142 811 1188 (ut.
831 1148 954 1182 optime
978 1140 1050 1185 Cal-

176 1191 314 1224 listratus
337 1190 366 1220 d.
389 1189 409 1220 l.
433 1190 512 1227 82.)
544 1186 588 1218 est
605 1210 615 1225 ,
652 1185 727 1216 dare
755 1191 913 1215 rationem
943 1182 1051 1222 legen-

178 1232 249 1264 dam
273 1231 431 1272 primum,
457 1229 574 1260 deinde
597 1225 863 1267 computandam:
887 1232 921 1270 ut
938 1223 1050 1262 explo-

176 1275 235 1306 rari
267 1273 378 1313 possit,
411 1270 639 1310 imputationes
669 1267 796 1308 probe,
827 1274 865 1296 an
904 1265 1051 1305 improbe

177 1313 374 1351 referantur,
397 1319 530 1351 accepta
553 1309 637 1342 reste
660 1309 776 1346 relata,
800 1316 838 1338 an
869 1315 942 1353 ¹3⁰⁰.
965 1305 1052 1336 recte

179 1356 248 1387 sint.
295 1354 366 1386 Hac
389 1352 591 1394 providentia
613 1350 796 1387 obtinetur,
820 1356 854 1379 ut
875 1346 959 1387 Justis
981 1356 1054 1387 pro-

176 1396 358 1429 bationibus
380 1395 499 1433 liqueat
523 1393 653 1423 veritas:
679 1400 739 1422 nec
762 1399 844 1429 opus
867 1389 922 1427 sit,
951 1388 1052 1419 bono-

178 1447 246 1470 rum
271 1438 481 1478 quantitatem
505 1432 623 1473 conjici
648 1441 688 1463 ex
710 1440 751 1462 eo
775 1430 864 1470 quod
885 1429 1055 1474 testamen-

180 1487 216 1510 to
240 1477 292 1509 suo
308 1477 431 1508 dixerat
453 1482 564 1514 pater,
587 1472 674 1503 sorte
698 1472 767 1512 plus
789 1469 915 1510 speraris
938 1472 978 1502 de
996 1469 1055 1501 suis

179 1518 406 1554 facultatibus;
430 1524 490 1546 nec
520 1523 561 1545 ex
592 1523 632 1545 eo
657 1512 744 1554 quod
767 1511 841 1543 alibi
864 1512 980 1543 dixerit
1010 1519 1056 1542 tu-

181 1570 252 1599 tor,
289 1557 397 1599 pupilli
428 1555 592 1588 fortunam
622 1555 653 1586 in
684 1554 749 1593 ejus
788 1552 948 1585 honorem
978 1553 1057 1584 ultra

179 1602 312 1635 modurn
331 1598 470 1640 jactans:
493 1596 545 1628 sed
569 1605 610 1627 ex
633 1605 673 1630 eo
698 1594 786 1635 quod
809 1593 873 1635 ipse
895 1594 925 1625 in
949 1595 1056 1626 inven-

181 1644 262 1675 tario
293 1641 423 1681 publice
454 1648 471 1670 a
500 1637 531 1669 se
561 1637 650 1669 facto
681 1634 842 1668 consessus
873 1635 908 1667 fit
936 1635 955 1666 l.
983 1645 1006 1666 1.
1037 1635 1056 1665 l.

181 1684 236 1716 ult.
268 1683 302 1714 C.
325 1681 442 1714 Arbitr.
465 1684 522 1711 tut.
571 1678 700 1710 Summa
729 1676 792 1709 huc
822 1677 916 1708 exit:
945 1684 980 1708 ut
1008 1686 1055 1707 re·

179 1725 288 1758 stituat
317 1723 440 1764 pupillo
471 1728 559 1752 tutor
589 1729 658 1760 quae
688 1728 729 1751 ex
760 1718 951 1764 ejus-bonis
983 1718 1056 1749 reti·

181 1775 247 1799 net.
272 1774 368 1802 atque
394 1763 437 1794 ita
460 1762 568 1803 (quod
591 1760 740 1793 observat
763 1758 958 1791 Callistratus
982 1760 1010 1790 d.
1035 1758 1055 1790 l.

183 1808 256 1848 82.)
285 1805 399 1846 incipit
422 1805 551 1844 quidem
584 1812 632 1834 res
656 1811 673 1832 a
702 1800 806 1832 fasto:
836 1801 985 1841 pervenit
1006 1809 1057 1845 au-

182 1856 249 1882 tem
273 1848 312 1879 ad
334 1848 516 1888 pecuniam.
558 1843 631 1875 Nec
654 1843 716 1874 alio
741 1841 827 1873 sensu
848 1842 960 1881 J'ubent
978 1840 1058 1872 Dio-

184 1890 338 1922 cletianus
362 1889 390 1919 &
413 1885 627 1918 Maximianus
650 1885 669 1915 l.
692 1894 721 1921 9.
746 1883 779 1914 C.
803 1883 917 1914 Arbitr.
933 1888 989 1913 tut.
1015 1890 1060 1928 tu·

184 1939 290 1964 torem
311 1929 474 1970 quondam
497 1926 685 1964 conveniri;
711 1932 823 1956 uttam
844 1925 953 1956 reddat
965 1931 1061 1955 ratio·

185 1982 259 2005 nem
276 1995 286 2011 ,
309 1980 403 2011 quani
427 1969 446 2001 si
471 1969 545 2009 quid
568 1968 763 2008 reliquorum
788 1966 917 1997 nominc
935 1966 1062 2011 debeat.

226 2013 336 2045 Altera
365 2020 434 2051 pars
456 2010 627 2041 reddendae
649 2009 779 2039 rationis
796 2006 933 2038 consistit
954 2016 985 2038 in
1004 2015 1064 2037 eo:

185 2063 221 2086 ut
243 2062 332 2085 tutor
355 2052 478 2093 pupillo
501 2059 627 2091 reparet
649 2051 798 2081 damnum
829 2050 918 2087 quod
949 2050 977 2079 ei
1008 2049 1061 2079 de-

185 2097 268 2128 derit
299 2095 349 2127 vel
380 2093 617 2124 committendo
650 2091 700 2122 vel
729 2091 923 2121 omittendo.
955 2098 1061 2129 pone:

188 2137 346 2170 imminuit
368 2135 454 2166 bona
483 2142 554 2173 quae
582 2133 729 2173 accepit3
761 2139 813 2163 aut
843 2140 908 2162 non
931 2129 1061 2170 adquisi-

188 2180 234 2210 vit
258 2187 329 2218 quae
353 2176 458 2217 potuit
489 2174 681 2213 adquirere:
711 2173 784 2214 quia
813 2171 893 2203 fecit
924 2181 993 2211 quae
1016 2171 1060 2202 fa·

189 2229 262 2251 cere
285 2228 350 2250 non
373 2217 503 2254 debuit3
537 2223 589 2246 aut
618 2213 722 2245 omisit
752 2223 823 2254 qua>
844 2213 956 2244 debuit
977 2212 1062 2243 face-

189 2271 243 2299 re,
273 2260 315 2292 ait
336 2259 488 2299 Ulpianus
516 2256 535 2287 l.
563 2265 586 2287 1.
611 2256 653 2286 D.
676 2257 704 2287 b.
729 2260 751 2285 ι.
782 2255 818 2286 Iri
841 2255 971 2285 omnihus
999 2263 1062 2294 quoe

183 2302 259 2340 fecit
288 2306 365 2332 tutor
383 2323 392 2337 ,
423 2308 486 2330 cum
502 2298 603 2337 facere
631 2305 688 2327 non
712 2298 839 2334 deberet,
863 2296 929 2326 item
958 2296 989 2326 z'n
1018 2297 1061 2325 bis

192 2352 253 2383 quae
275 2352 331 2372 non
353 2342 448 2381 fecit,
478 2341 618 2370 rationem
646 2338 739 2368 reddet
770 2338 819 2368 hoc
846 2337 971 2377 judicio:
990 2342 1060 2377 prte-

183 2383 287 2425 stami'o
310 2383 405 2413 dolum
421 2405 429 2418 ,
453 2380 584 2420 culpam,
617 2379 653 2413 &⁴
675 2385 816 2420 quantam
837 2380 869 2408 in
899 2379 981 2408 rebus
998 2379 1062 2416 suis

191 2425 378 2465 diligentiam.
401 2422 589 2460 Exemplum
608 2421 674 2461 ejus
691 2421 779 2460 quod
799 2419 906 2450 facere
922 2428 987 2450 non
1008 2419 1061 2449 de-

191 2465 283 2503 buit,
307 2466 335 2496 &
358 2464 460 2502 secit,
484 2463 505 2494 si
529 2463 597 2503 quis
621 2462 759 2501 requirat
775 2484 784 2499 ,
808 2460 853 2492 est
875 2461 905 2492 in
928 2460 956 2501 §.
980 2470 1004 2491 i.
1027 2458 1063 2493 ἐξ

191 2518 221 2540 2.
243 2507 271 2538 d.
294 2505 312 2536 1.
336 2515 363 2537 1.
387 2506 452 2545 ejus
481 2504 569 2544 quod
592 2502 699 2534 facere
722 2502 852 2540 debuit,
875 2502 905 2533 δε
929 2510 992 2532 non
1016 2501 1063 2532 fe-

192 2548 258 2585 cit,
281 2546 312 2577 in
334 2547 353 2576 l.
379 2555 405 2577 i.
429 2546 458 2586 §.
486 2554 512 2576 1.
536 2545 554 2575 l.
577 2555 607 2584 5.
640 2543 662 2574 “.
689 2553 736 2575 10.
759 2544 802 2574 D.
826 2544 860 2573 de
880 2543 988 2574 admin.
1005 2548 1062 2573 tut.

195 2587 318 2629 optime
341 2587 435 2626 igitur
457 2586 640 2617 Alexandro
664 2586 789 2616 cuidam
821 2584 860 2615 sic
890 2584 1064 2615 rescribunt

193 2628 419 2662 Diocletianus
441 2627 470 2658 ἃ
492 2626 708 2658 Maximianus
730 2626 749 2657 l.
774 2635 804 2666 7.
827 2625 860 2656 C.
877 2625 988 2657 Arbitr.
1006 2630 1061 2655 tut.

195 2669 348 2716 Quidquid
378 2669 480 2698 tutoris
502 2668 560 2698 dolo
577 2690 587 2705 ,
618 2668 664 2698 vel
685 2668 746 2698 lata
773 2666 876 2706 culpa,
905 2672 957 2697 auc
986 2666 1061 2703 levi,

186 2718 242 2755 jeu
264 2712 427 2745 curatoris,
449 2709 567 2738 minores
591 2709 737 2743 amiserint
753 2730 762 2746 ‚
785 2708 831 2738 vel
852 2717 917 2738 cum
936 2705 1062 2746 postem,

196 2763 255 2786 non
276 2748 464 2792 adquifierim
479 2759 488 2777 .·
510 2750 559 2780 boc
581 2750 611 2780 in
635 2750 730 2780 tuteloe
743 2750 799 2788 seu
820 2749 998 2790 negotiorum
1012 2757 1060 2788 ge·

188 2794 303 2837 storum
332 2791 402 2822 utile
425 2790 569 2831 judicium
595 2792 712 2830 venire,
741 2799 799 2821 non
829 2790 866 2831 est
889 2790 992 2821 incerti
1015 2790 1064 2830 Ju-

196 2839 246 2869 ris.
287 2833 350 2865 Sed
374 2837 522 2871 apparet,
547 2838 703 2869 tutorem,
728 2831 790 2863 five
814 2831 889 2871 quid
913 2832 1064 2862 omitten-

196 2879 240 2909 do
262 2874 374 2907 laeserit
399 2871 570 2913 pupillum,
599 2872 662 2902 sive
684 2873 920 2904 committendo
936 2894 946 2910 ,
978 2879 1065 2902 tene-

193 2919 219 2951 ri
243 2918 282 2948 de
305 2914 404 2953 dolo,
434 2912 527 2951 culpa
548 2911 626 2949 lata,
663 2913 693 2943 ὃς
716 2914 790 2944 levi.
834 2914 967 2946 Poterat
996 2913 1064 2953 quis

195 2966 327 3000 putare,
359 2962 501 2986 tutorem
532 2953 626 2983 etiam
659 2954 698 2983 de
730 2954 880 2987 levissima
903 2954 994 2994 culpa
1018 2962 1064 2984 te.

196 3000 264 3031 ncri
287 3004 460 3038 oportere,
490 2992 641 3039 exemplo
664 2997 878 3033 procuratoris
907 2995 938 3027 &
960 2994 1065 3034 gesto·

194 3041 237 3072 ris
260 3039 476 3078 negotiorum.
519 3035 581 3066 Sed
603 3035 693 3065 aliter
724 3035 841 3074 placuit
873 3035 1062 3067 Veteribus:

194 3076 462 3117 existimantibus,
486 3075 651 3109 interesse:
676 3077 765 3113 quod
782 3075 811 3106 lii
836 3079 875 3110 ad
891 3078 991 3109 aliena
1008 3086 1061 3108 ne.

193 3123 281 3163 gotia
303 3121 450 3151 volentes
473 3118 644 3149 accedunt:
667 3115 719 3149 ille
749 3116 866 3148 invitus
888 3118 977 3149 venit
1008 3127 1062 3149 rie-

192 3162 333 3194 ceffitate
363 3160 501 3191 muneris
531 3158 660 3199 publici.
710 3156 794 3188 Vice
825 3157 930 3196 versa,
967 3159 1062 3197 possit

191 3204 260 3248 quis
283 3201 479 3241 existimare,
502 3199 663 3240 sufficere,
692 3205 834 3232 tutorem
864 3206 987 3237 tantuin
1018 3207 1063 3232 te-

983 106 1245 141 NoODT

1303 102 1329 136 C
1363 111 1383 135 o
1420 112 1444 135 M
1479 115 1516 139 M,

1079 191 1145 223 neri
1169 191 1208 221 de
1231 190 1310 222 dolo
1333 191 1363 223 &
1386 192 1478 233 culpa
1500 192 1580 225 lata:
1602 202 1675 226 cum
1706 196 1790 228 nulla
1820 196 1857 228 si't
1886 199 1951 238 ejus

1081 242 1122 263 ex
1145 231 1244 262 tutela
1266 231 1404 273 utilitas;
1434 243 1498 264 non
1522 236 1640 276 magis,
1677 246 1770 276 quam
1801 238 1955 279 deposita-

1082 274 1118 318 rii
1142 282 1182 303 ex
1205 272 1362 318 deposito,
1411 273 1484 306 Nec
1513 277 1611 308 male:
1641 278 1695 309 nisi
1729 279 1847 311 utilitas
1878 289 1955 312 con-

1085 315 1226 345 servandi
1249 315 1361 355 pupilli
1383 317 1521 356 quivnec
1543 316 1591 356 se,
1615 328 1675 350 nec
1699 318 1768 359 sua,
1792 323 1872 353 tueri
1895 331 1956 362 po-

1086 354 1165 393 test,
1189 354 1349 394 suaderet,
1381 365 1399 387 a
1427 364 1536 390 tutore
1566 359 1662 392 etiam
1692 360 1795 393 levem
1825 363 1953 403 culpam

1084 395 1231 443 praestari.
1274 395 1374 429 Recte
1409 397 1506 440 igitur
1535 407 1664 432 tenetur
1700 403 1822 443 pupillo
1863 412 1953 436 tutor

1082 438 1142 468 hac
1164 436 1289 482 actione
1313 439 1353 469 de
1375 438 1453 471 dolo
1476 440 1506 472 ἃ
1528 442 1624 482 culpa
1653 443 1713 474 lata
1741 453 1778 475 ac
1801 443 1876 477 levi.
1919 445 1954 477 ld

1083 487 1188 527 tamen
1218 478 1387 518 aliquando
1417 480 1556 522 fallere,
1587 482 1754 515 observavi
1782 484 1871 526 supra
1901 485 1955 518 sub

1083 519 1219 565 litulo,
1243 519 1290 550 De
1310 521 1419 552 admin.
1442 529 1530 555 lutor.
1560 534 1621 556 nec
1641 526 1703 564 jam
1726 535 1816 566 agam
1837 526 1954 559 aetum.

1125 559 1222 598 Dixi,
1244 561 1283 592 ad
1306 562 1381 601 quid
1404 571 1550 596 teneatur
1572 573 1685 597 tutor:
1715 568 1857 599 nondum
1881 577 1956 608 qua-

1085 610 1188 633 tenus.
1213 610 1277 633 non
1300 610 1406 634 autem
1430 604 1562 645 dubito,
1591 610 1666 647 quin
1697 608 1727 639 in
1750 608 1885 640 solidum
1909 618 1956 641 te-

1086 651 1216 675 neatur:
1253 643 1413 684 obligatus
1443 646 1566 684 pupillo
1598 648 1681 687 quali
1710 659 1750 681 ex
1779 651 1956 682 contractu.

1085 683 1157 715 Hac
1179 691 1288 715 mente
1310 687 1393 715 dixit
1422 684 1542 718 Praetor
1571 688 1754 729 simpliciter
1785 699 1880 732 atque
1911 693 1957 724 in.

1086 724 1196 763 finite,
1219 727 1366 756 daturum
1395 725 1425 757 se
1445 727 1597 766 judicium
1621 734 1661 761 tle
1684 740 1724 761 eo
1748 737 1834 771 quod
1864 743 1880 764 a
1912 741 1959 764 tu-

1087 774 1159 796 tore
1181 765 1302 806 gestum
1331 767 1402 798 erit.
1439 776 1536 808 atque
1564 771 1751 811 aequiffime:
1779 773 1799 804 si
1830 775 1958 814 quidem

1088 816 1168 838 unus
1191 815 1279 838 tutor
1300 806 1347 839 fit.
1371 807 1423 839 sed
1447 810 1548 849 quid,
1577 811 1597 843 fi
1628 813 1732 851 plures
1762 815 1845 847 sint?
1877 816 1907 847 ὅ(
1939 815 1959 847 fi

1088 858 1200 892 omnes
1232 850 1362 880 tutelam
1392 851 1678 884 administraverint
1708 863 1767 894 pro
1797 856 1930 887 indiviso
1948 880 1959 894 ,

1089 890 1122 920 in
1144 888 1277 921 solidum
1302 899 1452 923 tenentur
1474 891 1602 933 singuli,
1625 895 1709 934 quasi
1725 896 1885 928 individua
1903 897 1962 929 hac

1089 932 1120 962 iri
1144 929 1248 972 specie
1274 933 1382 963 tutelae
1406 934 1495 964 causa
1525 935 1544 965 ι.
1567 946 1617 976 55.
1643 936 1684 968 D.
1709 937 1761 967 De
1784 939 1892 969 admin.
1916 945 1964 970 tu-

1091 978 1145 1002 tor.
1168 973 1256 1012 quod
1279 973 1297 1003 li
1320 973 1416 1004 divisa
1438 975 1521 1006 inter
1541 985 1599 1007 eos
1622 976 1658 1008 fit
1683 978 1782 1010 tutela
1803 988 1820 1009 a
1837 979 1966 1011 testato·
2010 1002 2011 1005 η

1092 1022 1144 1052 re,
1176 1021 1230 1044 aut
1253 1023 1273 1060 a·
1302 1013 1509 1056 Magistratu‚
1538 1017 1698 1058 Praeside‚
1730 1020 1820 1050 verbi
1843 1022 1964 1061 gratia;

1092 1053 1198 1095 potest
1221 1055 1350 1101 quidem
1374 1065 1432 1097 pro
1455 1057 1505 1088 sua
1528 1059 1666 1099 quisque
1694 1061 1964 1094 administratione

1092 1104 1286 1134 convenii·i;
1316 1105 1375 1137 pro
1402 1098 1529 1132 alterius
1559 1108 1664 1132 autem
1694 1102 1966 1135 administratione

1092 1146 1157 1168 nori
1178 1138 1303 1177 potest:
1327 1138 1381 1170 nisi
1405 1148 1462 1180 per
1484 1141 1594 1174 dolum
1625 1150 1679 1174 aut
1708 1144 1758 1175 cul
1785 1153 1833 1176 am
1864 1144 1966 1185 suspe-

1093 1177 1178 1224 ctum
1202 1188 1267 1211 non
1290 1181 1467 1226 removerit
1483 1204 1494 1221 ‚
1524 1183 1576 1215 vel
1599 1183 1689 1216 tarde
1718 1185 1748 1216 su
1764 1185 1899 1225 picionis
1922 1195 1968 1218 ra-

1093 1227 1216 1251 tionem
1238 1229 1398 1253 moverit:
1420 1232 1494 1256 cum
1518 1225 1598 1256 alter
1620 1234 1732 1257 eorum
1754 1235 1821 1258 non
1844 1226 1968 1260 solven-

1094 1261 1137 1292 do
1161 1260 1294 1294 effectus
1314 1261 1353 1302 ,sit
1368 1286 1379 1302 ‚
1403 1265 1455 1296 vel
1485 1265 1668 1306 suspicionis
1699 1266 1821 1300 causam
1842 1269 1967 1309 agendo

1095 1300 1146 1334 sua
1163 1303 1283 1349 'sponte
1303 1305 1369 1345 J'ura
1385 1306 1498 1346 pupilli
1516 1308 1705 1347 prodiderit.
1750 1308 1828 1341 Non
1845 1311 1886 1341 ita
1903 1310 1967 1350 est3

1095 1343 1118 1376 si
1139 1343 1236 1375 divisa
1257 1344 1294 1376 fit
1317 1346 1435 1384 tutela,
1459 1357 1523 1380 non
1555 1358 1573 1379 a
1601 1349 1752 1382 testatore
1782 1352 1847 1390 ejus
1878 1351 1969 1383 testa-

1095 1393 1227 1424 ment0,
1250 1395 1311 1417 nec
1333 1386 1467 1419 decreto
1490 1388 1716 1428 Magistratus,
1745 1390 1799 1422 sed
1827 1401 1970 1424 conven-

1097 1427 1188 1458 tione
1211 1435 1378 1460 tutorum:
1403 1437 1470 1461 tum
1491 1430 1575 1462 enim
1597 1431 1731 1471 perinde
1754 1431 1905 1471 liabetur,
1930 1443 1967 1465 ac

1097 1466 1118 1500 fi
1142 1477 1207 1499 non
1231 1468 1308 1499 esset
1330 1469 1427 1501 divisa
1455 1471 1474 1500 l.
1499 1480 1527 1501 2.
1551 1471 1584 1502 C.
1606 1473 1640 1503 de
1660 1473 1754 1503 divid.
1776 1474 1857 1504 tutet.
1888 1474 1967 1506 scili·

1098 1517 1171 1547 cet,
1194 1518 1234 1540 ne
1256 1509 1379 1549 privata
1402 1512 1624 1543 conventione
1648 1513 1772 1552 pupillo
1795 1522 1968 1553 noceatur,

1098 1550 1229 1581 dividua
1260 1548 1344 1581 faeta
1374 1551 1474 1582 tutela
1509 1560 1579 1592 qnae
1603 1553 1719 1594 regulis
1748 1554 1822 1593 iuris
1849 1555 1893 1585 est
1923 1556 1970 1586 in·
1994 1562 1995 1565 ’

1098 1591 1365 1631 dividua.·p1acet
1384 1593 1501 1633 igitur,
1524 1594 1577 1625 vel
1604 1593 1669 1625 hoc
1692 1593 1762 1625 casu
1783 1594 1814 1626 in
1838 1595 1970 1628 solidum

1101 1632 1202 1664 teneri
1227 1631 1374 1674 singulos.

1140 1673 1219 1705 Dixi
1242 1674 1319 1714 quid
1343 1674 1420 1706 velit
1440 1674 1514 1714 juris
1531 1676 1625 1717 rigor.
1649 1685 1746 1716 porro
1765 1676 1876 1718 accipe
1893 1683 1973 1709 tem-

1099 1724 1318 1756 peramentum
1349 1725 1390 1747 ex
1421 1725 1515 1756 aequo
1547 1718 1577 1749 ὅτ.
1605 1718 1694 1749 bono
1718 1726 1908 1758 receptum3
1944 1719 1973 1751 &
2022 1719 2032 1724 ’

1099 1757 1228 1797 quidem
1253 1757 1392 1797 triplex:
1416 1766 1491 1797 puta
1513 1760 1739 1798 exceptionem
1762 1760 1904 1800 ordinis,
1927 1761 1972 1792 di-

1101 1797 1246 1836 visionis,
1277 1798 1307 1830 &
1337 1798 1552 1831 cedendarurn
1575 1800 1747 1831 actionum.
1791 1801 1895 1832 Prima
1919 1811 1973 1833 ex-

1102 1841 1214 1879 ceptio
1244 1839 1289 1870 est
1315 1840 1459 1872 ordinis:
1496 1850 1568 1872 nam
1591 1841 1613 1873 fi
1642 1850 1708 1873 non
1742 1851 1853 1874 omnes
1875 1842 1974 1883 geffe·

1102 1888 1176 1912 runt
1199 1881 1351 1919 tutelam,
1373 1881 1445 1921 quia
1468 1891 1548 1913 unus
1571 1881 1631 1914 fuit
1666 1883 1862 1922 ordinarius,
1895 1884 1974 1916 alter

1103 1922 1312 1960 honorarius3
1333 1923 1472 1963 benigne
1496 1923 1652 1962 obtinuit,
1690 1925 1825 1964 primum
1855 1934 1976 1956 conve-

1105 1964 1164 1994 niri
1189 1963 1398 1995 ordinarium:
1423 1965 1451 1995 ἃ
1475 1964 1495 1996 si
1519 1973 1631 1996 contra
1653 1965 1725 2003 fiat,
1760 1966 1808 2006 jus
1831 1965 1892 1997 csse
1916 1967 1974 1998 ho-

1105 2005 1255 2044 norario,
1278 2004 1308 2036 se
1331 2005 1410 2036 tueri
1433 2007 1628 2046 exceptione
1657 2007 1776 2038 ordinis
1799 2007 1818 2038 l.
1841 2017 1868 2047 3.
1914 2032 1920 2039 .
1944 2018 1974 2040 2.
2018 2023 2027 2038 η

1104 2045 1146 2077 D.
1170 2047 1203 2077 cie
1230 2048 1338 2078 admin.
1363 2052 1417 2078 tut.
1441 2047 1461 2078 l.
1490 2056 1513 2078 1.
1539 2047 1574 2082 ἐξ
1595 2057 1622 2079 2.
1655 2048 1688 2079 C.
1721 2049 1755 2079 Si
1778 2054 1833 2080 tut.
1856 2055 1902 2079 vet
1924 2059 1974 2080 cu-

1103 2093 1161 2118 rat.
1185 2097 1241 2118 non
1262 2087 1360 2129 geffer.
1384 2088 1403 2119 l.
1427 2098 1457 2128 3.
1489 2089 1522 2120 C.
1552 2090 1585 2120 tie
1613 2089 1706 2120 divid.
1739 2090 1818 2122 tutel.
1866 2091 1972 2122 Altera

1103 2129 1255 2168 exceptio
1284 2129 1329 2160 est
1362 2129 1540 2167 divisionis,
1570 2138 1761 2171 competens
1792 2131 1844 2163 uni
1875 2132 1975 2163 tutori
2014 2155 2036 2172 ‚„,

1103 2171 1135 2201 in
1158 2170 1291 2202 solidum
1313 2178 1500 2210 convento,
1522 2180 1595 2203 cum
1618 2172 1729 2211 reliqui
1759 2171 1828 2203 sunt
1851 2172 1974 2204 solven·
2013 2173 2020 2191 ²

1104 2212 1157 2243 do.
1180 2211 1386 2251 aequiffimum
1411 2214 1495 2244 enim
1519 2213 1580 2244 effe
1603 2214 1761 2245 creditum
1784 2213 1847 2251 est,
1877 2214 1975 2246 actio-

1104 2262 1177 2284 nem
1200 2253 1282 2284 inter
1305 2262 1361 2284 eos
1383 2254 1483 2285 dividi
1504 2263 1563 2294 pro
1586 2254 1790 2295 portionibus
1813 2256 1973 2293 virilibus,

1105 2295 1253 2334 exemplo
1276 2292 1489 2335 fidejussorum
1512 2296 1531 2326 l.
1559 2305 1585 2327 1.
1611 2295 1638 2337 §.
1665 2305 1710 2327 11.
1735 2296 1780 2328 D.
1798 2296 1825 2327 h.
1845 2303 1866 2328 t.
1889 2297 1975 2337 quod

1103 2334 1124 2367 fi
1148 2345 1212 2367 non
1244 2345 1356 2367 omnes
1387 2336 1543 2368 solvendo
1573 2336 1666 2376 sunt,
1697 2336 1749 2370 sed
1778 2338 1893 2377 aliqui:
1922 2338 1976 2367 ad-

1104 2377 1168 2408 huc
1197 2377 1280 2408 inter
1309 2386 1366 2408 eos
1399 2379 1450 2418 qui
1484 2377 1640 2410 solvendo
1669 2377 1747 2417 sint,
1770 2377 1921 2409 dividitur
1943 2387 1975 2408 a·

1105 2417 1170 2449 etio
1186 2441 1196 2457 ,
1221 2418 1250 2449 ὅ(
1273 2427 1428 2459 poterunt
1449 2418 1514 2458 illi,
1537 2426 1634 2460 prout
1657 2420 1789 2460 quisque
1818 2418 1972 2449 solvendo
2018 2424 2036 2483 Ι

1107 2459 1168 2497 cst,
1192 2460 1357 2491 conveniri
1379 2460 1408 2501 §.
1436 2469 1483 2492 12.
1508 2462 1536 2492 d.
1559 2461 1578 2491 l.
1621 2459 1733 2491 Tertia
1755 2459 1907 2499 exceptio
1929 2460 1975 2491 est

1106 2501 1319 2532 cedendarum
1341 2501 1521 2540 actionum,
1544 2501 1613 2533 fere
1636 2500 1754 2531 habens
1777 2501 1904 2539 locum,
1928 2509 1977 2532 tu-
2033 2484 2035 2571 ἓ

1106 2549 1178 2573 tore
1207 2542 1261 2582 qui
1292 2551 1357 2574 non
1388 2542 1433 2574 est
1462 2542 1531 2574 usus
1561 2541 1756 2581 exceptione
1786 2541 1975 2580 divisionis,

1105 2583 1137 2614 in
1161 2583 1294 2615 solidum
1318 2584 1554 2622 condemnato,
1586 2590 1653 2613 tum
1684 2583 1769 2614 enim
1791 2582 1922 2623 potest,
1953 2583 1975 2615 fi

1105 2624 1202 2662 velit,
1232 2632 1305 2656 ante
1335 2625 1526 2655 solutionem
1555 2632 1572 2654 a
1602 2623 1725 2663 pupillo
1757 2632 1886 2664 petere,
1919 2624 1975 2656 fibi
2031 2619 2033 2657 l

1104 2667 1175 2695 cedi
1199 2666 1341 2697 actiones
1363 2673 1440 2704 quas
1463 2664 1561 2696 habet
1589 2664 1737 2697 adversus
1766 2673 1975 2704 contutores;
2030 2665 2033 2744 J

1104 2715 1141 2736 ac
1156 2728 1166 2743 ,
1189 2705 1210 2736 fi
1232 2705 1348 2744 cesset,
1371 2715 1444 2737 eum
1468 2706 1623 2746 repellere
1645 2707 1840 2748 exceptione
1862 2707 1978 2738 ceden-
2006 2715 2012 2731 x

1105 2748 1215 2778 darum
1238 2746 1399 2778 afflonum
1420 2747 1441 2778 l.
1464 2756 1492 2778 2.
1519 2747 1553 2779 C.
1576 2748 1609 2778 de
1630 2748 1724 2779 divid.
1749 2748 1827 2778 rutel.
1868 2747 1974 2787 Justis-
2030 2751 2032 2789 l

1105 2788 1198 2819 sime:
1229 2796 1300 2819 nam
1323 2788 1376 2819 ubi
1400 2797 1465 2819 non
1496 2787 1626 2820 interest
1654 2789 1780 2830 pupilli,
1810 2789 1900 2820 aliter
1922 2787 1976 2820 fie-
2029 2801 2031 2813 1

1106 2830 1151 2867 ri;
1175 2830 1251 2869 quid
1275 2829 1305 2860 ni
1327 2829 1425 2869 prosit
1447 2830 1565 2868 tutori,
1600 2838 1671 2860 cum
1703 2828 1810 2870 potest
1839 2829 1904 2861 fine
1926 2831 1973 2861 in·
2029 2823 2030 2863 i

1107 2872 1284 2902 commodo
1318 2870 1404 2901 suo?
1436 2870 1513 2902 Hoc
1543 2871 1611 2910 plus
1639 2870 1787 2902 observat
1816 2870 1972 2910 Ulpianus

1107 2913 1135 2943 ιί.
1158 2912 1179 2943 l.
1206 2920 1232 2943 1.
1257 2910 1286 2952 ὃ.
1311 2921 1360 2952 13.
1383 2910 1424 2943 D.
1449 2912 1477 2943 h.
1499 2917 1521 2944 t.
1543 2911 1564 2943 si
1586 2911 1673 2943 forte
1695 2913 1764 2952 quis
1780 2914 1974 2943 condemna-

1106 2961 1156 2984 tus
1180 2962 1221 2984 ex
1243 2954 1372 2984 alterius
1395 2953 1509 2985 tutoris
1531 2952 1641 2990 facto,
1671 2953 1723 2984 vel
1746 2963 1787 2984 ex
1810 2953 1975 2985 communi
2027 2955 2028 2958 ’

1104 2992 1212 3034 gestu,
1231 2993 1293 3033 jam
1318 2993 1513 3034 praestiterit‚
1550 3003 1611 3025 nec
1634 2993 1662 3024 ei
1685 2996 1841 3026 mandatae
1864 2994 1921 3025 sint
1944 3004 1975 3024 zi-

1105 3036 1247 3074 ctiones,
1270 3035 1477 3067 constitutum
1499 3034 1562 3067 esse
1584 3044 1601 3066 a
1617 3033 1658 3065 D.
1683 3034 1760 3073 Pio,
1784 3036 1814 3067 ὃ(
1837 3036 1875 3066 ab
1890 3035 1970 3074 Imp.

1105 3077 1273 3107 Antonino
1296 3076 1456 3108 Caracalla
1481 3077 1510 3107 &
1543 3075 1584 3107 D.
1614 3075 1707 3107 Patre
1736 3077 1824 3118 ejus,
1858 3076 1969 3107 utilem
2025 3096 2026 3122 χ

1103 3117 1261 3148 astionem
1291 3119 1390 3149 tutori
1429 3117 1575 3149 adversus
1605 3125 1793 3148 contutores
1823 3118 1971 3149 dandam.

1103 3166 1200 3198 atque
1224 3159 1306 3189 hanc
1328 3157 1390 3189 effe
1411 3158 1552 3200 fingulari
1580 3158 1648 3197 jure
1678 3159 1832 3189 indultam
1857 3158 1915 3189 hac
1938 3160 1972 3189 in
2024 3178 2025 3199 r

1103 3197 1209 3239 speeie
1224 3222 1235 3240 ,
1259 3208 1319 3234 nec
1342 3200 1379 3233 ad
1401 3200 1481 3233 alios
1503 3198 1696 3240 fidejussores
1727 3200 1971 3241 porrigendam,
2023 3223 2033 3238 ¹,

1895 3249 1971 3280 μω·
2023 3244 2024 3250 ’
