2036 3495
591 121 839 157 AMtcA

79 216 333 252 aValentiniano
346 238 354 254 ,
373 213 531 251 Valente,
548 211 576 243 δι
589 210 766 247 Gratiano,
783 208 919 239 vetitum
931 208 962 240 in

81 261 102 293 Z.
115 265 143 295 8.
154 260 186 290 C.
204 258 254 290 Ad
275 258 338 299 Leg
360 255 472 288 Cornel.
486 257 520 286 (le
529 252 618 291 ficar.
632 252 696 287 &l
718 261 744 282 2.
763 250 795 281 C.
814 251 962 296 cleinfczn.

82 304 134 334 rib.
151 299 267 341 exprim.
297 301 358 339 jam
378 307 444 329 tum
463 306 521 337 pro
535 296 603 336 jure
623 295 783 325 oblei·vai·i
803 293 948 338 dejici-at,

125 342 168 375 At
185 342 265 375 Viro
283 339 480 381 Ampliffimo
496 347 519 369 c.
533 346 603 368 v11.
622 335 729 375 Opusc.
747 343 812 365 non
830 335 866 379 tit
883 342 962 364 veri-

84 384 201 423 fimile,
225 383 325 415 Paulo
348 384 379 412 in
397 382 477 411 libris
493 379 711 410 Sententiarum
728 385 768 407 ex
786 375 901 415 quibus
917 373 963 406 est

84 429 113 458 d.
132 426 199 466 l.4,
216 423 307 456 fuisse
323 422 539 464 propositum,
556 419 745 465 persuadere
764 416 962 462 Philosophi-

83 478 133 499 am
159 466 333 502 moralem,
354 463 417 495 five
440 462 515 494 boni
540 462 597 492 viri
623 459 729 491 osticia
746 467 817 499 quae
834 466 962 497 impune

83 507 221 542 licuiss'et
236 514 456 538 contemnere.
489 501 584 545 Quali
600 502 734 533 dixerim
746 524 755 538 ,
783 500 912 531 Paulum
930 507 962 529 in

83 551 165 582 libris
186 549 404 580 Sententiarum
429 544 582 582 voluisse,
606 553 698 575 unam
719 544 843 573 tradere
859 550 962 572 mora-

82 593 147 624 lem
172 589 429 629 Philosophiam,
453 587 483 618 &
510 586 598 626 quod
624 586 654 616 in
676 584 759 615 Foro
779 592 836 623 pro
854 582 964 623 regula

84 633 166 674 Juris
182 632 424 666 observaretur,
447 629 476 659 in
495 636 600 659 totum
618 625 799 666 neglexiss'e.
827 623 904 655 Non
922 632 962 654 ita

85 674 147 706 est:
163 680 335 713 numquam
352 672 416 701 hoc
432 670 590 710 cogitavi3
607 670 635 699 et
651 667 847 698 contrarium
863 665 965 696 osten-

84 717 132 747 dit
150 724 238 746 meus
254 714 351 753 Julius
373 712 497 743 Paulus.
532 711 629 751 Igitur
648 718 706 740 iicc
724 717 774 739 me
791 708 965 752 conturbat

86 756 278 788 Clariffimus
302 754 454 791 Senator,
480 762 577 793 porro
598 750 774 791 profcss‘us,
799 749 839 779 Se
857 756 964 788 potius

86 796 217 830 censere
241 798 283 827 ita
308 796 509 832 habendum,
534 794 665 825 Paulum
690 802 730 823 eo
750 790 860 831 Opere
877 790 965 829 quod

86 839 251 871 Sententias
276 835 446 877 inscripsit,
470 836 523 867 vel
550 835 686 867 maxime
706 833 786 873 ‚luris
809 831 965 876 RegulaS,

88 881 119 913 &
141 888 272 920 recepta
295 878 368 919 Jure
388 878 482 909 Civili
500 880 650 918 dogmata
667 871 965 914 comprehendisse3

87 931 150 954 nec
165 922 228 954 alio
244 921 309 952 fine
328 919 504 958 tradidisse,
529 928 622 957 quam
642 926 675 948 ut
693 915 851 961 filium'ad
870 922 967 957 quem

87 973 162 996 eum
187 963 302 994 librum
332 961 472 1000 sci-ipsit,
497 961 650 992 edoceret
675 959 829 997 principia
847 954 877 986 &
895 955 966 984 iun-

89 1007 238 1037 damenta
253 1003 342 1043 juris.
361 1002 445 1034 Nam
462 1011 497 1033 ut
515 1002 579 1032 hoc
595 1000 790 1043 concedam:
808 997 883 1042 quid
900 1003 968 1042 tum

86 1046 224 1087 postea?
241 1055 316 1077 num
334 1044 463 1082 Paulus,
480 1044 500 1075 fi
517 1052 611 1074 unum
629 1041 707 1072 fecit
723 1049 753 1070 in
770 1045 902 1079 gratiam
920 1035 968 1082 bi-

89 1089 144 1127 lii,
161 1088 284 1119 idcirco
302 1087 434 1118 alterum
452 1084 580 1116 omisit?
605 1084 669 1114 hoc
687 1090 806 1126 putati,
829 1079 966 1117 nullaJu·

88 1129 147 1160 bet
170 1129 262 1160 ratio.
294 1136 365 1159 nam
381 1128 412 1158 in
431 1127 516 1158 libi-is
534 1133 663 1166 quoque
678 1126 714 1154 tid
733 1121 873 1153 Ethelum
887 1120 968 1163 juris

89 1170 300 1203 fundamenta
322 1168 489 1210 exposuit3
513 1167 564 1198 sed
589 1176 654 1205 non
678 1173 718 1195 eo
742 1163 846 1194 minus
863 1169 904 1191 ex
921 1160 968 1190 his

90 1212 237 1253 praecipit
252 1211 271 1241 l.
292 1220 359 1249 144.
377 1209 419 1240 D.
435 1211 468 1240 de
483 1208 590 1249 regulis
600 1208 696 1248 juris,
714 1205 786 1249 Non
802 1211 882 1249 omne
897 1202 970 1242 qnod

91 1254 175 1292 licet,
199 1251 343 1290 honestum
359 1250 419 1291 effi.
460 1250 548 1282 Idem
563 1248 679 1279 saelum
697 1248 727 1277 iii
745 1247 830 1277 libris
846 1245 970 1288 &enter-25

93 1296 220 1326 riarum.-
243 1294 318 1333 quid
343 1301 374 1323 ni
397 1293 480 1322 enim
506 1299 596 1330 pater
618 1288 716 1319 filiuni
734 1287 819 1332 iti—re
835 1283 970 1330 notabili

94 1336 149 1367 vel
171 1336 225 1366 hic
250 1337 377 1375 optimo
400 1331 534 1363 confilio
560 1331 695 1370 implere
720 1328 798 1358 velit
821 1334 971 1365 tamjums

92 1376 279 1418 praecepds,
304 1384 397 1415 quain
421 1374 497 1413 juris
521 1372 669 1412 regulis?
699 1370 761 1401 Sed
786 1367 971 1415 eitemplum

92 1418 186 1460 petis.
203 1417 314 1458 accipe
331 1415 598 1456 pulcherrimum,
623 1421 720 1452 atque
739 1420 778 1440 ex
801 1410 882 1439 lzhrzs
901 1408 971 1438 Sen-

93 1461 272 1495 zenziarzim,
289 1458 376 1498 quod
394 1464 577 1497 opportune
593 1454 671 1486 tnihi
689 1451 834 1493 suggeffit
851 1450 972 1496 Coliaizo

94 1501 210 1542 Legum
234 1499 434 1537 Molaicciruni,
459 1497 495 1532 ὅ)
512 1497 713 1528 Romanarum
738 1494 784 1527 'sit
801 1501 871 1524 Vll.
895 1491 924 1532 ᾖ.
942 1500 971 1522 2.

96 1541 225 1574 Verba:
242 1541 355 1572 Paulus
366 1540 435 1570 libro
445 1539 664 1570 Sententiarum
683 1547 712 1567 v.
731 1537 769 1566 ad
786 1534 892 1576 Legem
903 1533 971 1563 Cor·

93 1583 200 1616 neliam
217 1584 249 1613 cle
263 1580 374 1617 sicariis
394 1580 429 1615 δέ)
448 1580 592 1620 veneficis.
618 1579 650 1609 Sz·
664 1579 728 1619 quis
739 1578 841 1617 furem
856 1573 971 1621 noftur-

94 1635 166 1657 num
181 1624 228 1655 vel
251 1623 410 1660 diurnum,
433 1631 498 1652 cnm
510 1624 536 1656 le
552 1621 602 1651 reio
618 1621 797 1659 defenderer,
820 1617 973 1662 ocstderzr,

96 1667 151 1698 hac
168 1666 282 1707 quidem
301 1663 377 1704 Lege
390 1672 447 1693 non
464 1668 577 1693 tenetur
587 1673 596 1692 .·
603 1662 656 1701 sed
671 1660 772 1691 meiius
783 1659 906 1698 fecerit,
922 1666 973 1697 qni

95 1717 161 1739 eum
188 1706 415 1746 compreheuizim
432 1727 442 1742 ,
468 1703 724 1735 transmittendum
747 1698 974 1746 Magis-travibus

98 1748 245 1780 obtulerit.
269 1745 527 1786 Explicationem
544 1744 661 1775 locine
678 1742 822 1782 expecta.
841 1749 904 1781 jam
920 1739 975 1770 de-

100 1789 133 1821 di
154 1788 334 1829 pleniorem
356 1787 433 1818 olim
454 1786 502 1817 lib.
523 1795 548 1817 1.
574 1785 770 1816 Probabiiium
787 1793 810 1814 c.
827 1792 856 1818 9·
874 1781 910 1816 ὅ)
924 1781 975 1812 lib.

93 1829 175 1871 fing.
197 1830 248 1860 Ad
273 1826 377 1869 Legem
402 1827 554 1868 Aquiliam
567 1836 591 1858 c.
609 1837 640 1867 5.
665 1826 718 1856 ubi
735 1824 842 1865 potest
864 1822 976 1868 videri.

100 1872 222 1903 Verum
247 1869 267 1900 fi
292 1869 373 1900 hanc
400 1867 517 1908 Operis
542 1868 606 1908 ejus
634 1867 839 1909 particulam,
861 1863 974 1910 finitas

100 1914 234 1945 aliorum
258 1909 614 1941 Senatusconsultorum
637 1918 713 1948 quas
736 1905 903 1940 Paridestis
929 1914 974 1936 in-

101 1953 198 1985 seruit
216 1951 452 1990 Tribonianus,
468 1952 507 1982 ad
518 1959 678 1991 praccepta
692 1948 822 1981 moralia
837 1946 974 1992 reseres:

103 1995 149 2026 est
164 1992 431 2035 Bynkershoekio
444 2001 567 2031 metus;
584 2001 623 2023 ne
639 1991 809 2022 auctoritas
824 1989 904 2029 Juris
920 1997 978 2019 im-

100 2045 195 2068 mane
213 2042 365 2074 quantum
382 2035 601 2074 periclitetur3
626 2042 662 2063 ac
680 2042 720 2063 ne
737 2034 826 2073 quod
844 2039 903 2071 pro
916 2029 976 2062 Le-

102 2086 142 2117 ge
159 2075 268 2107 haberi
289 2076 391 2106 voluit
409 2074 613 2113 justinianus,
630 2075 784 2105 habeatur
800 2082 858 2113 pro
874 2071 977 2116 decla:

101 2118 244 2150 matione
254 2117 382 2156 alicujus
394 2116 544 2147 Rhetoris
560 2125 613 2147 aut
625 2114 824 2156 Philosophi.
848 2113 909 2144 Sed
923 2121 978 2153 qui

102 2167 207 2190 metus
226 2157 270 2189 est
288 2158 404 2189 Amico
422 2157 533 2189 Docto
553 2159 581 2188 ἃ
598 2156 715 2195 Claro,
738 2157 763 2189 is
785 2162 889 2187 metus
913 2163 979 2185 non

104 2201 149 2232 est
173 2200 268 2231 mihi:
293 2209 326 2230 re
349 2201 412 2239 ipia
431 2209 448 2229 a
472 2208 524 2231 me
539 2198 702 2239 superiore
720 2197 871 2238 exemplo
890 2204 981 2227 extra

105 2241 341 2273 dubitationem
357 2239 468 2281 posita.
493 2248 647 2281 prazteiea
659 2240 728 2281 quis
745 2240 871 2281 ignorat
886 2237 981 2278 paulo

103 2283 280 2320 eruditior,
304 2289 456 2322 oportere
472 2282 504 2312 in
521 2281 718 2322 Fragmentis
737 2280 982 2318 Pandettamm,

106 2333 140 2356 ut
167 2323 252 2355 reete
277 2323 510 2364 intelligantur,
537 2324 698 2363 duplicem
720 2322 787 2354 fieri
813 2321 981 2361 inspectio-

106 2375 200 2398 nem:
223 2374 315 2396 unam
333 2365 373 2396 de
389 2372 497 2396 mente
515 2364 670 2396 Veterum
688 2364 881 2395 Auum-um:
905 2363 981 2393 alte-

105 2416 171 2440 ram
190 2407 228 2437 de
248 2406 404 2437 sententia
419 2405 590 2445 justiniani.
616 2406 798 2437 Secundum
814 2405 896 2435 hanc
915 2413 983 2434 cre-

109 2449 139 2480 di
157 2448 254 2480 debet
269 2447 356 2479 Pauli
368 2447 620 2487 Fragmentuma
635 2447 716 2487 juris
732 2445 922 2479 ArchitectiS
938 2454 984 2476 es-

107 2489 139 2521 se
154 2491 185 2521 in
198 2491 225 2521 ιί.
237 2489 285 2526 l.4
298 2513 308 2528 ,
324 2497 413 2528 parte
431 2491 580 2529 dempta,
597 2490 810 2521 collocatum:
829 2488 893 2519 hoc
908 2496 984 2518 con-

108 2531 194 2570 filio,
219 2539 254 2561 ut
279 2538 440 2569 acciperet
468 2532 532 2561 vim
555 2529 667 2571 Legis,
691 2540 797 2572 aptam
820 2531 850 2560 ἃ.
866 2538 985 2560 conve-

109 2574 253 2604 nientem
271 2573 413 2603 moribus
431 2571 486 2602 illo
505 2579 654 2612 tempore
673 2573 814 2613 receptis
831 2581 870 2602 ex
900 2569 987 2601 Con-

111 2613 278 2644 stitutione
290 2612 502 2644 Valentiniani
515 2636 523 2651 ,
541 2613 704 2650 Valentis,
727 2616 755 2644 e't
774 2613 938 2649 Gratiani,
957 2613 988 2642 in

112 2656 141 2685 d.
159 2654 177 2683 ι.
195 2658 224 2686 8.
245 2654 278 2684 C.
294 2653 344 2684 Aci
362 2653 434 2694 Leg.
453 2654 564 2685 Cornel.
580 2654 708 2693 deficar.
725 2655 762 2689 ὃ)
778 2658 806 2686 ci.
824 2655 842 2685 li
860 2664 888 2686 2.
907 2654 939 2685 C.
957 2655 990 2684 cie

113 2694 253 2734 infantib.
271 2693 387 2732 expsfir.
426 2695 527 2726 Aliter
542 2705 578 2726 ac
595 2696 616 2727 fi
630 2698 829 2728 examinetur
846 2696 885 2727 ad
903 2696 991 2726 ulum

113 2735 209 2767 seculi
220 2743 285 2774 quo
296 2734 413 2774 sci-ipsit
424 2735 555 2768 Paulus:
572 2745 638 2769 tum
650 2739 733 2769 enim
748 2739 868 2775 dicam,
886 2746 992 2777 neque

80 2804 83 2806 -
115 2776 238 2814 Legem
261 2775 353 2820 fulffss
369 2799 378 2813 ‚
410 2785 515 2816 neque
540 2777 636 2818 Legis
663 2779 884 2810 auctoritatem
907 2779 991 2809 obti-

115 2817 236 2855 nuiss'e3
254 2816 306 2847 sed
326 2825 445 2847 tantum
463 2817 553 2848 fuiffe
571 2820 743 2851 doetrinam
763 2820 849 2852 Pauli
862 2844 871 2858 ,
888 2821 990 2860 priva-

117 2861 140 2890 ti
157 2856 396 2898 jurisconsulti,
411 2858 455 2898 pii
474 2858 503 2888 &
517 2858 681 2897 sapientis:
707 2861 821 2901 praetcr
839 2861 992 2902 Regulam

117 2900 198 2941 juris
222 2907 292 2939 quae
316 2899 345 2929 in
374 2898 460 2929 Foro
487 2900 623 2930 habehat
638 2902 870 2941 necestitatem,
897 2903 992 2933 etiam

119 2943 206 2982 quod
232 2941 332 2970 virum
359 2940 480 2970 bonum
499 2941 528 2972 ἃ
559 2941 725 2974 honestum
744 2944 899 2981 decebat,
924 2953 992 2983 pru-

118 2982 296 3015 dentiffime
313 2981 525 3012 admonentis.
574 2981 644 3013 Nec
661 2983 723 3014 hoc
741 2984 804 3015 sinc
822 2985 993 3023 exemplu,

119 3025 188 3066 ipso
202 3024 333 3063 egregio
350 3023 379 3053 ἃ
395 3024 481 3061 quod
498 3022 591 3062 posfit
607 3025 749 3055 omnium
765 3025 858 3056 instar
875 3026 996 3063 videri,

121 3076 160 3098 ex
178 3065 205 3106 §.
226 3075 254 3101 9.
275 3062 347 3102 lii-li.
373 3065 405 3094 cie
420 3065 531 3104 nnpii'ir
553 3064 588 3098 &³
606 3064 625 3095 l.
647 3075 692 3096 12.
718 3066 746 3107 §.
768 3075 795 3097 1.
810 3077 838 3097 2.
854 3076 884 3107 3.
902 3066 944 3097 D.
964 3068 997 3096 de

121 3110 182 3140 ritu
198 3108 376 3146 nuptiarum,
404 3104 506 3136 Ecce:
523 3104 543 3136 ss
562 3115 643 3137 uxor
665 3117 716 3137 tua
734 3106 804 3147 post
822 3108 996 3138 divortium

122 3158 162 3180 ex
178 3148 239 3178 alio
257 3148 350 3178 tiliam
362 3155 449 3187 proc·
460 3147 562 3184 eavit,
583 3148 650 3178 liaec
662 3157 726 3179 non
744 3148 787 3179 est
798 3149 925 3189 quidem
937 3150 996 3188 pri-

125 3190 218 3230 vigna
238 3196 309 3226 tua,
334 3191 362 3218 et
381 3189 501 3218 idcirco
520 3189 627 3228 potuit
645 3198 661 3219 a
678 3197 709 3219 tc
725 3190 825 3229 accipi
844 3191 874 3221 in
889 3191 993 3222 matri-

124 3230 289 3269 monium,
311 3228 401 3261 salvis
417 3228 548 3271 Regulis
562 3229 653 3270 Juris.
690 3230 751 3264 Sed
767 3231 925 3276 Julianus,
946 3233 993 3266 vir

911 118 1371 159 RtsroNsto.

1817 134 1889 168 495

1007 210 1128 252 sapiens
1152 211 1183 243 &
1207 212 1276 253 pius
1288 237 1296 252 ,
1320 212 1521 254 considerato
1538 213 1627 253 quod
1644 213 1689 245 est
1706 212 1836 254 pudoris
1855 212 1887 245 ὅτ.

1006 253 1198 291 honestatis,
1222 256 1264 286 ait
1291 256 1438 287 abstineri
1464 256 1502 286 ab
1521 255 1698 296 hujusmodi
1715 254 1834 295 nuptiis
1852 263 1887 285 0-

1005 304 1152 336 porterc:
1169 297 1264 337 idque
1281 298 1375 329 etiam
1386 297 1453 330 aliis
1468 298 1623 337 exemplis
1641 297 1793 337 intelligi:
1812 304 1884 327 nam

1006 347 1068 369 nec
1084 336 1224 377 sponsam
1242 337 1296 370 filii
1316 348 1429 370 nurum
1447 339 1528 377 effe,
1546 349 1606 370 nec
1624 339 1719 380 patris
1738 337 1883 379 sponsam

1006 388 1180 410 novercam
1197 378 1277 412 effe:
1294 380 1408 412 rectius
1421 390 1525 412 tamen
1544 381 1572 412 δι
1588 382 1656 421 jure
1671 380 1813 412 fasturos
1830 378 1884 419 qui

1007 421 1046 451 ab
1062 420 1238 460 hujusmodi
1256 423 1374 462 nuptiis
1390 421 1420 453 se
1435 423 1655 454 abstinuerint.
1695 421 1772 455 Hoc
1787 421 1818 452 in
1833 421 1885 460 Ju-

1005 463 1047 493 ris
1069 463 1238 502 praeceptis
1256 464 1368 502 juliani
1387 471 1533 504 tempore
1549 463 1659 500 fuisse,
1680 462 1883 495 manifestum

1006 504 1060 534 est.
1087 513 1119 534 at
1142 505 1194 535 ubi
1211 504 1522 545 placuitjustiniano
1535 528 1545 544 ,
1569 506 1599 535 id
1620 514 1740 545 ponere
1757 505 1788 536 iti
1804 505 1831 535 ci.
1850 502 1881 544 §.

1004 554 1034 581 9.
1056 544 1093 579 ὅ)
1109 547 1136 576 d.
1154 545 1173 575 l.
1194 554 1240 577 12.
1259 546 1291 587 §.·
1310 549 1335 577 ιε’.
1355 556 1373 577 2
1404 546 1441 581 ὅ)
1457 556 1486 587 3.
1510 555 1548 577 ati
1574 545 1619 578 est
1635 547 1786 584 dubium,
1811 546 1884 576 inde

1006 596 1065 628 pro
1094 585 1182 627 Lege
1198 586 1259 618 esse
1276 587 1416 628 coepilse.
1469 588 1577 628 Atque
1593 587 1667 618 huic
1683 587 1704 618 ii
1720 586 1825 623 adest,
1850 594 1886 617 ut

1008 637 1158 668 oportet,
1181 627 1260 659 fides
1288 630 1374 660 veri:
1398 638 1491 669 quam
1513 629 1609 660 habet
1626 627 1787 659 Dominus
1814 627 1885 660 Van

1007 669 1243 711 Bynkershoek
1265 669 1387 701 causam
1405 671 1435 702 in
1455 672 1618 711 praeientia
1636 670 1820 706 metuendi,
1843 678 1885 700 ne

1009 721 1025 742 a
1047 720 1117 742 mea
1140 711 1407 751 interpretatione
1431 713 1630 752 periclitetur
1646 711 1727 750 Jui‘is
1749 711 1886 742 auctori-

1008 762 1071 783 tas:
1095 753 1124 782 &
1143 755 1230 791 quod
1249 762 1308 792 pro
1328 753 1415 794 Lege
1434 753 1541 784 haberi
1559 754 1661 784 voluit
1675 752 1885 792 Justinianus‚

1008 803 1067 834 pro
1084 793 1332 825 Declamatione
1347 796 1478 835 alicujus
1501 794 1651 826 Rhetoris
1669 802 1723 825 aut
1741 793 1886 826 Philoso-

1008 834 1063 875 phi
1080 843 1244 873 reputetur
1255 835 1271 866 2>
1289 838 1426 876 opinor,
1442 837 1579 868 nullam:
1595 836 1713 877 quippe
1731 845 1803 867 curn
1820 843 1890 866 om·

1009 877 1060 906 nia
1073 900 1081 913 ,
1099 874 1266 915 postquam
1280 876 1330 907 sua
1348 877 1428 908 fecit
1444 877 1635 917 justinianus
1646 902 1655 916 ,
1668 879 1707 909 ab
1722 887 1762 908 eo
1779 875 1888 918 profe-

1010 917 1077 955 aa,
1104 925 1144 947 ex
1159 917 1291 956 ejusque
1309 927 1435 956 mente,
1459 920 1593 960 intelligi
1611 920 1766 951 debeant:
1790 926 1825 949 ut
1841 916 1888 949 est

1010 959 1041 989 in
1068 957 1328 1002 Constitutione,
1352 958 1399 989 De
1423 963 1600 1001 conceptione
1627 959 1832 1002 Digestorum,
1856 960 1887 991 &-

1011 998 1058 1031 De
1075 999 1289 1038 confirmatione
1306 998 1508 1041 Digestorum,
1537 1003 1631 1034 vai-iis
1646 1003 1738 1034 locis.

1052 1039 1176 1071 Videor
1192 1041 1268 1070 mihi
1287 1050 1326 1071 ex
1343 1050 1423 1072 voto
1441 1042 1564 1074 solviss'e
1573 1051 1758 1085 argumenta
1773 1053 1789 1075 a
1806 1041 1888 1074 Viro

1012 1082 1141 1113 Eximio
1165 1081 1243 1112 mihi
1271 1082 1394 1121 objecla
1418 1084 1503 1115 circa
1521 1085 1661 1124 priorem
1680 1084 1889 1126 quaestionem

1011 1127 1050 1155 de
1068 1122 1226 1154 infantum
1242 1122 1443 1163 expositione
1462 1125 1491 1156 δι
1508 1135 1599 1159 nece.
1623 1127 1776 1158 Succedit
1792 1127 1891 1158 altera

1011 1168 1051 1196 de
1069 1165 1181 1196 abacto
1199 1172 1307 1204 partu,
1332 1167 1571 1198 medicamento
1589 1178 1606 1198 a
1622 1169 1754 1199 muliere
1775 1167 1891 1208 sponte

1012 1206 1139 1246 sumpto
1156 1206 1192 1237 ad
1204 1206 1418 1238 abortionem.
1443 1207 1496 1239 Est
1513 1218 1591 1239 vero
1609 1209 1684 1248 ista,
1699 1209 1763 1240 sive
1782 1211 1819 1241 ad
1831 1209 1891 1242 Re-

1013 1248 1101 1289 gulus
1129 1247 1226 1286 juris,
1251 1246 1315 1278 sive
1340 1249 1378 1279 ad
1394 1248 1476 1287 Juris
1492 1258 1653 1290 praecepta
1669 1252 1891 1291 examinetur3

1013 1291 1090 1321 item
1117 1288 1180 1320 five
1203 1289 1240 1320 ad
1264 1288 1344 1328 lui-is
1359 1290 1484 1322 initium
1497 1316 1506 1328 ,
1530 1291 1594 1322 live
1609 1292 1648 1322 ad
1664 1292 1729 1331 ejus
1746 1301 1892 1332 progres-

1014 1330 1079 1362 sum
1098 1330 1276 1369 spectetur,
1293 1340 1309 1361 a
1324 1340 1377 1362 me
1394 1333 1432 1362 ad
1450 1341 1574 1365 certum
1592 1333 1726 1365 addusta
1742 1335 1832 1374 capite
1847 1333 1891 1365 nl-

1015 1374 1081 1404 zinio
1099 1372 1179 1412 Jzilz'z'
1196 1371 1295 1403 Pauli.
1338 1372 1400 1403 Sed
1417 1375 1489 1413 quia
1507 1374 1559 1405 hic
1574 1383 1705 1416 quoque
1722 1376 1784 1406 alio
1801 1375 1892 1406 flexit

1014 1412 1298 1456 Bynkerslioekius
1318 1413 1461 1454 Opiiscnlz‘
1475 1425 1499 1446 c.
1516 1425 1587 1447 VII.
1600 1423 1671 1458 pag.
1694 1421 1762 1457 ¹87·
1782 1417 1818 1451 δ’
1832 1421 1889 1458 seq.

1015 1465 1075 1496 age
1091 1464 1162 1496 quae
1179 1455 1397 1493 intercedant,
1415 1466 1455 1486 ne
1472 1465 1599 1488 mecum
1617 1458 1696 1497 stet,
1712 1458 1895 1490 considere·

1016 1507 1097 1529 mus.
1134 1496 1230 1527 Putat
1249 1496 1305 1527 Vir
1322 1497 1554 1536 Ampliffimus,
1577 1499 1743 1531 mulierem
1761 1509 1894 1537 nuptam

1014 1546 1187 1577 numquam
1210 1536 1349 1568 liabuiss'e
1363 1538 1411 1578 jus
1427 1540 1576 1579 abigendi
1597 1547 1724 1579 partus:
1750 1541 1777 1573 &
1793 1541 1814 1572 fi
1830 1542 1894 1572 abi-

1013 1588 1104 1622 geret
1120 1581 1151 1610 in
1171 1579 1273 1610 mariti
1293 1578 1458 1619 fraudem,
1482 1581 1604 1621 semper
1623 1582 1765 1621 punitam
1782 1581 1895 1618 fuiss'e:

1016 1623 1077 1653 hac
1092 1619 1200 1658 causa,
1225 1622 1314 1660 quod
1331 1621 1443 1652 mulier
1457 1622 1577 1653 liberos
1593 1631 1764 1663 numquam
1783 1624 1896 1656 habuit

1015 1664 1046 1694 in
1065 1661 1243 1703 potestate:
1260 1662 1290 1692 &
1306 1670 1413 1693 uterus
1423 1673 1487 1695 non
1500 1663 1611 1704 ipsius,
1628 1664 1680 1696 sed
1693 1665 1797 1697 mariti
1813 1665 1895 1701 fuit:

1017 1705 1092 1736 hinc
1115 1702 1186 1744 post
1210 1703 1406 1742 divortium,
1428 1705 1480 1736 vel
1502 1713 1642 1737 mortem
1664 1707 1792 1745 mariti,
1815 1717 1894 1740 ven-

1017 1754 1101 1777 trem
1117 1744 1249 1785 inspici;
1266 1744 1296 1776 &
1312 1744 1334 1777 fi
1350 1746 1465 1778 mulier
1480 1748 1685 1779 renunciatur
1699 1749 1847 1789 gravida,
1865 1749 1897 1781 ei

1018 1786 1184 1818 custodem
1201 1787 1330 1826 apponi.
1354 1787 1588 1828 consequenter
1602 1797 1710 1829 putat,
1728 1790 1815 1831 leges
1832 1789 1899 1822 Ro-

1009 1838 1154 1872 -manas,
1184 1827 1205 1859 fi
1229 1828 1359 1868 quando
1383 1830 1507 1861 mulieri
1533 1830 1679 1862 dederint
1705 1831 1899 1871 potestatem

1016 1879 1124 1911 partus
1139 1878 1170 1900 in
1184 1877 1296 1900 ventre
1313 1872 1465 1902 necandi:
1483 1880 1548 1903 non
1566 1872 1658 1904 aliter
1672 1872 1791 1904 dedisse
1802 1882 1899 1914 quam

1020 1912 1061 1942 de
1081 1918 1172 1951 pai-tu
1190 1911 1308 1956 vulgo,
1331 1921 1396 1943 noti
1412 1922 1453 1944 ex
1473 1913 1608 1952 marito,
1632 1922 1807 1955 concepto.
1850 1915 1900 1948 lta

1020 1952 1125 1984 firmat
1151 1953 1239 1992 quod
1263 1954 1421 1992 intendit,
1445 1955 1638 1995 argumentis
1660 1958 1690 1987 ὅς
1708 1957 1898 1989 rationibus.

1021 2003 1083 2034 ego
1099 2003 1178 2024 vero
1197 1993 1291 2024 testes
1305 1995 1334 2025 dt
1354 1997 1501 2036 exempla
1520 1996 1795 2036 exspectaveram:
1820 1997 1901 2030 ficut

1020 2036 1070 2066 his
1086 2037 1279 2066 contrarium
1297 2035 1360 2075 ipse
1376 2037 1404 2067 ci.
1421 2047 1445 2068 t.
1464 2037 1514 2068 ult.
1530 2037 1742 2070 demonstravi
1759 2038 1901 2071 testimo—

1019 2078 1079 2108 niis
1089 2075 1239 2122 Senccae,
1258 2075 1388 2115 Ovidii,
1403 2077 1583 2118 Juvenalis,
1599 2078 1811 2119 Tertulliani,
1829 2091 1901 2121 quae

1022 2118 1065 2150 ibi
1089 2118 1216 2158 possunt
1243 2119 1363 2157 videri3
1387 2119 1569 2160 &ignorari
1586 2121 1638 2152 vel
1663 2121 1843 2154 diffiinulari
1860 2124 1900 2154 ab

1022 2159 1221 2200 Ampliffimo
1237 2159 1314 2190 Viro
1327 2169 1392 2191 non
1408 2160 1559 2193 debuere.
1583 2161 1662 2203 Quo
1677 2165 1776 2204 magis
1793 2172 1902 2196 tamen

1024 2203 1180 2241 liqueret,
1195 2209 1288 2240 quam
1305 2201 1435 2232 lubi-icae
1451 2203 1482 2234 in
1500 2213 1534 2234 re
1551 2202 1625 2236 facti
1643 2203 1702 2236 fint
1719 2206 1786 2245 ejus
1803 2207 1901 2237 ratio-

1025 2252 1101 2279 nes,
1125 2243 1392 2289 nongyavabor,
1417 2244 1468 2275 vel
1492 2245 1560 2277 illas
1579 2246 1750 2286 inquirere·
1794 2246 1905 2286 Negat

1025 2283 1084 2328 Vir
1101 2283 1332 2329 ninplifliinus,
1356 2285 1522 2318 mulierem
1538 2296 1669 2327 nuptam
1685 2297 1834 2327 umquam
1851 2286 1905 2320 ha-

1024 2323 1334 2370 buissepotestatem
1348 2325 1497 2368 abigendi
1516 2336 1642 2368 partus:
1666 2330 1695 2360 (St
1712 2330 1780 2360 ulus
1803 2330 1906 2370 dupli·

1026 2375 1064 2397 ce
1081 2373 1216 2411 ratione.
1248 2376 1308 2398 una
1323 2366 1386 2405 est,
1409 2370 1498 2409 quod
1513 2377 1614 2401 mater
1630 2370 1751 2402 liberos
1769 2380 1834 2402 non
1849 2371 1906 2403 ha-

1027 2408 1084 2438 bet
1103 2416 1133 2437 in
1150 2407 1319 2454 pote-state.
1349 2410 1446 2441 altera
1458 2434 1468 2449 ‚
1491 2412 1580 2451 quod
1596 2419 1704 2443 uterus
1720 2411 1765 2443 est
1781 2414 1907 2452 mariti,

1028 2457 1093 2480 non
1107 2448 1259 2493 mulieris.
1287 2449 1387 2491 Quod
1402 2453 1441 2482 ad
1454 2452 1595 2492 priorem
1611 2453 1744 2492 attinet,
1761 2454 1792 2485 in
1808 2463 1844 2485 ea
1860 2455 1907 2487 est

1029 2489 1195 2521 manifesta
1219 2492 1436 2532 repugnantia.
1468 2502 1540 2525 nam
1563 2492 1585 2524 fi
1600 2494 1648 2534 jus
1666 2494 1697 2526 in
1714 2504 1828 2527 ventre
1850 2506 1907 2528 ne-

1030 2531 1123 2576 candi
1139 2538 1246 2572 pai-tus
1264 2533 1384 2572 pendet
1402 2543 1418 2564 a
1435 2535 1535 2574 patria
1549 2534 1725 2575 potestate:
1743 2546 1782 2568 an
1801 2537 1908 2577 porest

1030 2581 1123 2604 matri
1148 2571 1210 2603 css'e
1232 2574 1280 2613 jus
1306 2575 1336 2604 in
1361 2583 1473 2606 ventre
1493 2578 1627 2612 necandi
1654 2585 1762 2618 partus
1786 2578 1907 2619 spurii?

1033 2623 1097 2645 tion
1114 2614 1237 2660 potell:
1261 2624 1332 2646 iiam
1350 2625 1390 2647 ne
1406 2616 1528 2656 spurius
1552 2619 1681 2658 quidem
1705 2619 1750 2652 est
1768 2620 1799 2652 in
1815 2629 1909 2660 pote-

1032 2655 1111 2687 state
1128 2664 1246 2701 matris,
1293 2656 1404 2689 Potius
1420 2657 1524 2690 fuerat
1541 2659 1731 2700 dicendum,
1756 2663 1845 2702 quod
1862 2663 1909 2694 in-

1033 2706 1132 2735 nupta
1149 2705 1278 2743 impune
1295 2699 1404 2738 potuit
1427 2708 1549 2740 partum
1576 2702 1726 2743 abigere3
1749 2704 1822 2743 quia
1842 2713 1910 2744 par-

1034 2747 1084 2769 tus
1100 2747 1173 2768 cnm
1191 2746 1289 2769 matre
1305 2739 1489 2780 cohaerens,
1513 2742 1558 2774 est
1575 2752 1645 2784 pars
1670 2746 1796 2782 mati-is,
1824 2746 1851 2776 ἃ
1877 2744 1911 2776 fi-

1034 2788 1090 2810 cut
1107 2788 1207 2825 mater
1224 2780 1330 2819 p0test
1348 2780 1377 2813 se
1391 2782 1460 2822 Jure
1478 2783 1562 2816 civili
1587 2786 1758 2825 occidere3
1782 2787 1823 2816 ita
1841 2796 1910 2826 par-

1035 2821 1395 2868 tum‚·id.est,'partem
1413 2822 1455 2856 sui
1474 2825 1588 2864 potest.
1606 2829 1722 2858 eodem
1739 2828 1837 2858 modo
1855 2835 1911 2858 nu-

1035 2870 1099 2901 ptoe
1117 2862 1205 2892 licuit
1221 2865 1367 2904 abigere,
1390 2865 1421 2896 id
1440 2865 1503 2906 est,
1526 2868 1556 2899 in
1575 2877 1689 2899 ventre
1707 2877 1839 2905 necare,
1864 2868 1911 2898 in-

1035 2902 1177 2934 fantem:
1196 2907 1324 2943 quando
1341 2906 1434 2939 etiam
1451 2907 1550 2941 foetus
1567 2919 1639 2941 cum
1658 2910 1722 2949 ejus
1741 2908 1911 2940 visceribus

1037 2944 1221 2990 conareris,
1247 2945 1309 2978 effe
1326 2946 1496 2989 viscerum,
1512 2952 1542 2982 id
1561 2952 1624 2989 eil,
1650 2952 1755 2981 matris
1774 2959 1844 2982 pars
1863 2950 1910 2981 in·

1038 2986 1249 3026 redigeretur.
1293 2988 1355 3021 Sed
1379 2992 1475 3022 mitto
1498 3000 1700 3033 argumenta,
1729 2990 1784 3021 etsi
1809 2992 1911 3023 bona:

1039 3035 1112 3072 caum
1129 3027 1186 3059 fint
1202 3031 1346 3070 exempla
1358 3054 1367 3070 ,
1392 3042 1426 3063 ut
1445 3034 1530 3071 dixi,
1548 3035 1618 3063 luce
1634 3032 1824 3070 meridiana,
1848 3034 1912 3064 cla-

1039 3077 1140 3108 riora,
1163 3073 1245 3110 apud
1263 3069 1434 3108 Ovidium,
1460 3071 1630 3111 Senecam,
1656 3073 1684 3103 ἃ
1706 3072 1914 3114 juvenuit-m,

1039 3118 1056 3140 a
1073 3119 1124 3141 me
1140 3112 1165 3141 d.
1185 3122 1208 3144 c.
1228 3112 1281 3144 ult.
1301 3115 1391 3145 allatu
1409 3115 1492 3155 Jzilz'o
1510 3114 1618 3149 Panlo3
1638 3114 1739 3151 iisque
1756 3115 1834 3145 niliil
1852 3115 1915 3146 res-

1039 3153 1189 3191 ponderit
1218 3152 1377 3191 Dominus
1396 3156 1464 3187 Van
1484 3154 1733 3195 Bytikcrsliock:
1759 3155 1836 3186 licut
1853 3167 1915 3188 nec

1038 3195 1159 3232 poterit
1175 3195 1368 3235 respondere
1385 3205 1550 3235 umquaiii3
1575 3205 1645 3225 cum
1663 3196 1720 3226 sitit
1736 3198 1915 3231 certissima.

1035 3233 1114 3271 Non
1138 3245 1235 3279 magis
1252 3240 1357 3283 probo
1378 3246 1571 3279 praetextum
1593 3236 1799 3271 existimantis
1814 3263 1823 3278 ,
1849 3250 1916 3270 ure-

1846 3291 1915 3314 ruiii
