2036 3495
372 100 435 134 AD
464 77 549 133 Lm:
579 95 625 131 V.
663 93 760 128 ΤΠ.
790 92 816 127 Ι.
853 93 902 128 De
921 93 1057 138 Jutlr’riis
1075 93 1115 135 &²
1134 96 1186 130 uhi
1199 96 1321 140 quisque
1337 106 1429 141 agere
1449 93 1515 135 &st

44 189 179 234 praestari
198 190 216 220 l.
234 199 261 221 2.
279 188 311 219 C.
327 189 353 220 d.
369 194 389 219 t.
409 187 467 219 Par
481 194 534 218 aut
549 185 645 225 major
663 181 753 214 labor
768 180 849 220 fuit,
866 182 919 212 ubi

44 231 243 263 contractum
261 229 427 262 dicamus?
443 228 492 259 sed
504 228 774 262 hucventurmut
786 232 860 253 eum
872 223 917 254 lo-

44 283 117 305 cum
136 283 199 305 non
217 272 328 312 utique
346 280 410 311 quo
435 270 598 313 negotium
617 265 760 307 gestum,
781 264 832 294 sed
851 273 916 303 quo

43 314 195 346 solvenda
219 311 352 354 pecunia
376 311 438 349 est,
463 310 653 352 accipiamus
672 306 690 336 l.
704 315 733 346 3.
752 305 796 335 D.
811 307 845 335 de
862 306 916 351 reb.

25 373 28 375 >
44 353 319 397 aubijudiapoffid.
335 363 372 384 ac
388 352 407 384 si
420 351 494 382 nihil
513 349 685 391 specialiter
702 355 913 377 convenerit:

44 406 85 429 eo
96 398 170 429 loco
179 420 188 435 ‚
199 396 251 427 ubi
261 395 438 426 celebratus
447 391 491 423 est
500 389 681 422 contradus
690 411 700 426 ,
716 387 915 418 contractum

44 438 106 471 esse
123 437 326 477 intelligatur.
352 434 421 466 Nec
441 442 543 464 tamen
564 431 615 462 vel
633 430 697 460 hoc
713 428 775 460 sine
793 437 913 468 tempe-

44 487 189 511 ramento
205 477 326 509 admitti
342 482 490 516 oportet:
506 482 577 504 cum
596 470 632 503 sit
646 479 789 511 aequum,
806 471 914 510 (quod

47 520 201 560 Ulpianus
218 517 385 549 confirmat
401 518 426 546 d.
444 517 524 551 l..19.
541 514 570 555 §.
589 511 675 558 2.)-si
693 522 717 559 a.
732 520 912 558 merca-tore

42 563 121 601 quid
137 558 332 600 comparavit
356 559 498 594 advena,
522 556 572 586 vel
599 563 667 595 quis
691 563 719 584 ei
748 553 912 590 vendidit,

44 612 138 643 quem
152 601 289 632 scitinde
299 598 466 630 confestim
477 595 716 641 profecturum,
734 603 799 625 non
815 603 909 640 opor-

45 653 114 675 tere
137 644 220 674 bona
244 641 284 672 ibi
301 639 461 681 possideri,
487 639 538 669 sed
564 638 762 669 domicilium
782 634 912 675 spectari

44 686 126 725 ejus:
151 682 278 723 perinde
295 681 375 720 quasi
394 681 490 711 tacite
501 679 603 710 actum
620 678 664 709 sit.
688 678 739 709 Sic
757 675 912 717 Ulpianus

43 728 70 757 d.
81 727 130 756 loc.
148 725 165 756 fi
179 725 341 764 jungamus
352 723 421 754 haec
438 723 502 762 ejus
519 720 632 751 verba:
649 720 731 751 Nam
748 719 796 749 ubi
805 716 848 755 fic
865 727 910 748 ve-

42 769 104 804 nit,
129 772 162 797 ut
177 763 322 804 confestim
341 765 482 805 discedat,
509 762 545 797 {9⁹
584 759 645 799 utzfi
661 771 679 792 a
694 761 804 791 viatore
823 759 868 789 vel
884 768 911 788 eo

42 809 92 850 qui
108 807 229 845 musmo
245 808 327 836 eutii:
351 804 531 845 clurtffimum
546 814 558 831 e
595 827 602 840 ,
626 807 762 843 quotquot
779 801 845 847 lucis
860 810 912 830 na·

41 850 143 889 viget,
167 848 212 878 ves
230 847 411 887 iterfaciens
428 847 538 877 delatus
556 843 613 884 est,
638 849 678 874 cot
697 844 802 888 iecisse
815 842 911 878 defen-

40 893 111 921 dere.
134 889 185 919 Sic
197 889 293 920 habet
308 888 485 919 Vintimillii
497 885 613 924 editio,
634 885 661 916 ὅ(
673 885 803 921 melius,
821 892 914 923 quam

40 931 246 969 Florentina,
272 939 340 969 quae
366 938 453 960 caret
472 927 566 959 sensu.
599 926 641 957 At
662 925 722 966 (sic
740 925 840 970 pergit
862 923 913 969 Ul-

41 971 171 1014 planus)
187 970 215 1009 fi
237 981 290 1013 quo
314 968 439 1011 conlinit
463 979 519 1000 uon
537 971 596 999 dico
612 968 673 1009 jure
696 967 846 1003 (leviticum,
861 966 915 1006 sed

43 1014 243 1049 tabernulam.
263 1014 431 1054 pergulam,
449 1011 596 1047 horreum,
614 1010 771 1040 armarium
782 1031 791 1046 ,
805 1013 855 1043 seu
870 1007 913 1047 of-

39 1054 162 1096 firmum
178 1056 353 1092 conducens,
371 1054 465 1094 ibique
481 1050 636 1092 distraxit,
658 1050 704 1081 ves
718 1051 775 1090 egit
787 1072 795 1085 ,
819 1048 914 1087 defen-

44 1099 107 1127 dere
118 1099 150 1136 Je
166 1105 194 1126 eo
212 1095 268 1126 loco
288 1095 403 1126 debebit.
448 1093 643 1130 Rectissime3
666 1093 738 1131 quia
753 1093 791 1121 ad
809 1090 913 1134 locum

44 1137 223 1168 conti-attus
245 1136 411 1176 respexisse
431 1135 491 1175 jam
517 1133 742 1165 contrahentes
767 1131 914 1177 *praesumi

69 1178 181 1210 essunt.
210 1177 367 1209 Horreum
384 1187 455 1208 cum
474 1177 551 1207 dicit
569 1173 740 1215 Ulpianus;
766 1173 913 1212 intelligit

44 1188 150 1251 Focum
167 1220 197 1250 in
216 1229 280 1259 quo
296 1228 417 1249 merces
435 1219 656 1257 deponuntur:
680 1224 713 1246 ut
730 1215 819 1254 saepe.
843 1214 914 1245 Per-

43 1262 124 1302 gulae
142 1271 217 1292 vero
234 1258 446 1299 appellatione
465 1259 494 1290 ἃ
510 1258 621 1296 hic,&
636 1257 666 1287 in
682 1256 700 1286 l.
716 1267 745 1296 5.
763 1256 790 1297 §.
806 1264 848 1286 12.
871 1255 914 1285 D.

46 1305 80 1333 de
97 1304 139 1333 his
153 1304 203 1343 qui
226 1302 344 1342 effuder.
367 1301 413 1331 vel
437 1301 551 1341 dejecer.
576 1298 718 1338 indigitat
744 1298 913 1331 exedram,

47 1343 205 1375 officinam
217 1367 225 1381 ‚
243 1343 451 1379 cellulamve,
472 1342 501 1372 in
520 1349 579 1380 qua
596 1348 716 1370 merces
731 1347 783 1368 aut
799 1346 914 1377 propo-

41 1385 160 1416 nebant
173 1394 224 1415 aut
237 1383 469 1423 suspendebant
481 1380 626 1413 artifices.
653 1379 702 1411 Fit
718 1380 812 1411 etiam
831 1380 915 1420 apud

43 1425 179 1457 Veteres
204 1427 326 1456 mentio
350 1425 547 1465 pergularum
571 1421 600 1454 in
619 1421 731 1462 quibus
751 1420 913 1452 Gramma-

43 1468 117 1506 tici,
141 1466 255 1506 aliique
280 1467 394 1497 artium
413 1463 586 1497 liberalium
605 1462 799 1495 Professores
817 1463 913 1493 doce-

44 1509 121 1540 bant
145 1509 272 1547 publice
298 1516 351 1538 aut
372 1507 530 1546 privatim.
573 1505 635 1536 Sed
655 1505 694 1536 de
713 1505 759 1535 liis
775 1503 913 1543 jacobus

48 1549 194 1590 Cujacius
212 1550 260 1581 lib.
278 1558 322 1580 11.
342 1547 460 1588 Observ.
478 1557 501 1579 c.
516 1547 599 1588 13.&
612 1545 761 1578 Claudius
776 1543 913 1576 Salmasi-

47 1600 83 1623 us
102 1592 140 1621 ad
148 1588 348 1629 Vopiscum,
373 1590 531 1620 Saturnino
549 1598 573 1619 c.
595 1597 638 1620 io.
654 1594 683 1626 p.
700 1596 769 1627 733.

89 1631 272 1663 Proximum
287 1630 348 1669 est,
368 1638 401 1662 ut
417 1631 456 1661 de
473 1640 506 1661 re
517 1629 570 1661 sita
581 1629 759 1660 videamus:
778 1637 849 1660 nam
865 1627 915 1659 vel

49 1683 89 1705 ex
105 1672 157 1704 illa
183 1672 250 1710 quis
271 1671 375 1703 forum
398 1671 522 1702 sortitur
540 1672 570 1702 in
586 1670 709 1701 actione
732 1670 761 1701 in
784 1679 861 1701 rem.
886 1670 915 1700 v&

48 1715 131 1746 ratio
148 1713 222 1745 mihi
235 1714 286 1745 illa
302 1714 444 1745 videtur:
463 1713 549 1753 quod
566 1712 625 1743 hac
637 1712 760 1742 actione
773 1721 835 1742 non
846 1720 914 1752 per-

49 1755 142 1792 sona,
154 1756 205 1786 sed
222 1764 270 1785 res
286 1757 476 1785 convenitur
487 1754 504 1784 l.
516 1764 543 1793 7.
556 1754 599 1784 D.
615 1754 647 1783 de
660 1752 829 1792 publicanis.
839 1753 857 1783 l.
870 1762 914 1788 19.

50 1797 96 1827 D.
113 1797 144 1826 de
155 1796 217 1837 jur.
234 1796 297 1835 filc.
316 1796 390 1826 sicut
405 1796 478 1826 ideo
495 1794 525 1825 in
543 1804 607 1826 rem
627 1794 708 1825 actio
723 1794 914 1834 appellatur;

50 1838 79 1868 «St
99 1838 188 1869 datur
204 1836 347 1868 adversus
360 1836 559 1876 possessorem
571 1860 579 1873 ‚
593 1845 655 1866 non
671 1836 914 1875 contemplatio-

51 1888 92 1909 ne
117 1879 201 1917 ejus,
226 1878 275 1909 sed
294 1879 335 1908 rei
362 1878 399 1908 ab
418 1888 457 1908 eo
476 1877 632 1917 possessae,
656 1877 685 1907 Gt
703 1886 758 1917 per
774 1877 914 1908 aCtorem

49 1921 157 1957 petitae
179 1929 219 1948 eo
243 1920 304 1950 loci
331 1920 360 1950 in
386 1928 451 1959 quo
475 1918 580 1957 potest
606 1918 723 1949 restitui
742 1927 778 1949 ac
796 1918 914 1958 recipi:

49 1961 124 1991 licet
143 1960 290 1999 possessor
306 1961 336 1991 in
356 1961 429 1991 loco
453 1960 626 1997 domicilii,
649 1969 742 1998 quam
759 1960 822 1991 illic
838 1969 914 1991 con-

49 2003 146 2031 veniri
166 2002 263 2032 malit.
299 2001 361 2032 Sed
379 2002 466 2041 quod
485 2011 546 2032 non
567 2002 687 2040 pendet
706 2011 721 2031 a
740 2000 917 2041 possessoris

49 2043 177 2073 arbitrio
187 2065 195 2080 ‚
215 2044 304 2073 datur
315 2043 461 2074 electioni
472 2043 585 2074 astoris
596 2053 603 2073 :
614 2052 685 2073 nam
696 2043 719 2074 is
731 2041 836 2083 potest
851 2053 916 2074 rem

49 2083 129 2114 suam
142 2093 251 2123 putere
270 2084 299 2115 in
311 2084 386 2115 loco
399 2084 550 2115 domicilii
568 2083 762 2125 pollessoris:
778 2093 818 2115 eo
831 2085 917 2124 quod

52 2123 207 2156 restitutio
225 2126 251 2155 ei
271 2126 309 2156 ab
327 2125 381 2156 illo
402 2126 555 2156 debetur:
579 2124 631 2156 etsi
651 2135 716 2156 non
734 2135 773 2157 ex
791 2125 916 2165 speciali

52 2166 116 2205 ejus
138 2167 376 2202 conventione;
399 2167 490 2206 (nam
509 2166 550 2198 sic
574 2167 661 2198 nullo
676 2167 743 2207 jure
761 2166 918 2208 obligatus

51 2206 95 2238 est
111 2207 138 2248 §.
158 2217 183 2238 1.
205 2206 274 2248 lust.
292 2209 324 2237 de
339 2207 416 2247 aet.)
439 2216 470 2238 at
487 2218 526 2239 ex
545 2209 694 2247 primaeva
710 2209 797 2239 causa
816 2209 920 2241 distin-

51 2248 173 2279 storum
197 2247 420 2280 dominiorum.
458 2248 509 2280 Sic
530 2249 604 2280 mihi
630 2249 802 2289 persuadeo
820 2260 860 2281 ex
875 2259 919 2289 pr.

50 2287 121 2330 Just.
138 2291 193 2319 eod.
212 2292 256 2320 tit.
277 2290 304 2320 ὅ(
320 2289 419 2329 liquet
432 2300 471 2321 ex
486 2291 504 2321 l.
521 2293 575 2322 ult.
593 2291 626 2321 C.
644 2290 704 2322 Ubi
720 2293 748 2321 in
765 2301 821 2322 rem
834 2292 918 2324 acrio.

48 2331 66 2361 l.
85 2332 161 2361 unic.
181 2331 212 2361 C.
232 2330 293 2361 Ubi
307 2333 339 2361 de
355 2332 469 2362 heradii.
488 2333 560 2372 agit.
585 2330 656 2363 Nee
671 2342 722 2363 me
735 2333 919 2365 hincdimo-

49 2380 104 2402 vet
123 2372 186 2402 lioc
200 2370 315 2414 Licmii
334 2371 436 2403 Rufini
454 2372 474 2404 l.
489 2378 541 2413 38.
559 2372 600 2404 D.
619 2374 647 2404 h.
666 2379 687 2404 t.
713 2373 747 2404 Si
761 2380 856 2406 autem
867 2382 919 2416 per

47 2414 79 2444 in
102 2423 160 2444 rem
184 2414 321 2444 actionem
345 2414 474 2454 legatum
485 2420 616 2455 petetur:
639 2416 724 2445 etiam
740 2416 779 2445 z'hz‘
793 2417 854 2456 peti
871 2419 916 2447 de-

48 2455 108 2492 het,
133 2455 183 2484 tibi
200 2464 243 2485 res
264 2452 312 2495 est.
352 2455 490 2487 Primum
509 2455 591 2487 enim
610 2456 727 2487 retinet
744 2458 840 2488 mein
858 2458 917 2489 hac

48 2494 198 2526 sententia
216 2505 299 2534 vox,
316 2497 418 2527 etiam:
434 2506 528 2534 quam
539 2506 672 2536 oportet
688 2497 770 2528 suam
787 2499 848 2530 vim
867 2499 917 2530 lia-

49 2535 140 2572 beret,
161 2545 230 2568 cum
249 2547 312 2568 non
330 2537 365 2568 sit
381 2537 493 2569 frustra
513 2538 610 2578 posita
626 2549 642 2569 a
659 2538 790 2571 Licinio.
807 2539 915 2572 'Dein-

50 2576 90 2606 de
113 2578 260 2616 verbum‚
284 2579 380 2617 debet,
404 2578 527 2620 accipio
544 2590 602 2620 pro
623 2578 727 2621 potest:
750 2583 916 2621 quomodo

52 2617 211 2687 usurBatur
226 2620 242 2648 ι.
257 2629 284 2649 2.
302 2619 330 2660 §.
351 2628 400 2661 31.
421 2620 462 2652 D.
479 2621 529 2652 Ne
544 2622 614 2662 quid
628 2624 658 2652 in
673 2624 723 2653 loc.
740 2623 844 2660 public.
860 2623 878 2653 l.
892 2632 917 2654 1.

44 2665 93 2698 pr.
145 2682 151 2688 .
175 2659 206 2688 de
229 2660 349 2704 herenis).
375 2659 465 2701 instit.
483 2663 502 2693 l.
525 2672 556 2699 9.
580 2662 620 2694 D.
644 2665 676 2693 cz'e
698 2673 763 2694 aur.
781 2670 917 2705 argento,

50 2699 150 2743 mund.
162 2700 188 2729 ὃ(
199 2699 291 2731 alibi..
304 2700 350 2731 Ita
361 2700 460 2733 sensus
475 2703 549 2734 erit:
565 2702 719 2744 Legatum
732 2714 787 2744 per
802 2706 832 2736 in
849 2715 916 2736 rem

51 2740 209 2786 actionem
224 2750 288 2772 non
308 2742 407 2787 modo
424 2743 454 2773 in
470 2744 545 2775 loco
563 2745 736 2784 domicilii,
754 2745 806 2777 sed
821 2747 916 2777 etiam

50 2781 92 2812 lbl
105 2804 114 2818 ,
131 2782 182 2811 ubi
200 2781 263 2819 est,
281 2791 345 2822 peti
363 2784 476 2820 potest.
492 2785 565 2816 Alio
575 2787 717 2817 remedio
728 2788 826 2818 utitur
836 2786 918 2818 Hot-

49 2831 158 2854 manus
174 2822 220 2852 lib.
241 2832 268 2863 3.
287 2824 404 2862 Observ.
421 2834 445 2855 c.
464 2834 491 2864 7.
510 2825 561 2856 sed
580 2827 654 2858 mihi
673 2829 777 2868 placet
794 2830 906 2859 minus·

86 2862 250 2909 ‘Postrema
267 2863 354 2894 causa
372 2874 412 2895 ex
431 2874 491 2904 qua
508 2868 575 2905 quis
592 2867 697 2899 forum
711 2870 858 2908 sortitur,
872 2869 917 2900 est

48 2913 179 2936 crimen.
212 2904 304 2936 Clare
320 2905 456 2936 Severus
475 2908 503 2937 ἅ
520 2908 699 2944 Antoninus
715 2910 734 2941 l.
758 2920 781 2941 1.
802 2911 833 2941 C.
858 2910 920 2941 Ubi

47 2948 80 2978 cle
95 2946 272 2976 criminibus.
307 2944 481 2990 Quaeflivnes
494 2957 588 2978 eorum
603 2951 755 2981 criminum
771 2961 832 2992 quoe
850 2952 917 2992 legi-

48 2989 101 3018 bus
120 2994 172 3017 auc
187 2993 271 3017 extra
291 2990 418 3018 ordinem
442 2989 619 3027 coercentur,
641 2992 690 3021 ubi
711 2992 852 3032 commiffu
871 2983 918 3022 ἶυεῑ

46 3028 180 3060 inchoata
202 3033 288 3065 sunt,
309 3029 355 3059 *vel
372 3030 420 3059 ubi
435 3031 618 3069 reperiuntur
633 3034 683 3072 qui
701 3038 739 3063 rez'
760 3027 811 3072 effe
822 3034 915 3073 perhi-

46 3070 151 3100 bemur
166 3071 310 3107 criminis,
330 3070 433 3110 perfici
447 3073 557 3108 debere,
573 3072 649 3111 scitis
666 3080 763 3104 notum
780 3073 827 3114 est.
853 3075 916 3106 Pri-

44 3119 130 3142 mum
142 3111 255 3142 volunt
266 3110 476 3151 Imperatores
488 3135 498 3149 ‚
516 3122 603 3144 reum
621 3114 847 3153 cujuscumque
861 3116 918 3146 cri-

47 3152 160 3190 minis,
182 3151 245 3183 five
265 3152 398 3192 Legibus
415 3155 623 3191 coerceatur,
650 3156 711 3185 sive
727 3165 816 3186 extra
834 3157 916 3187 ordi-

44 3199 136 3265 netis,
156 3193 292 3266 acffisari
307 3195 338 3226 in
354 3194 448 3235 loco,
477 3195 528 3227 ubi
544 3195 707 3229 admiss'um
725 3197 774 3229 vel
790 3197 917 3230 inchoa-

117 3243 169 3266 vm.
236 3257 244 3267 .

1778 104 1839 128 121

964 191 1028 214 tum
1048 184 1163 216 dicitur
1175 185 1311 216 crimen:
1329 193 1424 225 puto,
1443 184 1529 225 quod
1548 182 1625 214 utile
1640 181 1704 220 est,
1722 182 1751 213 id
1769 183 1837 227 vin-

961 225 1056 256 dicari
1077 235 1117 255 eo
1134 226 1163 256 in
1181 226 1274 264 loeo,
1298 235 1361 266 quo
1382 235 1501 257 nocens
1525 225 1579 256 suo
1598 225 1752 265 supplicio
1769 224 1837 255 aliis

954 274 1050 305 ‘aeque
1068 266 1102 297 sit
1120 268 1269 307 exemplo
1286 270 1323 298 ad
1341 268 1530 299 deterrenda
1547 265 1718 303 malt-ficia,
1735 274 1772 295 ac
1789 264 1839 295 fu-

960 307 984 336 it
1001 309 1038 337 ud
1055 309 1249 339 admittentia
1266 309 1284 338 l.
1303 313 1350 342 28-
1366 308 1394 350 §.
1417 319 1460 349 ¹5-
1480 307 1519 338 D.
1538 309 1570 338 de
1584 308 1686 348 poenz's.
1716 306 1767 337 Sic
1780 330 1788 344 ,
1813 305 1834 337 si

959 347 1134 388 reperiatur
1152 349 1210 387 ibi,
1237 350 1288 380 ubi
1308 350 1452 390 deliquit.
1477 349 1571 389 quid,
1589 348 1608 380 si
1625 348 1698 380 inde
1718 346 1837 388 fugerit.

959 389 989 419 in
1010 389 1100 420 aliam
1129 391 1352 429 provinciam?
1377 392 1462 431 ajunt
1486 390 1700 430 imperatores
1717 391 1743 420 d.
1762 390 1783 419 b.
1804 398 1831 420 1.

959 429 1047 469 posse
1068 430 1129 469 jam
1148 454 1156 469 ‚
1188 432 1238 462 ubi
1264 432 1420 470 reperitur
1438 456 1447 469 ,
1473 433 1579 471 perlici
1607 431 1834 472 quoestionem:

959 481 1193 503 convenienter
1207 472 1366 504 Mandutis
1386 473 1586 512 Principum:
1604 474 1632 504 in
1651 473 1764 514 quibus
1782 481 1833 502 cs-

958 511 986 543 se
999 537 1006 549 ‚
1026 512 1136 544 Paulus
1152 513 1298 544 observat
1317 514 1335 545 l.
1347 524 1374 553 3.
1397 514 1436 544 D.
1454 516 1486 545 de
1503 513 1592 554 officio
1611 513 1765 548 Proelirz's:
1787 511 1832 543 Uo

957 560 1034 584 curet
1051 555 1075 584 is
1097 556 1148 595 qui
1167 556 1324 595 provirzcice
1341 553 1458 595 pravest,
1482 557 1565 586 uirilis
1588 556 1745 586 hominibus
1765 562 1832 594 pro-

956 596 1084 626 vinciam
1101 605 1239 636 purgare.
1264 597 1292 626 ἀ
1309 595 1396 627 addit
1422 597 1554 635 Paulus,
1581 606 1643 627 non
1664 596 1835 636 distingui,

957 638 1040 668 unde
1057 637 1122 668 sint.
1157 638 1245 669 Hoc:
1264 637 1316 669 nisi
1331 637 1531 678 Magistratus
1551 639 1631 676 loci,
1651 639 1679 668 in
1699 646 1764 677 quo
1782 638 1834 667 ad-

955 678 1076 710 missum
1095 679 1155 709 fuit
1173 679 1313 718 crimen,
1339 680 1473 718 publicis
1492 680 1588 710 literis
1614 687 1719 719 petat,
1746 687 1834 708 reum

956 721 994 750 ad
1012 718 1041 750 se
1060 721 1248 758 transmitti,
1274 723 1467 760 puniendum
1490 720 1520 752 in
1548 721 1621 752 loco
1637 719 1755 751 admissi
1772 720 1833 750 cri-

957 762 1063 798 minis,
1088 762 1131 792 ob
1150 770 1304 792 rationem
1323 772 1397 793 mox
1415 763 1550 794 allatam.
1576 771 1642 793 tum
1660 762 1743 793 enim
1764 760 1835 790 Ma-

955 802 1118 842 gistratus,
1135 812 1150 832 a
1168 813 1231 841 qno
1247 804 1345 843 petita
1361 803 1405 835 est
1419 802 1607 835 transmissio
1619 827 1628 841 ,
1645 803 1728 834 illam
1745 810 1835 833 recu-

957 847 1021 873 sare
1040 853 1102 874 non
1121 843 1237 875 debet:
1251 844 1348 884 pofita
1365 845 1511 876 adversus
1529 854 1600 876 eum
1612 869 1620 883 ‚
1637 844 1690 876 nisi
1707 851 1834 884 pareat,

957 894 1052 925 poena
1068 894 1083 914 a
1103 884 1275 923 justiniano
1297 885 1413 917 Noveil.
1439 896 1504 927 134.
1523 897 1546 917 c.
1564 897 1593 927 5.
1670 921 1673 925 ,

997 925 1185 964 intellefto,
1211 927 1296 966 quod
1314 926 1347 958 sit
1366 927 1473 959 forum
1489 935 1698 968 competens,
1718 926 1771 957 vix
1788 923 1834 956 est

959 976 1039 1007 opus
1055 967 1148 1004 addi,
1173 969 1260 1007 quod
1278 968 1312 998 sit
1338 969 1579 1008 incompetens,
1604 968 1649 1000 est
1665 968 1749 999 enim
1770 976 1834 998 ma-

959 1007 1106 1039 nifestum
1120 1009 1221 1046 ultro,
1240 1010 1327 1049 quod
1345 1020 1407 1041 non
1426 1010 1469 1042 est
1486 1019 1695 1049 competens,
1712 1008 1773 1040 esse
1790 1010 1834 1039 in-

958 1059 1158 1090 competens.
1184 1050 1260 1081 illud
1277 1060 1340 1081 non
1360 1052 1524 1090 reticebo,
1543 1051 1649 1083 forum
1668 1053 1836 1088 incompe-

959 1100 1027 1122 tens
1039 1114 1047 1128 ,
1062 1091 1149 1131 posse
1164 1091 1268 1122 adhuc
1285 1090 1343 1123 suis
1355 1094 1456 1124 modis
1473 1102 1663 1133 competens
1682 1093 1760 1124 fieri.
1780 1089 1835 1122 Est

956 1141 1061 1164 autem
1079 1143 1118 1164 ex
1136 1134 1181 1163 bis
1199 1132 1387 1174 litigantium
1403 1143 1598 1172 conventio,
1617 1144 1657 1165 ex
1669 1134 1838 1164 auctorita-

958 1183 989 1204 te
1017 1173 1111 1215 Legis
1133 1173 1220 1214 Juliae
1245 1184 1441 1213 privatorum
1457 1176 1668 1215 judiciorum,
1694 1176 1835 1215 litigato-

957 1225 1025 1247 rum
1042 1217 1267 1247 commoditati
1294 1218 1351 1246 hae
1370 1218 1399 1247 in
1421 1226 1507 1256 parte
1524 1217 1726 1247 consulentis.
1770 1215 1834 1246 Sed

958 1258 997 1288 de
1015 1267 1055 1287 eo
1068 1258 1138 1297 quia
1158 1256 1206 1297 egi
1224 1257 1269 1288 lib.
1290 1268 1316 1288 2.
1338 1257 1499 1298 Dejurisd.
1521 1257 1557 1292 ὅ)
1572 1259 1669 1297 imper.
1687 1268 1710 1288 c.
1733 1267 1776 1288 12.
1797 1256 1834 1290 δ’

950 1299 1028 1339 seqq.
1045 1308 1085 1329 ex
1104 1299 1124 1330 l.
1147 1307 1170 1329 1.
1186 1298 1222 1333 {5⁹
1239 1299 1256 1330 l.
1276 1309 1303 1330 2.
1320 1307 1362 1340 pr.
1384 1299 1420 1333 ξύ)
1436 1299 1464 1340 §.
1489 1308 1512 1330 1.
1536 1300 1578 1330 l).
1607 1300 1633 1329 h.
1653 1306 1673 1329 ι.
1701 1298 1834 1338 aliisque

958 1341 1057 1378 locis,
1083 1340 1198 1378 habes,
1224 1342 1305 1371 unde
1323 1349 1411 1380 petas
1432 1341 1518 1380 quod
1537 1340 1572 1372 sit
1589 1339 1722 1371 necesse.

1001 1382 1089 1413 Alius
1111 1382 1227 1413 modus
1255 1381 1380 1413 constat
1404 1382 1583 1423 privilegio.
1614 1381 1704 1422 quo?
1734 1380 1834 1418 scies,

958 1423 1124 1463 postquam
1137 1432 1312 1461 monuero,
1331 1424 1406 1455 nulli
1424 1424 1540 1460 licere,
1559 1423 1770 1454 adversarium
1790 1422 1836 1453 su-

959 1474 1009 1495 um
1022 1488 1030 1503 ‚
1047 1464 1278 1504 omissojudice
1294 1467 1473 1503 ordinario,
1490 1466 1529 1496 ad
1547 1464 1740 1505 superiorem
1759 1473 1837 1495 evo-

958 1515 1047 1537 care:
1073 1507 1148 1546 quin
1173 1515 1283 1537 contra
1308 1506 1475 1546 placuisse,
1500 1515 1760 1546 unumquemque
1781 1506 1837 1537 ad-

958 1547 1125 1579 versarium
1138 1547 1222 1578 suum
1235 1549 1319 1587 prius
1335 1549 1511 1579 convenire
1529 1549 1611 1588 apud
1626 1547 1772 1587 judicem
1784 1557 1836 1577 or-

959 1589 1134 1627 dinarium,
1151 1590 1180 1620 dt
1197 1590 1326 1620 demum
1338 1599 1394 1629 per
1408 1589 1657 1629 appellationem
1671 1588 1778 1619 venire
1794 1589 1835 1620 ad

959 1629 1164 1671 superiorem.
1183 1640 1252 1661 mea
1270 1631 1425 1670 opinione
1443 1631 1506 1661 hoc
1523 1630 1585 1671 agit
1605 1629 1834 1661 Constantinus

958 1673 977 1703 l.
989 1684 1016 1711 4.
1030 1671 1061 1703 C.
1080 1674 1112 1702 de
1126 1671 1271 1713 jurisdist.
1289 1672 1456 1711 expunctis
1478 1672 1519 1702 ibi
1540 1672 1662 1710 verbis,
1675 1670 1737 1712 post
1754 1671 1834 1702 litem

957 1711 1141 1753 contestatam
1153 1737 1161 1751 ,
1185 1722 1254 1752 quae
1271 1712 1332 1744 esse
1344 1713 1554 1753 Gloss'atoris,
1572 1713 1692 1745 ostendi
1713 1716 1739 1743 d.
1748 1713 1795 1744 lib.
1806 1723 1834 1744 2.

956 1765 980 1786 c.
1002 1765 1047 1794 13.
1079 1755 1139 1786 Sed
1153 1756 1237 1786 idem
1254 1764 1348 1801 que-m
1368 1755 1430 1785 dixi
1443 1778 1451 1792 ‚
1464 1754 1702 1802 *Constantinus
1720 1755 1737 1785 l.
1754 1757 1836 1800 uuir.

959 1796 991 1827 C.
1011 1796 1136 1827 Ouaudo
1155 1796 1289 1836 Imperat.
1309 1804 1384 1827 mter
1395 1796 1498 1837 pupils.
1514 1796 1559 1826 vel
1580 1800 1640 1826 vid.
1660 1795 1724 1826 hoe
1741 1805 1836 1836 priwi-

958 1829 1075 1878 lcgffim
1087 1839 1174 1869 dedit
1193 1838 1337 1878 pupillis,
1356 1838 1473 1875 viduis,
1492 1838 1622 1877 aliisque
1633 1837 1773 1869 fortunae
1789 1837 1836 1868 in-

955 1880 1035 1920 juria
1053 1879 1289 1910 miserabilibus.
1311 1879 1344 1909 ld
1362 1879 1561 1920 privilegium
1580 1879 1640 1910 est:
1660 1888 1711 1916 ut,
1730 1879 1749 1911 si
1763 1888 1836 1919 per-

960 1921 1181 1952 horrescentes
1206 1921 1337 1960 alicujus
1355 1922 1532 1961 potentiam
1548 1921 1708 1951 oraverint
1724 1920 1838 1961 judici-

960 1972 1010 1993 um
1031 1962 1204 2003 Principis,
1223 1971 1334 1993 eorum
1352 1962 1514 1993 adversarii
1532 1970 1706 2003 cogantur,
1727 1962 1768 1993 sui
1784 1970 1840 1992 co-

961 2005 1044 2045 piam
1063 2003 1170 2035 facere
1187 2003 1340 2043 Principis
1357 2004 1504 2035 examini.

1000 2044 1165 2077 Postremo
1177 2045 1322 2085 Judicem
1345 2053 1587 2084 competentem
1612 2054 1652 2076 ex
1673 2045 1839 2085 incompe-

962 2095 1051 2118 tente
1070 2086 1148 2117 facit
1166 2087 1364 2117 continentia
1381 2086 1489 2117 caus'ae.
1514 2096 1608 2127 quam
1630 2087 1728 2117 dividi
1748 2094 1839 2117 vetat

962 2128 1188 2160 Constantinus
1207 2129 1236 2158 in
1255 2128 1273 2158 l.
1294 2138 1339 2159 10.
1359 2127 1390 2158 C.
1407 2128 1433 2158 h.
1451 2133 1472 2159 t.
1499 2130 1690 2158 concinnata
1711 2138 1749 2159 ex
1768 2128 1786 2159 l.
1807 2137 1835 2159 2.

963 2171 1031 2201 Cod.
1050 2169 1154 2200 Theoti.
1171 2171 1229 2200 eod.
1249 2170 1288 2200 ad
1306 2178 1399 2209 quam
1415 2169 1553 2208 jacobus
1571 2168 1811 2200 Gotbofredus.

1003 2211 1141 2242 Invento
1159 2211 1270 2250 judice
1287 2219 1496 2251 competente
1515 2212 1567 2252 qui
1586 2211 1700 2241 habeat
1713 2210 1837 2250 jurisdi-

962 2251 1121 2290 Ctioncm,
1136 2261 1188 2283 aut
1207 2254 1320 2283 nudam
1341 2253 1528 2291 notionem3
1546 2262 1609 2283 non
1628 2251 1715 2282 foret
1731 2261 1747 2282 a
1764 2260 1837 2291 pro-

962 2293 1066 2334 posito
1085 2295 1240 2332 alienum,
1266 2294 1317 2323 hic
1337 2293 1506 2333 subjicere,
1525 2295 1612 2333 quod
1629 2292 1704 2323 ess'et
1724 2294 1838 2323 utrius-

961 2344 1024 2374 que
1041 2334 1202 2372 officium,
1218 2344 1290 2365 cum
1307 2343 1399 2371 ante,
1417 2343 1482 2365 tum
1500 2334 1569 2374 post
1581 2334 1668 2365 litem
1680 2333 1839 2365 contesta-

961 2384 1045 2415 tam3
1062 2376 1138 2407 sicut
1156 2377 1258 2416 aliqua
1274 2376 1335 2406 huc
1355 2375 1494 2415 spectant
1510 2374 1612 2406 Tituli
1626 2375 1834 2415 Fragmenta:

961 2417 1012 2448 sed
1037 2419 1109 2457 quia
1132 2417 1179 2448 lib.
1209 2427 1233 2449 1.
1259 2418 1310 2448 De
1323 2416 1525 2459 jurisdz'eiione
1548 2416 1715 2457 &imperio
1731 2417 1835 2457 aliqua

957 2459 1019 2498 jam
1030 2457 1109 2491 dixi:
1126 2458 1229 2498 aliqua
1247 2459 1339 2489 etiam
1359 2459 1491 2488 dicenda
1507 2459 1657 2498 deinceps
1674 2467 1765 2489 erunt
1781 2459 1836 2490 sub

960 2499 1075 2531 Titulo
1101 2500 1151 2530 De
1165 2509 1194 2530 re
1209 2500 1361 2540 judicata,
1386 2507 1485 2537 puto,
1509 2499 1617 2530 licebit
1637 2499 1712 2530 mihi
1735 2500 1774 2531 ab
1793 2510 1834 2531 co

961 2541 1091 2572 tractatu
1110 2542 1139 2572 in
1159 2541 1301 2581 praesenti
1326 2539 1491 2570 abstinere.
1536 2539 1587 2571 De
1613 2549 1732 2572 caetero
1757 2542 1836 2572 vidi-

960 2592 1049 2620 mus,
1072 2582 1148 2622 quid
1168 2582 1203 2612 fit
1219 2581 1390 2621 judicium,
1414 2583 1490 2612 item
1514 2582 1566 2613 ubi
1587 2583 1655 2621 quis
1672 2592 1765 2623 agere
1784 2583 1836 2614 vel

961 2624 1128 2654 conveniri
1150 2623 1281 2654 debeat:
1307 2623 1437 2663 intelligi
1459 2632 1535 2653 vero
1554 2624 1663 2663 poffit,
1681 2623 1742 2655 effe
1759 2624 1835 2655 urri-

962 2673 1024 2704 que
1042 2664 1186 2695 Rubricae
1205 2664 1283 2704 parti
1304 2662 1512 2696 satisfactum:
1531 2663 1583 2696 nisi
1602 2665 1632 2696 in
1652 2665 1786 2705 ingr-effu
1803 2676 1833 2696 e-

956 2705 1004 2745 jus
1029 2704 1230 2742 addidissem,
1255 2704 1426 2736 Praetorem
1449 2706 1488 2736 ab
1503 2706 1610 2737 actore
1629 2708 1703 2738 ideo
1722 2707 1833 2746 injure

959 2747 1036 2777 adiri
1055 2746 1197 2777 solitum:
1214 2754 1248 2776 ut
1263 2746 1292 2777 ei
1309 2747 1398 2777 daret
1413 2746 1571 2778 actionem
1587 2757 1648 2788 qua
1665 2750 1705 2779 de
1720 2756 1772 2777 aut
1789 2748 1835 2786 ip-

960 2787 1009 2825 se,
1028 2796 1079 2818 aut
1096 2787 1197 2827 judex
1216 2788 1331 2818 deinde
1348 2787 1424 2819 esset
1440 2789 1627 2830 cogniturus
1647 2790 1674 2820 ἃ
1695 2797 1834 2828 pronun·

960 2831 1106 2860 ciaturus.
1146 2827 1252 2859 Restat
1271 2829 1382 2869 igitur,
1407 2838 1441 2860 ut
1459 2831 1535 2870 quid
1553 2830 1589 2862 fit
1606 2830 1707 2867 attio,
1731 2830 1761 2859 in
1777 2838 1831 2860 an-

962 2869 1113 2900 tecessum
1133 2869 1317 2901 definiamus
1333 2869 1447 2902 obiter.

1004 2909 1133 2942 Dicitur
1150 2919 1254 2943 autem
1271 2911 1352 2943 actio
1369 2913 1407 2943 ab
1422 2913 1557 2953 agendo.
1583 2920 1676 2951 agere
1690 2919 1768 2940 vero
1786 2909 1834 2941 in-

962 2951 1077 2982 teralia
1093 2950 1262 2993 significat,
1281 2953 1413 2984 trafiare
1430 2957 1469 2985 de
1489 2964 1522 2985 re
1539 2951 1710 2993 praeitanda
1721 2959 1774 2981 aut
1786 2960 1833 2982 re-

961 2993 1135 3025 stituenda:
1160 3002 1193 3024 ut
1216 2996 1298 3034 apud
1321 2995 1473 3034 justinum
1492 2996 1537 3024 lib.
1565 3003 1590 3023 2.
1615 3002 1638 3022 c.
1662 3001 1707 3028 1⁴·
1733 2991 1760 3033 §.
1786 3001 1831 3024 10.

962 3035 1115 3073 aliosque.
1141 3035 1181 3065 ita
1206 3045 1298 3076 agere
1325 3036 1388 3074 est,
1413 3045 1522 3075 petere
1543 3034 1570 3064 in
1591 3034 1653 3063 nuc
1672 3033 1761 3064 Plinii
1780 3034 1832 3064 lib.

962 3079 1010 3116 36.
1031 3075 1105 3107 Nat.
1132 3075 1192 3116 hzfl⁴
1218 3087 1241 3107 c.
1263 3087 1290 3108 2.
1309 3075 1522 3113 Satisdczrz'fibi
1536 3075 1634 3104 damni
1655 3073 1757 3113 infessi
1773 3076 1832 3115 egit

960 3118 1113 3157 redemptor
1125 3118 1296 3150 cloacarum.
1319 3118 1360 3149 Et
1377 3119 1459 3148 aCtio
1476 3115 1537 3151 est,
1548 3114 1673 3155 petitio.
1693 3125 1752 3146 nec
1768 3126 1834 3147 ma-

960 3158 989 3188 le
1000 3158 1061 3198 ipsa
1079 3168 1096 3189 a
1113 3158 1286 3199 Justiniano
1301 3166 1342 3198 pr.
1362 3157 1428 3198 mst-
1445 3159 1477 3187 dc
1494 3155 1596 3187 αέῖιοη.
1614 3156 1683 3194 post
1703 3156 1831 3188 Celsum

959 3198 978 3231 l.
994 3208 1044 3241 51.
1065 3199 1107 3272 Ιὸ
1127 3202 1159 3232 de
1176 3201 1257 3242 oblig.
1276 3200 1312 3236 ὅ)
1327 3200 1382 3231 aei.
1404 3198 1571 3238 definitur,
1589 3196 1650 3238 Jus
1663 3202 1832 3270 Ριτχεᾳιιενιιίἶ

1819 3248 1830 3269 ι

1070 3273 1111 3283 ω
