2052 3487
542 106 858 140 PROBABILIUM
911 104 1041 151 Junis
1090 101 1263 139 C1v1t1s
1312 102 1406 139 Lin.

136 194 322 230 Halonnder
337 190 595 235 enini*exprimit
614 194 708 225 talem
721 216 730 230 ,
758 192 904 234 Ulpianus
921 193 991 224 libro

128 237 279 281 singulari
297 241 344 270 ide
365 236 453 277 officio
485 235 620 275 Praefecti
647 234 781 275 vigilum.
824 234 994 266 Florentiae

135 289 241 312 autem
259 276 336 319 est,‘
351 278 499 319 Ulpianus
522 277 568 308 lib.
584 275 733 318 singulari
757 277 790 307 de
807 275 896 317 officio
916 276 994 308 Prae-

151 321 205 353 'esti
222 322 296 352 urbi.

129 326 149 363 s
174 373 201 394 2.
228 362 313 393 Idem
330 357 462 391 tentabo
479 359 509 391 in
527 358 632 390 verbis
647 358 694 391 his
710 359 802 398 Lpen.
821 358 862 390 D.
882 359 915 389 de
930 368 994 389 con-

135 404 253 436 dictione
271 404 357 437 caula
375 404 447 432 clota
464 401 550 440 causa
566 410 622 430 non
638 403 766 441 sequuta.

175 445 247 475 Cum
267 448 365 479 servus
386 448 455 473 tuus
481 445 511 473 in
535 442 717 482 suspicionem
734 441 819 482 furti
844 439 927 472 Attio
947 449 994 471 ve·

195 484 295 525 ruffa,
318 481 418 523 dedisti
434 493 498 515 eum
522 485 552 513 in
576 482 754 524 quceJiionem
775 483 826 519 sub
839 491 871 513 ea
889 482 992 520 causa,

194 535 228 557 ut
241 525 269 564 fi
285 527 314 556 id
331 530 473 564 repertum
496 526 527 554 in
548 534 576 554 eo
599 534 657 555 non
671 523 754 565 effet,
777 523 941 554 recideretur
957 524 1000 553 ti.

195 568 248 599 bi:
278 568 303 596 is
329 576 393 597 eum
419 567 540 597 tradidit
563 565 702 605 Prcefetto
727 565 853 606 vigilum
868 588 877 602 ,
913 562 994 606 quasi

194 611 226 639 in
238 609 367 646 facinore
383 609 600 648 deprehensum:
621 606 778 646 Praefectus
794 606 917 648 vigilum
929 615 993 636 eum

187 655 299 690 βμιημηυ
310 649 450 689 Jupplicio
474 647 587 688 adfecit.
639 649 716 689 Ages
735 658 801 678 cum
820 647 920 685 Attio,
943 648 998 678 da<

195 701 225 721 re
244 692 295 721 tibi
311 696 433 730 oportere
452 701 462 722 .·
489 691 559 730 quia
582 689 618 723 ὅ)
635 696 701 720 ante
718 697 835 719 mortem
852 690 919 719 dare
942 689 994 718 tibi

195 742 261 763 eum
284 732 448 771 oportuerit.
493 731 586 761 Labeo
605 732 665 768 ait,
686 729 759 770 poffe
776 731 863 760 etiarn
887 731 923 760 ad
946 739 993 760 ex-

196 775 349 804 hibendum
367 774 433 814 agi,
459 776 593 813 quoniam
616 773 734 809 fecerit,
757 781 811 812 quo
835 773 930 802 minus
944 780 991 801 ex-

196 816 312 845 hiheret.
354 814 413 845 Sea
437 814 577 845 Proculus
594 815 658 844 a‘ari
680 818 803 852 oportere
818 813 860 842 ita
877 814 942 849 ait,
967 810 995 849 fi

188 855 304 896 feciffes
330 857 391 896 ejus
410 856 563 886 hominem:
587 865 639 895 quo
666 854 731 893 casu
750 855 786 885 aci
803 854 992 884 exhibendum

196 907 279 937 agere
301 904 328 927 te
344 906 400 927 non
412 896 495 937 paffe.
513 897 564 935 μά
582 895 611 933 fi
628 903 695 926 tuus
713 894 853 936 rnanfiffet
871 917 880 932 ‚
911 896 996 925 etiam

198 940 277 977 furti
293 944 319 968 te
342 937 475 969 cattinum
495 948 560 968 cum
577 947 624 968 eo:
649 938 718 977 quia
739 947 768 967 re
786 938 880 967 aliena
902 936 944 966 ita
954 934 996 973 sit

197 984 285 1020 usus,
308 985 340 1009 ut
352 981 441 1018 sciret
458 980 491 1020 se
506 980 598 1009 invito
614 980 723 1009 domino
746 979 809 1017 uti,
839 983 892 1008 aut
909 977 995 1008 domi-

198 1031 288 1059 num,
305 1019 333 1059 fi
349 1021 456 1061 sciret,
475 1021 683 1061 prohibiturum
705 1017 766 1059 effe.

139 1062 235 1094 Unde
258 1062 310 1093 hic
328 1062 423 1093 verba
450 1072 505 1099 ea,
537 1071 600 1091 eum
624 1062 742 1091 tradidit
765 1057 902 1100 Praefefto
919 1060 995 1100 vigi-

138 1106 199 1136 lum
214 1104 231 1135 ,9
263 1103 341 1135 Item
367 1103 422 1134 ista
441 1127 449 1142 ,
481 1101 636 1143 Praefetlus
655 1101 787 1141 Vigiluin
805 1111 869 1131 eum
882 1101 996 1140 summo

130 1146 272 1187 supplicio
289 1146 395 1184 adfecit
413 1144 430 1175 ,9
461 1146 507 1176 An
533 1145 600 1184 quis
619 1151 767 1182 umquam
793 1142 891 1173 fando
911 1142 981 1173 audi

140 1196 206 1225 νη,
228 1184 384 1218 Praefeuo
396 1184 534 1226 Vigilum
553 1184 660 1214 summi
678 1184 708 1214 in
728 1192 917 1223 quemquam
931 1184 995 1222 lup·

139 1229 225 1269 plicii
246 1228 293 1267 jus
316 1226 423 1264 fuisse,
454 1236 517 1257 non
545 1224 697 1256 Praefecro
726 1223 802 1255 Urbi
820 1226 836 1255 ἓ
867 1226 908 1254 At
928 1225 996 1254 ido-

140 1279 216 1300 neus
242 1268 316 1299 inihi
344 1267 453 1299 aanor
483 1267 595 1298 Paulus
626 1265 689 1304 est,
724 1266 892 1307 Cognoscere
921 1265 997 1296 Prae-

131 1309 246 1350 fcitum
264 1308 397 1350 Vigilunz
419 1310 452 1339 de
478 1309 663 1339 incendiariis
679 1331 688 1345 ‚
720 1308 753 1338 de
777 1306 995 1348 effracioriaus,

130 1352 278 1390 furibus,
314 1351 476 1390 raptoribus
494 1373 503 1388 ,
539 1349 577 1383 {5⁹
609 1352 827 1389 receptatoribus
848 1372 856 1386 ‚
874 1347 944 1387 ‘nifi
968 1346 997 1385 fi

138 1402 198 1433 qua
222 1398 280 1421 tam
302 1397 388 1422 atrox
405 1415 414 1430 ,
444 1398 558 1432 tumque
583 1390 694 1428 saniora
721 1394 839 1430 persona
857 1388 898 1426 fit
917 1413 925 1426 ,
963 1396 997 1419 ut

136 1432 278 1471 Praefec‘to
307 1432 383 1463 Urbi
407 1434 574 1464 remittatur
598 1432 621 1462 l:
637 1431 702 1473 3.§
735 1441 756 1462 1.
785 1431 825 1462 D.
850 1433 883 1460 a’e
907 1429 997 1471 officio

139 1473 277 1514 Praefetli
291 1475 424 1515 vigilum.
467 1472 671 1505 Theodosius
695 1482 824 1513 duoque
849 1472 878 1503 &
905 1473 997 1503 Arca-

140 1516 211 1547 dius
231 1516 275 1546 ita
291 1513 472 1556 Nephridio
487 1538 496 1554 ‚
522 1513 679 1546 Praefeeto
697 1513 808 1552 Urbis,
835 1512 997 1552 rescripse-

139 1566 174 1589 re
196 1556 217 1587 l.
246 1557 325 1587 unic.
354 1557 386 1587 C.
407 1558 464 1587 eod.
493 1557 539 1587 tit.
598 1555 732 1591 Praefecti
756 1555 889 1594 Vigilum
912 1554 999 1595 liujus

139 1600 218 1629 urbis
242 1597 315 1628 nihil
332 1599 364 1629 de
381 1598 552 1639 capitalibus
569 1595 659 1634 caufis
679 1602 728 1627 sua
751 1596 922 1627 azrtioritate
936 1594 999 1637 Jia·

140 1646 220 1670 tuere
241 1640 340 1670 debent
357 1650 366 1670 .·
394 1640 439 1675 led
455 1637 484 1677 fi
500 1640 569 1680 quid
586 1638 748 1680 hujusmodi
768 1637 998 1676 evenerit,›cul-

138 1681 212 1712 mini
235 1685 290 1711 tuce
304 1678 451 1721 potcstatis
471 1681 594 1720 referre,
625 1685 658 1710 ut
676 1680 708 1710 de
725 1681 884 1710 memoratis
909 1678 1000 1716 caufis

138 1720 248 1759 celsiore
257 1722 406 1761 sententia
417 1722 576 1764 judicetur.
621 1720 789 1759 Inquiunt‚
814 1719 923 1758 celsiore
938 1724 997 1757 serr-

139 1764 231 1794 tentia
262 1763 432 1802 iudicetur,
468 1764 584 1802 pariter
603 1770 637 1793 ut
664 1762 865 1794 Calliodorus
898 1762 944 1792 lib.
968 1770 996 1802 7.

142 1803 218 1835 Var.
237 1804 329 1844 form.
349 1813 376 1844 7.
399 1803 440 1835 fic
458 1803 604 1834 scribens.
648 1802 747 1843 Custos
770 1803 903 1834 Romanae
920 1802 998 1833 Civi-

141 1846 211 1875 tatis
228 1846 330 1875 diceris
346 1867 355 1882 ‚
386 1846 499 1885 quando
522 1854 583 1875 earn
605 1845 641 1875 ab
656 1842 788 1884 intestino
811 1842 884 1885 hoste
904 1844 996 1879 (refen-

141 1887 197 1918 dis.
243 1885 427 1929 Quapropter
443 1887 519 1916 circa
530 1886 615 1924 fures
631 1885 774 1924 sollicitus
794 1883 864 1924 esto,
892 1883 999 1926 quossi

142 1929 196 1958 tihi
217 1927 290 1968 leges
309 1927 415 1967 punire
438 1928 554 1957 minime
572 1927 744 1966 praecipiunt
761 1949 771 1964 ,
801 1933 895 1956 tamen
917 1927 995 1956 incla-

139 1969 232 2009 gandi
255 1969 398 1998 licentiam
426 1969 629 1999 contulerunt:
663 1970 766 2005 credo,
801 1974 836 1998 ut
865 1967 998 2008 quamvis

142 2008 227 2049 effent
247 2016 374 2049 raptores
400 2007 571 2049 detestabiles
586 2032 595 2046 ,
626 2014 719 2039 tamen
737 2009 806 2049 quia
831 2009 999 2038 dicebantur

140 2051 285 2087 Romani,
308 2050 411 2090 majori
424 2052 631 2088 eos-luha'oreut
649 2051 796 2087 dignitati.
837 2049 926 2079 Utere
943 2051 985 2090 igi

141 2098 191 2122 tur
204 2100 254 2132 per
270 2090 453 2122 indictionem
475 2091 552 2121 illam
573 2091 753 2130 Pratfet'lurte
778 2090 886 2132 Vigilis
903 2091 997 2131 digni·

141 2138 209 2163 tate.
253 2132 366 2163 Horror
379 2134 432 2163 tibi
451 2139 603 2173 paenarum
619 2134 737 2171 adeptus
758 2130 796 2173 eft
808 2155 816 2169 ‚
849 2142 904 2162 non
919 2139 997 2172 peste-

135 2172 217 2214 stas:
240 2184 307 2205 nam
328 2174 393 2212 lest,
416 2184 434 2205 α
453 2183 508 2214 quo
526 2174 595 2204 velit
612 2174 698 2204 malos
715 2175 779 2214 capi
792 2197 802 2212 ‚
824 2174 915 2213 ipsum
933 2184 982 2204 cen

134 2216 199 2255 suit
223 2215 289 2254 plus
313 2216 417 2245 timeri.
462 2214 527 2257 Qui
557 2215 653 2255 igitur
685 2214 823 2255 vigilum
852 2213 995 2246 Praefetti

142 2256 282 2295 potestas
308 2265 346 2287 ea
368 2256 413 2287 est
436 2255 465 2286 in
489 2258 515 2286 d.
539 2256 558 2287 l.
580 2263 643 2295 pen.
669 2265 740 2296 quae
767 2257 893 2295 propria
923 2256 1000 2286 l'rae-

142 2296 219 2328 fecti
237 2297 321 2329 urbis
340 2297 410 2342 est?
432 2296 521 2329 Num
544 2298 741 2339 indignamur
759 2297 949 2338 imperitiam
968 2307 999 2328 e-

1459 102 1508 138 11.
1859 111 1902 148 35

1033 193 1082 232 jus
1124 193 1382 224 temeritatemve
1400 214 1410 231 ,
1450 198 1524 224 cum
1562 189 1716 224 Udalrico
1755 188 1846 227 Zafio
1874 190 1906 223 in

1037 233 1192 265 Continent.
1216 236 1253 265 acl
1272 243 1336 264 eum
1351 234 1468 265 locum?
1493 234 1622 266 hercule
1643 241 1789 273 paterer,
1808 234 1828 265 fi
1848 232 1909 264 Za⁴

1038 274 1097 306 sios
1117 284 1338 316 argumentum
1364 275 1429 314 ejus
1457 275 1587 316 aliquod
1611 275 1822 314 oilenderct3
1856 284 1909 305 vc-

1038 326 1105 348 rum
1131 318 1183 348 ubi
1211 317 1329 348 nullum
1357 316 1485 355 adfert,
1521 326 1580 348 nec
1603 316 1634 347 in
1659 316 1728 356 lege
1752 318 1836 347 ultro
1858 324 1909 355 ap-

1039 367 1148 398 paret,
1172 365 1285 389 contra
1312 357 1482 389 (licendum
1508 358 1656 389 arbitror.
1702 359 1749 388 An
1776 357 1910 398 amplius

1037 400 1065 430 ei
1082 399 1112 429 in
1131 397 1253 430 servum
1274 398 1353 437 fuit;
1377 407 1475 438 quamv
1497 399 1527 430 in
1557 398 1720 430 hominem
1742 398 1907 430 liberum?

1037 440 1079 471 ita
1106 439 1281 480 persuasum
1301 439 1426 479 Jacobo
1447 439 1579 479 Cujacio
1598 441 1628 470 in
1646 438 1816 478 expofitione
1842 440 1908 472 No-

1035 483 1115 512 vellae
1141 491 1186 522 13.
1212 481 1242 512 <St
1263 481 1408 513 Antonio
1425 481 1527 512 Fabi-0
1550 482 1580 512 in
1601 481 1806 512 Rationalilms
1821 483 1858 512 aa
1877 483 1906 512 d.

1036 522 1055 553 l.
1078 533 1105 564 3.
1132 522 1160 564 ᾗ.
1192 532 1217 554 1.
1259 522 1321 554 Sed
1339 530 1449 553 contra
1469 521 1623 561 Ulpianus
1642 521 1742 553 refert
1765 522 1833 553 inl.
1850 523 1904 553 ult.

1037 563 1078 595 D.
1090 568 1147 595 eod.
1169 566 1214 594 tit.
1234 564 1420 603 Imperatores
1439 563 1576 595 Severum
1595 563 1631 597 δέ)
1648 564 1833 594 Antoninum
1843 563 1904 604 Ju—

1037 606 1083 636 nio
1109 604 1217 644 Rufino
1244 603 1377 645 Profesto
1408 604 1542 646 Vigilum
1571 607 1613 636 ita
1637 603 1802 645 rescripfiUe
1858 604 1909 636 In-

1027 648 1156 686 sularios
1174 647 1208 680 ὅ·
1228 656 1270 676 eos
1290 670 1298 683 ‚
1330 647 1382 685 qui
1399 647 1576 687 negligenter
1603 647 1682 685 ignes
1706 648 1783 684 apud
1801 652 1835 686 je
1859 647 1908 677 bu-

1037 690 1171 725 bucrint,
1193 694 1270 727 potes
1282 688 1412 727 fustibus
1428 686 1620 726 ‘t‘eliflagellz's
1638 688 1706 717 caeai
1718 687 1839 728 jubere:
1864 696 1909 717 eos

1037 736 1153 767 atatem,
1179 731 1230 769 qui
1248 729 1307 758 dolo
1317 727 1417 768 fecrffe
1435 729 1600 759 incendium
1618 729 1845 765 convincemur,
1871 729 1909 758 url

1037 769 1157 801 Eibium
1175 770 1303 800 Ciloneuz
1323 768 1494 809 Prteset'luvu
1515 769 1609 806 Urbi,
1631 770 1756 799 amicum
1781 768 1909 810 nostrum

1037 813 1185 842 remittes:
1202 811 1349 852 fugitivos
1366 812 1547 851 conquirere,
1573 819 1670 851 eosque
1693 812 1815 841 dominis
1841 813 1911 841 rea'-

1038 854 1101 883 dere
1124 853 1212 883 debes,
1256 852 1332 888 Ait,
1366 860 1400 882 ut
1427 852 1515 882 vides
1534 875 1543 890 ,
1575 851 1774 891 Rescriptum
1805 852 1845 883 de
1867 852 1907 882 iis

1039 894 1091 933 qui
1110 895 1199 933 ignes
1221 894 1304 932 apud
1324 891 1353 923 sc
1380 893 1497 923 habent
1516 916 1525 929 .,
1560 900 1713 932 praeterea
1732 897 1772 924 de
1796 893 1907 924 insula-

1039 936 1091 965 riis
1110 958 1120 972 ,
1151 934 1183 965 id
1210 934 1254 965 est
1278 932 1372 965 servis
1396 932 1562 965 insularum
1589 933 1793 973 custodibus3
1820 942 1855 965 ut
1874 935 1907 966 li·

1039 982 1116 1015 quet
1139 984 1179 1006 ex
1197 975 1216 1006 l.
1240 984 1308 1015 203.
1341 976 1380 1005 L).
1408 977 1440 1005 a'e
1462 977 1613 1006 verborum
1628 974 1860 1016 fignificatione‚
1884 976 1904 1006 l.

1044 1021 1079 1048 10‘
1113 1016 1140 1057 §.
1170 1026 1191 1047 1.
1220 1015 1262 1046 D.
1289 1020 1322 1045 ele
1339 1026 1392 1049 usu
1417 1015 1452 1050 ὅ)
1475 1017 1674 1048 habitatione:
1706 1017 1745 1047 ab
1766 1019 1909 1057 utrisque

1039 1065 1145 1088 autem
1164 1057 1346 1088 incendium
1364 1065 1414 1087 aut
1426 1058 1637 1098 negligentia,
1650 1065 1702 1088 aut
1719 1058 1797 1090 dolo
1815 1058 1882 1090 fieri
1899 1069 1908 1089 :

1039 1098 1059 1130 sl
1084 1098 1295 1138 negligentia,
1321 1100 1349 1129 in
1372 1096 1431 1128 hos
1450 1098 1511 1129 ess'e
1528 1098 1684 1130 Praefecto
1703 1098 1841 1140 Vigilum
1859 1100 1908 1140 jus

1041 1140 1071 1171 ὅ(
1091 1139 1219 1170 fustium
1246 1139 1275 1170 ἂ
1295 1138 1503 1179 flagellorum.
1529 1149 1567 1170 an
1590 1140 1767 1172 indistincte
1783 1140 1799 1172 ,9
1824 1141 1909 1173 haud

1041 1189 1146 1222 puto:
1178 1180 1297 1220 flagella
1321 1182 1404 1211 enim
1429 1180 1459 1211 in
1490 1179 1615 1217 servos,
1646 1180 1743 1213 fustes
1768 1183 1797 1213 in
1824 1183 1903 1213 libe·

1041 1232 1112 1260 ros,
1138 1230 1169 1252 at
1187 1222 1369 1260 tenuiores,
1394 1222 1556 1262 permitti,
1579 1223 1662 1253 clare
1685 1224 1806 1254 docent
1822 1223 1909 1263 jure·

1042 1262 1177 1295 consulti
1199 1264 1218 1294 l.
1244 1263 1295 1294 ult.
1325 1263 1364 1294 D.
1390 1265 1421 1293 de
1438 1263 1575 1304 injuriis,
1600 1264 1619 1293 l.
1644 1272 1690 1294 10.
1709 1264 1727 1294 l.
1751 1269 1797 1299 28.
1824 1264 1852 1306 §.
1878 1274 1907 1296 2.

1043 1304 1079 1336 D.
1115 1307 1147 1335 a’e
1174 1307 1278 1345 poenis.
1301 1305 1402 1345 quid,
1436 1303 1457 1335 si
1482 1304 1559 1335 dolo
1589 1303 1698 1336 feciffe
1723 1305 1907 1337 incendium

1041 1346 1309 1378 convincentur?
1342 1346 1380 1377 ad
1420 1344 1611 1377 Praefectum
1650 1343 1746 1377 Urbis
1777 1347 1907 1378 remitti.

1041 1388 1115 1418 Sive
1139 1388 1234 1428 igitur
1257 1387 1366 1419 servus
1381 1386 1434 1424 sit,
1470 1386 1534 1418 sive
1558 1388 1658 1425 liber,
1690 1388 1744 1427 qui
1768 1396 1908 1419 mortem

1041 1429 1155 1460 meruit
1189 1429 1232 1461 ob
1257 1428 1387 1466 scelus;
1418 1427 1535 1468 spectat
1562 1429 1601 1460 ad
1630 1429 1798 1468 imperium
1827 1429 1908 1460 Prae-

1041 1470 1117 1502 fec'ti
1138 1469 1253 1509 Urbis,
1277 1479 1341 1501 non
1359 1469 1512 1510 Vigilum.
1558 1469 1667 1510 ltaque
1687 1471 1907 1509 emendanda,

1042 1520 1077 1543 ut
1101 1512 1185 1550 dixi,
1210 1512 1305 1542 verba
1323 1512 1350 1542 d.
1370 1511 1387 1542 l.
1404 1518 1468 1551 pen.
1494 1510 1524 1542 &
1542 1512 1733 1551 exponenda
1753 1511 1816 1543 hoc
1837 1520 1906 1542 mo-

1043 1555 1096 1584 do.
1141 1553 1257 1584 Servus
1284 1560 1355 1584 tuus
1375 1552 1465 1583 Attio
1489 1553 1668 1583 veneratio
1694 1551 1903 1593 suspicionem

1042 1594 1129 1626 furti.
1154 1595 1180 1625 is
1203 1595 1307 1625 Attius
1325 1594 1456 1634 rogabat
1480 1601 1529 1631 te,
1564 1601 1597 1624 ut
1616 1593 1738 1626 servum
1761 1594 1850 1626 dares
1873 1595 1906 1626 in

1043 1636 1258 1676 quaestionem,
1291 1635 1402 1666 dedisti
1430 1634 1483 1665 sub
1504 1643 1539 1665 ea
1568 1636 1657 1675 lege,
1681 1642 1734 1674 ut,
1767 1635 1787 1666 fi
1806 1636 1836 1667 id
1862 1645 1909 1666 re*

1043 1685 1168 1718 pertum
1187 1678 1217 1708 in
1237 1686 1277 1707 eo
1303 1686 1367 1708 non
1384 1673 1459 1707 esset
1480 1699 1489 1714 ‚
1521 1677 1707 1707 redderetur
1737 1676 1804 1707 tibi.
1853 1676 1909 1707 At-

1042 1719 1103 1750 tius
1130 1728 1201 1750 eum
1225 1727 1290 1749 non
1307 1741 1317 1757 ,
1351 1719 1395 1748 uti
1419 1718 1573 1748 convenit
1591 1740 1601 1756 ‚
1633 1717 1670 1749 ad
1699 1717 1908 1757 quaestionem

1041 1759 1124 1800 quasi
1146 1760 1318 1799 sulpeerum
1347 1758 1451 1797 furti,
1483 1757 1536 1789 sed
1561 1757 1644 1799 quasi
1674 1758 1908 1797 deprehensum

1041 1802 1071 1832 in
1096 1800 1263 1832 manifesto
1281 1800 1424 1831 facinore
1439 1822 1448 1837 ,
1473 1808 1544 1830 cum
1564 1800 1667 1831 nullus
1692 1799 1766 1831 effet
1793 1801 1909 1840 depre-

1042 1842 1173 1881 hensus,
1197 1842 1235 1872 ad
1259 1841 1444 1881 supplicium
1467 1839 1562 1871 Urbis
1586 1839 1741 1872 Praefecto
1768 1841 1909 1879 obtulit,

1041 1893 1146 1923 eoque
1167 1890 1200 1913 ut
1225 1882 1403 1913 afficeretur
1420 1905 1428 1917 ,
1462 1880 1544 1912 falsis
1564 1881 1714 1920 testim-³,
1745 1891 1834 1913 certe
1849 1883 1903 1913 ad-

1040 1924 1146 1956 versus
1163 1923 1256 1955 fidem
1277 1924 1376 1963 pacti,
1395 1923 1545 1954 obtinuit.
1580 1925 1694 1963 punito
1713 1922 1802 1954 servo
1819 1932 1906 1963 quae-

1041 1967 1139 2003 ritur‚
1162 1975 1230 2006 quae
1247 1965 1329 1996 actio
1347 1965 1388 1995 ibi
1408 1964 1508 1995 danda
1526 1963 1563 1995 fit
1579 1963 1726 1995 adversus
1750 1964 1874 1995 Attium
1889 1964 1908 1997 ‘3

1041 2007 1084 2037 ait
1101 2007 1316 2046 Pomponius,
1340 2005 1484 2037 dominio
1503 2005 1620 2036 tradito
1637 2029 1645 2043 ‚
1670 2005 1727 2036 tibi
1749 2006 1904 2036 condicti·-

1042 2057 1136 2079 onem
1156 2048 1220 2079 dari
1233 2071 1241 2085 ‚
1269 2048 1356 2078 velut
1375 2046 1463 2077 causa
1479 2047 1550 2077 data
1570 2046 1659 2077 causa
1685 2055 1748 2077 non
1769 2048 1820 2078 vel
1841 2056 1910 2087 pei·-

1044 2099 1149 2130 peram
1172 2089 1322 2129 sequuta;
1341 2089 1484 2119 dominio
1501 2096 1606 2119 autem
1626 2097 1690 2119 non
1707 2088 1844 2126 tradito,
1868 2089 1908 2119 ad

1041 2131 1260 2162 exhibendum
1287 2130 1316 2161 ὅ(
1340 2129 1415 2161 furti
1442 2130 1600 2160 actionem
1625 2138 1837 2169 competere:
1869 2130 1908 2160 ad

1041 2173 1276 2208 exhibendum,
1301 2173 1373 2211 quia
1391 2173 1415 2201 is
1435 2171 1534 2206 fecit,
1567 2180 1632 2210 quo
1652 2173 1754 2201 minus
1779 2170 1910 2201 exhibe-

1042 2223 1107 2245 ret:
1140 2213 1235 2250 surd,
1260 2222 1331 2253 quia
1348 2221 1465 2243 vacuus
1486 2221 1526 2242 eo
1544 2221 1607 2242 non
1635 2211 1671 2243 sit
1688 2212 1739 2249 qui
1758 2221 1791 2242 re
1808 2211 1909 2242 aliena

1044 2256 1086 2286 ita
1106 2254 1174 2286 usus
1200 2255 1244 2285 est
1261 2278 1270 2292 ,
1303 2262 1336 2284 ut
1359 2254 1451 2284 sciret
1466 2277 1476 2292 ,
1509 2253 1537 2282 {e
1563 2254 1666 2284 invito
1689 2253 1822 2284 domino
1840 2253 1907 2291 uti,

1044 2304 1096 2327 aut
1113 2296 1298 2334 dominum,
1328 2294 1349 2326 fi
1367 2295 1458 2326 leiren
1470 2318 1479 2334 ,
1503 2294 1750 2335 prohibuturum
1768 2293 1842 2325 effe.

846 2407 1059 2443 CAPUT
1117 2406 1205 2442 VI.

147 2514 178 2539 Ι.
211 2505 353 2540 Veterum
373 2505 408 2540 de
432 2504 614 2551 adquirenda
636 2502 805 2552 paffeffione
827 2517 884 2540 non
909 2516 1003 2539 unam
1024 2504 1075 2548 fui
1101 2516 1116 2538 e
1131 2502 1332 2549 sententiam,

1384 2514 1415 2538 a.
1447 2500 1488 2543 ὃ)
1517 2514 1548 2548 3.
1573 2503 1713 2544 Senem,
1750 2501 1877 2536 Phaeclro
1896 2527 1907 2544 ,

216 2553 347 2595 Plauto,
363 2555 417 2588 lux
433 2562 546 2588 mutua.
575 2555 740 2601 vestigium
759 2556 891 2600 antiquae
908 2552 1091 2599 diffenfionis
1107 2553 1188 2598 apud
1203 2553 1365 2587 Proculum
1382 2554 1402 2587 l.
1422 2563 1442 2595 5
1447 2562 1477 2594 5.
1493 2552 1536 2587 D.
1552 2553 1586 2587 de
1604 2551 1784 2595 adquirendo
1805 2562 1906 2585 rerum

215 2603 355 2637 dominia.

215 2652 255 2685 cla
273 2649 451 2698 poffeffione.

214 2699 342 2734 datione.

217 2746 341 2793 cffzria
349 2747 405 2794 fit.

151 2856 180 2879 1.
204 2847 372 2919 Utrum
392 2850 537 2890 poffeffio
555 2850 661 2882 animo
681 2849 768 2889 solo,
792 2859 829 2882 an
850 2850 957 2881 animo
971 2848 1005 2881 fi-

288 2890 371 2934 'mul
388 2892 416 2922 δι
434 2901 593 2933 corpore,
616 2892 813 2931 adquiratur.
845 2901 862 2922 a
881 2891 1004 2922 Veteri-

150 2929 208 2960 bus
233 2937 327 2975 varie·
341 2931 416 2962 olim
440 2933 632 2974 disputatum
657 2932 728 2965 est:
760 2942 823 2964 non
848 2933 936 2973 quod
964 2932 1004 2964 de

149 2969 343 3017 poffeilionis
366 2973 487 3013 origine
506 2997 516 3012 ,
547 2974 696 3014 regulave
721 2974 923 3013 dubitarent;
953 2972 1004 3006 sed

149 3011 237 3051 quod
255 3020 336 3042 inter
356 3021 431 3051 eos,
455 3015 529 3053 quid
548 3014 600 3046 usu
619 3014 803 3046 servandum
834 3014 929 3053 esset,
953 3024 1005 3055 pa-

149 3062 217 3084 rum
235 3053 442 3084 conveniret:
465 3053 554 3085 fuiss’e
572 3057 656 3087 enim
671 3080 680 3095 ‚
714 3056 788 3087 mihi
809 3055 1003 3095 persuadeo,

148 3094 201 3134 qui
220 3102 235 3123 a
253 3094 405 3132 majorum
425 3094 612 3127 definitione
634 3099 841 3134 recederent,
864 3096 944 3136 quasi
958 3098 1003 3138 ju-

149 3135 246 3166 bente
265 3135 419 3181 utilitate;
441 3144 578 3177 cumque
602 3137 761 3177 placeret,
785 3137 1004 3179 poffeffionem

149 3185 213 3207 non
240 3180 362 3214 adquiri
389 3177 504 3215 aliter,
538 3187 631 3218 quam
659 3182 764 3211 animo
789 3179 818 3210 δι
845 3188 1003 3220 corpore;

149 3225 253 3290 ‘³¹31OE
270 3216 427 3291 fipgerent
443 3241 453 3258 ,
487 3226 654 3260 utrumque
673 3219 893 3260 interveniffe,
915 3221 1004 3253 fimul

211 3269 262 3292 om.
305 3281 313 3290 .

404 2614 437 2645 4.
466 2603 610 2638 Voculam
631 2614 698 2638 non
716 2604 870 2638 abundare
887 2603 967 2647 apud
983 2603 1117 2636 Paulum
1133 2603 1163 2635 in
1181 2602 1199 2635 l.
1222 2611 1251 2645 3.
1271 2601 1297 2648 §
1320 2612 1350 2646 3.
1377 2601 1421 2636 D.
1439 2603 1474 2635 de
1492 2601 1679 2646 adquirenda
1695 2600 1744 2634 vel
1763 2601 1907 2633 amitten·

502 2662 534 2693 5.
563 2652 713 2696 ῗαυοΙεηζ
733 2652 812 2686 locus
827 2652 998 2696 illustratus
1014 2653 1045 2684 in
1065 2651 1083 2684 Ι.
1103 2661 1160 2693 5Ι.
1182 2650 1222 2685 D.
1244 2651 1304 2686 eod.
1325 2652 1371 2685 tic.
1394 2648 1516 2695 explosa
1537 2649 1652 2695 Jacohi
1673 2649 1792 2693 Cujacii
1808 2659 1907 2682 enicu-

395 2703 426 2734 6.
452 2699 622 2746 Praefhntia
642 2702 686 2735 rei
703 2712 742 2734 aa
768 2702 798 2733 in
814 2699 900 2745 finis
922 2700 1156 2739 traditionibus,
1192 2710 1255 2744 quae
1272 2699 1357 2745 fiunt
1382 2697 1560 2745 pcffiſjlonis
1581 2698 1796 2744 constitutione
1811 2723 1820 2739 ,
1856 2708 1907 2730 ne-

457 2749 725 2794 Pragmaticorum
743 2748 888 2794 adversus
906 2747 1079 2782 Antonium
1092 2747 1226 2782 Fabrum
1242 2747 1364 2794 defensa
1373 2747 1540 2794 sententia.

1046 2857 1142 2891 atque
1164 2851 1284 2882 animus
1305 2851 1425 2883 idoneo
1449 2849 1537 2892 figno
1567 2849 1757 2891 proderetur
1783 2846 1907 2887 palam

1047 2901 1118 2923 cum
1137 2901 1242 2930 eoque
1258 2892 1391 2924 facultas
1413 2893 1612 2933 occupandae
1634 2891 1677 2922 rei
1695 2888 1902 2930 probabiliter

1047 2941 1261 2966 concurreret.
1294 2935 1401 2973 itaque
1418 2958 1427 2973 ,
1457 2933 1479 2965 fi
1507 2933 1629 2974 lapillus
1647 2956 1656 2969 ‚
1695 2938 1844 2975 gemma,
1876 2938 1904 2960 a·

1047 2975 1154 3006 liudve
1174 2976 1334 3014 quidpiam
1351 2976 1415 3016 ejus
1431 2977 1553 3016 generis
1567 2998 1576 3013 ,
1598 2984 1615 3005 a
1633 2971 1756 3004 duobus
1773 2979 1802 3001 in
1820 2970 1907 3017 litto·

1046 3025 1080 3046 re
1100 3017 1194 3047 maris
1212 3018 1408 3048 inveniretur
1425 3040 1434 3054 ,
1465 3016 1515 3047 sed
1533 3015 1659 3046 alterius
1678 3020 1800 3058 tantum
1817 3010 1904 3050 visu,

1047 3057 1175 3088 alterius
1208 3060 1303 3088 etiam
1339 3057 1591 3098 apprehensione
1609 3065 1617 3092 ;
1657 3052 1878 3085 eXIstimabant
1896 3076 1906 3091 ,

1047 3098 1158 3129 ambos
1189 3099 1220 3130 in
1247 3100 1508 3130 communionem
1536 3096 1704 3133 incidere;
1741 3103 1803 3125 nec
1831 3104 1905 3125 eum

1047 3140 1100 3179 qui
1120 3140 1205 3177 prior
1222 3149 1360 3181 corpore
1383 3141 1413 3172 in
1433 3138 1653 3180 poffeffionem
1668 3135 1819 3175 veniss'et,
1850 3135 1906 3167 nisi

1045 3180 1194 3213 affectum
1218 3191 1348 3223 quoque
1380 3181 1466 3221 prior
1485 3176 1651 3211 indicasset
1666 3201 1677 3217 ,
1713 3177 1803 3209 alteri
1827 3186 1905 3218 prae-

1046 3222 1161 3254 valere.

1475 3260 1503 3292 E
1528 3271 1545 3293 2
1804 3268 1832 3290 τι.
1855 3257 1906 3290 Ex
