2036 3495
207 91 279 135 264

205 178 337 210 stituat:
365 174 418 206 sed
443 173 523 204 dies.
577 169 691 202 Paulus
715 167 734 200 l.
751 177 781 208 5.
806 166 848 198 D.
873 168 931 199 eod.
957 169 1004 199 tit.
1045 168 1080 199 Si

203 227 257 260 per
271 222 420 258 emptorem
427 212 561 254 steterit,
584 221 639 253 quo
655 211 752 241 minus
768 210 806 241 ad
821 209 895 240 diem
909 210 1013 240 vinum
1029 209 1080 240 zol-

204 261 296 297 leret3
315 255 427 298 postea,
449 253 505 292 nisi
526 255 602 295 quod
624 251 685 282 dolo
709 251 782 282 malo
807 250 966 281 venditoris
989 252 1079 281 inter-

201 307 314 340 ceptum
333 297 416 337 effet,
438 305 497 326 mm
512 296 591 326 debet
606 295 641 325 ab
662 301 691 322 eo
703 290 847 333 praestari.
893 290 990 323 Unde
1013 290 1079 322 cffi-

204 342 289 372 citur
307 338 395 378 quod
420 337 505 374 dixi,
529 335 627 367 verba
652 332 740 372 haec,
757 332 891 373 finesua
913 328 1019 372 eulpa,
1047 334 1079 364 in
1112 369 1114 372 ι

200 383 230 412 cl.
251 380 270 411 l.
290 389 340 419 72.
365 376 428 409 ess'e
451 376 562 418 spuria.
607 375 810 420 Quamquam
828 396 838 413 ,
868 372 889 405 fi
912 375 984 415 quis
1006 375 1079 405 reti-

199 430 277 453 nere
294 429 332 451 ea
354 419 450 451 malet
466 441 476 458 ,
500 427 562 450 nec
576 418 605 450 ei
622 415 777 450 resistam:
801 415 921 454 mode,
944 414 987 447 fic
1008 415 1080 446 scri-

199 482 290 515 ptum
316 471 408 504 fuisse
433 479 527 513 putet
544 495 555 508 ,
578 469 643 510 fine
656 456 720 502 Ῐὶἱῖι
740 469 845 511 culpa.-
877 468 910 500 id
933 467 994 500 est:
1012 466 1078 506 fine

188 515 310 556 jamma
334 515 443 555 culpa3
475 513 505 545 ὅ(
522 513 604 544 hanc
628 519 792 553 exponat,
821 510 913 541 latam
936 509 1050 547 culpam
1065 533 1075 548 ,

197 565 270 596 quae
292 556 322 587 <St
344 564 453 597 magna
476 555 655 596 negligentia
681 553 799 585 dicitur
828 551 848 582 l.
873 555 942 582 226.
975 550 1018 582 D.
1042 552 1076 582 de

195 599 351 629 verborum
361 595 595 638 fignificatione:
620 596 671 633 &‚
687 596 806 634 stimma
822 592 1001 634 negligentia
1015 591 1031 623 l.
1044 601 1073 631 9.

196 639 228 680 §.
250 648 278 671 2.
302 637 345 670 D.
371 641 405 669 de
414 639 494 680 juris
510 636 547 672 {9⁹
558 636 642 676 fabii
657 636 834 678 ignorantia.
872 675 878 681 ι

238 680 346 721 Atque
370 679 440 711 haec
463 679 540 711 mihi
562 679 624 719 jam
649 687 690 709 eo
716 677 822 708 verior
848 675 975 706 videtui·
998 683 1074 706 con-

193 720 337 762 jectum:
360 721 434 762 quia
451 721 482 752 in
507 722 625 751 eodem
644 719 746 750 verbo
763 717 839 749 alibi
862 725 994 756 quoque
1011 715 1075 748 effe

196 771 366 802 peccatum
385 763 479 803 plane
495 761 584 793 fimili
602 760 820 792 Librariorum
838 768 946 790 errore
969 757 1074 789 existi-

197 814 271 836 mo:
295 804 326 835 ἃ.
343 811 376 835 ut
393 802 571 835 existimem
588 826 598 838 .
622 803 775 843 sequente
792 800 927 832 inducor
943 796 1072 840 Ulpiani

195 845 271 882 loco
296 845 348 886 qui
371 844 416 876 est
440 845 471 876 in
493 845 513 876 l.
529 853 558 883 7.
582 844 613 886 ὃ.
631 853 659 875 2.
684 842 727 879 D.
746 844 779 873 de
793 842 924 883 injuriis.

232 887 378 920 Praeterea
407 885 453 917 illo
471 886 586 927 spectat
602 908 612 923 ,
644 885 703 917 dici
733 889 842 915 certum
867 884 900 914 de
931 882 1068 924 injuria,

273 938 361 970 quam
382 926 481 968 paffus
503 929 567 968 quis
582 926 642 964 fit:
665 932 697 958 ut
724 934 762 957 ex
784 924 929 966 qualitate
953 923 1071 965 injuriae

265 971 419 1009 sciamus,
444 978 483 1000 an
499 971 530 1000 in
545 975 704 1009 patronum
727 967 828 997 liberto
842 966 1017 997 reddendum
1033 963 1070 1003 fit

273 1011 458 1052 injuriarum
476 1011 635 1051 judicium.
679 1009 797 1040 Etenim
822 1006 975 1048 memimffe
991 1013 1070 1046 opor-

277 1054 370 1093 tebit,
401 1052 500 1084 liberto
529 1051 668 1092 adversus
684 1055 845 1092 patronum
875 1058 933 1081 non
955 1049 1071 1090 quidem

816 80 1126 116 Gennnni
1174 75 1408 113 Noonr

1191 167 1325 214 semper,
1351 175 1456 198 verum
1471 165 1619 198 interdum
1632 165 1811 209 injuriarum
1828 170 1894 203 dari
1909 173 1992 214 judi.
2031 176 2032 184 ¹

1200 218 1277 239 cium
1293 231 1304 246 ‚
1326 207 1356 247 fi
1379 214 1465 240 atrox
1487 206 1525 244 lit
1548 208 1686 249 injuria,
1715 217 1801 250 quam
1817 212 1989 253 paffusfic,

1204 247 1251 290 [si
1267 249 1370 292 sua],
1400 249 1525 290 (puta)
1546 248 1575 287 fi
1598 249 1720 290 servilis.
1750 255 1880 285 caeterum
1901 255 1989 288 levem

1201 291 1393 322 coercitionem
1416 292 1517 332 utique
1534 297 1658 331 patrono
1686 291 1825 331 adversus
1859 293 1989 328 libertum

1199 371 1283 414 quast
1308 373 1446 415 injuriam
1463 372 1563 414 paffus
1577 372 1618 411 fit
1634 395 1645 411 ,
1675 371 1732 411 nisi
1760 375 1896 406 atrocitas
1925 386 1988 411 eum

1198 416 1340 446 moverit:
1362 424 1414 445 nec
1434 416 1510 446 enim
1524 415 1608 455 ferre
1624 413 1736 446 Proetor
1756 416 1835 446 debet
1855 415 1985 457 heriser-

1200 465 1272 487 vum
1286 456 1367 487 hodie
1387 456 1507 487 liberum
1523 457 1840 497 conquerentem,quod
1856 458 1985 492 dominus
2009 490 2011 493 .

1201 498 1228 527 ei
1250 498 1412 528 convicium
1429 498 1554 536 dixerit,
1576 496 1623 528 vel
1638 497 1714 537 quod
1735 497 1837 528 leviter
1852 498 1984 539 pulsave-

1204 332 1353 363 dabimus:
1377 341 1428 362 nec
1446 333 1577 373 patietur
1593 341 1657 362 eum
1679 331 1791 363 Praetor
1806 342 1987 376 querentem,
2032 343 2033 352 ¹

1199 539 1259 577 rit,
1283 537 1352 578 [vel
1370 539 1596 580 emendaverit]
1634 539 1690 570 Sed
1705 536 1728 571 si
1736 537 1864 586 flagris,
1878 538 1909 578 fi
1921 550 1985 572 ver·
2032 535 2034 569 ἶ

1199 580 1311 610 beritius
1320 602 1328 618 ‚
1341 578 1409 621 [fi]
1428 581 1598 611 vulneravit
1614 589 1671 611 non
1684 581 1836 612 mediocria
1847 591 1856 613 ε
1868 581 1984 624 ωᾳαῐβὶῥ

1195 630 1273 651 mum
1289 623 1343 651 erit
1366 620 1522 653 Praetorem
1537 623 1564 652 ei
1569 621 1738 661 subvenire.
1974 660 1975 663 Ἴ

1159 660 1213 692 Sic
1231 661 1284 692 hic
1300 662 1391 693 locus
1406 663 1512 694 editur
1526 663 1556 694 in
1582 662 1750 695 Paiideffls
1773 661 1982 699 Florentinis:

1115 702 1170 741 vsed
1187 704 1279 735 male.
1307 703 1383 744 quid
1400 705 1486 735 enim
1502 704 1570 736 vult
1587 704 1676 737 hoc?
1702 703 1820 736 Etenim
1834 707 1983 749 meminiffe

1116 746 1270 785 oportebit,
1286 744 1383 776 liberto
1399 746 1536 786 adversus
1548 751 1704 786 patronum
1717 755 1775 776 non
1789 748 1904 787 quidem
1910 750 1982 788 sem.

1111 795 1185 828 per,
1207 795 1308 816 verum
1323 787 1469 818 interdum
1493 787 1673 828 injuriarum
1693 788 1759 818 dari
1774 788 1939 828 judicium,
1951 789 1981 828 fi

1114 835 1201 861 atrox
1215 826 1250 862 fit
1275 827 1407 869 injuria,
1430 838 1519 869 quam
1538 828 1633 868 paffus
1642 827 1701 867 fit,
1727 826 1772 869 [fi
1783 829 1888 870 Jua]‚
1906 837 1982 872 puta

1106 879 1277 922 fiservilis.
1322 879 1490 915 Constabit
1515 880 1617 912 sensus
1634 905 1644 919 ,
1676 880 1698 913 fi
1722 881 1832 923 leges3
1855 874 1980 924 sisti—d,

1113 922 1279 954 contracta
1296 922 1447 962 scriptura
1460 946 1469 961 ‚
1491 931 1551 964 pro
1563 921 1736 962 fisumma:
1757 926 1811 955 cui
1833 933 1912 957 mox
1925 935 1980 966 op-

1112 964 1244 1004 ponitur
1262 963 1333 994 levis
1352 964 1491 995 coe'rcitio.
1534 962 1636 1008 Quod
1651 964 1749 996 miror
1767 974 1833 997 non
1851 965 1913 998 effe
1926 968 1981 1002 ob-

1113 1005 1273 1038 servatum
1292 1015 1309 1037 a
1325 1004 1507 1038 doffiffimis
1523 1004 1716 1038 hominibus.

880 1161 1093 1198 CAPUT
1148 1160 1288 1198 XVII.

180 1264 278 1314 'Quid
294 1264 377 1311 apud
396 1262 512 1311 Celsum
541 1265 561 1301 l.
579 1264 634 1299 ult.
662 1263 707 1299 D.
723 1263 759 1298 de
781 1261 962 1297 condiaione
976 1257 1069 1304 causa
1090 1259 1163 1294 data
1179 1257 1273 1313 cfiusa
1289 1270 1346 1294 non
1356 1258 1491 1306 sequma
1505 1260 1546 1305 sit
1563 1259 1628 1296 Pro
1646 1260 1807 1307 portione
1828 1263 1974 1310 emptio-

262 1313 312 1348 iiis
335 1312 374 1348 <St
397 1312 604 1348 venditionis
623 1311 683 1347 est.
734 1311 827 1357 Apud
850 1310 999 1344 Plancum
1023 1308 1087 1342 Pro
1110 1318 1269 1354 portione
1296 1319 1360 1344 nec
1384 1309 1436 1345 vir
1453 1336 1464 1354 ‚
1500 1321 1565 1346 nec
1589 1310 1709 1346 mullei·
1737 1320 1774 1346 tu
1797 1311 1882 1347 mihi
1907 1324 1943 1348 es
1959 1319 1974 1358 ,'

259 1363 339 1397 reite
357 1362 422 1409 legi
439 1360 586 1409 adversus
612 1361 651 1398 V.
676 1361 740 1395 CL.
769 1360 895 1405 Januin
920 1357 1129 1393 Gulielmium.

266 1457 318 1492 elfi
336 1460 433 1492 verba
457 1459 526 1491 sunt
540 1458 627 1491 Lult.
651 1456 694 1490 D.
718 1459 752 1489 de
769 1454 945 1489 condictione
969 1455 1057 1497 causa

276 1502 367 1539 dota,
390 1501 477 1539 causa
493 1510 551 1532 non
559 1502 702 1541 sequuta.

227 1540 309 1572 Dedi
330 1543 384 1573 tibi
403 1543 577 1581 pecuniam,
600 1548 636 1573 ut
657 1540 730 1572 milii
753 1539 886 1570 Stichum
907 1539 999 1570 dares.
1022 1548 1057 1569 ic-

264 1588 346 1614 trum
362 1584 392 1613 id
405 1582 573 1614 contraitur
585 1592 681 1624 genus
695 1588 747 1623 pro
762 1582 892 1621 portione
908 1581 1058 1620 emptionis

264 1622 303 1658 δ’
325 1625 505 1655 venditionis
517 1622 558 1665 0st
572 1624 591 1656 ,9
624 1634 665 1655 an
688 1622 772 1654 nullu
786 1621 834 1653 hic
848 1621 908 1652 alia
922 1621 1055 1663 obligatio

259 1663 319 1706 est,
334 1675 423 1706 quam
437 1667 471 1697 ob
487 1675 546 1697 rem
561 1666 626 1698 dati
643 1674 673 1696 re
688 1673 748 1695 non
755 1662 909 1704 sequuta?
934 1662 971 1694 [n
981 1663 1057 1703 quod

256 1707 502 1748 proclivior-sum.
519 1706 557 1742 ὅ)
580 1708 641 1739 ideo
648 1705 680 1745 fi
700 1711 832 1737 niortuus
853 1701 893 1745 el}
918 1704 1055 1742 Stichus,

260 1754 386 1789 repetere
397 1748 532 1790 poffum,
553 1750 633 1790 quod
653 1749 713 1779 ideo
735 1747 788 1777 tilii
809 1746 892 1784 dedi,
922 1750 956 1776 tit
984 1745 1056 1776 mihi

256 1789 391 1821 Stich-um
414 1792 507 1822 dares.
556 1790 646 1831 Finge
668 1788 795 1820 alienum
816 1785 869 1827 effe
893 1786 1028 1817 Stichum
1043 1808 1053 1825 ,

244 1832 303 1872 sed
319 1838 347 1862 te
362 1837 459 1863 tamen
474 1840 541 1863 eum
563 1831 674 1863 tradidi
698 1838 728 1860 e:
748 1834 872 1869 repetere
885 1837 905 1859 α
922 1833 949 1858 te
968 1833 1053 1868 pecu-

258 1873 342 1904 niam
359 1879 474 1913 potero,
496 1874 566 1915 quia
588 1872 730 1904 bononem
749 1870 915 1910 accipientis
935 1877 996 1900 non
1007 1869 1058 1906 fe-

251 1916 336 1945 ceris.
359 1913 398 1949 &
424 1915 548 1955 rursus,
579 1913 603 1951 si
625 1919 696 1945 tuus
711 1910 752 1953 qli
771 1911 910 1950 Stichus,
941 1909 979 1945 ὅ)
996 1916 1051 1950 pro

257 1955 401 1988 evibtione
419 1957 485 1997 ejus
496 1957 663 1998 promittere
680 1963 739 1985 nori
751 1954 799 1984 vis
809 1975 819 1990 ,
841 1962 900 1983 non
916 1952 1050 1984 liberabe-

258 1998 321 2036 ris,
344 2007 401 2039 quo
422 2000 520 2029 minus
533 2008 553 2029 a
569 2003 597 2029 te
607 1997 762 2038 pecaniam
777 1999 901 2035 repetere
912 1992 1022 2034 poffim.

174 2038 258 2082 Quae
283 2038 480 2070 probabilium
501 2039 592 2080 Jaris
607 2038 715 2070 Civilis
735 2036 807 2067 libro
824 2045 870 2067 iv.
891 2037 984 2076 capite
1002 2044 1048 2066 iv.

174 2090 234 2121 pro
259 2080 486 2113 emendatione
510 2090 608 2121 atque
623 2077 787 2111 intelletlu
811 2077 902 2117 huius
925 2077 987 2108 loci
1002 2084 1050 2106 ai·

173 2122 252 2193 ωῐίις
274 2120 361 2154 forte
377 2121 578 2155 sufficerent:
601 2120 657 2154 nifi
678 2119 869 2161 suspicarer,
891 2118 945 2150 illa
966 2116 1050 2150 Celfi

173 2171 229 2194 ver
255 2172 271 2193 a

214 2186 326 2236 Utriim
340 2206 371 2236 id
388 2205 554 2238 contraitur
567 2214 661 2248 genus
671 2211 725 2245 pro
747 2203 878 2246 portione
899 2201 1047 2243 emptionis

251 2244 289 2280 ἃ
311 2247 488 2278 venditionis
510 2245 578 2288 est?
599 2257 639 2279 an
663 2246 746 2277 milla
768 2245 817 2276 bic
831 2243 893 2276 alia
909 2243 1045 2285 obligatio

253 2285 310 2326 est,
333 2297 421 2329 quam
444 2288 476 2320 &
495 2290 627 2328 reliqua.

168 2327 275 2361 adhuc
293 2331 442 2361 nocitura
463 2329 537 2361 fore
559 2327 711 2361 Studiofis
735 2328 835 2368 Juris:
860 2326 975 2367 quibus
996 2325 1044 2357 vi-

169 2371 237 2402 deri
256 2370 372 2411 poffint
388 2371 496 2403 valere
510 2394 521 2410 ‚
547 2369 663 2403 Utrum
686 2370 718 2402 id
739 2368 923 2401 contractus
943 2376 1045 2410 genus

168 2420 228 2452 pro
249 2413 401 2452 portione
424 2411 471 2444 est
493 2413 618 2453 emptio
642 2412 673 2444 δι
701 2411 868 2450 venditio,
893 2419 952 2450 pro
974 2418 1048 2450 por-

168 2453 259 2484 tione
276 2453 435 2495 obligatio
451 2453 495 2485 ob
511 2463 578 2485 rem
599 2454 664 2485 dati
681 2463 716 2485 re
731 2462 797 2485 non
814 2452 956 2491 sequuta.
975 2450 1046 2482 fue-

168 2494 210 2525 rit
227 2494 321 2534 igitui·
345 2495 441 2533 utile,
465 2495 644 2527 errantibus
662 2495 692 2527 dt
708 2495 740 2526 in
764 2494 823 2525 hac
846 2501 936 2534 parte
962 2492 1045 2523 viam

167 2534 362 2567 monstrasse.
396 2535 475 2568 Non
492 2539 577 2568 enim
594 2537 637 2568 ita
653 2537 709 2568 est.
732 2545 798 2568 non
816 2534 957 2576 quaefivit
973 2533 1044 2565 Cel·

167 2575 237 2613 sus,
262 2585 365 2608 utrum
383 2577 416 2609 in
434 2578 603 2619 proposito
622 2578 762 2620 duplex,
783 2586 824 2608 an
838 2576 991 2617 simplex,
1007 2573 1044 2606 fit

166 2617 350 2648 contractus
366 2617 383 2649 ’ἒ
417 2627 523 2660 neque
557 2620 639 2651 banc
671 2619 888 2659 conjecturam
924 2617 1044 2657 patitur

166 2657 243 2690 facti
261 2658 381 2699 species
398 2660 492 2700 quam
511 2662 749 2701 proponit‚aut
763 2660 936 2700 disputatio
947 2667 1044 2699 quam

166 2699 207 2731 de
231 2709 268 2732 ea
294 2699 401 2731 habet.
433 2703 529 2742 magis
554 2711 689 2743 utraque
716 2702 759 2734 illi
783 2707 950 2742 repugnat.
995 2700 1045 2730 An

164 2741 243 2781 quid
266 2740 376 2773 Celsus
398 2742 477 2772 dicit
494 2751 566 2774 toto
585 2744 716 2783 capite?
740 2742 796 2775 nisi
815 2744 919 2774 datam
946 2740 1006 2772 tibi
1027 2749 1046 2771 a

166 2791 219 2814 me
238 2783 407 2823 pecuniam
424 2782 504 2820 effe,
529 2791 564 2815 ut
580 2786 658 2816 mihi
680 2784 826 2817 Stichum
851 2782 968 2815 dares?
991 2781 1046 2813 At·

166 2824 221 2865 qui
249 2824 334 2856 hunc
353 2823 384 2855 in
405 2824 528 2861 casum,
552 2833 727 2865 utcumque
745 2835 819 2857 eum
836 2833 962 2864 vertas,
979 2832 1045 2855 non

164 2864 274 2906 potest
298 2865 415 2896 cadere
449 2864 583 2905 suspicio
613 2868 749 2908 duplicis
775 2866 983 2904 contractus,
1013 2864 1046 2896 id

166 2905 232 2945 est,
256 2906 322 2947 ejus
342 2907 396 2948 qui
415 2906 531 2947 partim
549 2905 585 2938 fit
599 2909 722 2948 emptio
740 2908 770 2940 δι
788 2908 954 2947 venditio,
978 2915 1047 2946 par-

166 2948 225 2980 tim
250 2948 293 2980 do
319 2955 355 2980 ut
376 2947 458 2980 des:
490 2946 594 2987 ficut,
626 2947 648 2980 fi
680 2947 788 2980 Titius
818 2959 892 2982 curn
914 2947 1045 2980 aurifice

165 2989 358 3021 convenerit
378 3012 388 3028 ,
420 2996 462 3030 ut¹
481 2988 507 3020 is
533 2998 575 3020 ex
598 2998 676 3020 auro
699 2989 753 3021 suo
769 2991 850 3022 certi
868 2990 1043 3031 ponderis,

165 3038 331 3071 certatque
346 3030 480 3069 formae,
501 3030 636 3062 annulos
651 3031 682 3062 ei
701 3030 824 3062 faceret
839 3054 849 3069 ,
874 3032 904 3063 ἀ
919 3031 1046 3072 accipe-

166 3080 234 3111 ret,
251 3072 341 3104 verbi
355 3072 481 3114 gratia,
497 3071 612 3104 decem
629 3080 762 3110 aureos3
785 3071 904 3104 Caffius
919 3073 1042 3110 voluit,

167 3114 310 3147 materiae
340 3113 471 3156 quidem
503 3113 707 3156 emptionem
739 3115 770 3146 δι
794 3113 1043 3154 venditionem,

1100 1464 1208 1498 operae
1228 1463 1334 1488 autem
1353 1455 1550 1489 locationem
1567 1457 1597 1496 &
1613 1458 1972 1500 conductionem,con-

1101 1497 1180 1529 trahi
1203 1497 1232 1539 §.
1250 1508 1279 1536 4.
1306 1496 1379 1538 Inft.
1407 1499 1439 1529 de
1461 1498 1598 1530 locatione
1620 1500 1657 1534 ὅ)
1680 1500 1874 1534 conductione.
1901 1502 1921 1534 l.
1939 1512 1970 1535 2.

1100 1538 1143 1570 D.
1161 1548 1219 1569 eorl.
1239 1541 1287 1571 tit.
1319 1540 1421 1570 Aliter
1446 1539 1540 1580 igitur
1557 1541 1743 1582 accipienda
1770 1551 1863 1575 erunt
1889 1541 1974 1577 Celsi

1101 1581 1210 1613 verba.
1234 1580 1358 1612 habent
1372 1588 1499 1619 autem,
1522 1579 1544 1612 si
1566 1583 1641 1622 quid
1664 1583 1781 1622 video,
1805 1584 1972 1624 pulchram

1099 1621 1298 1654 sententiam.
1328 1630 1367 1652 ea
1391 1620 1544 1653 sententia
1568 1622 1613 1654 est
1629 1647 1640 1662 ,
1669 1632 1775 1657 utrum
1792 1626 1824 1657 id
1844 1634 1973 1658 contra-

1099 1663 1167 1694 &us
1182 1672 1282 1703 genus
1303 1671 1362 1703 pio
1381 1664 1532 1704 portione
1544 1672 1639 1703 quarn
1656 1665 1686 1701 in
1705 1666 1818 1698 ordine
1828 1667 1972 1700 civilium

1097 1706 1303 1745 negotiorum
1328 1704 1444 1744 habet,
1467 1706 1591 1744 emptio
1615 1706 1761 1738 venditio
1785 1708 1840 1739 est.
1892 1708 1971 1741 Hoc

1098 1754 1134 1778 ut
1149 1743 1417 1785 i'entiam,suadet
1432 1745 1537 1777 fimilis
1555 1745 1657 1784 Plauti
1673 1747 1783 1786 locus,
1795 1749 1927 1781 Rudente
1937 1759 1971 1791 4.

1096 1798 1126 1827 4.
1149 1786 1225 1827 vers.
1243 1796 1294 1827 71.
1327 1785 1410 1818 Eum
1426 1787 1555 1825 locum,
1578 1788 1652 1828 quia
1666 1796 1808 1822 moratur
1825 1791 1973 1824 erudito&

1096 1829 1264 1866 homines,
1287 1837 1466 1872 apponam,
1489 1837 1524 1860 ut
1541 1838 1557 1860 a
1574 1829 1668 1861 Celso
1690 1831 1795 1863 lucem
1812 1832 1967 1873 accipiat,

1096 1870 1129 1902 &
1146 1869 1229 1901 hanc
1244 1869 1341 1901 Ceno
1358 1870 1489 1902 vicissim
1506 1871 1655 1912 praebeat.
1700 1871 1808 1904 Verba
1830 1873 1945 1906 Plauti.

1182 1910 1266 1956 Quid
1282 1910 1299 1942 ἓ
1327 1909 1387 1952 istie
1410 1918 1497 1945 mucce
1517 1912 1586 1951 sunt
1600 1935 1611 1952 ,
1640 1922 1703 1955 quie
1713 1920 1768 1955 pro
1778 1914 1814 1955 se
1827 1915 1966 1955 fabulari

1221 1962 1278 1984 non
1321 1959 1417 1985 zieant.
1523 1979 1525 1981 .
1606 1978 1610 1981 ‚
1671 1978 1674 1982 .

1091 1993 1160 2027 Ta.
1182 1993 1227 2026 Eo
1243 1963 1339 2040 taceqnt
1354 2017 1365 2034 ,
1391 1996 1462 2037 quia
1477 1995 1569 2027 tacita
1588 1996 1661 2028 bona
1674 1993 1710 2036 ’st
1731 1996 1835 2030 mulier
1848 1991 1977 2041 semper*

1217 2046 1306 2077 quam
1329 2036 1455 2078 loqueris.

1091 2076 1159 2109 Gu.
1184 2076 1275 2150 Tumh
1279 2077 1327 2125 pol
1343 2087 1402 2118 pro
1421 2078 1574 2120 portione
1587 2087 1639 2110 nec
1654 2079 1724 2119 vir,
1745 2090 1798 2113 nec
1812 2081 1914 2120 mulier
1926 2087 1962 2115 tu

1216 2129 1254 2150 mi
1277 2129 1287 2149 z
1309 2127 1347 2150 es.
1711 2125 1713 2127 ’

1089 2160 1157 2193 Tit.
1182 2159 1248 2204 Qui
1261 2159 1357 2199 itum?
1380 2158 1445 2191 Gn.
1469 2161 1538 2202 quia
1553 2161 1630 2193 enim
1645 2162 1762 2204 loquens
1776 2186 1787 2203 ,
1809 2172 1899 2206 neque
1915 2169 1962 2197 ta-

1217 2210 1281 2233 cens
1296 2211 1427 2243 unquam
1449 2203 1548 2234 bonus.

1074 2243 1143 2275 .Sic
1168 2243 1290 2275 habent
1315 2243 1517 2284 manuscripti
1540 2243 1672 2276 codices
1687 2269 1697 2284 ,
1723 2253 1777 2287 pro
1803 2247 1959 2287 portione,

1088 2286 1140 2323 yel
1160 2294 1225 2316 uno
1250 2285 1351 2316 vei-bo
1371 2308 1381 2324 ‚
1406 2286 1596 2326 proportione.
1640 2285 1713 2318 Nec
1738 2296 1880 2320 mutem:
1904 2288 1962 2320 etss

1087 2326 1182 2367 Janus
1207 2325 1398 2358 Gulielmius
1414 2349 1424 2365 ‚
1463 2326 1500 2358 V.
1527 2325 1587 2358 CL.
1612 2326 1770 2372 Quaesti'on.
1794 2330 1826 2360 in
1856 2329 1960 2362 Plauti

1090 2369 1220 2399 Rudent.
1245 2378 1268 2398 c.
1288 2378 1317 2409 3.
1339 2368 1371 2398 in
1381 2367 1413 2407 f.
1438 2377 1533 2408 quem
1557 2367 1728 2408 sequuntur
1746 2370 1892 2410 plerique
1910 2380 1958 2414 ty·

1089 2410 1136 2450 pis
1162 2409 1298 2446 immeffi
1325 2409 1415 2447 libri,
1439 2409 1546 2447 malit,
1565 2417 1616 2449 pro
1633 2412 1780 2448 oratione;
1813 2412 1842 2443 ἀ
1858 2421 1956 2453 expo-

1088 2459 1142 2483 nat
1157 2474 1168 2490 ,
1199 2450 1356 2493 Quantum
1380 2459 1417 2482 ex
1443 2453 1570 2482 oratione
1589 2457 1642 2482 tua
1666 2452 1793 2494 collig03
1822 2460 1857 2484 ut
1871 2455 1958 2485 verba

1079 2493 1173 2533 facis.
1219 2492 1271 2525 Est
1291 2493 1376 2525 enim
1403 2493 1540 2523 idoneus
1566 2493 1685 2525 veteris
1706 2495 1869 2534 {cripturae
1893 2494 1961 2526 sen-

1088 2535 1156 2566 sus:
1179 2532 1233 2566 Tu
1254 2543 1311 2574 pro
1334 2541 1425 2574 parte
1449 2542 1500 2564 tua
1524 2542 1617 2573 quam
1641 2534 1673 2566 in
1697 2535 1792 2566 rebus
1816 2535 1957 2568 humanis

1085 2575 1164 2607 sacis
1182 2599 1192 2614 ,
1216 2575 1293 2608 mihi
1312 2584 1417 2615 neque
1434 2575 1499 2613 vir,
1523 2583 1628 2611 neque
1645 2575 1776 2616 mulier,
1800 2586 1844 2608 es.
1875 2576 1955 2610 Illud

1086 2617 1194 2650 nescio
1217 2627 1255 2648 an
1271 2617 1382 2648 addam
1402 2639 1412 2654 ,
1445 2615 1528 2655 hoc,
1555 2615 1666 2648 Utrum
1682 2618 1713 2648 iol
1730 2617 1895 2650 contraiius
1908 2628 1956 2659 ge-

1085 2668 1142 2689 mis
1167 2659 1316 2698 emptionis
1337 2657 1513 2688 venditionis
1528 2655 1568 2696 est
1581 2665 1633 2697 pro
1648 2659 1778 2698 portione
1792 2682 1802 2698 ‚
1824 2669 1842 2690 a
1865 2659 1957 2692 Celso

1087 2699 1177 2732 fimiii
1202 2701 1266 2731 dici
1297 2700 1420 2730 ratione
1445 2707 1506 2738 qua
1531 2697 1686 2739 Ulpianus
1716 2700 1738 2732 l.
1756 2704 1786 2732 6.
1812 2700 1840 2742 §.
1860 2710 1887 2733 1,
1912 2700 1956 2733 D.

1087 2743 1121 2772 (le
1143 2741 1339 2781 servitutibus
1359 2740 1532 2780 praediorum
1558 2738 1733 2781 rusticorum
1763 2743 1807 2773 ait
1824 2761 1850 2778 .-
1872 2741 1957 2787 Quid,

1088 2792 1154 2822 ergo
1170 2781 1199 2820 fi
1218 2783 1390 2822 praediorum
1417 2781 1558 2812 meliorem
1586 2785 1704 2822 caulam
1733 2783 1790 2814 haec
1805 2781 1956 2823 faciant?

1089 2824 1163 2856 Non
1178 2821 1217 2862 eli
1231 2824 1441 2860 dubitandum,
1453 2824 1524 2863 quin
1532 2823 1690 2861 servitutis
1700 2823 1752 2862 fit.
1778 2824 1824 2856 Ita
1838 2824 1956 2855 habent

1088 2864 1258 2897 Pandeoae
1285 2863 1481 2897 Florentini:
1505 2864 1582 2898 iicet
1606 2865 1636 2896 in
1664 2866 1791 2905 vulgata
1815 2864 1974 2897 editione·

1088 2904 1144 2944 sit,
1165 2908 1238 2948 quin
1245 2905 1378 2946 servitus
1386 2903 1439 2943 sit.
1484 2905 1534 2937 Ad
1551 2906 1698 2939 eamdem
1714 2907 1849 2939 formam
1860 2905 1957 2936 Aulus

1089 2947 1242 2985 Sabinus,
1264 2945 1357 2987 Epist.
1372 2957 1403 2988 3.
1427 2955 1496 2987 quae
1514 2946 1560 2978 est
1575 2947 1695 2980 Paridis
1718 2948 1757 2981 ad
1775 2947 1954 2978 Oenonem.

1088 2989 1196 3022 Verba
1214 2987 1331 3019 Sabini.

1095 3053 1099 3056 -
1126 3031 1183 3062 Sed
1199 3039 1256 3061 non
1273 3027 1312 3068 esi
1331 3030 1454 3061 rationis
1470 3039 1557 3061 amor.
1573 3035 1601 3061 te
1616 3028 1747 3069 consule,
1767 3026 1906 3068 numpha.

1125 3072 1210 3114 Laeso
1229 3080 1272 3105 es:
1297 3069 1333 3107 &²
1351 3070 1444 3113 leesam
1457 3071 1563 3114 scribis
1582 3079 1680 3105 amare
1696 3077 1800 3103 tamen.

1869 3207 1957 3252 Citss
