2036 3495
591 104 656 139 An
683 103 773 137 Lin.
801 99 916 136 XVH.
954 99 1054 134 'fi-r.
1083 99 1124 135 Il.
1161 99 1222 134 Pro
1237 90 1332 145 socio.

64 204 123 237 'tim
147 202 283 241 dicrum,
309 206 377 231 eain
396 197 476 229 coiri
502 196 540 228 de
568 193 716 239 omnibus
740 191 851 228 bonis,
874 190 938 236 finvc

70 246 111 277 de
137 242 284 276 universis
314 239 405 272 bonis
422 263 431 279 ,
463 247 516 270 aut
540 237 578 267 de
605 231 755 278 universis
781 232 937 277 fortunis,

73 287 155 318 hanc
173 285 236 325 ejus
254 284 316 315 vim
335 280 415 318 effe,
439 287 474 310 ut
497 280 526 309 in
550 283 809 308 communionem
832 279 938 317 veniat

71 337 137 360 non
158 326 254 358 modo
271 324 359 365 quod
382 331 421 352 ex
438 321 527 352 bonis
554 318 613 349 illis
627 324 713 352 arte,
740 315 865 351 labore,
892 323 935 343 in-

72 368 203 405 dustria,
228 365 276 397 seu
294 363 431 404 quaestu,
454 359 642 400 adquiritur:
666 355 718 386 sed
737 356 831 386 etiam
848 355 936 400 quod

71 410 197 443 aliunde
217 406 340 438 accedit
368 404 429 435 alio
453 408 656 441 quocumque
691 397 787 428 modo
806 419 815 434 ‚
846 396 935 440 verbi

72 451 191 494 gratia,
214 457 253 479 ex
271 446 456 478 liberalitate
479 443 670 477 amicorum,
696 446 729 468 ut
745 438 936 475 donatione,

73 496 200 528 lenam,
225 489 409 520 hereditate.
454 484 495 515 At
526 491 586 513 nec
609 480 748 517 dubito,
781 479 856 518 quiri
889 487 935 508 re-

71 526 235 576 sponderit
254 529 401 568 Ulpianus
421 525 497 565 l.73.
518 525 559 554 l).
577 523 634 553 lm.
660 521 701 552 sic
721 520 936 551 communica-

72 577 98 608 ri
121 584 170 606 res
200 579 290 610 quain
322 566 487 608 praesentes
506 587 515 602 ‚
552 572 614 594 tain
646 562 766 593 futuras
797 569 934 601 quoque.

72 617 191 649 Praeter
207 613 274 644 haec
289 608 472 640 observatur
491 606 547 637 hac
572 604 602 636 in
620 603 744 644 speeie3
769 609 820 639 ut,
845 601 865 633 si
883 610 936 631 ne-

74 657 156 690 cesse
181 652 289 685 habuit
314 650 431 687 socius,
454 647 572 687 aliquid
600 644 744 685 praeslare
767 642 830 674 fine
855 643 936 673 vitio

73 699 128 730 suo
145 720 154 735 ,
184 697 214 726 id
239 690 380 723 societati
406 691 565 730 imputet:
599 686 664 718 sive
694 683 873 726 praestitcrit
897 692 938 714 ex

71 738 159 772 causa
177 734 351 770 societatis,
375 731 437 763 sive
460 737 548 761 extra
571 737 658 765 eam,
683 728 711 758 δι
730 725 859 757 coactus
883 733 939 764 pei·

73 780 214 821 injuriam
232 775 318 807 tertii
342 774 361 805 l.
378 784 426 813 52.
444 772 473 813 ὃ.
491 771 535 801 ult
552 770 579 801 h.
596 774 616 799 t.
632 770 659 799 d.
680 769 698 798 l.
716 776 764 808 39.
789 766 816 807 §.
834 776 861 812 3:
886 766 938 796 Sic

71 829 172 863 puto,
197 814 361 848 conveniri
380 815 496 850 lolei·e;
523 813 552 842 <St
576 810 620 842 est
643 808 825 848 exemplum
852 817 883 838 in
908 808 935 837 cl.

71 864 90 894 l.
107 872 154 903 73.
177 869 213 891 ac
233 857 386 899 proinde,
409 855 430 887 fi
446 863 508 885 non
526 853 561 884 sit
581 851 706 892 mustum
724 855 936 885 conventum3

74 912 181 935 tamen
208 901 279 941 quia
304 898 401 929 moris
426 894 471 927 est
498 894 561 925 hoc
583 892 670 931 fieri,
694 892 724 922 in
753 890 848 921 bonae
866 889 939 921 fidei

71 945 189 986 judicio
210 951 268 1013 pgi
287 945 449 971 convento
475 936 609 968 habetur
624 934 642 966 l.
658 942 707 975 31.
728 932 756 973 §.
776 941 824 963 20.
842 931 890 962 D.
908 931 941 961 cle

119 986 167 1016 alil.
187 984 231 1014 edi
261 1006 267 1013 .

74 985 178 1058 AESed
206 1023 359 1064 Ulpianus
382 1022 400 1052 l.
419 1028 446 1062 7.
468 1020 493 1051 b.
514 1025 534 1050 t.
564 1017 624 1056 ait,
648 1015 833 1047 societatem
860 1012 940 1043 coiri

77 1069 108 1101 ὅ(
125 1067 306 1106 simpliciter
326 1065 439 1096 licere:
463 1062 492 1092 ὅ(
508 1060 528 1092 si
546 1069 608 1091 non
627 1058 724 1090 fuerit
741 1055 918 1088 distinctum
931 1076 940 1091 ,

75 1109 193 1142 coitam
223 1105 284 1138 effe
316 1102 532 1136 universorum
562 1110 630 1141 quae
664 1108 703 1129 ex
737 1096 941 1142 quaestu-ve-

75 1152 188 1184 niunt:
212 1148 273 1178 hoc
295 1146 340 1178 est
360 1169 369 1184 ,
396 1144 417 1177 fi
448 1144 532 1184 quod
564 1143 685 1173 luci-um
712 1149 752 1183 ex.
776 1145 941 1182 emptione

77 1190 280 1227 venditione,
312 1187 473 1219 locatione
499 1183 739 1219 conductione,
769 1178 940 1223 descend-it.

75 1231 226 1274 quaestum
246 1229 328 1261 enirn
347 1228 477 1259 Sabinus
493 1225 598 1266 (quod
616 1222 750 1262 conjicio
764 1231 803 1252 ex
815 1218 943 1265 Inscrip-

77 1276 166 1306 tione
191 1273 207 1303 l.
225 1276 252 1305 8.
272 1272 298 1301 h.
323 1272 365 1309 t.)
389 1267 550 1304 definivit,
575 1266 626 1305 qui
651 1273 690 1294 ex
718 1270 814 1302 opera
841 1269 940 1306 cujus-

77 1325 139 1355 que
155 1312 328 1344 descendit.
353 1319 413 1341 nee
443 1308 560 1347 adjecit
583 1305 714 1336 Sabinus
737 1303 797 1343 (sic
822 1301 940 1341 subjici-

77 1356 174 1387 turin
192 1354 210 1384 l.
233 1357 280 1393 9.)
303 1352 532 1385 hereditatem,
562 1347 611 1377 vel
635 1346 793 1389 legatum,
816 1343 866 1373 vel
886 1343 939 1372 do-

77 1397 222 1429 nationes
239 1394 349 1425 mortis
367 1390 473 1422 causa:
497 1387 632 1419 fortassis
650 1387 717 1417 liaec
734 1385 828 1430 ideo,
853 1383 939 1427 quod

77 1436 142 1470 non
163 1436 225 1467 fine
247 1434 336 1466 causa
364 1432 561 1466 obveniunt,
585 1427 637 1459 sed
666 1427 708 1457 ob
725 1434 870 1457 meritum
889 1425 940 1455 ali·

78 1479 166 1520 quod
189 1477 356 1507 accedunt.
379 1474 418 1505 de
436 1471 612 1503 hereditate
628 1469 713 1500 addit
729 1467 841 1499 Paulus
857 1466 875 1496 l.
897 1475 942 1497 to.

79 1520 166 1560 quod
189 1519 375 1557 plerumque
408 1514 459 1544 vel
483 1522 499 1543 a
520 1517 650 1549 parente
668 1531 678 1547 ‚
704 1509 755 1539 vel
781 1517 797 1538 a
828 1507 944 1538 liberto

80 1558 165 1600 quasi
183 1556 323 1588 debiturn
339 1554 479 1586 obvenit.
520 1552 567 1582 lta
591 1551 629 1581 de
646 1550 840 1586 hereditate,
865 1549 944 1589 lega-

82 1607 139 1637 to,
163 1599 354 1634 donatione,
377 1594 419 1637 Q.
438 1594 583 1625 Mucium
607 1589 769 1630 sci-ipsiffe,
795 1589 943 1630 Ulpianus

80 1640 181 1673 refert
199 1639 217 1669 l.
237 1647 282 1669 11.
308 1638 352 1668 D.
375 1636 401 1667 h.
422 1641 441 1666 t.
487 1632 593 1676 Quid,
615 1631 637 1663 fi
660 1632 837 1672 adjiciatur,
862 1639 895 1661 ut
914 1631 944 1662 δε

80 1680 213 1721 quaestus
224 1679 253 1710 ἃ
263 1679 337 1710 lucri
349 1677 424 1708 socii
441 1676 499 1708 sint
510 1677 526 1708 ¹?
536 1673 654 1705 Verum
665 1675 725 1713 est,
737 1683 800 1705 non
811 1674 849 1704 ad
859 1672 941 1704 aliud

81 1723 233 1759 lucrum,
264 1728 356 1759 quarn
384 1718 470 1758 quod
493 1726 532 1748 ex
562 1714 680 1755 quaestu
712 1713 824 1753 venit,
861 1714 942 1745 lianc

83 1771 213 1804 quoque
235 1759 444 1801 adjectionem
469 1758 627 1799 pertinere
648 1756 666 1786 l.
688 1765 733 1797 13.
759 1756 785 1786 h.
802 1761 822 1786 τ.
846 1755 944 1796 Igitur

81 1814 143 1837 nec
167 1813 206 1835 aes
224 1803 379 1841 alienum,
402 1799 457 1831 nisi
471 1800 556 1839 quod
575 1806 614 1828 ex
637 1797 754 1838 quaestu
773 1797 942 1836 pendebit,

80 1846 190 1876 venire
212 1845 242 1875 in
261 1845 418 1874 rationem
440 1840 617 1878 societatis,
640 1839 791 1871 meditate
807 1840 850 1869 ait
865 1838 943 1870 Pau-

80 1887 129 1919 lus
151 1886 168 1916 l.
199 1894 243 1916 η.
260 1885 286 1915 h.
304 1890 324 1916 t.

122 1927 250 1958 Summa
268 1924 423 1957 divisionis
439 1932 531 1965 quam
548 1922 705 1964 explicui,
729 1921 871 1959 obtinet,
898 1920 943 1952 so-

81 1969 230 1999 cietatem
254 1966 403 2006 appellari
422 1966 569 1996 demum:
594 1973 666 1995 cum
689 1963 733 1995 est
750 1964 790 1994 de
805 1971 942 1994 commu·

80 2009 218 2040 nicando
246 2008 337 2039 lucro
357 2007 385 2038 ἀ
409 2007 524 2038 damno
544 2005 667 2043 astum,
690 2004 751 2035 five
768 2003 802 2035 sit
821 2004 943 2034 univer-

81 2049 184 2081 sorum
210 2049 366 2079 bonorum
394 2047 545 2085 societas,
570 2046 633 2077 sive
661 2046 749 2077 unius
774 2044 818 2075 rei
843 2053 895 2075 aut
911 2054 943 2075 u-

81 2091 151 2122 nius
175 2088 398 2130 negotiationis
421 2089 440 2119 l.
463 2092 514 2128 67.
541 2087 581 2118 D.
604 2088 632 2118 h.
654 2093 676 2117 t.
725 2085 796 2126 Ego
813 2087 942 2123 addam,

82 2132 170 2171 quod
191 2131 264 2162 ideo
283 2137 413 2171 oportet
437 2130 533 2160 etiam
559 2127 723 2159 conveniri
743 2130 783 2158 de
799 2126 944 2158 facienda

81 2172 113 2204 in
139 2181 309 2202 commune
334 2171 521 2208 collatione,
546 2177 641 2209 atque
665 2167 847 2208 utrimque:
879 2178 943 2199 non

81 2213 189 2245 futura
204 2212 343 2252 alioquin
361 2211 527 2245 societate,
551 2211 603 2241 ubi
622 2219 686 2241 non
704 2208 747 2240 est
763 2219 803 2240 ex
821 2219 886 2249 quo
904 2210 945 2240 se·

85 2262 200 2294 quatur
217 2254 294 2284 lucri
311 2253 339 2283 δε
356 2253 459 2283 damni
478 2252 727 2283 communio:ad
743 2259 835 2291 quam
854 2260 946 2282 unam

81 2294 222 2327 intendit
245 2294 385 2325 societas.
432 2292 590 2324 Caeterum
614 2291 699 2332 posse
724 2300 792 2322 eam
816 2292 891 2322 coiri
914 2292 944 2323 &

82 2337 191 2368 valere
217 2337 311 2366 etiam
337 2336 419 2366 inter
438 2343 511 2372 eos,
535 2333 586 2373 qui
607 2342 671 2364 non
693 2331 763 2363 sunt
787 2333 883 2371 aequis
900 2332 943 2363 fa-

81 2377 270 2415 cultatibus,
294 2377 324 2407 in
344 2383 483 2407 mentem
509 2376 596 2406 veiiit
621 2373 758 2413 Ulpiano
781 2373 798 2403 l.
817 2384 846 2413 5.
871 2373 899 2414 §.
919 2383 944 2406 1.

79 2420 109 2451 h.
133 2424 153 2450 t.
172 2418 231 2449 hac
247 2418 369 2449 ratione
387 2441 395 2455 ‚
421 2417 505 2456 quod
530 2417 717 2456 plerumque
732 2415 897 2454 pauperior
913 2426 944 2445 O-

82 2468 159 2500 pera
184 2459 307 2498 supplet
324 2482 333 2497 ‚
364 2466 517 2497 quantum
542 2458 570 2488 ei
596 2466 651 2497 pei·
673 2456 944 2493 comparationem

80 2501 263 2540 patrimonii
295 2499 390 2531 deest.
435 2499 554 2530 Eadem
581 2499 703 2528 ratione
728 2497 872 2537 placuit,
903 2498 946 2528 so-

83 2540 233 2572 cietatem
256 2539 422 2579 contrahi,
448 2549 512 2571 uno
530 2539 718 2580 pecuniam,
743 2539 842 2569 altero
870 2547 946 2578 ope-

82 2590 168 2618 ram,
192 2581 390 2613 conferente.
414 2580 476 2612 fuit
496 2582 625 2620 quidem
643 2580 703 2610 hoe
720 2579 888 2619 aliquando
906 2581 947 2611 in·

84 2622 165 2653 certi
185 2621 277 2661 juris,
299 2621 350 2653 sed
379 2622 547 2654 obtinuisse
565 2645 574 2660 ,
600 2620 694 2652 testes
719 2620 787 2651 sunt
817 2619 948 2652 Diocle-

84 2663 187 2694 tianus
211 2662 240 2693 ὅ(
259 2660 470 2694 Maximianus
486 2664 543 2695 l.1.
562 2664 593 2693 C.
608 2663 635 2692 h.
653 2668 673 2692 t.
697 2671 756 2693 nec
773 2662 951 2702 aspernatur·

84 2703 273 2743 justinianus
289 2702 325 2743 .§.
346 2713 372 2734 2.
398 2702 468 2743 Inst.
492 2706 520 2735 cl.
538 2711 559 2735 t.
584 2713 714 2744 operam
740 2712 797 2743 pro
816 2705 951 2743 pecunia

84 2745 201 2776 valere.
244 2742 290 2774 Ut
308 2750 343 2774 ut
364 2745 442 2776 erit:
466 2745 574 2785 utique
590 2744 712 2776 constat
728 2754 768 2775 ex
786 2744 851 2782 his,
868 2746 949 2775 adeo

85 2785 245 2826 propriam
262 2784 420 2815 societatis
436 2785 497 2816 effe
513 2786 675 2826 utriusque
693 2786 789 2825 partis
806 2786 949 2817 collatio-

83 2834 176 2858 nem:
200 2833 252 2864 ut,
275 2825 296 2856 si
324 2825 362 2856 ab
387 2834 445 2856 una
462 2833 550 2865 parte
571 2828 704 2867 pecunia
721 2827 749 2857 ἃ
766 2835 862 2865 opera
877 2850 885 2866 ,
910 2828 948 2857 ab

84 2868 181 2899 altera
205 2874 334 2905 nemra,
357 2866 559 2905 conseratur,
586 2867 736 2908 Ulpianus
764 2877 879 2908 neget,
905 2868 949 2898 so-

82 2909 233 2940 cietatem
268 2908 449 2939 donationis
475 2908 563 2939 causa
592 2909 677 2940 reste
702 2909 845 2940 conti-alii
877 2910 906 2940 d.
929 2909 948 2940 l.

103 2973 110 2982 ι
155 2974 161 2979 .
184 2959 212 2980 2.

123 2990 276 3029 Ostendi,
302 2988 485 3021 societatem
510 2999 603 3031 egere
625 2990 804 3022 collationis
833 2996 950 3021 mutua:

83 3032 114 3064 ἃ
137 3032 322 3071 recipi-oeae.
346 3032 516 3071 deinceps,
547 3034 710 3071 quomodo
734 3032 789 3063 fiat
805 3055 814 3069 ,
848 3031 950 3063 osten-

82 3074 166 3105 dam.
190 3072 228 3104 fit
245 3082 301 3111 ea;
324 3082 396 3104 cum
422 3082 470 3103 res
494 3072 684 3113 singulorum
710 3074 849 3113 propriae
866 3073 947 3104 inter

81 3124 139 3145 eos
161 3115 440 3145 communicantur
464 3122 522 3153 pro
554 3115 677 3145 ratione
702 3113 794 3144 coitae
819 3113 946 3144 societa-

79 3156 131 3186 tis.
155 3155 262 3195 aitque
288 3154 400 3187 Paulus
427 3154 447 3186 l.
471 3163 495 3186 1.
517 3155 545 3195 §.
568 3163 591 3185 1.
612 3155 638 3185 b.
657 3161 677 3185 t.
702 3154 732 3185 in
757 3163 793 3184 ca
816 3164 886 3194 qua:
911 3155 945 3186 sit

1787 96 1853 142 297

981 196 1034 219 cet
1057 188 1163 228 (quod
1189 188 1284 228 Gajus
1310 188 1457 219 observat
1480 187 1498 218 l.
1518 187 1565 228 2.)
1597 185 1773 226 specialiter
1791 192 1851 216 tra-

981 232 1060 260 ditio
1085 239 1147 260 non
1181 230 1404 261 intervenci-it:
1427 228 1458 260 id
1483 227 1527 260 est
1545 251 1556 266 ,
1584 229 1660 259 licet
1683 226 1849 258 manifesta

981 270 1166 309 singularum
1197 280 1299 301 rerum
1343 271 1470 301 traditio
1497 270 1593 301 *nulla
1628 267 1848 299 intervenerit.

980 310 1044 352 Qui
1073 310 1203 350 potest?
1226 313 1269 342 ait
1294 311 1411 351 Gajus,
1436 311 1507 349 quia
1531 311 1626 341 tacita
1643 311 1783 341 creditur
1806 308 1850 339 iii-

980 353 1163 390 tervenire;
1195 352 1248 388 δε,
1281 361 1314 382 ut
1339 353 1500 390 videatur,
1526 351 1650 383 iiCtione
1687 350 1849 381 constituti

980 391 1169 432 poss‘cssbrii:
1193 402 1254 432 qua
1271 393 1311 422 de
1330 393 1378 432 egi
1401 392 1449 422 lib.
1470 402 1495 423 2.
1518 393 1657 423 Probabil.
1680 402 1704 422 c.
1728 395 1757 422 6.
1801 390 1851 422 ln-

979 434 1071 464 duxit
1095 433 1176 463 hanc
1201 434 1319 463 utilitas
1338 433 1609 472 expediendorum
1627 434 1849 470 negotiorum:

981 473 1098 504 difficili
1118 483 1220 505 rerum
1241 474 1427 513 singularum
1451 474 1621 504 traditione
1645 470 1677 505 in
1700 473 1852 514 patrimo-

981 516 1039 546 niis
1061 516 1173 554 aniplis
1198 516 1227 545 ὃ(
1253 514 1388 551 diffusis,
1413 514 1552 553 alioquin
1577 516 1614 545 :id
1648 515 1850 546 ii·atl'.tioncm

979 557 1113 587 dominii
1131 557 1243 595 regulis
1257 557 1333 596 juris
1352 555 1531 587 necess'aria.
1574 555 1703 586 Interim
1721 563 1851 596 recepta

980 607 1016 628 ca
1033 595 1117 627 fictio
1133 597 1196 628 fuit
1220 598 1250 628 in
1277 597 1371 628 rebus
1388 596 1494 628 saltem
1519 598 1752 635 corporalibus:
1777 605 1850 628 nam

981 639 1107 670 nomina
1137 648 1264 670 manere
1294 638 1325 669 in
1354 638 1407 669 suo
1432 637 1530 674 statu,
1555 638 1583 668 ἀ
1607 638 1744 668 actiones
1763 648 1778 668 a
1805 638 1851 667 so-

981 680 1037 711 ciis
1059 679 1197 711 invicem
1216 680 1371 719 praestari,
1398 688 1503 710 certus
1521 678 1629 709 aucior
1649 678 1759 709 Paulus
1782 679 1800 708 l.
1817 688 1849 717 53.

981 722 1007 752 h.
1031 728 1052 751 t.
1108 721 1148 751 At
1179 730 1239 752 nec
1264 722 1294 752 in
1319 720 1538 759 corporalibus
1565 718 1734 750 obtinuisse
1754 742 1762 756 ‚
1795 718 1851 750 nisi

981 762 1164 793 coeuntium
1190 761 1247 794 fiiit
1279 770 1423 803 tempore
1448 763 1543 792 coitae
1565 761 1739 798 fi›eietatis,
1764 761 1850 790 idem

981 803 1094 834 Paulus
1112 803 1154 834 ait
1175 803 1194 836 l.
1215 813 1239 835 1.
1263 803 1292 845 §.
1310 814 1334 835 1.
1359 804 1429 834 sane
1453 803 1483 833 in
1501 801 1614 833 futuris
1642 802 1724 832 aliud
1751 800 1851 832 visum

981 845 999 875 l.
1021 853 1069 884 73.
1087 843 1122 878 &'
1143 854 1190 884 74.
1215 845 1243 875 h.
1261 851 1282 876 t.

1021 886 1120 923 Satis,
1145 893 1178 916 ut
1203 894 1282 926 puto
1300 907 1310 922 ‚
1341 885 1468 924 liquet,
1500 885 1680 915 slicietatem
1706 882 1851 924 pecuniae

983 935 1152 966 rerumque
1167 936 1185 957 a
1207 927 1297 958 sociis
1321 926 1464 957 contrahi
1496 927 1572 957 lucri
1598 926 1627 956 ὃς
1643 926 1746 956 damni
1764 934 1851 955 corn-

983 968 1164 999 municaiidi
1189 968 1298 1009 gratia.
1324 967 1399 998 illud
1423 967 1526 998 adhuc
1546 967 1757 1004 tinelandum,
1784 964 1852 1005 qui-

984 1010 1041 1040 bus
1065 1019 1104 1040 ex
1123 1010 1263 1049 partibus
1286 1018 1353 1039 eam
1371 1009 1629 1039 communionem
1647 1007 1790 1039 constare
1810 1017 1851 1036 ae·

984 1060 1078 1091 quum
1098 1049 1141 1094 sit.
1165 1050 1209 1081 est
1228 1060 1301 1081 vero
1323 1050 1386 1080 hoc
1405 1049 1565 1090 quaesiioni
1591 1058 1719 1090 propter
1738 1048 1851 1079 obscu-

984 1102 1051 1123 rum
1069 1093 1192 1129 Ulpiani
1219 1092 1321 1122 locum
1348 1093 1377 1122 in
1395 1092 1413 1121 l.
1433 1102 1479 1127 29-
1501 1091 1538 1121 l).
1563 1092 1590 1121 l).
1611 1097 1631 1121 t.
1658 1091 1687 1122 iii
1707 1100 1767 1130 qua
1785 1099 1851 1120 ces-

984 1133 1084 1173 pitaiit
1109 1132 1301 1172 Interpretts
1326 1133 1400 1163 clari
1425 1133 1453 1163 ἀ
1478 1132 1580 1165 docti:
1607 1132 1678 1171 quia
1705 1132 1850 1162 videntes

984 1174 1168 1205 societatem
1194 1184 1210 1205 a
1235 1173 1406 1214 Papiniano
1431 1174 1449 1204 l.
1469 1178 1519 1213 63.
1542 1175 1568 1204 h.
1589 1180 1608 1205 t.
1640 1172 1758 1204 censeri
1783 1173 1851 1212 jure

986 1217 1122 1255 quodam
1138 1215 1343 1247 fraternitatis
1360 1239 1368 1252 ,
1392 1215 1421 1245 id
1441 1214 1501 1252 est,
1527 1222 1560 1244 ut
1585 1215 1721 1251 diClum,
1745 1212 1854 1244 amici-

986 1257 1055 1295 tiae,
1078 1258 1108 1288 in
1126 1266 1161 1288 ea
1183 1256 1259 1287 nihil
1277 1256 1471 1287 considerant
1489 1264 1604 1295 practer
1620 1256 1852 1286 fraternitatem

984 1298 1238 1337 amicitiamque:
1261 1296 1410 1328 assuetam
1439 1306 1527 1337 pares
1551 1305 1603 1326 aut
1624 1298 1770 1334 accipere
1798 1304 1852 1325 aut

983 1340 1108 1371 facere:
1134 1347 1168 1370 ut
1192 1339 1236 1370 est
1259 1339 1289 1370 in
1315 1338 1469 1369 Sententiis
1493 1338 1591 1369 Publii
1618 1337 1685 1378 Syri
1706 1339 1779 1372 vers?
1802 1347 1851 1375 25.

983 1390 1088 1421 eoque
1114 1380 1296 1422 praejudicio
1320 1380 1373 1411 sibi
1399 1380 1532 1419 aliisque
1557 1379 1745 1419 persuadent
1763 1401 1772 1415 ,
1798 1377 1855 1408 Ul-

986 1424 1112 1463 pianum
1129 1423 1156 1452 d.
1173 1423 1192 1452 l.
1208 1431 1256 1457 29-
1282 1421 1413 1452 voluisse
1427 1444 1436 1458 ,
1461 1429 1584 1459 partes,
1609 1420 1628 1451 si
1653 1429 1714 1450 non
1733 1418 1853 1449 fuerint

986 1464 1127 1494 societati
1147 1464 1292 1503 adjectae,
1317 1471 1419 1502 aequas
1443 1461 1522 1500 effe,
1546 1461 1664 1492 etiamsi
1690 1461 1854 1499 inaequalis

985 1505 1021 1536 sit
1045 1505 1190 1536 collatio:
1214 1503 1411 1543 imputaturo
1434 1502 1487 1534 fibi
1517 1503 1569 1542 qui
1595 1503 1667 1533 alias
1693 1502 1854 1542 exspecta-

985 1547 1047 1585 1·it;
1071 1546 1156 1586 quod
1173 1554 1243 1583 eas,
1266 1553 1338 1575 cuni
1355 1544 1482 1582 liceret,
1502 1553 1565 1574 non
1584 1543 1628 1574 est
1649 1542 1766 1582 pactus.
1789 1542 1853 1574 Sed

986 1587 1045 1618 illis
1063 1588 1115 1627 qui
1140 1586 1182 1618 fic
1199 1585 1351 1623 sentiant,
1373 1595 1434 1626 ego
1458 1594 1518 1615 non
1543 1584 1677 1615 accedo:
1704 1593 1774 1614 nam
1800 1584 1855 1615 ali-

986 1636 1034 1660 ter
1058 1629 1087 1659 se
1114 1638 1162 1660 res
1186 1628 1303 1659 habet:
1328 1628 1357 1658 &
1381 1626 1426 1658 est
1450 1625 1608 1657 societatis
1625 1625 1688 1656 sive
1704 1625 1853 1656 amicitiae

985 1670 1091 1710 (quod
1109 1679 1159 1701 me
1175 1669 1287 1700 docuit
1303 1667 1487 1699 Aristoteles
1505 1668 1551 1698 lib.
1569 1671 1596 1700 8.
1617 1666 1663 1697 De
1685 1667 1809 1697 moribus
1826 1676 1854 1698 c.

987 1721 1014 1752 3.
1038 1710 1075 1745 ἐξ
1092 1711 1192 1752 seqq.)
1216 1719 1277 1741 non
1302 1719 1381 1741 unus
1404 1709 1494 1746 finis,
1518 1717 1578 1739 nec
1604 1717 1663 1738 una
1687 1707 1854 1745 conditio,

986 1760 1039 1783 aut
1057 1762 1117 1784 una
1134 1751 1263 1792 species.
1289 1752 1371 1782 inter
1389 1759 1518 1781 caeteras
1536 1750 1677 1780 occurrit
1696 1749 1797 1789 aliqua
1813 1748 1856 1779 sa-

986 1794 1149 1835 pientum:
1172 1802 1267 1824 unam
1293 1792 1411 1824 habens
1434 1792 1553 1822 causam
1577 1791 1723 1829 virtutis,
1746 1789 1855 1820 amici-

987 1835 1104 1874 tiaeque
1121 1834 1282 1875 perscitae.
1306 1833 1350 1865 est
1372 1834 1429 1865 alia
1451 1832 1593 1873 pecuniae
1615 1840 1651 1862 ac
1678 1840 1799 1862 rerum:
1823 1840 1855 1861 a·

986 1877 1139 1908 micitiam
1156 1876 1185 1907 in
1205 1876 1393 1916 quibusdam
1411 1873 1599 1915 praeferens,
1623 1881 1653 1903 at
1670 1881 1732 1903 non
1750 1872 1793 1902 ob
1810 1872 1855 1911 ip-

985 1919 1066 1956 sam,
1089 1918 1141 1949 sed
1163 1917 1204 1948 ob
1228 1917 1499 1957 negotiationem,
1522 1915 1553 1945 id
1578 1912 1640 1952 est,
1666 1913 1709 1943 ob
1732 1913 1854 1944 lucrum

971 1969 1082 1999 atque
1105 1959 1284 1990 utilitatem.
1317 1959 1403 1997 prior
1436 1955 1633 1995 philosophis
1674 1963 1755 1985 curte
1790 1955 1854 1986 cst:

987 2000 1143 2042 posterior
1170 1999 1400 2039 jurisconsultis
1425 1998 1477 2029 sub
1507 1998 1568 2028 hoc
1599 1995 1723 2027 Tituli).
1758 1996 1855 2027 altera

987 2042 1031 2073 est
1047 2051 1119 2072 vera
1144 2041 1172 2072 &
1191 2040 1335 2080 propria.
1360 2040 1484 2070 laudata
1512 2038 1550 2068 ab
1567 2036 1736 2068 Aristotele
1753 2040 1779 2067 cl.
1804 2037 1854 2067 loc.

986 2084 1081 2115 etiam
1096 2092 1112 2113 a
1133 2081 1291 2114 Cicerone
1308 2081 1354 2112 lz‘h.
1375 2090 1400 2112 1.
1425 2080 1470 2111 De
1485 2080 1565 2120 legib.
1585 2089 1607 2109 c.
1632 2088 1675 2109 12.
1699 2078 1726 2109 ὅ(
1744 2078 1772 2108 iii
1791 2077 1857 2108 Lae·

986 2126 1021 2156 lio
1031 2123 1096 2162 five
1116 2125 1166 2154 De
1182 2124 1309 2153 amicitia
1331 2129 1390 2162 cap.
1413 2132 1458 2163 ¹7·
1482 2122 1578 2152 altera
1595 2119 1676 2160 quasi
1694 2120 1722 2150 &
1740 2120 1858 2157 impro-

989 2167 1074 2206 pria,
1099 2174 1192 2203 quam
1211 2164 1399 2203 Papinianus
1420 2165 1451 2194 in
1474 2165 1501 2193 (ἰ.
1520 2163 1537 2192 ι.
1557 2165 1608 2201 63.
1633 2159 1752 2192 idcireo
1777 2161 1855 2191 dicit

989 2209 1019 2239 in
1048 2207 1077 2237 se
1100 2207 1217 2237 habere
1241 2206 1287 2245 jus
1309 2206 1511 2245 quodammodo
1535 2204 1740 2238 fraternitatis.
1794 2201 1858 2232 Eo-

989 2258 1051 2287 que
1075 2249 1173 2279 modo
1199 2247 1294 2277 etiam
1320 2246 1534 2287 Quintilianus
1565 2244 1639 2274 loco
1662 2244 1797 2282 allegato
1820 2252 1856 2272 ex

990 2289 1119 2320 Deciani.
1138 2298 1206 2329 320.
1234 2287 1315 2318 hanc
1332 2295 1429 2318 vocat
1451 2285 1856 2327 quamdamfraternititeiiz:

988 2331 1019 2362 id
1044 2330 1111 2367 est,
1143 2329 1367 2370 impropriam,
1399 2338 1464 2359 non
1492 2336 1625 2364 veram,
1655 2324 1676 2356 fi
1706 2325 1855 2356 nimirum

988 2381 1059 2402 cum
1086 2372 1136 2402 illa
1162 2371 1288 2410 propria
1326 2370 1355 2400 ἀ
1380 2379 1452 2400 vera
1477 2375 1689 2406 comparetur.
1740 2366 1856 2396 Sustuli

988 2413 1210 2453 praejudicium.
1233 2420 1336 2449 nunc,
1360 2410 1626 2447 quemadmodum
1652 2407 1858 2448 accipiendus

988 2454 1024 2485 sit
1047 2454 1219 2492 Ulpianus,
1244 2451 1483 2482 demonstrabo:
1508 2450 1612 2481 verbis
1634 2449 1699 2489 ejus
1724 2459 1764 2480 ex
1787 2450 1815 2479 d.
1833 2449 1854 2479 l.

990 2504 1036 2529 29.
1061 2503 1134 2525 ante
1152 2493 1332 2532 adscriptis:
1357 2493 1389 2523 δι’
1415 2501 1470 2522 non
1483 2493 1603 2530 fuerint
1614 2497 1712 2531 partes
1722 2490 1858 2529 societati

990 2536 1125 2577 adjefhae,
1149 2545 1242 2576 coquas
1258 2544 1304 2565 eas
1319 2533 1370 2573 effe
1385 2532 1502 2574 constat.
1545 2533 1578 2564 Si
1600 2541 1666 2563 vero
1694 2531 1856 2572 placuerit,

991 2583 1024 2607 ut
1040 2578 1105 2617 quis
1120 2577 1193 2607 ditas
1207 2581 1303 2616 partes
1318 2575 1363 2605 vel
1380 2581 1436 2605 tres
1454 2576 1574 2612 habeat,
1597 2574 1672 2604 alias
1689 2583 1796 2608 unani,
1817 2582 1856 2603 cm

993 2617 1114 2648 valeat?
1134 2617 1227 2657 placet
1243 2617 1358 2647 valere:
1374 2615 1400 2652 fi
1417 2618 1495 2647 modo
1521 2616 1631 2656 aliquid
1651 2614 1716 2654 plus
1734 2614 1854 2644 cariciili‘t

984 2660 1120 2698 societati
1136 2659 1322 2699 velpeciiiii'ae
1337 2658 1382 2688 vel
1399 2664 1501 2698 operte,
1525 2658 1570 2688 vel
1588 2656 1793 2696 cujuscumque
1813 2654 1856 2683 cil-

993 2702 1080 2731 teritis
1097 2701 1138 2730 rei
1153 2699 1246 2740 cctzisc'i.
1290 2697 1335 2730 Ut
1356 2698 1480 2730 constet
1501 2698 1636 2736 Ulpiano
1658 2705 1755 2733 ratio,
1780 2704 1859 2732 prae-

992 2741 1134 2778 mittam,
1158 2751 1229 2772 eum
1246 2741 1324 2771 duos
1344 2740 1473 2771 tranare
1492 2738 1576 2770 casus
1589 2762 1597 2777 ,
1620 2746 1739 2776 cosque
1756 2737 1857 2766 dix-ur-

993 2782 1057 2813 sos:
1081 2782 1215 2813 alterurn
1241 2783 1279 2813 de
1303 2782 1412 2821 aequali
1441 2780 1633 2817 collatione,
1658 2778 1787 2808 alterum
1815 2776 1855 2805 de

992 2823 1149 2862 inaequali.
1174 2824 1212 2854 ad
1235 2823 1369 2863 priorem
1398 2821 1550 2863 restringo
1577 2819 1714 2853 versum,
1742 2818 1774 2846 δι’
1796 2826 1855 2846 imit

984 2865 1103 2904 fuerim
1122 2870 1219 2903 partes
1235 2864 1366 2905 so'cz'etati
1388 2862 1521 2905 adjrfi‘ae,
1545 2870 1639 2902 ..rqiicis
1663 2857 1712 2901 iffa
1735 2855 1855 2896 conslat.

994 2906 1042 2937 Ad
1067 2905 1271 2944 posteriorem
1297 2905 1403 2936 refero
1428 2905 1630 2944 sequencmn,
1653 2900 1684 2928 Si
1707 2908 1772 2928 vcro
1793 2899 1858 2937 plez-

993 2947 1109 2986 cuerit,
1131 2953 1164 2977 ut
1186 2948 1251 2987 qziz's
1274 2947 1346 2978 ditas
1372 2953 1468 2987 partes
1494 2945 1540 2975 vel
1562 2950 1617 2973 tres
1638 2940 1756 2976 habeat,
1780 2940 1856 2974 iilius

992 2997 1101 3026 unam,
1123 2997 1160 3018 an
1184 2987 1304 3020 valeat?
1331 2988 1424 3028 placet
1447 2986 1558 3016 valere:
1583 2981 1612 3019 fi
1637 2981 1713 3010 inodo
1743 2980 1855 3020 aliquid,

987 3029 1055 3069 plus
1079 3030 1199 3060 contulit
1221 3030 1352 3067 societati
1373 3029 1418 3060 vel
1431 3026 1556 3066 stettin-‚im
1580 3022 1625 3053 ‘tel
1642 3028 1726 3059 operit·
1744 3022 1788 3050 vel
1807 3031 1855 3051 cu-

986 3071 1158 3112 juscumque
1175 3071 1296 3102 alterius
1317 3072 1359 3101 rei
1375 3073 1470 3101 caiisa.
1517 3064 1584 3094 Erit
1604 3064 1670 3093 liaec
1688 3063 1856 3099 praemuni-

992 3113 1038 3143 tio
1062 3112 1190 3152 aliquod
1217 3111 1356 3151 Ulpiano
1379 3111 1507 3139 allatura
1535 3108 1649 3136 lumen.
1691 3103 1790 3144 Igitur
1815 3104 1855 3134 ad

988 3154 1125 3191 priorem
1152 3154 1254 3184 casum
1279 3151 1396 3192 spectac
1419 3146 1524 3178 versus
1544 3170 1552 3184 ‚
1584 3146 1616 3176 Si
1645 3154 1701 3175 non
1731 3144 1852 3179 fuerint.

77 3195 295 3229 universorum
318 3197 495 3236 bonorum,
527 3197 591 3227 hoc
623 3196 692 3228 fieri
716 3203 888 3236 continu0;
911 3196 945 3229 li·
983 3193 1055 3227 Nec
1080 3194 1223 3228 offendat
1242 3202 1296 3226 tc:
1321 3190 1405 3231 quod
1424 3198 1485 3230 pm
1510 3198 1559 3219 1³10
1578 3187 1667 3225 seso,
1692 3185 1732 3217 lbi
1749 3185 1795 3225 agi
1815 3186 1855 3215 ‘³⁶'

118 3236 195 3270 Toni.
217 3237 239 3269 Ι
240 3238 263 3270 I.

1045 3236 1106 3275 ΡΡ

1754 3235 1856 3265 esqua-
