2036 3495
151 65 229 108 46&

759 57 1076 94 Gznsnvnz

1126 54 1362 92 Nooua-

832 159 1077 195 *Caput
1125 158 1153 193 Ι.

158 247 216 284 Ita
234 244 351 281 obtinui
375 256 391 279 e
405 242 612 287 plurimarum
628 239 772 286 gentium
787 239 1021 282 humaniorum,
1049 236 1090 278 {5⁰
1110 239 1143 273 in
1164 240 1276 285 primis
1304 241 1506 283 Graecarum,
1535 239 1654 286 legibus
1677 253 1715 278 ac
1737 244 1888 289 moribus,
1914 254 1950 282 ut

204 299 366 341 parentum
395 291 522 325 arbitrio
544 290 795 335 permitterent,
819 293 925 323 utrtmt
947 286 1059 324 vellent
1082 288 1210 334 tollere,
1231 301 1273 324 an
1286 298 1453 338 exponere,
1478 296 1532 325 aut
1546 295 1679 335 necare,
1697 290 1834 338 infantes
1848 306 1951 330 recens

205 348 302 377 natos.
350 379 353 381 ‚
380 378 383 380 ,

237 434 339 470 Ἧιῐς
354 434 481 473 eredat,
505 434 591 476 apud
605 441 718 476 gentes
761 437 826 466 non
846 433 949 474 feras,
973 438 1035 466 nee

271 469 282 487 ³
304 477 468 515 barbaras,
491 475 543 508 sed
562 477 707 514 virtutis,
723 457 947 514 summitatis,
970 476 1034 507 cul·

270 534 277 547 ·.
304 518 457 557 [iorisque
482 518 574 556 vitae,
597 516 766 555 studiosas,
790 517 911 556 legibus
937 518 1033 548 mori-

303 561 423 599 busque
438 558 529 590 fuisse
545 566 731 599 receptum;
748 566 781 589 ut
793 558 869 590 css'et
884 559 914 589 in
926 568 1034 599 paren-

158 609 228 634 tum
247 600 426 642 potestate,
450 601 567 631 liberos
586 609 698 631 recens
718 607 829 637 natos,
848 599 869 631 fi
888 601 932 631 eis
951 600 1035 631 vide-

156 652 265 682 retur,
290 641 423 680 tollere;
448 641 488 673 fin
518 642 639 681 minus,
663 650 797 680 necare,
821 649 873 672 aut
891 645 1034 682 expone-

155 685 219 718 re?
236 684 313 715 Earn
329 691 434 714 tamen
454 683 703 721 immanitatem,
719 692 736 713 a
754 691 815 721 qua
833 692 917 713 nunc
937 683 966 714 δι
981 692 1033 714 na-

156 734 228 758 tura
248 725 278 757 &
298 725 476 757 communis
502 723 606 756 sensus
633 724 804 763 abhorret,
828 722 953 755 Graecis
971 725 1033 764 pal-

157 767 243 801 liatae
261 768 417 808 imputant
434 764 559 797 fabulae.
596 765 669 798 Nec
686 766 747 797 illae
764 773 886 797 tantum
898 789 907 803 ,
924 765 976 796 sed
995 767 1033 796 A·

160 808 322 842 ristoteles
340 815 490 847 quoque,
506 807 555 838 lib.
576 816 603 847 7.
625 807 672 838 De
689 807 833 848 republica
849 817 873 837 c.
890 811 935 839 16.
961 817 1034 839 cum

159 850 203 883 fic
219 850 326 882 scribit
337 871 346 887 ,
365 847 412 879 De
426 850 599 889 exponendis
617 854 713 879 autem
728 850 774 879 vel
791 849 921 879 tollendis
932 854 1033 890 partu-

158 893 213 924 bus
230 891 277 922 lex
291 888 343 930 esto
354 913 363 928 ‚
380 898 415 920 ne
433 891 504 930 quial
522 900 657 922 mancum
673 889 709 924 δ’
728 890 814 920 debile
830 891 937 921 alatur.
966 890 1035 922 Pro·

152 939 222 975 pter
247 932 463 963 multitudinem
487 938 584 963 autem
607 932 756 962 liberorum
771 954 780 970 ,
804 941 840 961 ne
860 932 956 971 plures
974 930 1036 969 sint

99 980 109 991 ‘
157 983 246 1016 quam
271 973 424 1014 expediat,
442 971 470 1011 fi
491 975 625 1014 gentium
641 970 776 1012 instituta
795 972 831 1006 ὃ)
848 972 920 1014 leges
938 979 1035 1004 vetent

153 1021 309 1057 procreata
331 1016 451 1052 exponi:
475 1015 627 1053 definitum
651 1014 701 1054 effe
724 1020 830 1054 oportet
848 1016 1034 1054 procreando-

157 1067 223 1088 rum
241 1057 393 1087 liberorum
407 1062 568 1087 numerum.
601 1056 787 1087 Aristoteles
804 1054 962 1094 ostendit,
987 1055 1034 1086 fu-

156 1097 213 1130 iss'e
238 1099 368 1138 quidem
395 1098 425 1129 in
449 1096 572 1129 Graecis
598 1106 711 1137 gentes
738 1105 867 1133 quarum
887 1097 1036 1130 institutis

157 1140 323 1180 prohibita
350 1138 427 1171 esset
451 1139 628 1170 liberorum
654 1138 842 1180 expofiti03
866 1137 918 1169 sed
946 1138 1036 1171 fuiffe

159 1190 291 1223 quoque
306 1180 398 1221 alias,
415 1180 445 1212 &
464 1180 552 1212 forte
569 1181 693 1221 plures,
717 1182 800 1221 apud
820 1189 894 1220 quas
911 1179 987 1212 esset
1004 1181 1037 1212 li-

892 1286 1105 1321 CAPUT

1077 433 1150 465 cita.
1176 433 1268 467 Adeo
1284 434 1411 467 Thebis
1427 440 1499 468 cum
1516 435 1640 476 vigeret
1656 435 1726 475 lex,
1742 436 1793 468 Ne
1811 440 1860 470 cui
1876 438 1949 472 Tbe-

1077 476 1148 506 bano
1169 475 1282 516 liceret,
1306 476 1449 516 infantem
1469 483 1606 518 exponere
1621 500 1630 515 ,
1654 486 1689 508 ne
1711 487 1746 509 ue
1768 479 1800 511 in
1813 481 1954 521 solitudia·

1077 525 1142 560 nem
1162 518 1282 558 abjicere
1296 542 1306 557 ,
1338 520 1442 559 capitis
1458 518 1600 559 supplicio
1624 486 1802 561 constitum,-
1825 530 1889 553 tarn
1914 533 1952 554 ea

1078 558 1173 598 digna
1200 559 1367 591 observatu
1391 559 1453 591 visa
1477 559 1540 591 fuit
1564 559 1713 600 AEliano,
1738 569 1773 592 ut
1798 563 1837 594 ab
1864 573 1904 594 eo
1921 565 1952 596 δε

1077 607 1301 638 annotaretur,
1325 601 1356 632 ὃς
1381 601 1578 640 laudaretur,
1602 601 1652 633 lib.
1669 612 1696 634 2.
1717 602 1792 635 Var.
1812 602 1909 645 histor.
1926 615 1952 638 c.

1078 649 1107 680 7.
1153 639 1228 671 Nec
1243 641 1306 672 alio
1324 641 1442 682 spectat
1459 644 1546 683 quod
1568 643 1756 676 Plutarchus
1775 646 1815 677 de
1833 646 1954 687 Lycur·

1077 682 1107 722 gi
1134 682 1257 723 legibus
1281 682 1323 714 fic
1345 682 1472 723 scribit,
1495 687 1560 716 vita
1579 685 1658 725 ejus,
1677 692 1747 726 pag.
1768 697 1818 726 49.
1837 694 1903 719 tom.
1924 697 1953 719 1.

1078 724 1145 754 edit.
1169 723 1265 764 Paris}
1283 724 1451 756 Arbitrium
1467 726 1584 757 tollendi
1601 733 1705 767 partus
1723 737 1780 759 non
1796 735 1856 760 erat
1866 736 1955 770 penes

1072 771 1240 805 parentem,
1256 765 1310 803 sed
1328 768 1462 806 portabat
1481 776 1545 798 eum
1560 770 1591 798 in
1605 769 1696 799 locum
1712 768 1842 808 Leschen
1862 771 1954 802 nomi-

1079 816 1134 843 ne,
1157 807 1206 838 ubi
1224 807 1375 838 tribulium
1390 816 1465 839 riatu
1483 810 1605 840 maximi
1620 809 1791 848 confidentes
1807 812 1954 852 infantem

1076 847 1252 888 [pestabant.
1279 848 1359 893 Qui,
1370 848 1399 887 fi
1414 851 1543 881 membris
1559 851 1708 890 compatris
1724 852 1760 886 ὅ)
1775 852 1895 894 robustis
1913 863 1954 883 es-

1070 894 1139 929 Jet,
1163 889 1224 920 tolli
1243 890 1382 931 jubebant
1406 899 1488 928 eum,
1503 893 1664 932 sortemque
1680 894 1706 922 ei
1722 903 1758 925 ex
1773 904 1874 926 novem
1892 895 1955 925 mil-

1079 931 1151 962 libus
1169 929 1362 973 affignabant;
1388 931 1518 963 Debilem
1536 932 1571 967 δ’
1588 931 1740 972 distortum
1755 937 1954 967 amandabarit

1078 973 1109 1002 in
1124 973 1216 1003 locum
1232 974 1437 1014 voraginosum
1449 979 1565 1014 propter
1584 973 1761 1015 Taygetum,
1784 987 1856 1018 quas
1871 977 1953 1017 Apo·

1079 1014 1170 1045 thetas
1188 1016 1420 1055 nuncupabant.-
1443 1014 1524 1056 quasi
1543 1024 1593 1045 nec
1610 1017 1653 1045 illi
1669 1015 1738 1055 ipsi,
1755 1028 1805 1048 nec
1818 1019 1953 1057 civitati,

1078 1056 1130 1096 qui
1146 1064 1203 1086 non
1220 1054 1283 1096 effet
1300 1057 1486 1097 aprimorclio
1509 1058 1547 1088 ad
1572 1059 1674 1087 bonum
1695 1058 1843 1096 habitum,
1866 1069 1956 1100 neque

1081 1098 1118 1127 aa!
1142 1098 1228 1127 robur
1243 1120 1252 1136 ,
1286 1104 1487 1137 comparatus,
1510 1099 1655 1139 expediret
1676 1100 1783 1132 vivere.
1827 1100 1889 1133 Sed
1914 1101 1954 1131 de
2002 1119 2007 1125 ·

1081 1137 1274 1171 Graecorum
1291 1138 1441 1171 institutis
1459 1139 1539 1172 satis.

1165 1286 1216 1322 Il.

158 1362 200 1403 In
215 1363 291 1397 urbe
310 1362 412 1398 Roma
430 1374 487 1396 non
508 1360 620 1407 licuiffe
632 1362 812 1407 parentibus
827 1373 866 1395 ex
882 1362 947 1407 iege
966 1362 1108 1404 Romuli,
1135 1373 1171 1395 ac
1192 1361 1287 1395 XII.
1310 1361 1519 1405 Tabularum,
1545 1373 1652 1396 necare
1672 1370 1727 1396 aut
1744 1372 1890 1408 exponere
1908 1365 1956 1399 in-

199 1410 316 1457 fantes
336 1423 436 1446 recens
456 1419 564 1448 natos,
593 1413 624 1444 in
638 1411 750 1454 primis
766 1409 932 1454 masculos,
960 1407 1001 1448 δέ)
1017 1421 1054 1443 ex
1062 1408 1202 1455 sequiore
1211 1410 1294 1455 sexu
1302 1410 1393 1456 filias
1408 1413 1648 1457 primogenitas,
1675 1410 1735 1455 nist
1750 1413 1795 1445 illi
1815 1411 1955 1458 infantes

205 1471 227 1494 a
247 1461 358 1494 vicinis
376 1461 503 1504 quinque
519 1460 673 1503 proximis
684 1459 819 1503 judicati
836 1456 928 1503 cffint
945 1457 1118 1505 monstrofi,
1147 1459 1273 1501 debiles,
1298 1467 1354 1494 aut
1373 1459 1507 1505 insignes
1522 1460 1565 1493 ad
1577 1458 1822 1505 difformitatem:
1849 1473 1904 1502 ac,
1921 1460 1956 1506 si

206 1515 313 1542 contra
318 1506 469 1552 facerent
483 1513 645 1551 parentes,
673 1506 855 1552 constitutas
880 1507 946 1553 lege
964 1516 1069 1552 poenas
1077 1505 1187 1553 fuiffie.

1238 1508 1299 1542 Sed
1321 1507 1518 1552 insecutorum
1534 1516 1700 1554 temporum
1720 1520 1817 1543 mores
1833 1521 1899 1544 eam
1915 1511 1958 1544 le-

200 1567 273 1602 gem
291 1566 382 1600 usque
405 1555 479 1589 adeo
497 1556 528 1588 in
544 1553 726 1601 potestatem
736 1552 831 1600 suam
852 1555 1013 1602 redegiffi’,
1032 1564 1064 1589 ut
1077 1557 1256 1602 parentibus
1261 1554 1411 1600 facerent
1420 1558 1495 1603 jus,
1512 1557 1620 1590 liberos
1638 1568 1739 1591 reeens
1756 1565 1863 1601 natos,
1879 1569 1954 1603 qua-

203 1605 373 1649 lescumque
395 1602 507 1648 efferit,
536 1612 703 1648 exponere,
730 1611 785 1637 aut
802 1615 927 1646 necare,
938 1604 1008 1649 fine
1025 1613 1106 1639 metu
1121 1605 1282 1646 criminin
1307 1617 1411 1651 eosque
1431 1617 1529 1640 mores
1544 1604 1673 1651 valurffie
1691 1607 1873 1653 temporibus
1891 1606 1956 1652 Ju-

202 1652 453 1699 riscousultorum
470 1663 598 1698 quorum
617 1651 818 1698 fragmentis
835 1654 972 1698 cerffetur
989 1654 1217 1689 Pandeaarom
1237 1662 1354 1700 corpus.

153 1756 302 1832 Venio
315 1756 353 1788 ad
371 1756 460 1798 leges
477 1764 651 1796 moresque
666 1755 848 1795 reipublicae
863 1754 1034 1790 Romanae:

239 1806 335 1840 atque
352 1799 382 1830 in
402 1807 438 1829 ea
454 1799 590 1840 primum
609 1797 647 1828 ad
666 1795 794 1829 Romuli
814 1798 910 1840 leges.
938 1799 968 1830 in
988 1799 1034 1830 liis

153 1840 272 1883 probat
295 1839 468 1882 Dionysius
493 1837 744 1872 Halicarnasseus
764 1839 812 1872 lib.
831 1851 859 1872 2.
884 1839 968 1880 quafi
992 1839 1034 1871 sa-

153 1883 282 1925 pienter
307 1881 338 1913 δι
365 1881 485 1920 utiliter
510 1880 649 1917 factum,
674 1881 760 1920 quod
788 1882 812 1913 is
835 1882 958 1913 civibus
977 1881 1035 1913 suis

154 1924 307 1966 imposuit
338 1923 557 1955 neceffitatem
589 1921 726 1952 tollendi
756 1931 886 1954 omnem
910 1923 1034 1955 virilem

154 1966 300 2008 prolem,
318 1964 347 1995 &
359 1974 376 1996 e
388 1963 511 1997 filiabus
523 1973 575 1996 eas
591 1971 661 2003 quae
679 1962 901 2005 primogenitae
916 1964 1033 1996 essent:

155 2014 245 2047 turn,
271 2006 360 2047 quod
378 2013 534 2046 praeterea
560 2006 684 2043 vetuit,
707 2004 739 2035 id
754 2006 842 2044 quod
858 2015 965 2037 natum
986 2016 1032 2037 es·

152 2047 221 2087 set,
245 2057 317 2080 ante
337 2048 509 2079 triennium
531 2046 655 2078 occidi:
680 2045 734 2077 nili
752 2045 772 2077 fi
789 2048 859 2086 quis
883 2047 985 2078 infans
1003 2049 1034 2078 in

153 2089 224 2130 ipso
249 2098 339 2130 partu
361 2090 467 2121 editus
491 2087 569 2120 effet
588 2086 736 2125 mutilus,
760 2095 813 2119 aut
830 2087 1033 2120 monstrosus.

155 2131 237 2163 tales
254 2131 338 2162 enim
356 2129 456 2162 foetus
483 2130 637 2162 Romulus
649 2152 658 2167 ,
683 2130 755 2168 quia
775 2138 834 2169 pro
852 2130 959 2161 liberis
977 2139 1034 2161 eos

154 2180 222 2205 non
239 2166 526 2212 h.abebat‚exponi
544 2181 560 2201 a
576 2169 759 2211 parentibus
776 2171 905 2202 minime
916 2172 1034 2202 vetuit:

154 2214 277 2252 niodo,
292 2211 314 2244 fi
331 2213 415 2253 prius
433 2212 544 2244 ostenfi
562 2211 661 2243 essent
676 2212 818 2252 quinque
835 2213 948 2245 vicinis
965 2222 1034 2253 pro-

153 2255 270 2293 ximis;
293 2262 391 2294 atque
418 2254 460 2285 illi
487 2262 617 2294 quoque
643 2253 857 2291 exponendos
881 2253 943 2285 esse
961 2263 1034 2285 cen-

151 2295 293 2328 suiffent.
328 2294 491 2335 postremo
518 2295 561 2326 ait
589 2293 779 2335 Dionyfius‚
806 2296 892 2335 quod
904 2319 912 2334 ,
935 2294 957 2327 fi
980 2296 1034 2335 qui

154 2345 268 2369 contra
284 2335 393 2368 fecisse
404 2337 608 2374 dicerentur,
624 2345 680 2366 eos
693 2335 848 2367 Romulus
865 2345 960 2368 certae
979 2338 1034 2367 ob-

153 2378 267 2420 ligavit
292 2387 416 2419 poenae:
443 2382 544 2418 eaque
568 2386 663 2417 poena
686 2375 748 2407 fuit
772 2387 845 2409 cum
865 2378 943 2417 alia,
967 2385 1035 2409 tum

154 2420 333 2460 publicatio
349 2419 447 2460 partis
464 2419 605 2451 dimidiae
623 2419 795 2450 bonorum.
829 2420 936 2451 Verba
955 2418 1033 2451 Dio·

153 2460 233 2502 nyfii
254 2460 275 2492 fi
297 2462 367 2501 quis
387 2459 586 2492 considerare
602 2460 699 2496 velit,
725 2461 874 2500 apposui3
899 2461 967 2492 sunt
983 2471 1034 2492 au-

155 2508 224 2533 tem
242 2502 319 2533 naec.
345 2502 487 2533 Romulus
504 2503 596 2543 igitur
612 2502 656 2532 bis
672 2499 814 2541 institutis
826 2504 974 2534 civitatem
989 2505 1034 2533 in-

151 2541 297 2584 structam
322 2543 358 2578 ὅ)
381 2549 514 2575 ornatam
522 2567 532 2582 ,
556 2550 616 2574 tam
635 2545 672 2573 ad
684 2550 801 2583 pacem,
825 2554 912 2585 qztam
936 2545 973 2574 ad
991 2553 1035 2574 res

154 2583 288 2622 bellicas,
309 2586 379 2620 satis
396 2585 518 2616 habilem
543 2583 579 2619 &³
603 2585 734 2615 idoneam
756 2585 898 2617 reddidit:
921 2593 1037 2626 eamque

156 2624 212 2657 Bac
228 2625 383 2660 ratione&
398 2636 535 2666 magnam
553 2625 784 2667 &frequentem
796 2626 877 2663 fecit.
903 2627 1035 2658 Primum

112 2672 118 2677 ‘
155 2666 269 2708 quidem
284 2666 345 2706 ejus
361 2667 462 2697 colonis
478 2667 665 2707 nectffitatem
674 2669 806 2708 imposuit
821 2669 963 2698 educandi
978 2678 1034 2698 om-

155 2713 221 2740 nem
238 2707 354 2738 virilem
366 2708 490 2747 prolem,
506 2708 542 2743 &5³
557 2718 571 2739 e
582 2708 704 2748 filiabus
722 2718 769 2739 eas
785 2718 847 2750 quae
859 2711 1033 2751 primogeni-

156 2752 194 2781 τω
208 2747 293 2789 effent
304 2771 314 2787 ,
339 2747 374 2782 ὅς’)
391 2752 503 2787 vetuit,
526 2759 561 2781 ne
575 2750 668 2781 ullum
681 2751 787 2788 faetum
804 2752 927 2782 triennio
945 2753 1035 2781 mirw-

156 2799 217 2822 rem
240 2795 393 2827 necarent,
417 2789 471 2827 nifi
482 2790 510 2828 fi
525 2793 590 2832 quis
604 2792 707 2831 infans
722 2793 844 2823 mutilus
867 2797 919 2823 aut
938 2793 1032 2832 prodi-

157 2833 256 2874 giosus
264 2829 367 2871 statim
383 2832 413 2861 in
435 2832 491 2870 ipso
504 2838 593 2871 partu
617 2836 710 2865 editus
721 2832 834 2874 fuiffet.
879 2834 962 2865 Nam
979 2842 1035 2864 non

158 2873 254 2905 vetuit
269 2870 427 2913 illiusmodi
441 2871 604 2912 monstrosos
615 2880 720 2914 portus
736 2886 753 2906 α
763 2876 935 2916 parentibus
949 2881 1034 2916 expo-

156 2916 191 2946 ni
200 2918 215 2946 .·“
225 2915 373 2950 dummodo
384 2922 427 2943 eos
433 2914 516 2951 prius
529 2913 701 2953 ostenderent
716 2918 843 2958 quinque
856 2918 962 2948 vicinis
965 2922 1031 2957 pro·

156 2957 263 2993 sumis,
280 2953 310 2994 fi
335 2953 371 2989 ὅ)
394 2952 446 2995 ipfi
468 2954 498 2984 ici
517 2958 732 2994 comprobarent.
779 2958 815 2989 In
839 2968 883 2989 eos
898 2967 965 2988 vero
980 2958 1032 2999 qui

157 3003 260 3030 contra
276 2997 349 3038 leges
364 2993 433 3036 istas
442 2992 575 3035 feciffent
586 3019 595 3033 ,
618 2997 740 3029 mulbtas
748 2997 877 3039 statuit,
901 3009 965 3030 cum
979 2999 1030 3030 ali-

157 3050 211 3077 as,
234 3043 297 3070 tum
315 3038 402 3069 etiam
425 3037 498 3068 banc
513 3047 572 3078 qua
589 3037 739 3070 dimidium
760 3041 895 3073 bonorum
911 3050 973 3081 quae
987 3040 1031 3072 illi

150 3079 341 3123 poffiderent‚
365 3079 465 3110 aerario
482 3078 607 3109 addixit.

198 3122 276 3153 lllud
294 3130 385 3162 aeque
394 3118 642 3157 observandum,
660 3119 747 3165 quod
764 3130 831 3152 eam
847 3122 974 3155 Romuli
991 3124 1032 3155 le-

155 3171 248 3206 gem,
271 3162 327 3196 etli
344 3171 450 3204 neque
466 3161 562 3203 ipsam
578 3160 670 3194 valde
682 3160 794 3200 justam
812 3170 907 3203 atque
922 3165 1031 3200 huma-

1078 1765 1169 1795 nam,
1194 1757 1310 1790 deinde
1327 1755 1514 1789 Decemviri
1529 1754 1759 1790 confirmarunt
1774 1758 1806 1790 in
1823 1758 1957 1792 Duode-

1079 1799 1141 1829 cim
1159 1797 1302 1831 Tabulis.
1334 1798 1369 1830 Id
1386 1800 1470 1830 enim
1487 1799 1675 1839 intelligitur
1695 1809 1734 1831 ex
1752 1799 1808 1832 illo
1826 1801 1957 1832 Cicero-

1079 1841 1146 1878 nis,
1170 1841 1217 1871 lib.
1234 1851 1263 1881 3.
1288 1840 1336 1872 De
1351 1840 1460 1882 legibus
1478 1846 1540 1881 cap.
1559 1845 1587 1874 8.
1611 1840 1726 1872 Deinde
1741 1851 1807 1872 cum
1821 1841 1885 1882 effet
1900 1844 1957 1882 cito

1078 1887 1215 1920 necatus,
1232 1889 1371 1923 tanquam
1388 1892 1424 1913 ex
1442 1880 1521 1912 XII.
1543 1880 1660 1912 Tabulis
1676 1881 1798 1923 insignis
1813 1885 1851 1914 ad
1868 1884 1957 1923 defor-

1077 1924 1207 1953 mitatem
1221 1930 1304 1964 puer.
1354 1924 1403 1954 Ad
1423 1932 1539 1963 easque
1555 1921 1696 1955 Tabulas
1713 1923 1840 1964 respicit
1858 1924 1957 1957 Sene-

1078 1973 1134 2003 ca,
1158 1963 1258 2003 filius,
1282 1964 1338 1996 lib.'
1353 1974 1379 1996 1.
1405 1964 1452 1995 De
1466 1966 1512 1995 ira
1527 1974 1551 1995 c.
1571 1973 1618 2004 15.
1638 1974 1728 2004 curn,
1754 1966 1952 2005 Portentofirs,

1078 2006 1198 2046 inquit,
1222 2007 1310 2042 foetus
1334 2007 1532 2046 extinguimus
1543 2029 1553 2044 ‚
1577 2005 1675 2038 liberos
1692 2007 1841 2049 quoquest*
1856 2008 1956 2039 debiles

1078 2045 1280 2089 monstrosique
1303 2049 1373 2078 editi
1387 2051 1484 2087 sunt,
1508 2048 1672 2088 mergimus.
1718 2047 1760 2079 Et
1785 2058 1849 2080 non
1874 2048 1956 2080 filius

1080 2095 1201 2119 tantum
1214 2112 1223 2127 ,
1243 2088 1293 2119 sed
1312 2096 1403 2129 pater
1419 2097 1549 2128 quoque
1567 2089 1614 2119 lib.
1634 2100 1664 2130 5.
1684 2089 1820 2121 Controv.
1838 2099 1888 2131 533.
1904 2089 1953 2121 his

1078 2130 1195 2161 verbis.
1219 2129 1396 2169 Nascuntur
1410 2130 1527 2171 quidam
1536 2129 1637 2171 aliqua
1648 2137 1732 2171 parte
1749 2134 1871 2171 corporis
1882 2131 1953 2162 mul-

1079 2169 1151 2201 etati
1161 2194 1170 2209 ,
1193 2169 1320 2210 infirmi,
1345 2170 1381 2205 &³
1399 2172 1430 2201 in
1443 2171 1553 2202 nullam
1559 2173 1642 2211 spem
1659 2173 1751 2203 idonei
1765 2181 1835 2213 quos
1848 2179 1955 2214 paren·

1078 2218 1119 2242 tes
1132 2214 1179 2249 lui
1190 2213 1351 2254 projiciunt
1370 2213 1483 2254 magis,
1505 2222 1593 2254 quam
1611 2219 1770 2253 exponunt.

1119 2253 1219 2294 Igitur
1238 2252 1336 2284 visum
1355 2253 1416 2284 fuit
1439 2253 1579 2284 Romulo
1605 2254 1634 2285 &
1653 2254 1874 2294 Decemviris,
1898 2254 1954 2287 etii

1078 2304 1144 2325 non
1167 2303 1240 2326 eum
1265 2296 1319 2335 qui
1343 2294 1529 2334 Thebanis,
1551 2304 1611 2326 nec
1628 2295 1714 2327 hunc
1731 2296 1783 2336 qui
1804 2294 1954 2337 Lycurgo

1078 2337 1214 2377 placuit,
1239 2344 1343 2368 tamen
1370 2337 1508 2377 aliquem
1531 2337 1688 2376 impietati
1706 2335 1803 2369 finem
1820 2345 1955 2377 ponere.

1077 2386 1227 2408 caeterum
1253 2385 1361 2417 aperta
1385 2379 1414 2409 ei
1445 2387 1500 2418 per
1525 2378 1630 2419 legem
1657 2377 1816 2417 fenestra,
1839 2386 1874 2409 ut
1896 2376 1954 2416 fit,

1077 2419 1203 2460 longius
1222 2419 1294 2450 mali
1311 2427 1521 2460 perrexerunt
1539 2428 1655 2451 mores.
1679 2417 1754 2450 Non
1772 2420 1855 2450 enim
1874 2418 1954 2450 filias

1077 2460 1308 2501 primogenitas
1332 2470 1348 2491 a
1376 2460 1579 2501 sequentibus
1591 2483 1600 2499 ,
1623 2469 1728 2500 neque
1745 2459 1829 2491 filios
1844 2469 1860 2490 a
1876 2459 1954 2491 filia-

1077 2502 1135 2533 bus
1146 2525 1154 2540 ,
1171 2500 1402 2541 distinxerunt3
1417 2511 1453 2532 ac
1469 2510 1574 2541 neque
1591 2500 1735 2532 infirmos
1751 2508 1804 2532 aut
1817 2508 1955 2541 porten-

1078 2542 1165 2574 tosos
1182 2551 1304 2574 tantum
1317 2553 1326 2583 ;
1340 2545 1426 2583 quod
1439 2543 1467 2574 δι
1479 2542 1618 2574 Romulo
1629 2543 1658 2573 &
1672 2541 1875 2574 Decemviris
1890 2542 1954 2573 fuit

1078 2584 1263 2622 confilium3
1279 2585 1330 2615 sed
1347 2585 1487 2625 integros
1505 2592 1636 2624 quoque
1652 2584 1705 2623 qui
1724 2583 1908 2623 parentibus
1918 2593 1954 2614 o·

1078 2626 1144 2657 neri
1156 2624 1253 2656 futuri
1269 2626 1471 2664 viderentur,
1487 2626 1540 2656 vel
1557 2626 1602 2656 eis
1618 2625 1661 2656 ob
1674 2623 1800 2663 sexum,
1815 2631 1869 2656 aut
1879 2634 1955 2656 con-

1073 2667 1154 2708 Jugis
1170 2667 1298 2705 odium,
1323 2676 1376 2698 aut
1400 2666 1530 2707 aliquod
1554 2674 1670 2702 omen,
1689 2674 1742 2697 aut
1757 2667 1867 2706 aliter,
1891 2666 1953 2698 ‹lis-

1079 2709 1251 2746 plicerent‚
1275 2709 1413 2749 exponi,
1439 2708 1549 2749 ainci‚
1567 2716 1622 2739 aut
1640 2709 1744 2739 necari
1756 2732 1765 2747 ,
1782 2708 1856 2748 paffi
1873 2706 1952 2739 sunt.

1076 2748 1148 2781 Nec
1168 2748 1273 2781 defuit
1289 2749 1478 2782 immanitati
1498 2749 1586 2780 causa
1603 2757 1656 2780 aut
1671 2750 1777 2790 petius
1790 2750 1894 2780 color.
1916 2756 1952 2780 ea

1078 2791 1168 2822 causa
1183 2799 1280 2831 atque
1295 2793 1319 2823 is
1335 2792 1427 2823 color
1439 2790 1519 2823 fuit:
1541 2791 1750 2832 quodwp'artus
1765 2791 1906 2823 nondum
1922 2799 1953 2822 e*

1078 2833 1162 2864 ditus
1178 2832 1197 2863 l.
1215 2841 1243 2868 9-
1261 2831 1289 2873 §.
1315 2841 1339 2864 1.
1358 2832 1401 2864 D.
1431 2833 1482 2864 Ad
1507 2833 1594 2874 legem
1618 2830 1794 2871 Falcidiam,
1817 2831 1951 2871 amplius

1077 2881 1190 2905 recens
1217 2882 1309 2905 natus
1325 2897 1334 2912 ,
1358 2873 1413 2906 nisi
1438 2875 1570 2906 nutricis
1595 2883 1692 2913 opera
1715 2867 1950 2910 intervenill'et,

1077 2916 1176 2956 vulgo
1193 2923 1257 2946 non
1276 2914 1447 2947 haberetur
1464 2915 1575 2947 homo.
1608 2915 1686 2947 Eam
1703 2915 1825 2946 causam
1844 2907 1949 2945 adfert

1074 2957 1170 2989 Philo
1185 2956 1331 2996 Judaeus,
1357 2956 1405 2988 De
1419 2958 1483 2988 vita
1500 2955 1608 2996 Mosis,
1633 2962 1704 2989 cum
1727 2954 1826 2987 Mofis
1841 2959 1949 2995 paren-

1074 3007 1124 3030 tes
1140 2999 1169 3030 in
1190 2996 1244 3029 filii
1264 2998 1463 3038 expolitione
1479 2998 1522 3029 ita
1543 2999 1711 3039 loquentes
1727 2996 1822 3033 facit,
1846 3001 1946 3034 puto,

1075 3049 1115 3072 ex
1131 3039 1224 3071 seculi
1243 3038 1285 3071 sui
1302 3038 1406 3079 sensu,
1423 3039 1620 3071 Debueramus
1637 3048 1730 3070 recens
1747 3041 1848 3070 natum
1862 3040 1948 3074 expo-

1075 3091 1159 3118 nere3
1178 3082 1293 3123 quando
1302 3082 1477 3123 priusquam
1494 3083 1617 3113 nutricis
1632 3079 1789 3112 intercedat
1802 3073 1947 3122 officium,

1074 3123 1185 3165 vulgus
1198 3124 1255 3154 vix
1263 3123 1346 3154 babet
1359 3128 1412 3164 pro
1423 3123 1544 3154 homine.
1568 3122 1621 3153 Sic
1638 3120 1760 3158 vulgus:
1778 3116 1829 3148 sed
1845 3126 1860 3148 a
1872 3116 1951 3148 Phi*

1074 3164 1239 3207 losophis,
1262 3163 1318 3197 etsi
1336 3173 1402 3197 non
1423 3164 1581 3198 omnibus.
1625 3160 1718 3201 Apud
1740 3159 1946 3233 Plutarclgigna
