2036 3495
464 96 536 131 De
575 94 768 129 Pieris
809 104 868 128 nr

63 188 182 222 exacta.
217 195 288 219 nani
311 185 329 217 11
354 185 423 227 quis
447 185 535 217 malit
552 184 639 224 quod
660 184 759 215 tutius
778 183 813 214 fit
831 183 934 223 sequi,

62 239 154 271 quam
173 233 260 269 quod
279 229 399 259 vei-itis:
425 236 464 258 ne
484 226 592 258 resistit
609 226 735 267 quidem
756 224 932 264 Ulpianus,

61 281 128 313 quo
152 272 254 302 minus
280 270 308 301 ci
335 270 428 301 liceat
445 269 556 308 juliani
578 267 749 304 sententia,
774 275 932 307 tamquam

62 313 182 344 tutiore
207 313 262 343 uti.
294 310 417 342 fateor:
444 319 507 341 non
533 316 663 348 apparet
684 308 748 338 1100
764 317 803 338 ex
820 309 849 339 cl.
866 308 884 338 l.
901 317 930 348 7.

59 353 90 396 §.
118 364 145 386 2.
179 362 250 384 nam
276 353 318 383 ibi
335 352 455 383 nullum
472 350 518 382 est
534 351 598 390 eius
616 349 778 380 indicium.
812 348 865 380 sed
881 358 931 380 nie

60 397 126 426 huc
149 394 236 426 ducit
260 394 278 424 l.
305 403 351 433 15.
370 392 412 423 D.
436 394 468 423 de
492 392 665 433 proscriptis
687 391 799 421 verbis:
823 391 852 421 iii
872 399 931 430 qua

61 445 125 467 tam
149 437 229 467 clara
255 435 285 465 ἂ
309 441 394 465 cei-ta
417 435 461 464 est
481 432 607 473 Ulpiani
626 431 801 470 sententia;
827 440 860 462 ut
878 433 931 462 vix

61 477 156 518 poffit
173 477 234 508 effe
249 476 362 507 clarior
379 482 432 505 aut
447 476 576 505 certior.
602 473 698 504 verba
710 472 848 513 Ulpiani.
881 473 930 504 So-

60 520 119 549 lent
142 519 194 559 qui
217 523 360 548 noverum
380 520 474 553 servos
492 515 599 546 alicubi
615 515 719 552 celari,
743 515 872 546 indicare
889 524 932 545 eos

64 561 205 597 dominis,
229 560 277 589 ubi
295 558 435 588 celentur:
460 567 521 597 qiiae
542 566 586 586 res
608 566 665 587 non
679 557 759 596 facit
776 566 818 586 eos
827 557 932 595 fures:

52 601 147 642 solent
169 607 256 631 ettam
279 601 427 629 mercedem
449 599 536 639 hujus
554 607 594 628 rez
610 598 733 638 accipere
748 596 784 631 ἐξ)
795 596 839 634 fic
856 598 931 628 imii-

62 652 145 673 care:
169 651 219 672 nec
234 641 352 671 videtur
366 640 498 670 illicitum
516 639 566 679 effe
582 640 632 670 hoc
648 641 723 680 quod
740 641 836 669 dcitur.
860 649 929 680 qua-

61 693 91 715 re
107 685 158 724 qui
171 683 278 721 accepit
288 705 296 720 ,
313 683 381 722 quia
396 683 427 711 ob
441 681 556 721 causum
571 682 677 721 accepit
687 704 695 718 ,
712 690 762 711 nec
777 682 933 721 improbam

61 724 174 764 causum
185 747 194 761 ,
210 733 267 754 non
282 724 361 753 timet
374 722 586 753 condictionem.
611 723 686 762 quod
693 721 722 760 fi
733 722 857 759 solutum
872 723 932 763 qui-

63 767 125 798 ciem
141 765 213 796 nibil
233 762 271 804 est
282 787 290 802 ,
307 765 359 803 sed
370 763 466 804 pastio
484 763 636 804 interceffit
652 765 683 794 oh
699 764 858 801 indicium,
882 765 932 793 hoc

63 806 120 848 est,
144 812 177 838 ut
194 804 222 844 fi
239 805 405 846 indicaffet,
429 807 668 847 apprehensusque
683 804 746 845 effen
757 806 931 844 fugitivus,

64 855 171 879 certum
196 847 305 889 aliquid
328 850 464 885 daretur,
489 848 659 885 videmnus,
682 856 721 877 cin
738 845 824 886 poffic
841 855 932 886 agere.

62 890 104 922 Et
120 889 232 931 quidem
249 890 398 919 cimventz'o
415 887 469 929 istu
486 898 542 919 non
558 886 595 928 est
612 888 710 926 macla,
725 894 758 918 ut
774 887 840 929 quis
856 889 933 917 dicat

61 941 98 962 ex
110 930 193 971 pasto
211 929 349 962 amonem
365 939 422 961 non
437 931 533 968 nasci,
538 931 589 968 sed
608 930 689 960 habet
704 928 771 968 inse
788 929 934 969 negotium

63 974 197 1014 aliquod,
220 982 285 1013 ergo
303 973 398 1002 civilis
414 971 487 1002 afflo
503 972 573 1002 oriri
584 969 685 1012 potest.
707 968 800 1008 nisifi
815 971 878 1010 qm's
899 968 934 1003 δ”

64 1015 93 1045 in
109 1016 261 1054 bacspecie
275 1015 308 1044 cle
322 1013 382 1044 dolo
396 1013 534 1044 sidionem
548 1020 698 1053 competere
713 1013 805 1050 dicar,
825 1012 874 1041 uin·
889 1013 935 1041 cio-

63 1057 109 1087 lus
121 1057 227 1097 aliquis
242 1061 398 1095 arguatur.
429 1054 496 1085 En:
514 1054 597 1092 feci,
617 1063 650 1085 ut
668 1054 767 1084 dares.
791 1061 825 1083 tu
843 1051 937 1083 cess'as

62 1098 148 1129 dai-e.
181 1104 250 1127 utra
267 1097 392 1127 dabitur
410 1096 513 1134 affi03
539 1094 726 1135 praescriptis
744 1095 850 1126 verbis
867 1102 936 1133 quae

65 1138 109 1169 est
128 1139 159 1169 in
176 1138 294 1169 factum
313 1138 435 1175 civilis3
452 1147 488 1167 an
509 1139 548 1167 de
565 1138 659 1168 dolo:
676 1136 813 1167 maxime
830 1135 850 1166 fi
867 1137 936 1175 quis

61 1181 156 1211 dolus
173 1179 343 1220 arguatur?
355 1186 444 1219 putat
462 1177 636 1218 Ulpianus,
654 1176 674 1208 11
690 1186 738 1208 res
754 1186 793 1208 ex
807 1185 883 1207 vero
900 1185 936 1206 az-

62 1221 225 1259 stimetur‚
250 1221 377 1251 defendi
404 1219 510 1259 posse,
535 1218 618 1259 quafi
645 1218 729 1249 aftio
750 1217 935 1257 praescriptis

63 1263 189 1300 vei-bis,
212 1263 243 1293 id
269 1261 332 1300 est,
355 1263 384 1292 in
410 1260 528 1291 factum
553 1260 673 1298 civilis,
697 1268 761 1290 non
779 1259 873 1290 etiam
894 1259 934 1289 de

67 1304 145 1335 dolo
162 1311 338 1343 competat.
361 1302 456 1333 trahit
476 1302 538 1332 huc
549 1300 739 1341 Ulpianum,
759 1301 845 1345 quod
866 1299 935 1331 haec

63 1345 242 1376 conventio
260 1353 322 1375 non
343 1343 388 1375 cst
404 1343 504 1382 nuda3
530 1342 582 1374 sed
600 1342 696 1373 habet
714 1343 744 1372 in
764 1343 793 1372 ie
811 1342 933 1382 negoti-

62 1396 115 1418 um
133 1386 281 1426 aliquod:
297 1385 329 1416 id
345 1384 406 1423 est,
423 1385 450 1415 ei
467 1383 568 1415 subest
578 1384 680 1415 civilis
697 1382 784 1414 causa
796 1406 805 1421 ,
817 1383 881 1414 sive
891 1384 934 1414 ci-

61 1429 126 1460 vile
143 1427 329 1469 negotium,
352 1425 405 1457 seu
431 1425 475 1456 cst
494 1425 676 1457 contraffitus
695 1426 934 1456 innominatus:

62 1478 102 1501 cit
118 1478 182 1509 quo
198 1468 298 1499 civilis
314 1468 397 1499 36110
410 1467 597 1508 praescriptis
616 1466 718 1497 verbis
728 1466 802 1497 oriri
815 1465 929 1506 potest.

62 1511 150 1551 quod
168 1511 213 1542 his
229 1518 299 1549 quae
315 1510 399 1546 dixi,
411 1511 577 1539 convenit.
601 1508 789 1547 quiatamen
806 1508 931 1539 cuidam

82 1550 188 1591 idest,
205 1551 346 1591 Juliano:
363 1551 403 1582 iic
419 1549 555 1591 opinor)
569 1550 658 1583 aliter
675 1548 781 1588 sedet3
797 1550 826 1580 dt
846 1549 932 1579 hunc

60 1554 176 1626 gaulus
193 1592 370 1633 sequitui-d.
389 1592 408 1622 l.
426 1603 454 1632 5.
473 1592 501 1633 §.
517 1602 546 1622 2.
562 1591 598 1625 &³
616 1601 644 1632 3.
664 1590 704 1621 J).
724 1592 782 1636 eod.
803 1591 850 1636 iit.
868 1600 933 1621 1100

63 1635 223 1677 permittit
247 1633 301 1665 sibi
325 1632 498 1671 Ulpianus:
522 1642 561 1663 ne
581 1633 610 1663 δι
629 1641 658 1663 10
678 1632 736 1663 liac
753 1632 876 1672 100010,
903 1632 934 1662 id

64 1676 127 1715 est,
150 1685 190 1708 ne
207 1676 302 1706 etiam
319 1675 348 1706 iii
368 1674 444 1712 hac,
462 1674 512 1704 vel
531 1683 570 1705 00
587 1683 676 1713 aeque
691 1674 720 1704 in
740 1673 818 1712 hac,
839 1681 934 1713 atque

64 1718 98 1749 10
122 1717 304 1757 superiore,
330 1715 434 1756 specie
452 1724 521 1755 quae
542 1714 586 1746 est
605 1715 646 1746 do
663 1722 696 1746 ut
712 1714 827 1753 facias,
851 1715 934 1754 poti·

61 1768 100 1791 us
117 1759 240 1790 actione
251 1757 290 1788 de
306 1758 383 1789 dolo
395 1780 404 1793 ,
421 1766 513 1797 quam
527 1757 654 1788 3611000
670 1756 857 1797 praescriptis
868 1766 935 1789 ver·

61 1800 113 1832 bis
137 1807 253 1831 utatur.
299 1798 350 1830 Sic
377 1798 540 1838 Ulpianus.
572 1799 624 1839 qui
644 1798 775 1838 potest?
799 1799 933 1839 inquies.

63 1851 137 1874 nam
157 1841 210 1872 ubi
221 1840 322 1871 civilis
339 1840 384 1871 est
401 1839 501 1878 attio,
517 1839 560 1871 ibi
576 1840 682 1871 locum
699 1849 794 1881 quem
811 1840 934 1872 invenit

62 1884 106 1915 de
127 1882 204 1914 dolo
221 1881 330 1913 aetio?
353 1891 388 1913 ea
413 1881 579 1913 difficultas
599 1889 694 1912 vexat
716 1890 878 1922 quotquot
895 1883 934 1913 ad

67 1925 98 1957 d.
115 1924 133 1955 l.
150 1923 226 1965 5.,§.
247 1933 275 1954 2.
304 1922 491 1963 scripserunt
515 1923 621 1954 eximii
646 1923 810 1956 homines:
835 1932 936 1962 eaque

64 1965 165 2007 gratia
181 1964 332 2003 verbum,
354 1965 486 2003 civilem,
510 1965 654 2005 quodibi
673 1973 780 2004 extat,
797 1973 850 1996 aut
865 1964 936 1996 Tri·

62 2007 204 2039 boniano
222 2006 396 2046 imputant,
422 2014 475 2037 aut
492 2005 660 2046 interpreti
679 2007 841 2046 imperito.
873 2005 936 2038 fru-

64 2048 142 2080 ssr'a:
159 2047 235 2088 quid
251 2047 335 2078 enirn
352 2057 471 2079 novum
490 2047 552 2085 est,
567 2047 619 2078 ubi
636 2047 816 2086 dubitetur,
832 2057 868 2079 an
879 2048 938 2078 alia

66 2089 104 2122 fit
120 2089 220 2127 actio,
247 2088 330 2128 quafi
357 2089 443 2121 nulla
466 2088 519 2127 sit,
544 2090 584 2120 de
600 2089 677 2120 dolo
695 2089 853 2120 actionem
873 2090 938 2120 dari

66 2132 86 2163 l.
105 2140 133 2171 7.
153 2130 182 2171 §.
203 2140 231 2170 3.
252 2131 292 2161 D.
310 2131 342 2161 cle
358 2131 417 2161 dolo
432 2129 531 2161 malo?
553 2138 584 2161 at
598 2131 660 2171 jam
677 2129 821 2170 constat,
845 2131 933 2162 dubi-

66 2180 166 2204 tatum
184 2170 292 2211 fuiffe3
316 2181 436 2211 ecqua,
460 2181 498 2203 an
523 2172 626 2211 nulla,
649 2171 802 2211 1113611ος
826 2171 846 2203 si
866 2172 934 2212 quis

66 2214 159 2245 dolus
184 2215 215 2244 in
241 2213 403 2244 contractu
424 2214 466 2244 do
491 2221 525 2244 ut
540 2213 656 2252 facias,
680 2213 933 2246 demonstretur:

66 2254 123 2286 etii
149 2262 270 2285 certum
296 2253 484 2292 haberetur,
508 2254 560 2285 ubi
587 2255 689 2286 nullus
711 2256 851 2296 arguitur
877 2255 932 2287 do-

66 2296 135 2333 lus,
158 2295 313 2326 athonem
333 2295 521 2336 praescriptis
538 2297 642 2328 verbis
659 2295 731 2328 ess'e.

110 2335 315 2368 Consideravi
331 2336 447 2377 singula
463 2346 523 2377 qua
541 2339 631 2376 potui
650 2347 686 2368 ac
698 2338 792 2370 debui
811 2347 883 2369 cura
902 2338 932 2369 δε

67 2378 238 2419 diligentia.
270 2376 347 2408 nihil
365 2385 469 2409 tamen
486 2376 578 2409 effeci
595 2388 807 2420 magnopere:
830 2378 883 2410 nisi
901 2379 933 2410 si·

65 2420 128 2451 mili
148 2419 245 2451 inodo
265 2419 424 2459 explicem
448 2419 608 2459 sequentia
626 2421 711 2453 Pauli
732 2421 830 2452 verba
846 2430 885 2451 cx
902 2420 931 2462 §.

68 2469 98 2500 3.
114 2462 141 2491 d.
160 2461 177 2492 l.
196 2471 231 2500 5:
256 2459 380 2504 defi
396 2461 528 2499 faciam,
551 2468 584 2492 ui:
606 2463 671 2502 des,
696 2462 732 2496 ἐξ
751 2461 935 2503 posteaquam

64 2501 142 2540 feci,
166 2501 248 2540 ceffas
272 2507 339 2532 aare
350 2513 360 2533 .-
381 2502 463 2533 nulla
477 2504 530 2533 erit
546 2504 640 2534 civilis
657 2502 729 2534 attio
740 2528 748 2537 .
773 2504 809 2537 ὅ)
825 2504 884 2534 ideo
902 2505 935 2534 cie

70 2541 129 2571 dolo
142 2543 266 2573 dabitur.
283 2542 395 2574 Nodus
406 2543 435 2574 in
453 2544 499 2574 his
515 2544 621 2576 verbis
636 2544 680 2576 est
691 2544 845 2577 difficilis:
863 2546 935 2584 quia

71 2582 174 2621 primo
197 2581 342 2622 adspectu
367 2584 449 2615 aliud
474 2586 552 2617 dicit
576 2586 707 2625 Paulus,
732 2595 826 2627 quam
848 2587 933 2624 vult,

71 2631 144 2653 rnea
168 2624 294 2661 quidem
318 2625 479 2657 sententia.
520 2636 615 2666 quam
632 2628 675 2658 ob
695 2627 787 2659 reni?
805 2637 868 2658 non
890 2627 934 2658 est

72 2663 176 2706 Paulo⁴
189 2666 350 2703 negotium
362 2667 407 2702 ,ei
424 2668 476 2706 qui
490 2666 568 2698 facit
584 2677 617 2700 ut
633 2668 741 2704 detur.
759 2670 834 2701 alias
847 2678 936 2709 nega-

69 2714 106 2736 re
121 2704 275 2735 3611000111
287 2705 471 2746 praescriptis
482 2709 586 2742 verbis
597 2732 606 2748 ,
623 2719 717 2749 quam
730 2710 751 2741 fi
766 2711 878 2751 aliquis
894 2720 936 2741 ar-

70 2753 185 2786 guatur
199 2745 299 2776 dolus.
325 2745 438 2792 Nova,
453 2748 593 2789 inquies,
611 2751 679 2782 haec
697 2751 742 2782 est
759 2751 934 2789 sententia,

71 2794 104 2817 at
129 2786 222 2822 dura,
246 2785 274 2816 ἀ
300 2795 454 2818 contraria
475 2788 557 2820 Pauli
573 2792 687 2823 verbis.
723 2793 876 2824 veriffima
893 2801 935 2823 ta-

70 2837 144 2860 men
156 2850 165 2865 ,
180 2826 200 2857 11
216 2829 253 2856 ad
272 2829 401 2865 primam
417 2827 530 2861 faciem
546 2841 610 2863 non
626 2833 809 2865 subsistatur.
834 2834 935 2864 audia-

69 2878 151 2901 mus.
171 2869 323 2912 concedit
334 2867 444 2899 Paulus
460 2868 587 2902 facienti
605 2880 639 2904 ut
654 2875 762 2913 detur,
775 2875 934 2906 actionem

68 2908 258 2951 praescriptis
275 2909 396 2947 verbis,
419 2910 506 2942 nullo
529 2912 672 2952 liquente
688 2917 764 2947 dolo
781 2917 884 2954 malo'3
907 2925 934 2946 a·

69 2951 192 2990 lioquin
218 2949 257 2980 de
284 2950 360 2980 dolo
385 2950 560 2984 astionem:
584 2955 715 2993 perinde
737 2965 770 2987 ut
795 2958 824 2988 in
850 2957 877 2998 §.
904 2967 933 2988 2.

71 2991 277 3035 praecedente
289 3000 447 3036 ,quocum
463 3002 595 3032 oportet
609 3003 754 3028 tenorem
769 2997 797 3038 §.
814 3008 843 3038 3.
861 3007 935 3028 con-

70 3034 156 3074 iungi
174 3041 239 3063 uno
255 3031 381 3072 ipiritu,
409 3041 565 3074 tamquam
588 3035 668 3068 illius
686 3040 934 3070 conclusionem.

71 3074 149 3106 Hoc
172 3073 248 3104 mihi
275 3073 414 3111 videtur,
439 3083 534 3114 atque
551 3086 591 3107 eo
608 3076 840 3110 confidentius:
864 3081 936 3119 quia

72 3116 111 3146 ad
131 3115 210 3145 11300
227 3113 363 3146 formam
380 3115 516 3155 disputat
543 3116 694 3157 Ulpianus
718 3121 745 3150 (l.
770 3120 788 3149 l.
812 3130 858 3159 15.
878 3130 938 3151 nec

72 3157 99 3191 is
115 3163 252 3188 tantum:
276 3155 326 3188 sed
342 3155 406 3197 ipse
422 3167 551 3199 quoque
568 3158 697 3201 Paulus,
713 3160 742 3193 ἃ
759 3161 886 3202 quidem
904 3163 936 3194 111

108 3235 185 3270 Tom.
210 3236 237 3269 Ι.

911 96 1461 132 TRANsAcrioNchs.

1790 109 1859 143 ω

976 186 1004 216 d.
1022 186 1041 216 l.
1059 196 1088 225 5.
1119 185 1148 227 §.
1165 196 1192 217 2.
1229 185 1343 218 Errant
1373 187 1476 226 enim,
1502 187 1530 218 ὃς
1556 187 1670 225 valde,
1695 194 1861 227 quotquot

977 227 1178 265 existiment,
1196 227 1325 259 Paulum
1348 229 1591 269 permittentem
1612 229 1641 260 in
1660 238 1700 259 co
1713 228 1741 270 §.
1759 228 1858 260 36110-

976 278 1048 300 nem
1067 270 1107 299 de
1127 269 1205 299 dolo
1222 268 1369 301 adversus
1393 270 1546 302 scientem
1559 294 1568 309 ,
1594 270 1623 301 6(
1648 270 1805 301 atilionem
1821 270 1853 301 in

975 309 1094 340 sadum
1120 310 1248 341 civilem
1273 310 1420 343 adversus
1445 312 1645 352 ignorantem
1664 335 1672 349 ‚
1696 312 1856 352 disputare

975 352 1014 382 de
1031 353 1126 382 dante
1143 360 1177 382 ut
1192 351 1257 383 fiat.
1290 353 1485 385 contrarium
1505 363 1616 385 verum
1634 353 1695 392 est,
1719 353 1853 386 Paulum

975 400 1142 432 utramque
1166 393 1324 425 actionem
1342 395 1525 426 concedere
1544 393 1677 426 facienti
1695 403 1729 426 ut
1747 396 1851 426 detur.

973 433 1114 465 fiet-ine?
1138 444 1201 464 non
1220 434 1283 473 cst,
1309 437 1396 475 quod
1413 445 1541 477 quaeras.
1571 436 1633 476 ipsa
1651 436 1737 468 Pauli
1756 436 1853 467 verba

975 476 1076 506 oculis
1094 474 1302 515 subjiciamus.
1328 477 1414 508 Pauli
1434 478 1530 508 verba
1547 479 1573 508 (I.
1593 477 1620 518 §.
1640 488 1667 509 2.
1686 476 1764 509 sunt.
1798 477 1855 508 Sed

970 516 998 555 fi
1011 518 1075 547 decii
1094 518 1146 547 tibi
1161 522 1294 555 servum,
1323 524 1356 548 tit
1367 521 1486 557 servum
1505 527 1587 549 zuzim
1604 520 1853 557 ⁷ntmumillteres‚

976 557 1012 592 &²
1023 557 1233 597 mcinumifijli,
1250 559 1286 593 ὅ)
1303 561 1328 590 is
1338 570 1420 601 quem
1435 561 1518 597 decli,
1535 559 1647 590 evieizis
1656 559 1711 601 est,
1722 560 1854 600 fiscienr

975 601 1057 638 (ledi,
1075 601 1107 630 cle
1125 601 1185 630 dolo
1203 601 1234 631 in
1249 610 1291 631 me
1307 603 1434 632 (lundam
1449 601 1586 632 ac'lz‘onem
1598 624 1607 639 ,
1623 601 1854 641 Julianusscri-

975 640 1072 679 bit,·fi
1089 644 1245 682 ignorans,
1268 642 1430 681 infastum
1446 643 1569 674 civilem.
1597 641 1697 674 Paulo
1717 642 1853 683 quaestio

975 682 1038 720 cst,
1056 692 1126 722 quae
1144 683 1228 714 aetio
1244 684 1346 714 danda
1364 684 1397 715 fit
1410 684 1645 716 manumittenti
1660 684 1801 722 servum,
1818 691 1854 715 uc

976 724 1052 756 alius
1077 725 1187 755 detur:
1213 733 1297 761 non,
1322 735 1391 764 quae
1410 725 1491 757 attio
1516 726 1618 756 danda
1635 724 1670 756 fit
1689 726 1774 756 danti
1793 724 1853 756 ser-

976 775 1049 795 vum
1061 788 1070 803 ,
1087 773 1122 795 ut
1137 765 1213 795 alius
1231 768 1481 798 manumittatur.
1508 766 1608 810 Quod
1626 767 1724 798 miror
1740 765 1856 807 fugisse

976 805 1128 837 haetenus
1144 806 1403 839 observationem
1418 816 1466 839 tot
1480 808 1684 840 illustrium&
1696 807 1854 849 sagacium

976 848 1137 878 virorum:
1156 856 1227 877 cuin
1246 848 1281 878 fit
1294 849 1502 889 vei-iffimum3
1519 850 1548 881 ἃ
1560 850 1647 881 litem
1659 849 1749 881 finiat
1765 859 1854 889 pror-

976 887 1035 920 sus.
1058 888 1290 919 evidentiffime
1309 891 1393 921 enim
1413 891 1570 923 ostendit:
1589 892 1675 932 quod
1693 891 1805 923 Paulus
1822 890 1854 922 in

978 931 1005 960 ci.
1025 929 1053 971 §.
1074 939 1108 969 3,
1125 939 1164 959 ne
1178 929 1242 969 ipse
1261 929 1314 960 fibi
1334 932 1552 970 contradicat,
1571 943 1634 964 non
1654 932 1856 964 01110011ὶί0-

980 970 1029 1002 &te
1050 971 1296 1010 intelligendus3
1320 974 1464 1011 quamvis
1490 972 1611 1005 infinite
1636 975 1724 1015 loqui
1748 974 1857 1005 videa-

980 1020 1038 1044 tur.
1073 1010 1123 1042 Ne
1141 1011 1205 1042 1100
1222 1012 1350 1051 quidem
1371 1015 1563 1053 praeteribm
1582 1015 1646 1055 (est
1663 1017 1746 1047 enim
1764 1024 1856 1056 aeque

980 1053 1109 1084 ctirioi‘ae
1128 1052 1379 1093 observationis)
1402 1057 1489 1094 quod
1515 1055 1591 1087 sicut
1615 1066 1694 1088 unus
1719 1056 1763 1088 est
1780 1066 1858 1088 con-

981 1094 1096 1125 [ratius
1113 1095 1236 1134 emptio
1256 1094 1285 1125 ἃ
1301 1096 1466 1135 venditio,
1491 1097 1567 1128 item
1586 1107 1663 1130 unus
1680 1099 1801 1130 locatio
1825 1097 1856 1129 &

979 1135 1172 1166 condue‘tio:
1190 1137 1231 1166 ita
1256 1137 1435 1169 contractus
1458 1138 1500 1169 tio
1526 1147 1559 1169 ut
1586 1139 1682 1171 facias
1707 1139 1751 1171 est
1770 1140 1857 1170 idem

979 1179 1006 1207 ei
1027 1178 1079 1217 qui
1097 1176 1183 1207 facio
1201 1184 1235 1208 ut
1250 1177 1306 1208 des
1329 1179 1524 1218 appellatur:
1541 1180 1570 1210 in
1588 1190 1694 1221 eoque
1711 1190 1773 1213 tam
1790 1181 1856 1222 agit

978 1219 1032 1257 qui
1053 1218 1170 1258 primus
1193 1218 1293 1257 fecit,
1317 1228 1411 1259 quam
1437 1220 1489 1260 qui
1509 1221 1627 1259 primus
1645 1222 1753 1254 dedit:
1776 1221 1853 1253 sicut

978 1269 1018 1290 ex
1036 1259 1201 1300 emptione
1220 1260 1249 1291 &
1271 1261 1459 1292 venditione
1477 1269 1607 1301 emptor
1627 1263 1691 1303 agit
1710 1272 1751 1294 ex
1768 1272 1856 1303 emp-

980 1309 1034 1340 to,
1058 1302 1209 1332 venditor
1235 1311 1275 1332 ex
1299 1302 1450 1334 vendito:
1474 1305 1551 1334 item
1576 1312 1616 1334 ex
1640 1304 1802 1335 locatione
1825 1304 1856 1335 &

978 1342 1195 1374 conductione
1219 1343 1400 1375 conductor
1425 1344 1489 1384 agit
1506 1353 1545 1376 ex
1564 1345 1745 1383 00000610,
1770 1345 1855 1376 1003-

979 1392 1029 1414 tor
1045 1394 1084 1415 ex
1102 1384 1228 1416 locato:
1254 1385 1283 1415 dt
1303 1393 1409 1416 tamen
1436 1385 1480 1416 est
1505 1394 1583 1417 unus
1607 1387 1788 1419 contractus
1814 1396 1855 1418 ex

979 1435 1043 1465 quo
1067 1434 1202 1465 uterque
1221 1425 1273 1457 suo
1291 1429 1456 1466 experitur
1473 1428 1581 1458 niodo.
1615 1428 1691 1468 quiti
1712 1429 1741 1459 ni
1760 1429 1856 1469 igitur

978 1467 1029 1498 ille
1046 1468 1098 1506 qui
1115 1467 1194 1497 fecit
1213 1476 1246 1498 ut
1265 1468 1344 1499 aiter
1361 1468 1435 1506 det,
1467 1478 1506 1499 eo
1524 1468 1662 1500 ceffante
1689 1479 1778 1511 aeque
1803 1470 1856 1501 lia·

975 1509 1049 1539 beat
1066 1508 1254 1548 praescriptis
1271 1509 1375 1539 verbis
1395 1510 1570 1548 actionem,
1582 1518 1678 1550 atque
1695 1512 1720 1541 is
1737 1511 1788 1550 qui
1801 1513 1855 1542 de-

976 1551 1040 1587 dit,
1065 1557 1099 1580 ut
1115 1550 1194 1581 alter
1211 1550 1326 1589 faciat,
1351 1560 1390 1581 eo
1410 1550 1566 1589 ceffante,
1590 1551 1673 1582 hanc
1693 1552 1853 1583 astionem

976 1598 1126 1622 exercet:
1152 1600 1224 1622 cum
1250 1591 1286 1622 iit
1309 1599 1447 1633 utroque
1470 1593 1500 1623 in
1525 1592 1596 1624 casu
1619 1592 1740 1633 gestum
1758 1593 1855 1624 civile

976 1634 1158 1673 negotium,
1182 1633 1282 1673 ipsum
1308 1643 1372 1665 non
1390 1634 1597 1674 improbum?
1621 1634 1672 1666 sed
1689 1634 1753 1665 hoc
1767 1644 1806 1666 ex
1823 1635 1853 1666 d.

976 1674 995 1706 l.
1015 1686 1044 1715 5.
1062 1674 1090 1716 §.
1109 1684 1136 1706 2.
1153 1675 1171 1705 i.
1191 1683 1237 1715 15.
1254 1675 1274 1705 l.
1294 1684 1340 1706 22.
1362 1674 1404 1706 D.
1429 1677 1462 1706 de
1483 1676 1655 1716 praescrz'ptis
1677 1676 1791 1716 verbis,
1815 1675 1853 1711 i?

977 1716 995 1747 l.
1012 1720 1042 1748 6.
1063 1717 1096 1748 C.
1112 1718 1145 1747 cle
1161 1715 1404 1747 transatiiom‘hm
1420 1718 1618 1758 perspicuum
1638 1717 1693 1749 est.

1020 1757 1184 1791 Hactenus
1211 1757 1350 1790 ostendit
1368 1757 1521 1800 Ulpianus
1538 1760 1569 1790 in
1586 1761 1612 1790 d.
1630 1759 1649 1790 ἰ.
1669 1769 1696 1799 7.
1710 1765 1755 1800 pr.
1775 1759 1803 1800 §.
1827 1766 1854 1791 r.

979 1800 1015 1835 ὃ)
1033 1810 1059 1831 2.
1076 1799 1117 1831 D.
1135 1801 1168 1830 de
1179 1798 1290 1839 pastis,
1308 1801 1394 1839 quod
1411 1801 1589 1832 conventio
1605 1800 1654 1832 cui
1666 1800 1768 1832 subest
1783 1810 1857 1833 caua

977 1842 1006 1872 sa
1017 1865 1026 1880 ,
1042 1841 1199 1872 aftionem
1215 1842 1296 1881 parit
1306 1840 1400 1873 Civili
1416 1842 1507 1882 Jure:
1523 1842 1553 1874 ὃς
1572 1842 1636 1873 1100
1654 1841 1706 1882 fit,
1723 1843 1854 1883 quoties

977 1883 1155 1914 conventio
1181 1881 1288 1914 transit
1312 1883 1344 1914 in
1363 1883 1498 1924 speciale
1514 1893 1632 1915 nomen
1651 1883 1854 1916 contraftus:

979 1926 1074 1956 etiam
1092 1933 1165 1956 cum
1189 1933 1253 1956 non
1276 1924 1401 1965 tranfit3
1425 1926 1524 1957 modo
1546 1925 1582 1957 fit
1601 1926 1708 1957 datum
1728 1933 1781 1956 aut
1804 1924 1853 1956 fa-

981 1966 1064 1997 Ctum
1083 1974 1118 1997 ut
1137 1973 1250 1997 contra
1266 1967 1359 1998 detur
1373 1977 1426 1998 aut
1447 1965 1511 1998 fiat.
1559 1967 1724 2008 Deinceps
1739 1968 1781 1998 ait
1796 1965 1854 1998 Ul-

980 2008 1091 2048 pianus
1106 2008 1133 2039 d.
1152 2007 1170 2038 l.
1190 2017 1218 2048 7.
1234 2007 1261 2049 §.
1281 2018 1318 2050 3:
1343 2008 1448 2047 quod,
1468 2009 1501 2039 Si·
1515 2009 1547 2039 ob
1563 2008 1752 2048 maleficium,
1767 2006 1852 2048 nefi-

981 2056 1030 2088 at,
1047 2049 1216 2090 promzffum
1225 2049 1284 2088 fit,
1307 2050 1389 2081 nulla
1405 2048 1444 2090 est
1459 2050 1589 2092 obligatio
1609 2060 1645 2081 ex
1662 2050 1714 2081 hac
1729 2058 1852 2081 conven-

980 2092 1064 2122 tione.
1095 2091 1148 2122 Sic
1166 2090 1335 2122 Florentiae
1353 2092 1466 2123 editur.
1498 2091 1682 2123 Haloander
1699 2091 1794 2132 legit,
1819 2090 1853 2122 Si

978 2134 1010 2163 ob
1027 2132 1216 2171 maleficium.
1232 2131 1345 2171 utfiat.
1370 2131 1470 2164 Nullo
1483 2133 1569 2173 jure:
1587 2133 1675 2174 quod
1692 2133 1773 2164 bene
1789 2134 1853 2164 ani-

977 2175 1149 2205 madvertit
1177 2174 1334 2204 Antonius
1358 2173 1549 2215 Augustinus
1569 2198 1578 2214 ,
1601 2175 1649 2206 lib.
1676 2184 1701 2206 1.
1727 2174 1851 2206 Emerui.

978 2226 1000 2245 c.
1020 2225 1047 2246 2.
1062 2223 1130 2256 pag.
1153 2224 1198 2246 12.
1217 2214 1380 2255 Significat
1395 2223 1499 2247 autem
1519 2214 1692 2257 Ulpianus,
1718 2215 1851 2247 voluiffe

980 2256 1133 2294 Veteres,
1157 2265 1286 2288 omnem
1309 2257 1562 2289 conventionem
1587 2267 1657 2298 quae
1675 2259 1705 2289 in
1724 2265 1851 2289 contra-

979 2297 1029 2329 ξὶυ
1047 2296 1120 2335 fiat,
1143 2298 1223 2328 intra
1241 2297 1386 2330 humanae
1404 2299 1639 2339 conjunctionis
1657 2299 1827 2330 utilitatem
1839 2322 1849 2338 ,

977 2340 1009 2370 id
1026 2338 1087 2375 est,
1105 2340 1186 2370 intra
1201 2338 1399 2371 honestatem
1414 2348 1509 2381 atque
1524 2341 1605 2372 intra
1622 2341 1726 2372 bonos
1741 2349 1850 2372 mores

977 2379 1165 2412 consistere:
1189 2381 1310 2412 nullum
1330 2381 1448 2413 habere
1465 2381 1693 2422 turpitudinis,
1717 2390 1769 2413 aut
1786 2381 1851 2413 sce-

977 2422 1049 2454 leris
1067 2421 1275 2462 propofitum.
1306 2432 1342 2453 ac
1358 2423 1377 2454 11
1395 2431 1507 2465 conti-a
1526 2423 1598 2454 fiat:
1622 2423 1752 2455 minime
1766 2423 1850 2455 nasci

978 2473 1017 2494 ex
1036 2463 1254 2495 conventione
1272 2464 1517 2504 obligationem.
1541 2465 1571 2494 id
1589 2473 1757 2505 apparere:
1780 2465 1800 2496 fi
1817 2465 1850 2497 in

977 2504 1177 2544 stipulatione
1200 2504 1291 2545 (nam
1307 2506 1346 2536 de
1362 2514 1399 2536 ea
1414 2505 1456 2536 illi
1477 2504 1579 2536 sermo
1594 2505 1659 2546 est)
1680 2507 1849 2547 promitta-

978 2553 1045 2583 tur,
1062 2553 1097 2576 ut
1113 2544 1166 2576 fiat
1182 2545 1389 2578 maleficium:
1416 2546 1516 2578 statim
1535 2547 1617 2579 enim
1638 2548 1850 2588 undequaque

978 2588 1057 2618 verti
1075 2588 1323 2627 turpitudineni;
1348 2588 1378 2618 id
1397 2587 1461 2627 est,
1485 2597 1549 2619 non
1569 2589 1670 2621 minus
1690 2599 1706 2620 a
1723 2589 1848 2630 stipula-

981 2629 1077 2666 toris‚
1095 2637 1186 2668 quani
1198 2638 1213 2659 a
1229 2628 1422 2669 promissoris
1436 2637 1533 2669 parte.
1551 2630 1633 2661 idem
1645 2639 1750 2663 tamen
1768 2631 1849 2671 effe,

981 2668 1135 2710 Ulpianus
1158 2671 1218 2707 ait;
1244 2669 1264 2700 11
1291 2671 1388 2710 quid,
1413 2680 1453 2701 ne
1470 2669 1524 2702 fiat
1541 2671 1753 2711 maleficium,
1778 2683 1850 2714 pro-

980 2712 1133 2742 mittatur.
1159 2720 1229 2742 nam
1246 2720 1286 2741 ne
1303 2711 1344 2742 fic
1359 2712 1486 2751 quidem
1504 2713 1642 2752 patitur,
1665 2724 1706 2746 ex
1724 2715 1850 2755 stipula-

981 2761 1013 2783 tu
1031 2752 1188 2783 notionem
1210 2752 1294 2784 dari:
1318 2753 1389 2792 quia
1411 2753 1514 2785 adhuc
1536 2763 1667 2796 apparet
1684 2756 1848 2797 stipulato-

978 2795 1018 2825 ris
1035 2794 1222 2833 turpitud03
1237 2793 1291 2825 etsi
1309 2803 1372 2825 non
1389 2794 1424 2826 sit
1440 2795 1644 2836 promiss‘oris.
1670 2797 1765 2838 Atqui
1783 2806 1847 2827 non

979 2834 1023 2865 est
1042 2835 1140 2874 turpis
1158 2835 1279 2874 pactio,
1303 2835 1323 2867 fi
1339 2838 1546 2876 convenerit,
1573 2838 1624 2869 Ne
1640 2838 1738 2870 facias
1755 2838 1849 2869 male-

978 2874 1094 2906 ficium.
1119 2875 1206 2907 esto:
1224 2877 1274 2908 sed
1288 2878 1326 2908 ad
1342 2879 1571 2919 turpitudinem
1588 2881 1730 2918 accedit3
1747 2879 1799 2909 ubi
1818 2887 1849 2909 a·

978 2917 1077 2955 liquid
1095 2926 1135 2947 eo
1161 2917 1290 2949 nomine
1311 2920 1527 2958 promittitur:
1552 2922 1734 2961 putantibus
1753 2918 1850 2951 Vete-

979 2958 1064 2989 ribus
1078 2981 1087 2996 ‚
1112 2960 1284 2990 convenire
1299 2961 1435 3000 publicae
1453 2961 1641 3002 disciplinae,
1667 2962 1810 2992 homines
1829 2970 1848 2992 a

978 2999 1102 3040 flagitiis
1119 2999 1149 3031 dc
1166 2999 1257 3032 rebus
1275 3002 1419 3042 turpibus
1439 3005 1564 3035 virtutis
1583 3002 1722 3042 respectu
1736 3010 1788 3033 aut
1805 3002 1848 3033 le-

977 3050 1049 3080 gum
1070 3042 1292 3082 veneratione,
1317 3053 1381 3075 non
1401 3045 1529 3084 privatis
1548 3043 1745 3082 pactionibus
1766 3043 1848 3074 inbi-

982 3082 1058 3127 0011.
1077 3081 1117 3114 fic
1130 3084 1256 3122 quidem
1272 3088 1302 3116 in
1319 3085 1520 3126 stipulatione
1531 3084 1693 3123 Ulpianus.
1715 3092 1745 3115 at
1761 3085 1847 3117 idem

980 3132 1010 3153 in
1036 3124 1183 3156 mandato
1209 3125 1239 3156 ἂ
1264 3126 1435 3159 societate:
1460 3135 1528 3157 nam
1547 3135 1585 3156 ne
1602 3127 1633 3159 in
1651 3126 1698 3159 his
1717 3127 1847 3168 quidem

979 3164 1131 3206 obligatio
1150 3175 1190 3197 ex
1205 3176 1239 3199 re
1256 3168 1339 3210 turpi
1359 3167 1566 3203 contrahitur.

1073 3246 1175 3289 Ges
1770 3252 1847 3284 CA-
