<?xml version="1.0" encoding="UTF-8"?>
<!DOCTYPE html PUBLIC "-//W3C//DTD XHTML 1.0 Transitional//EN"
    "http://www.w3.org/TR/xhtml1/DTD/xhtml1-transitional.dtd">
<html xmlns="http://www.w3.org/1999/xhtml" xml:lang="en" lang="en">
 <head>
  <title>
</title>
<meta http-equiv="Content-Type" content="text/html;charset=utf-8" />
  <meta name='ocr-system' content='tesseract 3.04.00' />
  <meta name='ocr-capabilities' content='ocr_page ocr_carea ocr_par ocr_line ocrx_word'/>
</head>
<body>
  <div class='ocr_page' id='page_1' title='image "./gerardinoodtnovi00nood_0335.png"; bbox 0 0 2036 3495; ppageno 0'>
   <div class='ocr_carea' id='block_1_1' title="bbox 513 63 1457 103">
    <p class='ocr_par' dir='ltr' id='par_1_1' title="bbox 513 63 1457 103">
     <span class='ocr_line' id='line_1_1' title="bbox 513 63 1457 103; baseline 0.001 -2"><span class='ocrx_word' id='word_1_1' title='bbox 513 64 572 101; x_wconf 67' lang='lat' dir='ltr'>De</span> <span class='ocrx_word' id='word_1_2' title='bbox 605 69 753 101; x_wconf 62' lang='lat' dir='ltr'>roem</span> <span class='ocrx_word' id='word_1_3' title='bbox 785 67 1060 103; x_wconf 67' lang='lat' dir='ltr'>EMENDANM</span> <span class='ocrx_word' id='word_1_4' title='bbox 1090 69 1193 100; x_wconf 77' lang='lat' dir='ltr'>nott</span> <span class='ocrx_word' id='word_1_5' title='bbox 1228 68 1336 101; x_wconf 67' lang='lat' dir='ltr'>Mitt</span> <span class='ocrx_word' id='word_1_6' title='bbox 1369 63 1457 103; x_wconf 73' lang='lat' dir='ltr'>Lm.</span> 
     </span>
    </p>
   </div>
   <div class='ocr_carea' id='block_1_2' title="bbox 45 151 952 3226">
    <p class='ocr_par' dir='ltr' id='par_1_2' title="bbox 45 151 952 3226">
     <span class='ocr_line' id='line_1_2' title="bbox 81 151 952 197; baseline -0.008 -5"><span class='ocrx_word' id='word_1_7' title='bbox 81 159 124 193; x_wconf 78' lang='lat' dir='ltr'>ait</span> <span class='ocrx_word' id='word_1_8' title='bbox 144 157 274 194; x_wconf 83' lang='lat' dir='ltr'>Paulus,</span> <span class='ocrx_word' id='word_1_9' title='bbox 299 155 422 197; x_wconf 78' lang='lat' dir='ltr'>opinari</span> <span class='ocrx_word' id='word_1_10' title='bbox 444 154 632 192; x_wconf 81' lang='lat' dir='ltr'><strong>Neratium,</strong></span> <span class='ocrx_word' id='word_1_11' title='bbox 656 151 821 190; x_wconf 85' lang='lat' dir='ltr'>interesse,</span> <span class='ocrx_word' id='word_1_12' title='bbox 845 154 952 194; x_wconf 87' lang='lat' dir='ltr'>quoad</span> 
     </span>
     <span class='ocr_line' id='line_1_3' title="bbox 80 194 952 239; baseline -0.008 -6"><span class='ocrx_word' id='word_1_13' title='bbox 80 202 164 235; x_wconf 82' lang='lat' dir='ltr'>hanc</span> <span class='ocrx_word' id='word_1_14' title='bbox 186 198 414 239; x_wconf 66' lang='lat' dir='ltr'>quaestionem,</span> <span class='ocrx_word' id='word_1_15' title='bbox 439 204 554 237; x_wconf 83' lang='lat' dir='ltr'>quanta</span> <span class='ocrx_word' id='word_1_16' title='bbox 576 196 691 227; x_wconf 88' lang='lat' dir='ltr'>domus</span> <span class='ocrx_word' id='word_1_17' title='bbox 709 203 779 234; x_wconf 80' lang='lat' dir='ltr'>pars</span> <span class='ocrx_word' id='word_1_18' title='bbox 799 194 952 226; x_wconf 87' lang='lat' dir='ltr'>incendio</span> 
     </span>
     <span class='ocr_line' id='line_1_4' title="bbox 75 235 952 285; baseline -0.006 -12"><span class='ocrx_word' id='word_1_19' title='bbox 75 243 221 285; x_wconf 83' lang='lat' dir='ltr'>perierit.</span> <span class='ocrx_word' id='word_1_20' title='bbox 245 249 316 272; x_wconf 83' lang='lat' dir='ltr'>nam</span> <span class='ocrx_word' id='word_1_21' title='bbox 330 239 356 271; x_wconf 82' lang='lat' dir='ltr'>l&#39;r</span> <span class='ocrx_word' id='word_1_22' title='bbox 368 239 504 278; x_wconf 81' lang='lat' dir='ltr'>amplior</span> <span class='ocrx_word' id='word_1_23' title='bbox 520 235 627 268; x_wconf 80' lang='lat' dir='ltr'>exusta</span> <span class='ocrx_word' id='word_1_24' title='bbox 643 235 697 273; x_wconf 82' lang='lat' dir='ltr'>s1t3</span> <span class='ocrx_word' id='word_1_25' title='bbox 714 235 818 266; x_wconf 81' lang='lat' dir='ltr'>adbuc</span> <span class='ocrx_word' id='word_1_26' title='bbox 835 237 952 268; x_wconf 77' lang='lat' dir='ltr'>nullam</span> 
     </span>
     <span class='ocr_line' id='line_1_5' title="bbox 80 277 951 319; baseline -0.008 -3"><span class='ocrx_word' id='word_1_27' title='bbox 80 284 182 316; x_wconf 87' lang='lat' dir='ltr'>videri</span> <span class='ocrx_word' id='word_1_28' title='bbox 203 282 441 317; x_wconf 82' lang='lat' dir='ltr'>venditionem:</span> <span class='ocrx_word' id='word_1_29' title='bbox 461 277 543 319; x_wconf 79' lang='lat' dir='ltr'>quasi</span> <span class='ocrx_word' id='word_1_30' title='bbox 559 287 622 310; x_wconf 90' lang='lat' dir='ltr'>non</span> <span class='ocrx_word' id='word_1_31' title='bbox 634 277 731 308; x_wconf 81' lang='lat' dir='ltr'>fuerit</span> <span class='ocrx_word' id='word_1_32' title='bbox 747 277 862 308; x_wconf 86' lang='lat' dir='ltr'>domus</span> <span class='ocrx_word' id='word_1_33' title='bbox 880 287 951 317; x_wconf 79' lang='lat' dir='ltr'>quae</span> 
     </span>
     <span class='ocr_line' id='line_1_6' title="bbox 78 319 949 362; baseline -0.008 -5"><span class='ocrx_word' id='word_1_34' title='bbox 78 322 299 362; x_wconf 54' lang='lat' dir='ltr'>Venderetur,</span> <span class='ocrx_word' id='word_1_35' title='bbox 310 321 561 361; x_wconf 45' lang='lat' dir='ltr'>sublata-&gt;majore</span> <span class='ocrx_word' id='word_1_36' title='bbox 577 320 642 360; x_wconf 79' lang='lat' dir='ltr'>eJus</span> <span class='ocrx_word' id='word_1_37' title='bbox 653 326 762 358; x_wconf 80' lang='lat' dir='ltr'>parte,</span> <span class='ocrx_word' id='word_1_38' title='bbox 777 319 833 350; x_wconf 86' lang='lat' dir='ltr'>etsi</span> <span class='ocrx_word' id='word_1_39' title='bbox 851 319 949 350; x_wconf 80' lang='lat' dir='ltr'>mino-</span> 
     </span>
     <span class='ocr_line' id='line_1_7' title="bbox 79 359 951 407; baseline -0.009 -8"><span class='ocrx_word' id='word_1_40' title='bbox 79 377 117 400; x_wconf 76' lang='lat' dir='ltr'>re</span> <span class='ocrx_word' id='word_1_41' title='bbox 136 366 273 407; x_wconf 86' lang='lat' dir='ltr'>reliqua:</span> <span class='ocrx_word' id='word_1_42' title='bbox 297 372 379 396; x_wconf 55' lang='lat' dir='ltr'>cum*</span> <span class='ocrx_word' id='word_1_43' title='bbox 394 363 544 404; x_wconf 79' lang='lat' dir='ltr'>pleraque</span> <span class='ocrx_word' id='word_1_44' title='bbox 564 367 630 393; x_wconf 84' lang='lat' dir='ltr'>non</span> <span class='ocrx_word' id='word_1_45' title='bbox 648 360 793 398; x_wconf 86' lang='lat' dir='ltr'>minore,</span> <span class='ocrx_word' id='word_1_46' title='bbox 817 359 869 391; x_wconf 87' lang='lat' dir='ltr'>sed</span> <span class='ocrx_word' id='word_1_47' title='bbox 887 369 951 392; x_wconf 84' lang='lat' dir='ltr'>ma-</span> 
     </span>
     <span class='ocr_line' id='line_1_8' title="bbox 81 401 951 448; baseline -0.009 -8"><span class='ocrx_word' id='word_1_48' title='bbox 81 406 266 448; x_wconf 82' lang='lat' dir='ltr'>&#39;ore,parte</span> <span class='ocrx_word' id='word_1_49' title='bbox 279 405 476 437; x_wconf 72' lang='lat' dir='ltr'>censeantur.</span> <span class='ocrx_word' id='word_1_50' title='bbox 497 403 593 444; x_wconf 86' lang='lat' dir='ltr'>igitur</span> <span class='ocrx_word' id='word_1_51' title='bbox 610 402 662 433; x_wconf 88' lang='lat' dir='ltr'>hic</span> <span class='ocrx_word' id='word_1_52' title='bbox 680 410 810 442; x_wconf 88' lang='lat' dir='ltr'>quoque</span> <span class='ocrx_word' id='word_1_53' title='bbox 822 408 864 433; x_wconf 82' lang='lat' dir='ltr'>ait</span> <span class='ocrx_word' id='word_1_54' title='bbox 876 401 951 433; x_wconf 84' lang='lat' dir='ltr'>Pau-</span> 
     </span>
     <span class='ocr_line' id='line_1_9' title="bbox 76 418 950 487; baseline -0.01 -5"><span class='ocrx_word' id='word_1_55' title='bbox 76 418 129 482; x_wconf 57' lang='lat' dir='ltr'>ius</span> <span class='ocrx_word' id='word_1_56' title='bbox 144 448 241 487; x_wconf 73' lang='lat' dir='ltr'>‚non</span> <span class='ocrx_word' id='word_1_57' title='bbox 264 447 363 478; x_wconf 84' lang='lat' dir='ltr'>modo</span> <span class='ocrx_word' id='word_1_58' title='bbox 387 454 451 478; x_wconf 89' lang='lat' dir='ltr'>non</span> <span class='ocrx_word' id='word_1_59' title='bbox 474 443 627 485; x_wconf 82' lang='lat' dir='ltr'>compelli</span> <span class='ocrx_word' id='word_1_60' title='bbox 653 450 861 483; x_wconf 87' lang='lat' dir='ltr'>emptorem,</span> <span class='ocrx_word' id='word_1_61' title='bbox 886 451 950 475; x_wconf 89' lang='lat' dir='ltr'>em-</span> 
     </span>
     <span class='ocr_line' id='line_1_10' title="bbox 73 484 950 533; baseline -0.007 -11"><span class='ocrx_word' id='word_1_62' title='bbox 73 489 225 533; x_wconf 67' lang='lat' dir='ltr'>’ptionem</span> <span class='ocrx_word' id='word_1_63' title='bbox 242 485 501 530; x_wconf 66' lang='lat' dir='ltr'>perficere,⁴&#39;·ssve</span> <span class='ocrx_word' id='word_1_64' title='bbox 515 489 716 525; x_wconf 82' lang='lat' dir='ltr'>emptionem</span> <span class='ocrx_word' id='word_1_65' title='bbox 732 484 950 516; x_wconf 85' lang='lat' dir='ltr'>consummare</span> 
     </span>
     <span class='ocr_line' id='line_1_11' title="bbox 76 524 951 574; baseline -0.008 -10"><span class='ocrx_word' id='word_1_66' title='bbox 76 530 173 574; x_wconf 85' lang='lat' dir='ltr'>pretii</span> <span class='ocrx_word' id='word_1_67' title='bbox 191 525 431 567; x_wconf 81' lang='lat' dir='ltr'>numeratione,</span> <span class='ocrx_word' id='word_1_68' title='bbox 454 526 506 558; x_wconf 92' lang='lat' dir='ltr'>sed</span> <span class='ocrx_word' id='word_1_69' title='bbox 520 535 691 567; x_wconf 78' lang='lat' dir='ltr'>praeterea,</span> <span class='ocrx_word' id='word_1_70' title='bbox 714 525 737 558; x_wconf 89' lang='lat' dir='ltr'><strong>fi</strong></span> <span class='ocrx_word' id='word_1_71' title='bbox 756 526 833 567; x_wconf 88' lang='lat' dir='ltr'>quid</span> <span class='ocrx_word' id='word_1_72' title='bbox 849 524 951 557; x_wconf 88' lang='lat' dir='ltr'>solve-</span> 
     </span>
     <span class='ocr_line' id='line_1_12' title="bbox 76 567 949 613; baseline -0.008 -7"><span class='ocrx_word' id='word_1_73' title='bbox 76 575 138 612; x_wconf 87' lang='lat' dir='ltr'>rit,</span> <span class='ocrx_word' id='word_1_74' title='bbox 163 569 422 613; x_wconf 73' lang='lat' dir='ltr'>repetereposs&#39;e:</span> <span class='ocrx_word' id='word_1_75' title='bbox 455 568 508 600; x_wconf 89' lang='lat' dir='ltr'>S-ic</span> <span class='ocrx_word' id='word_1_76' title='bbox 524 568 657 607; x_wconf 78' lang='lat' dir='ltr'>Paulus,</span> <span class='ocrx_word' id='word_1_77' title='bbox 680 567 701 600; x_wconf 89' lang='lat' dir='ltr'>sl</span> <span class='ocrx_word' id='word_1_78' title='bbox 719 568 818 607; x_wconf 78' lang='lat' dir='ltr'>maior</span> <span class='ocrx_word' id='word_1_79' title='bbox 833 568 949 600; x_wconf 90' lang='lat' dir='ltr'>domus</span> 
     </span>
     <span class='ocr_line' id='line_1_13' title="bbox 76 609 944 657; baseline -0.009 -10"><span class='ocrx_word' id='word_1_80' title='bbox 76 623 149 657; x_wconf 83' lang='lat' dir='ltr'>pars</span> <span class='ocrx_word' id='word_1_81' title='bbox 167 613 317 646; x_wconf 88' lang='lat' dir='ltr'>incendio</span> <span class='ocrx_word' id='word_1_82' title='bbox 335 611 473 653; x_wconf 75' lang='lat' dir='ltr'>perierit,</span> <span class='ocrx_word' id='word_1_83' title='bbox 498 617 528 640; x_wconf 88' lang='lat' dir='ltr'>at</span> <span class='ocrx_word' id='word_1_84' title='bbox 544 609 564 641; x_wconf 84' lang='lat' dir='ltr'>si</span> <span class='ocrx_word' id='word_1_85' title='bbox 585 610 731 648; x_wconf 85' lang='lat' dir='ltr'>dimidia,</span> <span class='ocrx_word' id='word_1_86' title='bbox 755 617 809 640; x_wconf 89' lang='lat' dir='ltr'>aut</span> <span class='ocrx_word' id='word_1_87' title='bbox 824 609 944 648; x_wconf 88' lang='lat' dir='ltr'>minor,</span> 
     </span>
     <span class='ocr_line' id='line_1_14' title="bbox 76 651 948 698; baseline -0.007 -11"><span class='ocrx_word' id='word_1_88' title='bbox 76 664 170 698; x_wconf 86' lang='lat' dir='ltr'>quam</span> <span class='ocrx_word' id='word_1_89' title='bbox 195 654 324 686; x_wconf 80' lang='lat' dir='ltr'>dimidia</span> <span class='ocrx_word' id='word_1_90' title='bbox 340 676 349 692; x_wconf 96' lang='lat'>,</span> <span class='ocrx_word' id='word_1_91' title='bbox 379 652 415 685; x_wconf 84' lang='lat' dir='ltr'>sit</span> <span class='ocrx_word' id='word_1_92' title='bbox 442 652 577 683; x_wconf 80' lang='lat' dir='ltr'>exusta:</span> <span class='ocrx_word' id='word_1_93' title='bbox 608 660 720 682; x_wconf 84' lang='lat' dir='ltr'>contra</span> <span class='ocrx_word' id='word_1_94' title='bbox 747 651 816 690; x_wconf 88' lang='lat' dir='ltr'>ait,</span> <span class='ocrx_word' id='word_1_95' title='bbox 840 651 948 682; x_wconf 89' lang='lat' dir='ltr'>valere</span> 
     </span>
     <span class='ocr_line' id='line_1_15' title="bbox 75 692 946 735; baseline -0.008 -6"><span class='ocrx_word' id='word_1_96' title='bbox 75 696 319 734; x_wconf 85' lang='lat' dir='ltr'>venditionem3</span> <span class='ocrx_word' id='word_1_97' title='bbox 337 694 607 734; x_wconf 83' lang='lat' dir='ltr'>quiaintelligitur</span> <span class='ocrx_word' id='word_1_98' title='bbox 623 692 745 735; x_wconf 82' lang='lat' dir='ltr'>exstare</span> <span class='ocrx_word' id='word_1_99' title='bbox 762 693 876 723; x_wconf 87' lang='lat' dir='ltr'>domus</span> <span class='ocrx_word' id='word_1_100' title='bbox 892 701 946 723; x_wconf 84' lang='lat' dir='ltr'>cu-</span> 
     </span>
     <span class='ocr_line' id='line_1_16' title="bbox 77 734 945 776; baseline -0.008 -5"><span class='ocrx_word' id='word_1_101' title='bbox 77 735 267 774; x_wconf 59' lang='lat' dir='ltr'>&#39;usstlimidia</span> <span class='ocrx_word' id='word_1_102' title='bbox 283 745 372 776; x_wconf 79' lang='lat' dir='ltr'>pars,</span> <span class='ocrx_word' id='word_1_103' title='bbox 397 743 450 766; x_wconf 86' lang='lat' dir='ltr'>aut</span> <span class='ocrx_word' id='word_1_104' title='bbox 467 736 583 775; x_wconf 77' lang='lat' dir='ltr'>major,</span> <span class='ocrx_word' id='word_1_105' title='bbox 608 744 701 774; x_wconf 83' lang='lat' dir='ltr'>quam</span> <span class='ocrx_word' id='word_1_106' title='bbox 722 734 867 772; x_wconf 87' lang='lat' dir='ltr'>dimidia,</span> <span class='ocrx_word' id='word_1_107' title='bbox 892 742 945 764; x_wconf 88' lang='lat' dir='ltr'>ex-</span> 
     </span>
     <span class='ocr_line' id='line_1_17' title="bbox 71 749 947 816; baseline -0.007 -4"><span class='ocrx_word' id='word_1_108' title='bbox 71 749 150 813; x_wconf 59' lang='lat' dir='ltr'>·hat:</span> <span class='ocrx_word' id='word_1_109' title='bbox 176 778 206 810; x_wconf 69' lang='grc' dir='ltr'>ὅ(</span> <span class='ocrx_word' id='word_1_110' title='bbox 230 777 308 808; x_wconf 87' lang='lat' dir='ltr'>huic</span> <span class='ocrx_word' id='word_1_111' title='bbox 332 776 531 816; x_wconf 74' lang='lat' dir='ltr'>consequens</span> <span class='ocrx_word' id='word_1_112' title='bbox 549 775 612 807; x_wconf 82' lang='lat' dir='ltr'>ess&#39;e</span> <span class='ocrx_word' id='word_1_113' title='bbox 627 778 688 815; x_wconf 86' lang='lat' dir='ltr'>ait,</span> <span class='ocrx_word' id='word_1_114' title='bbox 712 785 745 806; x_wconf 92' lang='lat' dir='ltr'>ut</span> <span class='ocrx_word' id='word_1_115' title='bbox 762 775 889 806; x_wconf 72' lang='lat' dir='ltr'>afflone</span> <span class='ocrx_word' id='word_1_116' title='bbox 906 783 947 806; x_wconf 83' lang='lat' dir='ltr'>ex</span> 
     </span>
     <span class='ocr_line' id='line_1_18' title="bbox 70 818 946 860; baseline -0.008 -6"><span class='ocrx_word' id='word_1_117' title='bbox 70 820 207 854; x_wconf 61' lang='lat' dir='ltr'>vendito</span> <span class='ocrx_word' id='word_1_118' title='bbox 233 819 325 860; x_wconf 82' lang='lat' dir='ltr'>po&#39;ffit</span> <span class='ocrx_word' id='word_1_119' title='bbox 350 820 484 849; x_wconf 80' lang='lat' dir='ltr'>coartari</span> <span class='ocrx_word' id='word_1_120' title='bbox 510 826 657 858; x_wconf 88' lang='lat' dir='ltr'>emptor,</span> <span class='ocrx_word' id='word_1_121' title='bbox 681 818 854 857; x_wconf 79' lang='lat' dir='ltr'>adimplere</span> <span class='ocrx_word' id='word_1_122' title='bbox 871 825 946 847; x_wconf 85' lang='lat' dir='ltr'>ven-</span> 
     </span>
     <span class='ocr_line' id='line_1_19' title="bbox 68 859 946 900; baseline -0.007 -6"><span class='ocrx_word' id='word_1_123' title='bbox 68 863 246 896; x_wconf 72' lang='lat' dir='ltr'>ditionem:</span> <span class='ocrx_word' id='word_1_124' title='bbox 269 862 301 892; x_wconf 92' lang='lat' dir='ltr'>id</span> <span class='ocrx_word' id='word_1_125' title='bbox 320 859 382 899; x_wconf 85' lang='lat' dir='ltr'>cst,</span> <span class='ocrx_word' id='word_1_126' title='bbox 407 859 545 900; x_wconf 82' lang='lat' dir='ltr'>pretium</span> <span class='ocrx_word' id='word_1_127' title='bbox 568 860 656 900; x_wconf 88' lang='lat' dir='ltr'>quod</span> <span class='ocrx_word' id='word_1_128' title='bbox 680 867 738 898; x_wconf 89' lang='lat' dir='ltr'>pro</span> <span class='ocrx_word' id='word_1_129' title='bbox 755 862 854 889; x_wconf 88' lang='lat' dir='ltr'>domo</span> <span class='ocrx_word' id='word_1_130' title='bbox 873 866 946 898; x_wconf 87' lang='lat' dir='ltr'>pro-</span> 
     </span>
     <span class='ocr_line' id='line_1_20' title="bbox 67 900 945 944; baseline -0.008 -7"><span class='ocrx_word' id='word_1_131' title='bbox 67 902 154 938; x_wconf 72' lang='lat' dir='ltr'>milit</span> <span class='ocrx_word' id='word_1_132' title='bbox 169 902 369 944; x_wconf 82' lang='lat' dir='ltr'>persolvere:</span> <span class='ocrx_word' id='word_1_133' title='bbox 392 911 455 932; x_wconf 92' lang='lat' dir='ltr'>non</span> <span class='ocrx_word' id='word_1_134' title='bbox 479 901 608 942; x_wconf 88' lang='lat' dir='ltr'>quidem</span> <span class='ocrx_word' id='word_1_135' title='bbox 628 901 658 931; x_wconf 83' lang='lat' dir='ltr'>in</span> <span class='ocrx_word' id='word_1_136' title='bbox 678 900 830 937; x_wconf 80' lang='lat' dir='ltr'>solidum3</span> <span class='ocrx_word' id='word_1_137' title='bbox 854 900 945 939; x_wconf 82' lang='lat' dir='ltr'>(nam</span> 
     </span>
     <span class='ocr_line' id='line_1_21' title="bbox 67 941 946 985; baseline -0.008 -7"><span class='ocrx_word' id='word_1_138' title='bbox 67 946 214 985; x_wconf 54' lang='lat' dir='ltr'>*iniquum</span> <span class='ocrx_word' id='word_1_139' title='bbox 239 944 345 981; x_wconf 86' lang='lat' dir='ltr'>foret,</span> <span class='ocrx_word' id='word_1_140' title='bbox 370 942 504 974; x_wconf 82' lang='lat' dir='ltr'>solidum</span> <span class='ocrx_word' id='word_1_141' title='bbox 530 942 597 982; x_wconf 86' lang='lat' dir='ltr'>peti</span> <span class='ocrx_word' id='word_1_142' title='bbox 621 942 776 982; x_wconf 83' lang='lat' dir='ltr'>pretium,</span> <span class='ocrx_word' id='word_1_143' title='bbox 802 941 854 972; x_wconf 88' lang='lat' dir='ltr'>ubi</span> <span class='ocrx_word' id='word_1_144' title='bbox 880 949 946 971; x_wconf 85' lang='lat' dir='ltr'>non</span> 
     </span>
     <span class='ocr_line' id='line_1_22' title="bbox 68 983 944 1031; baseline -0.008 -12"><span class='ocrx_word' id='word_1_145' title='bbox 68 983 177 1031; x_wconf 81' lang='lat' dir='ltr'>potest</span> <span class='ocrx_word' id='word_1_146' title='bbox 193 985 323 1017; x_wconf 83' lang='lat' dir='ltr'>viciffim</span> <span class='ocrx_word' id='word_1_147' title='bbox 336 985 415 1016; x_wconf 88' lang='lat' dir='ltr'>tradi</span> <span class='ocrx_word' id='word_1_148' title='bbox 431 984 529 1015; x_wconf 83' lang='lat' dir='ltr'>solida</span> <span class='ocrx_word' id='word_1_149' title='bbox 544 983 679 1023; x_wconf 80' lang='lat' dir='ltr'>domus)</span> <span class='ocrx_word' id='word_1_150' title='bbox 696 984 746 1013; x_wconf 82' lang='lat' dir='ltr'>led</span> <span class='ocrx_word' id='word_1_151' title='bbox 762 983 850 1022; x_wconf 87' lang='lat' dir='ltr'>quod</span> <span class='ocrx_word' id='word_1_152' title='bbox 867 991 944 1012; x_wconf 93' lang='lat' dir='ltr'>con-</span> 
     </span>
     <span class='ocr_line' id='line_1_23' title="bbox 66 1021 945 1065; baseline -0.006 -5"><span class='ocrx_word' id='word_1_153' title='bbox 66 1029 164 1060; x_wconf 73' lang='lat' dir='ltr'>&#39;ven&#39;it</span> <span class='ocrx_word' id='word_1_154' title='bbox 179 1027 297 1059; x_wconf 69' lang='lat' dir='ltr'>actioni</span> <span class='ocrx_word' id='word_1_155' title='bbox 315 1027 409 1057; x_wconf 83' lang='lat' dir='ltr'>bonae</span> <span class='ocrx_word' id='word_1_156' title='bbox 425 1025 521 1064; x_wconf 83' lang='lat' dir='ltr'>fidei,</span> <span class='ocrx_word' id='word_1_157' title='bbox 544 1026 576 1056; x_wconf 88' lang='lat' dir='ltr'>in</span> <span class='ocrx_word' id='word_1_158' title='bbox 593 1034 654 1065; x_wconf 85' lang='lat' dir='ltr'>qua</span> <span class='ocrx_word' id='word_1_159' title='bbox 671 1025 769 1055; x_wconf 82' lang='lat' dir='ltr'>libera</span> <span class='ocrx_word' id='word_1_160' title='bbox 782 1023 882 1063; x_wconf 81' lang='lat' dir='ltr'>Judici</span> <span class='ocrx_word' id='word_1_161' title='bbox 899 1021 945 1055; x_wconf 87' lang='lat' dir='ltr'>est</span> 
     </span>
     <span class='ocr_line' id='line_1_24' title="bbox 68 1066 944 1112; baseline -0.008 -11"><span class='ocrx_word' id='word_1_162' title='bbox 68 1069 213 1112; x_wconf 74' lang='lat' dir='ltr'>potestas</span> <span class='ocrx_word' id='word_1_163' title='bbox 235 1068 470 1100; x_wconf 38' lang='lat' dir='ltr'>aestimandiffex</span> <span class='ocrx_word' id='word_1_164' title='bbox 487 1076 583 1108; x_wconf 84' lang='lat' dir='ltr'>aequo</span> <span class='ocrx_word' id='word_1_165' title='bbox 606 1066 637 1098; x_wconf 88' lang='lat'>&amp;</span> <span class='ocrx_word' id='word_1_166' title='bbox 659 1066 767 1104; x_wconf 93' lang='lat' dir='ltr'>bono,</span> <span class='ocrx_word' id='word_1_167' title='bbox 790 1073 944 1105; x_wconf 85' lang='lat' dir='ltr'>quantum</span> 
     </span>
     <span class='ocr_line' id='line_1_25' title="bbox 66 1105 944 1153; baseline -0.008 -10"><span class='ocrx_word' id='word_1_168' title='bbox 66 1112 171 1144; x_wconf 53' lang='lat' dir='ltr'>*actori</span> <span class='ocrx_word' id='word_1_169' title='bbox 190 1110 268 1142; x_wconf 86' lang='lat' dir='ltr'>solvi</span> <span class='ocrx_word' id='word_1_170' title='bbox 289 1110 404 1141; x_wconf 86' lang='lat' dir='ltr'>debeat</span> <span class='ocrx_word' id='word_1_171' title='bbox 421 1108 448 1150; x_wconf 88' lang='lat'>§.</span> <span class='ocrx_word' id='word_1_172' title='bbox 468 1118 517 1149; x_wconf 81' lang='lat'>30.</span> <span class='ocrx_word' id='word_1_173' title='bbox 535 1105 607 1149; x_wconf 81' lang='lat' dir='ltr'>Infl.</span> <span class='ocrx_word' id='word_1_174' title='bbox 625 1108 658 1139; x_wconf 87' lang='lat' dir='ltr'>de</span> <span class='ocrx_word' id='word_1_175' title='bbox 672 1106 851 1153; x_wconf 60' lang='lat' dir='ltr'>aetionibzcs,</span> <span class='ocrx_word' id='word_1_176' title='bbox 874 1105 944 1136; x_wconf 86' lang='lat' dir='ltr'>offi-</span> 
     </span>
     <span class='ocr_line' id='line_1_26' title="bbox 69 1148 944 1192; baseline -0.009 -7"><span class='ocrx_word' id='word_1_177' title='bbox 69 1154 124 1185; x_wconf 87' lang='lat' dir='ltr'>cio</span> <span class='ocrx_word' id='word_1_178' title='bbox 140 1151 259 1192; x_wconf 77' lang='lat' dir='ltr'>judicis</span> <span class='ocrx_word' id='word_1_179' title='bbox 274 1151 434 1183; x_wconf 88' lang='lat' dir='ltr'>minuetur</span> <span class='ocrx_word' id='word_1_180' title='bbox 443 1150 580 1191; x_wconf 90' lang='lat' dir='ltr'>pretium</span> <span class='ocrx_word' id='word_1_181' title='bbox 591 1156 747 1190; x_wconf 86' lang='lat' dir='ltr'>quatenus</span> <span class='ocrx_word' id='word_1_182' title='bbox 764 1148 797 1179; x_wconf 83' lang='lat' dir='ltr'>id</span> <span class='ocrx_word' id='word_1_183' title='bbox 812 1155 944 1188; x_wconf 85' lang='lat' dir='ltr'>propter</span> 
     </span>
     <span class='ocr_line' id='line_1_27' title="bbox 69 1188 943 1228; baseline -0.01 -1"><span class='ocrx_word' id='word_1_184' title='bbox 69 1195 255 1228; x_wconf 80' lang='lat' dir='ltr'><strong>incendium</strong></span> <span class='ocrx_word' id='word_1_185' title='bbox 268 1190 441 1224; x_wconf 80' lang='lat' dir='ltr'>decrevisse</span> <span class='ocrx_word' id='word_1_186' title='bbox 453 1192 499 1222; x_wconf 85' lang='lat' dir='ltr'>vir</span> <span class='ocrx_word' id='word_1_187' title='bbox 510 1191 614 1222; x_wconf 88' lang='lat' dir='ltr'>bonus</span> <span class='ocrx_word' id='word_1_188' title='bbox 626 1189 838 1221; x_wconf 85' lang='lat' dir='ltr'>arbitrabitur.</span> <span class='ocrx_word' id='word_1_189' title='bbox 862 1188 943 1219; x_wconf 82' lang='lat' dir='ltr'>Haec</span> 
     </span>
     <span class='ocr_line' id='line_1_28' title="bbox 70 1230 944 1272; baseline -0.01 -3"><span class='ocrx_word' id='word_1_190' title='bbox 70 1236 160 1269; x_wconf 84' lang='lat' dir='ltr'>Pauli</span> <span class='ocrx_word' id='word_1_191' title='bbox 177 1236 349 1266; x_wconf 77' lang='lat' dir='ltr'>tententia:</span> <span class='ocrx_word' id='word_1_192' title='bbox 368 1232 389 1264; x_wconf 85' lang='lat' dir='ltr'><strong>fi</strong></span> <span class='ocrx_word' id='word_1_193' title='bbox 406 1231 582 1272; x_wconf 84' lang='lat' dir='ltr'>uterque&amp;</span> <span class='ocrx_word' id='word_1_194' title='bbox 599 1239 728 1272; x_wconf 82' lang='lat' dir='ltr'>emptor</span> <span class='ocrx_word' id='word_1_195' title='bbox 743 1231 772 1262; x_wconf 68' lang='grc' dir='ltr'>δι</span> <span class='ocrx_word' id='word_1_196' title='bbox 791 1230 944 1261; x_wconf 86' lang='lat' dir='ltr'>venditor</span> 
     </span>
     <span class='ocr_line' id='line_1_29' title="bbox 64 1271 943 1314; baseline -0.008 -5"><span class='ocrx_word' id='word_1_197' title='bbox 64 1277 75 1310; x_wconf 84' lang='lat' dir='ltr'>i</span> <span class='ocrx_word' id='word_1_198' title='bbox 101 1276 279 1314; x_wconf 74' lang='lat' dir='ltr'>notaverit,</span> <span class='ocrx_word' id='word_1_199' title='bbox 309 1273 507 1306; x_wconf 87' lang='lat' dir='ltr'>combustam</span> <span class='ocrx_word' id='word_1_200' title='bbox 525 1271 617 1305; x_wconf 84' lang='lat' dir='ltr'>fuisse</span> <span class='ocrx_word' id='word_1_201' title='bbox 632 1273 763 1305; x_wconf 90' lang='lat' dir='ltr'>domum</span> <span class='ocrx_word' id='word_1_202' title='bbox 780 1279 855 1303; x_wconf 79' lang='lat' dir='ltr'>ante</span> <span class='ocrx_word' id='word_1_203' title='bbox 874 1279 943 1312; x_wconf 89' lang='lat' dir='ltr'>per-</span> 
     </span>
     <span class='ocr_line' id='line_1_30' title="bbox 85 1317 436 1350; baseline -0.009 -1"><span class='ocrx_word' id='word_1_204' title='bbox 85 1317 185 1350; x_wconf 75' lang='lat' dir='ltr'>ettam</span> <span class='ocrx_word' id='word_1_205' title='bbox 202 1317 436 1348; x_wconf 85' lang='lat' dir='ltr'>venditionem.</span> 
     </span>
     <span class='ocr_line' id='line_1_31' title="bbox 109 1353 940 1396; baseline -0.008 -5"><span class='ocrx_word' id='word_1_206' title='bbox 109 1359 173 1391; x_wconf 86' lang='lat' dir='ltr'>Sed</span> <span class='ocrx_word' id='word_1_207' title='bbox 208 1359 280 1396; x_wconf 79' lang='lat' dir='ltr'>uid,</span> <span class='ocrx_word' id='word_1_208' title='bbox 299 1358 319 1390; x_wconf 88' lang='lat' dir='ltr'>fi</span> <span class='ocrx_word' id='word_1_209' title='bbox 334 1357 366 1389; x_wconf 87' lang='lat' dir='ltr'>id</span> <span class='ocrx_word' id='word_1_210' title='bbox 378 1356 527 1389; x_wconf 89' lang='lat' dir='ltr'>venditor</span> <span class='ocrx_word' id='word_1_211' title='bbox 541 1355 687 1395; x_wconf 88' lang='lat' dir='ltr'>sciverit,</span> <span class='ocrx_word' id='word_1_212' title='bbox 706 1362 835 1395; x_wconf 87' lang='lat' dir='ltr'>emptor</span> <span class='ocrx_word' id='word_1_213' title='bbox 849 1353 940 1395; x_wconf 82' lang='lat' dir='ltr'>igno-</span> 
     </span>
     <span class='ocr_line' id='line_1_32' title="bbox 66 1395 941 1439; baseline -0.007 -6"><span class='ocrx_word' id='word_1_214' title='bbox 66 1402 205 1435; x_wconf 76' lang='lat' dir='ltr'>raverit.</span> <span class='ocrx_word' id='word_1_215' title='bbox 236 1398 308 1430; x_wconf 85' lang='lat' dir='ltr'>Huc</span> <span class='ocrx_word' id='word_1_216' title='bbox 333 1398 473 1439; x_wconf 71' lang='lat' dir='ltr'>spectant</span> <span class='ocrx_word' id='word_1_217' title='bbox 497 1398 594 1429; x_wconf 87' lang='lat' dir='ltr'>verba</span> <span class='ocrx_word' id='word_1_218' title='bbox 617 1397 647 1439; x_wconf 85' lang='lat'>§.</span> <span class='ocrx_word' id='word_1_219' title='bbox 674 1406 701 1429; x_wconf 88' lang='lat'>1.</span> <span class='ocrx_word' id='word_1_220' title='bbox 727 1398 757 1429; x_wconf 80' lang='lat' dir='ltr'>d.</span> <span class='ocrx_word' id='word_1_221' title='bbox 774 1397 794 1427; x_wconf 85' lang='lat' dir='ltr'>l.</span> <span class='ocrx_word' id='word_1_222' title='bbox 810 1405 862 1436; x_wconf 82' lang='lat'>57.</span> <span class='ocrx_word' id='word_1_223' title='bbox 888 1395 941 1427; x_wconf 80' lang='lat' dir='ltr'>Sin</span> 
     </span>
     <span class='ocr_line' id='line_1_33' title="bbox 67 1435 939 1481; baseline -0.009 -6"><span class='ocrx_word' id='word_1_224' title='bbox 67 1448 163 1476; x_wconf 80' lang='lat' dir='ltr'>autem</span> <span class='ocrx_word' id='word_1_225' title='bbox 177 1442 310 1473; x_wconf 83' lang='lat' dir='ltr'>venditor</span> <span class='ocrx_word' id='word_1_226' title='bbox 322 1441 433 1481; x_wconf 75' lang='lat' dir='ltr'>quidem</span> <span class='ocrx_word' id='word_1_227' title='bbox 442 1441 553 1479; x_wconf 73' lang='lat' dir='ltr'>sciebat</span> <span class='ocrx_word' id='word_1_228' title='bbox 562 1462 572 1478; x_wconf 89' lang='lat'>‚</span> <span class='ocrx_word' id='word_1_229' title='bbox 594 1442 711 1470; x_wconf 80' lang='lat' dir='ltr'>domum</span> <span class='ocrx_word' id='word_1_230' title='bbox 723 1436 776 1478; x_wconf 85' lang='lat' dir='ltr'>effe</span> <span class='ocrx_word' id='word_1_231' title='bbox 790 1435 920 1476; x_wconf 79' lang='lat' dir='ltr'>exustam</span> <span class='ocrx_word' id='word_1_232' title='bbox 928 1459 939 1476; x_wconf 91' lang='lat'>,</span> 
     </span>
     <span class='ocr_line' id='line_1_34' title="bbox 52 1479 940 1525; baseline -0.009 -9"><span class='ocrx_word' id='word_1_233' title='bbox 52 1490 175 1525; x_wconf 55' lang='lat' dir='ltr'>smptm·</span> <span class='ocrx_word' id='word_1_234' title='bbox 193 1488 290 1514; x_wconf 80' lang='lat' dir='ltr'>autem</span> <span class='ocrx_word' id='word_1_235' title='bbox 311 1482 484 1523; x_wconf 75' lang='lat' dir='ltr'>ignorabat,</span> <span class='ocrx_word' id='word_1_236' title='bbox 506 1482 619 1512; x_wconf 72' lang='lat' dir='ltr'>nullam</span> <span class='ocrx_word' id='word_1_237' title='bbox 628 1479 710 1521; x_wconf 70' lang='lat' dir='ltr'>sture</span> <span class='ocrx_word' id='word_1_238' title='bbox 727 1480 940 1517; x_wconf 75' lang='lat' dir='ltr'>vendicionem,</span> 
     </span>
     <span class='ocr_line' id='line_1_35' title="bbox 64 1518 940 1566; baseline -0.007 -9"><span class='ocrx_word' id='word_1_239' title='bbox 64 1524 95 1566; x_wconf 79' lang='lat' dir='ltr'><strong><em>fi</em></strong></span> <span class='ocrx_word' id='word_1_240' title='bbox 116 1531 176 1557; x_wconf 80' lang='lat' dir='ltr'>tota</span> <span class='ocrx_word' id='word_1_241' title='bbox 200 1528 299 1556; x_wconf 82' lang='lat' dir='ltr'>domus</span> <span class='ocrx_word' id='word_1_242' title='bbox 323 1528 389 1555; x_wconf 80' lang='lat' dir='ltr'>ante</span> <span class='ocrx_word' id='word_1_243' title='bbox 413 1523 608 1554; x_wconf 67' lang='lat' dir='ltr'>vendicionem</span> <span class='ocrx_word' id='word_1_244' title='bbox 632 1519 734 1562; x_wconf 78' lang='lat' dir='ltr'>exusta</span> <span class='ocrx_word' id='word_1_245' title='bbox 757 1519 814 1560; x_wconf 76' lang='lat' dir='ltr'>est:</span> <span class='ocrx_word' id='word_1_246' title='bbox 829 1518 859 1557; x_wconf 84' lang='lat' dir='ltr'><em>fi</em></span> <span class='ocrx_word' id='word_1_247' title='bbox 872 1530 940 1551; x_wconf 81' lang='lat' dir='ltr'>vero</span> 
     </span>
     <span class='ocr_line' id='line_1_36' title="bbox 68 1560 938 1610; baseline -0.008 -11"><span class='ocrx_word' id='word_1_248' title='bbox 68 1572 247 1610; x_wconf 73' lang='lat' dir='ltr'>quantacum</span> <span class='ocrx_word' id='word_1_249' title='bbox 269 1574 303 1596; x_wconf 82' lang='lat' dir='ltr'>ue</span> <span class='ocrx_word' id='word_1_250' title='bbox 319 1571 389 1606; x_wconf 78' lang='lat' dir='ltr'>pars</span> <span class='ocrx_word' id='word_1_251' title='bbox 411 1563 524 1604; x_wconf 77' lang='lat' dir='ltr'>(edificii</span> <span class='ocrx_word' id='word_1_252' title='bbox 542 1569 706 1602; x_wconf 79' lang='lat' dir='ltr'>remaneat,</span> <span class='ocrx_word' id='word_1_253' title='bbox 730 1562 766 1597; x_wconf 55' lang='grc' dir='ltr'>ξδ’</span> <span class='ocrx_word' id='word_1_254' title='bbox 776 1560 858 1602; x_wconf 76' lang='lat' dir='ltr'>stare</span> <span class='ocrx_word' id='word_1_255' title='bbox 871 1571 938 1592; x_wconf 85' lang='lat' dir='ltr'>ven·</span> 
     </span>
     <span class='ocr_line' id='line_1_37' title="bbox 62 1575 941 1649; baseline -0.007 -9"><span class='ocrx_word' id='word_1_256' title='bbox 62 1609 221 1647; x_wconf 59' lang='lat' dir='ltr'>ditionem,</span> <span class='ocrx_word' id='word_1_257' title='bbox 243 1575 280 1642; x_wconf 63' lang='lat' dir='ltr'>gi&#39;</span> <span class='ocrx_word' id='word_1_258' title='bbox 301 1607 482 1637; x_wconf 60' lang='lat' dir='ltr'>‘venditorem</span> <span class='ocrx_word' id='word_1_259' title='bbox 505 1606 624 1646; x_wconf 81' lang='lat' dir='ltr'>emptori</span> <span class='ocrx_word' id='word_1_260' title='bbox 636 1605 711 1646; x_wconf 83' lang='lat' dir='ltr'>quod</span> <span class='ocrx_word' id='word_1_261' title='bbox 733 1602 848 1649; x_wconf 68' lang='lat' dir='ltr'>interest</span> <span class='ocrx_word' id='word_1_262' title='bbox 863 1601 941 1640; x_wconf 69' lang='lat' dir='ltr'>relli-</span> 
     </span>
     <span class='ocr_line' id='line_1_38' title="bbox 69 1645 938 1684; baseline -0.007 -3"><span class='ocrx_word' id='word_1_263' title='bbox 69 1654 158 1682; x_wconf 74' lang='lat' dir='ltr'>tuere.</span> <span class='ocrx_word' id='word_1_264' title='bbox 191 1649 232 1680; x_wconf 86' lang='lat' dir='ltr'>At</span> <span class='ocrx_word' id='word_1_265' title='bbox 250 1648 303 1680; x_wconf 90' lang='lat' dir='ltr'>hic</span> <span class='ocrx_word' id='word_1_266' title='bbox 321 1647 399 1679; x_wconf 86' lang='lat' dir='ltr'>nihil</span> <span class='ocrx_word' id='word_1_267' title='bbox 417 1647 523 1684; x_wconf 81' lang='lat' dir='ltr'>Pauli,</span> <span class='ocrx_word' id='word_1_268' title='bbox 540 1647 593 1678; x_wconf 90' lang='lat' dir='ltr'>ubi</span> <span class='ocrx_word' id='word_1_269' title='bbox 610 1646 688 1678; x_wconf 87' lang='lat' dir='ltr'>nihil</span> <span class='ocrx_word' id='word_1_270' title='bbox 707 1645 752 1677; x_wconf 91' lang='lat' dir='ltr'>est</span> <span class='ocrx_word' id='word_1_271' title='bbox 768 1645 831 1676; x_wconf 83' lang='lat' dir='ltr'>iani</span> <span class='ocrx_word' id='word_1_272' title='bbox 850 1645 938 1676; x_wconf 86' lang='lat' dir='ltr'>colo·</span> 
     </span>
     <span class='ocr_line' id='line_1_39' title="bbox 66 1685 942 1731; baseline -0.008 -7"><span class='ocrx_word' id='word_1_273' title='bbox 66 1692 122 1724; x_wconf 67' lang='lat' dir='ltr'>ais.</span> <span class='ocrx_word' id='word_1_274' title='bbox 167 1689 258 1723; x_wconf 89' lang='lat' dir='ltr'>Itane</span> <span class='ocrx_word' id='word_1_275' title='bbox 274 1690 292 1722; x_wconf 70' lang='grc' dir='ltr'>’ἒ</span> <span class='ocrx_word' id='word_1_276' title='bbox 322 1698 397 1720; x_wconf 90' lang='lat' dir='ltr'>num</span> <span class='ocrx_word' id='word_1_277' title='bbox 421 1687 527 1731; x_wconf 82' lang='lat' dir='ltr'>potest</span> <span class='ocrx_word' id='word_1_278' title='bbox 542 1688 629 1720; x_wconf 87' lang='lat' dir='ltr'>Pauli</span> <span class='ocrx_word' id='word_1_279' title='bbox 645 1686 745 1719; x_wconf 87' lang='lat' dir='ltr'>videri</span> <span class='ocrx_word' id='word_1_280' title='bbox 763 1685 942 1725; x_wconf 66' lang='lat' dir='ltr'>distinctio,</span> 
     </span>
     <span class='ocr_line' id='line_1_40' title="bbox 69 1728 941 1768; baseline -0.007 -3"><span class='ocrx_word' id='word_1_281' title='bbox 69 1740 180 1765; x_wconf 82' lang='lat' dir='ltr'>utrum</span> <span class='ocrx_word' id='word_1_282' title='bbox 199 1730 365 1762; x_wconf 82' lang='lat' dir='ltr'>combusta</span> <span class='ocrx_word' id='word_1_283' title='bbox 386 1729 420 1761; x_wconf 84' lang='lat' dir='ltr'>[it</span> <span class='ocrx_word' id='word_1_284' title='bbox 447 1730 561 1761; x_wconf 86' lang='lat' dir='ltr'>domus</span> <span class='ocrx_word' id='word_1_285' title='bbox 586 1736 677 1764; x_wconf 79' lang='lat' dir='ltr'>tota,</span> <span class='ocrx_word' id='word_1_286' title='bbox 701 1738 738 1760; x_wconf 89' lang='lat' dir='ltr'>an</span> <span class='ocrx_word' id='word_1_287' title='bbox 764 1728 830 1768; x_wconf 81' lang='lat' dir='ltr'>ejus</span> <span class='ocrx_word' id='word_1_288' title='bbox 854 1737 941 1768; x_wconf 86' lang='lat' dir='ltr'>pars:</span> 
     </span>
     <span class='ocr_line' id='line_1_41' title="bbox 70 1769 941 1808; baseline -0.007 -2"><span class='ocrx_word' id='word_1_289' title='bbox 70 1772 174 1807; x_wconf 75' lang='lat' dir='ltr'>ni&#39;odo</span> <span class='ocrx_word' id='word_1_290' title='bbox 189 1772 211 1804; x_wconf 85' lang='lat' dir='ltr'>fi</span> <span class='ocrx_word' id='word_1_291' title='bbox 228 1771 354 1803; x_wconf 85' lang='lat' dir='ltr'>sciverit</span> <span class='ocrx_word' id='word_1_292' title='bbox 371 1772 540 1808; x_wconf 83' lang='lat' dir='ltr'>venditor,</span> <span class='ocrx_word' id='word_1_293' title='bbox 564 1770 695 1802; x_wconf 85' lang='lat' dir='ltr'>domum</span> <span class='ocrx_word' id='word_1_294' title='bbox 717 1776 790 1801; x_wconf 82' lang='lat' dir='ltr'>ante</span> <span class='ocrx_word' id='word_1_295' title='bbox 806 1769 941 1800; x_wconf 90' lang='lat' dir='ltr'>combu-</span> 
     </span>
     <span class='ocr_line' id='line_1_42' title="bbox 68 1810 940 1852; baseline -0.006 -5"><span class='ocrx_word' id='word_1_296' title='bbox 68 1814 147 1848; x_wconf 84' lang='lat' dir='ltr'>stam</span> <span class='ocrx_word' id='word_1_297' title='bbox 169 1813 232 1846; x_wconf 83' lang='lat' dir='ltr'>effe</span> <span class='ocrx_word' id='word_1_298' title='bbox 255 1814 285 1845; x_wconf 92' lang='lat' dir='ltr'>in</span> <span class='ocrx_word' id='word_1_299' title='bbox 310 1820 414 1844; x_wconf 87' lang='lat' dir='ltr'>toturn</span> <span class='ocrx_word' id='word_1_300' title='bbox 437 1812 488 1843; x_wconf 84' lang='lat' dir='ltr'>vel</span> <span class='ocrx_word' id='word_1_301' title='bbox 512 1821 571 1852; x_wconf 86' lang='lat' dir='ltr'>pro</span> <span class='ocrx_word' id='word_1_302' title='bbox 597 1811 713 1852; x_wconf 79' lang='lat' dir='ltr'>parte?</span> <span class='ocrx_word' id='word_1_303' title='bbox 735 1820 800 1842; x_wconf 89' lang='lat' dir='ltr'>non</span> <span class='ocrx_word' id='word_1_304' title='bbox 825 1810 940 1851; x_wconf 88' lang='lat' dir='ltr'>potest.</span> 
     </span>
     <span class='ocr_line' id='line_1_43' title="bbox 68 1851 941 1891; baseline -0.006 -3"><span class='ocrx_word' id='word_1_305' title='bbox 68 1856 163 1889; x_wconf 87' lang='lat' dir='ltr'>detur</span> <span class='ocrx_word' id='word_1_306' title='bbox 196 1864 237 1886; x_wconf 84' lang='lat' dir='ltr'>ex</span> <span class='ocrx_word' id='word_1_307' title='bbox 270 1853 395 1886; x_wconf 88' lang='lat' dir='ltr'>Neratii</span> <span class='ocrx_word' id='word_1_308' title='bbox 423 1852 577 1885; x_wconf 86' lang='lat' dir='ltr'>sententia</span> <span class='ocrx_word' id='word_1_309' title='bbox 610 1853 699 1885; x_wconf 87' lang='lat' dir='ltr'>locus</span> <span class='ocrx_word' id='word_1_310' title='bbox 730 1851 941 1891; x_wconf 65' lang='lat' dir='ltr'>distinctioni,</span> 
     </span>
     <span class='ocr_line' id='line_1_44' title="bbox 69 1893 942 1939; baseline -0.003 -10"><span class='ocrx_word' id='word_1_311' title='bbox 69 1894 188 1939; x_wconf 83' lang='lat' dir='ltr'>quanta</span> <span class='ocrx_word' id='word_1_312' title='bbox 202 1896 317 1928; x_wconf 84' lang='lat' dir='ltr'>domus</span> <span class='ocrx_word' id='word_1_313' title='bbox 335 1905 405 1936; x_wconf 85' lang='lat' dir='ltr'>pars</span> <span class='ocrx_word' id='word_1_314' title='bbox 421 1895 572 1927; x_wconf 88' lang='lat' dir='ltr'>incendio</span> <span class='ocrx_word' id='word_1_315' title='bbox 595 1893 785 1935; x_wconf 87' lang='lat' dir='ltr'>consumpta</span> <span class='ocrx_word' id='word_1_316' title='bbox 799 1893 852 1925; x_wconf 86' lang='lat' dir='ltr'>fit:</span> <span class='ocrx_word' id='word_1_317' title='bbox 869 1903 942 1926; x_wconf 91' lang='lat' dir='ltr'>cum</span> 
     </span>
     <span class='ocr_line' id='line_1_45' title="bbox 69 1937 943 1980; baseline -0.006 -9"><span class='ocrx_word' id='word_1_318' title='bbox 69 1947 122 1971; x_wconf 78' lang='lat' dir='ltr'>res</span> <span class='ocrx_word' id='word_1_319' title='bbox 144 1937 230 1980; x_wconf 87' lang='lat' dir='ltr'>gesta</span> <span class='ocrx_word' id='word_1_320' title='bbox 255 1937 300 1970; x_wconf 89' lang='lat' dir='ltr'>est</span> <span class='ocrx_word' id='word_1_321' title='bbox 324 1937 408 1969; x_wconf 85' lang='lat' dir='ltr'>bona</span> <span class='ocrx_word' id='word_1_322' title='bbox 435 1937 519 1976; x_wconf 86' lang='lat' dir='ltr'>fide;</span> <span class='ocrx_word' id='word_1_323' title='bbox 542 1944 606 1969; x_wconf 89' lang='lat' dir='ltr'>tam</span> <span class='ocrx_word' id='word_1_324' title='bbox 631 1939 799 1968; x_wconf 86' lang='lat' dir='ltr'>venditore</span> <span class='ocrx_word' id='word_1_325' title='bbox 815 1958 826 1974; x_wconf 93' lang='lat'>,</span> <span class='ocrx_word' id='word_1_326' title='bbox 849 1944 943 1975; x_wconf 88' lang='lat' dir='ltr'>quam</span> 
     </span>
     <span class='ocr_line' id='line_1_46' title="bbox 71 1978 943 2021; baseline -0.005 -9"><span class='ocrx_word' id='word_1_327' title='bbox 71 1989 240 2021; x_wconf 86' lang='lat' dir='ltr'>emptore,</span> <span class='ocrx_word' id='word_1_328' title='bbox 261 1979 446 2010; x_wconf 83' lang='lat' dir='ltr'>incendium</span> <span class='ocrx_word' id='word_1_329' title='bbox 468 1979 648 2019; x_wconf 80' lang='lat' dir='ltr'>ignorante.</span> <span class='ocrx_word' id='word_1_330' title='bbox 679 1986 710 2008; x_wconf 89' lang='lat' dir='ltr'>at</span> <span class='ocrx_word' id='word_1_331' title='bbox 728 1986 764 2008; x_wconf 86' lang='lat' dir='ltr'>ea</span> <span class='ocrx_word' id='word_1_332' title='bbox 782 1978 875 2009; x_wconf 87' lang='lat' dir='ltr'>nimis</span> <span class='ocrx_word' id='word_1_333' title='bbox 890 1979 943 2008; x_wconf 80' lang='lat' dir='ltr'>ab·</span> 
     </span>
     <span class='ocr_line' id='line_1_47' title="bbox 69 2018 941 2057; baseline -0.003 -4"><span class='ocrx_word' id='word_1_334' title='bbox 69 2020 164 2053; x_wconf 81' lang='lat' dir='ltr'>surda</span> <span class='ocrx_word' id='word_1_335' title='bbox 189 2021 219 2053; x_wconf 83' lang='lat'>&amp;</span> <span class='ocrx_word' id='word_1_336' title='bbox 244 2021 344 2052; x_wconf 75' lang='lat' dir='ltr'>diluta</span> <span class='ocrx_word' id='word_1_337' title='bbox 365 2018 430 2052; x_wconf 83' lang='lat' dir='ltr'>est:</span> <span class='ocrx_word' id='word_1_338' title='bbox 456 2029 527 2052; x_wconf 90' lang='lat' dir='ltr'>cum</span> <span class='ocrx_word' id='word_1_339' title='bbox 550 2019 701 2051; x_wconf 82' lang='lat' dir='ltr'>venditor</span> <span class='ocrx_word' id='word_1_340' title='bbox 726 2019 816 2050; x_wconf 89' lang='lat' dir='ltr'>scivit</span> <span class='ocrx_word' id='word_1_341' title='bbox 834 2041 843 2057; x_wconf 94' lang='lat'><strong><em>‚</em></strong></span> <span class='ocrx_word' id='word_1_342' title='bbox 867 2027 941 2050; x_wconf 90' lang='lat' dir='ltr'>eum</span> 
     </span>
     <span class='ocr_line' id='line_1_48' title="bbox 69 2058 941 2102; baseline -0.006 -7"><span class='ocrx_word' id='word_1_343' title='bbox 69 2062 176 2095; x_wconf 83' lang='lat' dir='ltr'>casum</span> <span class='ocrx_word' id='word_1_344' title='bbox 193 2085 203 2102; x_wconf 91' lang='lat'><em>‚</em></span> <span class='ocrx_word' id='word_1_345' title='bbox 231 2070 361 2102; x_wconf 89' lang='lat' dir='ltr'>emptor</span> <span class='ocrx_word' id='word_1_346' title='bbox 384 2061 554 2102; x_wconf 78' lang='lat' dir='ltr'>ignoravit.</span> <span class='ocrx_word' id='word_1_347' title='bbox 584 2071 622 2092; x_wconf 81' lang='lat' dir='ltr'>an</span> <span class='ocrx_word' id='word_1_348' title='bbox 647 2060 816 2099; x_wconf 88' lang='lat' dir='ltr'>venditor,</span> <span class='ocrx_word' id='word_1_349' title='bbox 839 2058 941 2091; x_wconf 89' lang='lat' dir='ltr'>sciens</span> 
     </span>
     <span class='ocr_line' id='line_1_49' title="bbox 68 2101 942 2143; baseline -0.003 -7"><span class='ocrx_word' id='word_1_350' title='bbox 68 2104 201 2136; x_wconf 87' lang='lat' dir='ltr'>domum</span> <span class='ocrx_word' id='word_1_351' title='bbox 218 2113 313 2143; x_wconf 79' lang='lat' dir='ltr'>quam</span> <span class='ocrx_word' id='word_1_352' title='bbox 329 2104 459 2141; x_wconf 87' lang='lat' dir='ltr'>vendit,</span> <span class='ocrx_word' id='word_1_353' title='bbox 476 2102 674 2134; x_wconf 86' lang='lat' dir='ltr'>combustam</span> <span class='ocrx_word' id='word_1_354' title='bbox 690 2101 751 2133; x_wconf 84' lang='lat' dir='ltr'>effe</span> <span class='ocrx_word' id='word_1_355' title='bbox 769 2109 871 2133; x_wconf 88' lang='lat' dir='ltr'>totam</span> <span class='ocrx_word' id='word_1_356' title='bbox 889 2101 942 2133; x_wconf 87' lang='lat' dir='ltr'>vel</span> 
     </span>
     <span class='ocr_line' id='line_1_50' title="bbox 64 2144 941 2188; baseline -0.005 -10"><span class='ocrx_word' id='word_1_357' title='bbox 64 2154 127 2187; x_wconf 84' lang='lat' dir='ltr'>pro</span> <span class='ocrx_word' id='word_1_358' title='bbox 144 2153 255 2187; x_wconf 87' lang='lat' dir='ltr'>parte,</span> <span class='ocrx_word' id='word_1_359' title='bbox 274 2153 421 2185; x_wconf 84' lang='lat' dir='ltr'>umquam</span> <span class='ocrx_word' id='word_1_360' title='bbox 439 2144 524 2176; x_wconf 85' lang='lat' dir='ltr'>bona</span> <span class='ocrx_word' id='word_1_361' title='bbox 540 2144 604 2175; x_wconf 88' lang='lat' dir='ltr'>fide</span> <span class='ocrx_word' id='word_1_362' title='bbox 621 2144 685 2185; x_wconf 83' lang='lat' dir='ltr'>agit</span> <span class='ocrx_word' id='word_1_363' title='bbox 699 2152 774 2175; x_wconf 88' lang='lat' dir='ltr'>cum</span> <span class='ocrx_word' id='word_1_364' title='bbox 792 2152 941 2188; x_wconf 80' lang='lat' dir='ltr'>emptore</span> 
     </span>
     <span class='ocr_line' id='line_1_51' title="bbox 68 2184 939 2228; baseline -0.003 -10"><span class='ocrx_word' id='word_1_365' title='bbox 68 2188 154 2228; x_wconf 79' lang='lat' dir='ltr'>apud</span> <span class='ocrx_word' id='word_1_366' title='bbox 177 2195 275 2227; x_wconf 87' lang='lat' dir='ltr'>quem</span> <span class='ocrx_word' id='word_1_367' title='bbox 304 2186 336 2218; x_wconf 88' lang='lat' dir='ltr'>id</span> <span class='ocrx_word' id='word_1_368' title='bbox 361 2186 527 2221; x_wconf 84' lang='lat' dir='ltr'>diflimulat</span> <span class='ocrx_word' id='word_1_369' title='bbox 543 2186 561 2218; x_wconf 79' lang='lat'>¹?</span> <span class='ocrx_word' id='word_1_370' title='bbox 586 2195 651 2217; x_wconf 93' lang='lat' dir='ltr'>non</span> <span class='ocrx_word' id='word_1_371' title='bbox 676 2185 780 2217; x_wconf 86' lang='lat' dir='ltr'>dices:</span> <span class='ocrx_word' id='word_1_372' title='bbox 805 2184 826 2215; x_wconf 84' lang='lat' dir='ltr'>fi</span> <span class='ocrx_word' id='word_1_373' title='bbox 850 2185 939 2225; x_wconf 74' lang='lat' dir='ltr'>iapis.</span> 
     </span>
     <span class='ocr_line' id='line_1_52' title="bbox 68 2226 939 2270; baseline -0.002 -11"><span class='ocrx_word' id='word_1_374' title='bbox 68 2228 147 2268; x_wconf 86' lang='lat' dir='ltr'>quid</span> <span class='ocrx_word' id='word_1_375' title='bbox 165 2227 260 2270; x_wconf 87' lang='lat' dir='ltr'>igitur</span> <span class='ocrx_word' id='word_1_376' title='bbox 277 2228 425 2268; x_wconf 86' lang='lat' dir='ltr'>attinuit,</span> <span class='ocrx_word' id='word_1_377' title='bbox 440 2228 484 2259; x_wconf 88' lang='lat' dir='ltr'>ibi</span> <span class='ocrx_word' id='word_1_378' title='bbox 500 2226 709 2268; x_wconf 78' lang='lat' dir='ltr'>distinguere,</span> <span class='ocrx_word' id='word_1_379' title='bbox 729 2234 834 2258; x_wconf 88' lang='lat' dir='ltr'>utrum</span> <span class='ocrx_word' id='word_1_380' title='bbox 852 2235 939 2258; x_wconf 91' lang='lat' dir='ltr'>com-</span> 
     </span>
     <span class='ocr_line' id='line_1_53' title="bbox 68 2268 939 2310; baseline -0.002 -9"><span class='ocrx_word' id='word_1_381' title='bbox 68 2268 158 2301; x_wconf 82' lang='lat' dir='ltr'>busta</span> <span class='ocrx_word' id='word_1_382' title='bbox 174 2268 251 2301; x_wconf 91' lang='lat' dir='ltr'>esset</span> <span class='ocrx_word' id='word_1_383' title='bbox 264 2269 377 2301; x_wconf 88' lang='lat' dir='ltr'>domus</span> <span class='ocrx_word' id='word_1_384' title='bbox 399 2276 489 2308; x_wconf 82' lang='lat' dir='ltr'>tota,</span> <span class='ocrx_word' id='word_1_385' title='bbox 512 2278 551 2301; x_wconf 86' lang='lat' dir='ltr'>an</span> <span class='ocrx_word' id='word_1_386' title='bbox 567 2269 665 2310; x_wconf 75' lang='lat' dir='ltr'>pars?</span> <span class='ocrx_word' id='word_1_387' title='bbox 689 2277 762 2300; x_wconf 90' lang='lat' dir='ltr'>cum</span> <span class='ocrx_word' id='word_1_388' title='bbox 779 2268 939 2308; x_wconf 79' lang='lat' dir='ltr'>utrimque</span> 
     </span>
     <span class='ocr_line' id='line_1_54' title="bbox 71 2308 938 2350; baseline -0.003 -7"><span class='ocrx_word' id='word_1_389' title='bbox 71 2318 221 2343; x_wconf 83' lang='lat' dir='ltr'>occurrat</span> <span class='ocrx_word' id='word_1_390' title='bbox 245 2310 418 2342; x_wconf 86' lang='lat' dir='ltr'>venditoris</span> <span class='ocrx_word' id='word_1_391' title='bbox 434 2311 547 2342; x_wconf 84' lang='lat' dir='ltr'>dolus:</span> <span class='ocrx_word' id='word_1_392' title='bbox 569 2319 634 2350; x_wconf 90' lang='lat' dir='ltr'>quo</span> <span class='ocrx_word' id='word_1_393' title='bbox 649 2310 745 2341; x_wconf 84' lang='lat' dir='ltr'>bonae</span> <span class='ocrx_word' id='word_1_394' title='bbox 761 2308 836 2341; x_wconf 85' lang='lat' dir='ltr'>fidei</span> <span class='ocrx_word' id='word_1_395' title='bbox 860 2318 938 2341; x_wconf 91' lang='lat' dir='ltr'>con-</span> 
     </span>
     <span class='ocr_line' id='line_1_55' title="bbox 68 2350 935 2392; baseline -0.003 -8"><span class='ocrx_word' id='word_1_396' title='bbox 68 2351 186 2384; x_wconf 70' lang='lat' dir='ltr'>traQus</span> <span class='ocrx_word' id='word_1_397' title='bbox 200 2350 268 2392; x_wconf 87' lang='lat' dir='ltr'>ipso</span> <span class='ocrx_word' id='word_1_398' title='bbox 290 2352 357 2392; x_wconf 75' lang='lat' dir='ltr'>iure</span> <span class='ocrx_word' id='word_1_399' title='bbox 382 2350 583 2384; x_wconf 82' lang='lat' dir='ltr'>rescinditur:</span> <span class='ocrx_word' id='word_1_400' title='bbox 606 2352 735 2383; x_wconf 69' lang='lat' dir='ltr'>auetore</span> <span class='ocrx_word' id='word_1_401' title='bbox 751 2351 850 2382; x_wconf 86' lang='lat' dir='ltr'>Paulo</span> <span class='ocrx_word' id='word_1_402' title='bbox 865 2351 885 2382; x_wconf 85' lang='lat' dir='ltr'>l.</span> <span class='ocrx_word' id='word_1_403' title='bbox 905 2360 935 2392; x_wconf 86' lang='lat'>3.</span> 
     </span>
     <span class='ocr_line' id='line_1_56' title="bbox 64 2392 937 2436; baseline -0.002 -11"><span class='ocrx_word' id='word_1_404' title='bbox 64 2393 99 2436; x_wconf 53' lang='grc' dir='ltr'>Β.</span> <span class='ocrx_word' id='word_1_405' title='bbox 116 2402 145 2434; x_wconf 82' lang='lat'>3.</span> <span class='ocrx_word' id='word_1_406' title='bbox 161 2393 203 2425; x_wconf 94' lang='lat' dir='ltr'>D.</span> <span class='ocrx_word' id='word_1_407' title='bbox 227 2393 377 2434; x_wconf 76' lang='lat' dir='ltr'>Prosocio.</span> <span class='ocrx_word' id='word_1_408' title='bbox 417 2392 480 2424; x_wconf 89' lang='lat' dir='ltr'>Sed</span> <span class='ocrx_word' id='word_1_409' title='bbox 503 2393 773 2433; x_wconf 84' lang='lat' dir='ltr'>quemadmodum</span> <span class='ocrx_word' id='word_1_410' title='bbox 791 2402 821 2423; x_wconf 87' lang='lat' dir='ltr'>in</span> <span class='ocrx_word' id='word_1_411' title='bbox 839 2393 937 2423; x_wconf 83' lang='lat' dir='ltr'>extri·</span> 
     </span>
     <span class='ocr_line' id='line_1_57' title="bbox 63 2433 936 2475; baseline -0.003 -8"><span class='ocrx_word' id='word_1_412' title='bbox 63 2435 165 2467; x_wconf 86' lang='lat' dir='ltr'>canda</span> <span class='ocrx_word' id='word_1_413' title='bbox 188 2434 250 2467; x_wconf 85' lang='lat' dir='ltr'>hac</span> <span class='ocrx_word' id='word_1_414' title='bbox 273 2442 361 2475; x_wconf 87' lang='lat' dir='ltr'>parte</span> <span class='ocrx_word' id='word_1_415' title='bbox 380 2443 446 2466; x_wconf 86' lang='lat' dir='ltr'>non</span> <span class='ocrx_word' id='word_1_416' title='bbox 463 2434 584 2466; x_wconf 88' lang='lat' dir='ltr'>servata</span> <span class='ocrx_word' id='word_1_417' title='bbox 601 2433 646 2465; x_wconf 88' lang='lat' dir='ltr'>est</span> <span class='ocrx_word' id='word_1_418' title='bbox 663 2434 826 2475; x_wconf 85' lang='lat' dir='ltr'>diligentia</span> <span class='ocrx_word' id='word_1_419' title='bbox 842 2434 936 2473; x_wconf 77' lang='lat' dir='ltr'>digna</span> 
     </span>
     <span class='ocr_line' id='line_1_58' title="bbox 66 2476 937 2516; baseline -0.003 -7"><span class='ocrx_word' id='word_1_420' title='bbox 66 2476 193 2510; x_wconf 84' lang='lat' dir='ltr'>Paulo:</span> <span class='ocrx_word' id='word_1_421' title='bbox 222 2477 265 2507; x_wconf 87' lang='lat' dir='ltr'>ita</span> <span class='ocrx_word' id='word_1_422' title='bbox 297 2477 351 2508; x_wconf 86' lang='lat' dir='ltr'>vix</span> <span class='ocrx_word' id='word_1_423' title='bbox 383 2485 560 2516; x_wconf 84' lang='lat' dir='ltr'>concoquo</span> <span class='ocrx_word' id='word_1_424' title='bbox 577 2499 587 2515; x_wconf 88' lang='lat'>,</span> <span class='ocrx_word' id='word_1_425' title='bbox 617 2476 705 2515; x_wconf 90' lang='lat' dir='ltr'>quod</span> <span class='ocrx_word' id='word_1_426' title='bbox 728 2476 781 2507; x_wconf 90' lang='lat' dir='ltr'>ubi</span> <span class='ocrx_word' id='word_1_427' title='bbox 808 2477 937 2515; x_wconf 85' lang='lat' dir='ltr'>ponitur</span> 
     </span>
     <span class='ocr_line' id='line_1_59' title="bbox 64 2516 937 2558; baseline -0.002 -9"><span class='ocrx_word' id='word_1_428' title='bbox 64 2526 322 2557; x_wconf 84' lang='lat' dir='ltr'>quantacumque</span> <span class='ocrx_word' id='word_1_429' title='bbox 341 2526 450 2549; x_wconf 82' lang='lat' dir='ltr'>extare</span> <span class='ocrx_word' id='word_1_430' title='bbox 467 2519 579 2549; x_wconf 84' lang='lat' dir='ltr'>domus</span> <span class='ocrx_word' id='word_1_431' title='bbox 596 2526 687 2558; x_wconf 71' lang='lat' dir='ltr'>pars,</span> <span class='ocrx_word' id='word_1_432' title='bbox 704 2526 794 2556; x_wconf 84' lang='lat' dir='ltr'>parte</span> <span class='ocrx_word' id='word_1_433' title='bbox 810 2516 937 2556; x_wconf 83' lang='lat' dir='ltr'>exusta,</span> 
     </span>
     <span class='ocr_line' id='line_1_60' title="bbox 65 2557 939 2601; baseline -0.002 -10"><span class='ocrx_word' id='word_1_434' title='bbox 65 2558 97 2591; x_wconf 70' lang='grc' dir='ltr'>ἀ</span> <span class='ocrx_word' id='word_1_435' title='bbox 122 2559 186 2591; x_wconf 92' lang='lat' dir='ltr'>hoc</span> <span class='ocrx_word' id='word_1_436' title='bbox 203 2557 323 2590; x_wconf 80' lang='lat' dir='ltr'>sciviffe</span> <span class='ocrx_word' id='word_1_437' title='bbox 338 2559 506 2598; x_wconf 86' lang='lat' dir='ltr'>venditor,</span> <span class='ocrx_word' id='word_1_438' title='bbox 530 2568 628 2601; x_wconf 87' lang='lat' dir='ltr'>porro</span> <span class='ocrx_word' id='word_1_439' title='bbox 652 2558 833 2599; x_wconf 76' lang='lat' dir='ltr'>subjicitur,</span> <span class='ocrx_word' id='word_1_440' title='bbox 855 2559 939 2589; x_wconf 80' lang='lat' dir='ltr'>Stare</span> 
     </span>
     <span class='ocr_line' id='line_1_61' title="bbox 65 2597 933 2641; baseline 0.001 -11"><span class='ocrx_word' id='word_1_441' title='bbox 65 2602 276 2638; x_wconf 82' lang='lat' dir='ltr'>venditionem,</span> <span class='ocrx_word' id='word_1_442' title='bbox 295 2599 331 2634; x_wconf 63' lang='grc' dir='ltr'>ὃ)</span> <span class='ocrx_word' id='word_1_443' title='bbox 347 2601 523 2631; x_wconf 81' lang='lat' dir='ltr'>venditorem</span> <span class='ocrx_word' id='word_1_444' title='bbox 540 2601 658 2641; x_wconf 78' lang='lat' dir='ltr'>emptori</span> <span class='ocrx_word' id='word_1_445' title='bbox 672 2602 748 2641; x_wconf 74' lang='lat' dir='ltr'>quod</span> <span class='ocrx_word' id='word_1_446' title='bbox 762 2597 878 2639; x_wconf 75' lang='lat' dir='ltr'>interest</span> <span class='ocrx_word' id='word_1_447' title='bbox 897 2609 933 2631; x_wconf 59' lang='lat' dir='ltr'>re«</span> 
     </span>
     <span class='ocr_line' id='line_1_62' title="bbox 58 2638 938 2682; baseline 0.001 -11"><span class='ocrx_word' id='word_1_448' title='bbox 58 2638 193 2682; x_wconf 70' lang='lat' dir='ltr'>stituere.</span> <span class='ocrx_word' id='word_1_449' title='bbox 217 2650 283 2681; x_wconf 87' lang='lat' dir='ltr'>quo</span> <span class='ocrx_word' id='word_1_450' title='bbox 298 2642 383 2673; x_wconf 88' lang='lat' dir='ltr'>enim</span> <span class='ocrx_word' id='word_1_451' title='bbox 399 2642 498 2673; x_wconf 88' lang='lat' dir='ltr'>modo</span> <span class='ocrx_word' id='word_1_452' title='bbox 516 2641 621 2682; x_wconf 85' lang='lat' dir='ltr'>potest</span> <span class='ocrx_word' id='word_1_453' title='bbox 637 2642 716 2673; x_wconf 82' lang='lat' dir='ltr'>stare</span> <span class='ocrx_word' id='word_1_454' title='bbox 734 2642 897 2673; x_wconf 89' lang='lat' dir='ltr'>venditio:</span> <span class='ocrx_word' id='word_1_455' title='bbox 916 2640 938 2673; x_wconf 85' lang='lat' dir='ltr'>fi</span> 
     </span>
     <span class='ocr_line' id='line_1_63' title="bbox 67 2681 935 2724; baseline -0.001 -11"><span class='ocrx_word' id='word_1_456' title='bbox 67 2690 139 2724; x_wconf 83' lang='lat' dir='ltr'>pars</span> <span class='ocrx_word' id='word_1_457' title='bbox 162 2682 282 2714; x_wconf 65' lang='lat' dir='ltr'>domus⁴</span> <span class='ocrx_word' id='word_1_458' title='bbox 301 2691 558 2724; x_wconf 87' lang='lat' dir='ltr'>quantacumque</span> <span class='ocrx_word' id='word_1_459' title='bbox 579 2707 589 2721; x_wconf 88' lang='lat'>‚</span> <span class='ocrx_word' id='word_1_460' title='bbox 611 2684 645 2715; x_wconf 91' lang='lat' dir='ltr'>id</span> <span class='ocrx_word' id='word_1_461' title='bbox 669 2683 733 2722; x_wconf 85' lang='lat' dir='ltr'>est,</span> <span class='ocrx_word' id='word_1_462' title='bbox 757 2683 861 2723; x_wconf 87' lang='lat' dir='ltr'>aliqua</span> <span class='ocrx_word' id='word_1_463' title='bbox 884 2681 935 2713; x_wconf 87' lang='lat' dir='ltr'>sal-</span> 
     </span>
     <span class='ocr_line' id='line_1_64' title="bbox 64 2722 936 2764; baseline 0.001 -10"><span class='ocrx_word' id='word_1_464' title='bbox 64 2730 152 2761; x_wconf 85' lang='lat' dir='ltr'>tem,</span> <span class='ocrx_word' id='word_1_465' title='bbox 173 2722 229 2754; x_wconf 85' lang='lat' dir='ltr'>etfi</span> <span class='ocrx_word' id='word_1_466' title='bbox 252 2724 356 2756; x_wconf 89' lang='lat' dir='ltr'>minor</span> <span class='ocrx_word' id='word_1_467' title='bbox 373 2747 384 2763; x_wconf 89' lang='lat'>‚</span> <span class='ocrx_word' id='word_1_468' title='bbox 407 2733 500 2764; x_wconf 78' lang='lat' dir='ltr'>quarn</span> <span class='ocrx_word' id='word_1_469' title='bbox 524 2724 673 2762; x_wconf 85' lang='lat' dir='ltr'>dimidia,</span> <span class='ocrx_word' id='word_1_470' title='bbox 696 2723 798 2756; x_wconf 79' lang='lat' dir='ltr'>exstet</span> <span class='ocrx_word' id='word_1_471' title='bbox 815 2724 832 2756; x_wconf 69' lang='lat'><em>2</em></span> <span class='ocrx_word' id='word_1_472' title='bbox 862 2732 936 2755; x_wconf 89' lang='lat' dir='ltr'>cum</span> 
     </span>
     <span class='ocr_line' id='line_1_65' title="bbox 64 2763 936 2804; baseline 0.001 -9"><span class='ocrx_word' id='word_1_473' title='bbox 64 2763 238 2804; x_wconf 87' lang='lat' dir='ltr'>praesertim</span> <span class='ocrx_word' id='word_1_474' title='bbox 258 2764 322 2804; x_wconf 79' lang='lat' dir='ltr'>jam</span> <span class='ocrx_word' id='word_1_475' title='bbox 344 2774 385 2796; x_wconf 85' lang='lat' dir='ltr'>ex</span> <span class='ocrx_word' id='word_1_476' title='bbox 411 2765 545 2797; x_wconf 86' lang='lat' dir='ltr'>Neratio</span> <span class='ocrx_word' id='word_1_477' title='bbox 570 2765 687 2798; x_wconf 64' lang='lat' dir='ltr'>dictum</span> <span class='ocrx_word' id='word_1_478' title='bbox 709 2765 745 2797; x_wconf 80' lang='lat' dir='ltr'>sit</span> <span class='ocrx_word' id='word_1_479' title='bbox 762 2788 773 2804; x_wconf 92' lang='lat'>,</span> <span class='ocrx_word' id='word_1_480' title='bbox 803 2773 936 2797; x_wconf 84' lang='lat' dir='ltr'>extante</span> 
     </span>
     <span class='ocr_line' id='line_1_66' title="bbox 63 2806 936 2848; baseline 0 -10"><span class='ocrx_word' id='word_1_481' title='bbox 63 2806 208 2843; x_wconf 88' lang='lat' dir='ltr'>minore,</span> <span class='ocrx_word' id='word_1_482' title='bbox 231 2813 325 2844; x_wconf 83' lang='lat' dir='ltr'>quam</span> <span class='ocrx_word' id='word_1_483' title='bbox 351 2807 500 2844; x_wconf 86' lang='lat' dir='ltr'>dimidia,</span> <span class='ocrx_word' id='word_1_484' title='bbox 523 2810 637 2838; x_wconf 86' lang='lat' dir='ltr'>domus</span> <span class='ocrx_word' id='word_1_485' title='bbox 662 2815 751 2847; x_wconf 86' lang='lat' dir='ltr'>parte</span> <span class='ocrx_word' id='word_1_486' title='bbox 770 2831 779 2846; x_wconf 90' lang='lat'>‚</span> <span class='ocrx_word' id='word_1_487' title='bbox 803 2807 936 2848; x_wconf 82' lang='lat' dir='ltr'>perinde</span> 
     </span>
     <span class='ocr_line' id='line_1_67' title="bbox 66 2846 934 2889; baseline -0.001 -10"><span class='ocrx_word' id='word_1_488' title='bbox 66 2847 187 2879; x_wconf 84' lang='lat' dir='ltr'>nullam</span> <span class='ocrx_word' id='word_1_489' title='bbox 211 2846 312 2877; x_wconf 87' lang='lat' dir='ltr'>videri</span> <span class='ocrx_word' id='word_1_490' title='bbox 334 2848 576 2886; x_wconf 87' lang='lat' dir='ltr'>venditionem,</span> <span class='ocrx_word' id='word_1_491' title='bbox 599 2856 696 2889; x_wconf 86' lang='lat' dir='ltr'>atque</span> <span class='ocrx_word' id='word_1_492' title='bbox 719 2848 773 2880; x_wconf 91' lang='lat' dir='ltr'>ubi</span> <span class='ocrx_word' id='word_1_493' title='bbox 792 2856 860 2879; x_wconf 87' lang='lat' dir='ltr'>tota</span> <span class='ocrx_word' id='word_1_494' title='bbox 877 2850 934 2879; x_wconf 89' lang='lat' dir='ltr'>do-</span> 
     </span>
     <span class='ocr_line' id='line_1_68' title="bbox 65 2887 935 2931; baseline 0.002 -12"><span class='ocrx_word' id='word_1_495' title='bbox 65 2896 136 2920; x_wconf 82' lang='lat' dir='ltr'>mus</span> <span class='ocrx_word' id='word_1_496' title='bbox 154 2887 305 2919; x_wconf 88' lang='lat' dir='ltr'>incendio</span> <span class='ocrx_word' id='word_1_497' title='bbox 321 2888 425 2927; x_wconf 88' lang='lat' dir='ltr'>periit.</span> <span class='ocrx_word' id='word_1_498' title='bbox 460 2897 551 2927; x_wconf 74' lang='lat' dir='ltr'>:eque</span> <span class='ocrx_word' id='word_1_499' title='bbox 570 2898 636 2920; x_wconf 89' lang='lat' dir='ltr'>non</span> <span class='ocrx_word' id='word_1_500' title='bbox 654 2889 821 2931; x_wconf 81' lang='lat' dir='ltr'>intelligo,</span> <span class='ocrx_word' id='word_1_501' title='bbox 847 2889 935 2930; x_wconf 90' lang='lat' dir='ltr'>quod</span> 
     </span>
     <span class='ocr_line' id='line_1_69' title="bbox 66 2927 936 2971; baseline 0 -10"><span class='ocrx_word' id='word_1_502' title='bbox 66 2930 121 2962; x_wconf 90' lang='lat' dir='ltr'>ubi</span> <span class='ocrx_word' id='word_1_503' title='bbox 146 2936 402 2970; x_wconf 81' lang='lat' dir='ltr'>quantacumque</span> <span class='ocrx_word' id='word_1_504' title='bbox 426 2927 563 2969; x_wconf 86' lang='lat' dir='ltr'>superest</span> <span class='ocrx_word' id='word_1_505' title='bbox 587 2930 702 2962; x_wconf 86' lang='lat' dir='ltr'>domus</span> <span class='ocrx_word' id='word_1_506' title='bbox 727 2940 819 2971; x_wconf 81' lang='lat' dir='ltr'>pars,</span> <span class='ocrx_word' id='word_1_507' title='bbox 842 2939 936 2970; x_wconf 89' lang='lat' dir='ltr'>parte</span> 
     </span>
     <span class='ocr_line' id='line_1_70' title="bbox 64 2969 935 3010; baseline 0.001 -8"><span class='ocrx_word' id='word_1_508' title='bbox 64 2970 204 3009; x_wconf 81' lang='lat' dir='ltr'>sublata3</span> <span class='ocrx_word' id='word_1_509' title='bbox 228 2969 258 3001; x_wconf 69' lang='grc' dir='ltr'>ἃ</span> <span class='ocrx_word' id='word_1_510' title='bbox 283 2969 348 3001; x_wconf 85' lang='lat' dir='ltr'>hoc</span> <span class='ocrx_word' id='word_1_511' title='bbox 373 2969 465 3000; x_wconf 88' lang='lat' dir='ltr'>scivit</span> <span class='ocrx_word' id='word_1_512' title='bbox 487 2970 660 3003; x_wconf 86' lang='lat' dir='ltr'>venditor:</span> <span class='ocrx_word' id='word_1_513' title='bbox 681 2971 797 3003; x_wconf 87' lang='lat' dir='ltr'>dicitur</span> <span class='ocrx_word' id='word_1_514' title='bbox 814 2995 823 3010; x_wconf 95' lang='lat'>,</span> <span class='ocrx_word' id='word_1_515' title='bbox 854 2971 935 3003; x_wconf 85' lang='lat' dir='ltr'>stare</span> 
     </span>
     <span class='ocr_line' id='line_1_71' title="bbox 60 3011 934 3053; baseline 0.001 -10"><span class='ocrx_word' id='word_1_516' title='bbox 60 3013 302 3050; x_wconf 82' lang='lat' dir='ltr'>venditionem3</span> <span class='ocrx_word' id='word_1_517' title='bbox 319 3011 349 3042; x_wconf 73' lang='lat' dir='ltr'>Gt</span> <span class='ocrx_word' id='word_1_518' title='bbox 364 3011 564 3043; x_wconf 70' lang='lat' dir='ltr'>vendi-&#39;orem</span> <span class='ocrx_word' id='word_1_519' title='bbox 582 3012 719 3051; x_wconf 89' lang='lat' dir='ltr'>emptori</span> <span class='ocrx_word' id='word_1_520' title='bbox 736 3014 824 3053; x_wconf 89' lang='lat' dir='ltr'>quod</span> <span class='ocrx_word' id='word_1_521' title='bbox 840 3013 934 3044; x_wconf 85' lang='lat' dir='ltr'>inter-</span> 
     </span>
     <span class='ocr_line' id='line_1_72' title="bbox 64 3052 933 3094; baseline -0.001 -8"><span class='ocrx_word' id='word_1_522' title='bbox 64 3052 109 3086; x_wconf 87' lang='lat' dir='ltr'>est</span> <span class='ocrx_word' id='word_1_523' title='bbox 125 3053 308 3085; x_wconf 85' lang='lat' dir='ltr'>restituere:</span> <span class='ocrx_word' id='word_1_524' title='bbox 325 3061 386 3084; x_wconf 88' lang='lat' dir='ltr'>nec</span> <span class='ocrx_word' id='word_1_525' title='bbox 402 3052 545 3089; x_wconf 85' lang='lat' dir='ltr'>additur,</span> <span class='ocrx_word' id='word_1_526' title='bbox 560 3053 660 3093; x_wconf 86' lang='lat' dir='ltr'>ipsum</span> <span class='ocrx_word' id='word_1_527' title='bbox 678 3053 837 3085; x_wconf 84' lang='lat' dir='ltr'>observari</span> <span class='ocrx_word' id='word_1_528' title='bbox 856 3062 933 3094; x_wconf 91' lang='lat' dir='ltr'>quo-</span> 
     </span>
     <span class='ocr_line' id='line_1_73' title="bbox 45 3093 933 3135; baseline 0.001 -10"><span class='ocrx_word' id='word_1_529' title='bbox 45 3128 49 3131; x_wconf 17' lang='lat'><em>*</em></span> <span class='ocrx_word' id='word_1_530' title='bbox 65 3103 146 3135; x_wconf 88' lang='lat' dir='ltr'>que;</span> <span class='ocrx_word' id='word_1_531' title='bbox 165 3093 187 3127; x_wconf 87' lang='lat' dir='ltr'>fi</span> <span class='ocrx_word' id='word_1_532' title='bbox 202 3094 367 3126; x_wconf 80' lang='lat' dir='ltr'>combusta</span> <span class='ocrx_word' id='word_1_533' title='bbox 382 3100 456 3124; x_wconf 83' lang='lat' dir='ltr'>ante</span> <span class='ocrx_word' id='word_1_534' title='bbox 470 3094 689 3126; x_wconf 89' lang='lat' dir='ltr'>venditionem</span> <span class='ocrx_word' id='word_1_535' title='bbox 705 3094 742 3126; x_wconf 87' lang='lat' dir='ltr'>fit</span> <span class='ocrx_word' id='word_1_536' title='bbox 757 3096 871 3126; x_wconf 87' lang='lat' dir='ltr'>domus</span> <span class='ocrx_word' id='word_1_537' title='bbox 887 3102 933 3126; x_wconf 86' lang='lat' dir='ltr'>to-</span> 
     </span>
     <span class='ocr_line' id='line_1_74' title="bbox 66 3135 929 3176; baseline 0.002 -10"><span class='ocrx_word' id='word_1_538' title='bbox 66 3143 115 3173; x_wconf 86' lang='lat' dir='ltr'>ta,</span> <span class='ocrx_word' id='word_1_539' title='bbox 136 3135 166 3167; x_wconf 86' lang='lat'>&amp;</span> <span class='ocrx_word' id='word_1_540' title='bbox 188 3137 220 3167; x_wconf 89' lang='lat' dir='ltr'>id</span> <span class='ocrx_word' id='word_1_541' title='bbox 248 3136 376 3168; x_wconf 82' lang='lat' dir='ltr'>sciverit</span> <span class='ocrx_word' id='word_1_542' title='bbox 398 3135 555 3166; x_wconf 88' lang='lat' dir='ltr'>venditor.</span> <span class='ocrx_word' id='word_1_543' title='bbox 583 3143 614 3166; x_wconf 86' lang='lat' dir='ltr'>ut</span> <span class='ocrx_word' id='word_1_544' title='bbox 629 3136 714 3167; x_wconf 88' lang='lat' dir='ltr'>enim</span> <span class='ocrx_word' id='word_1_545' title='bbox 734 3139 929 3176; x_wconf 57' lang='lat' dir='ltr'>concedam,</span> 
     </span>
     <span class='ocr_line' id='line_1_75' title="bbox 67 3175 929 3226; baseline -0.002 -14"><span class='ocrx_word' id='word_1_546' title='bbox 67 3175 183 3226; x_wconf 64' lang='lat' dir='ltr'>nullam</span> <span class='ocrx_word' id='word_1_547' title='bbox 200 3176 261 3210; x_wconf 82' lang='lat' dir='ltr'>effe</span> <span class='ocrx_word' id='word_1_548' title='bbox 277 3178 391 3212; x_wconf 87' lang='lat' dir='ltr'>domus</span> <span class='ocrx_word' id='word_1_549' title='bbox 408 3176 650 3217; x_wconf 86' lang='lat' dir='ltr'>venditionem,</span> <span class='ocrx_word' id='word_1_550' title='bbox 672 3177 751 3213; x_wconf 82' lang='lat' dir='ltr'>ficut</span> <span class='ocrx_word' id='word_1_551' title='bbox 767 3177 813 3211; x_wconf 86' lang='lat' dir='ltr'>cst</span> <span class='ocrx_word' id='word_1_552' title='bbox 828 3177 929 3218; x_wconf 86' lang='lat' dir='ltr'>nulla,</span> 
     </span>
    </p>
   </div>
   <div class='ocr_carea' id='block_1_3' title="bbox 1805 79 1875 117">
    <p class='ocr_par' dir='ltr' id='par_1_3' title="bbox 1805 79 1875 117">
     <span class='ocr_line' id='line_1_76' title="bbox 1805 79 1875 117; baseline -0.014 0"><span class='ocrx_word' id='word_1_553' title='bbox 1805 79 1875 117; x_wconf 81' lang='lat'>309</span> 
     </span>
    </p>
   </div>
   <div class='ocr_carea' id='block_1_4' title="bbox 987 153 1875 901">
    <p class='ocr_par' dir='ltr' id='par_1_4' title="bbox 987 153 1875 901">
     <span class='ocr_line' id='line_1_77' title="bbox 996 153 1875 198; baseline 0.006 -12"><span class='ocrx_word' id='word_1_554' title='bbox 996 163 1070 186; x_wconf 87' lang='lat' dir='ltr'>cum</span> <span class='ocrx_word' id='word_1_555' title='bbox 1096 162 1170 187; x_wconf 89' lang='lat' dir='ltr'>ante</span> <span class='ocrx_word' id='word_1_556' title='bbox 1183 155 1380 188; x_wconf 61' lang='lat' dir='ltr'>‚contractus</span> <span class='ocrx_word' id='word_1_557' title='bbox 1402 153 1639 198; x_wconf 64' lang='lat' dir='ltr'>perfectionem</span> <span class='ocrx_word' id='word_1_558' title='bbox 1659 157 1812 190; x_wconf 86' lang='lat' dir='ltr'>incendio</span> <span class='ocrx_word' id='word_1_559' title='bbox 1830 159 1875 192; x_wconf 86' lang='lat' dir='ltr'>est</span> 
     </span>
     <span class='ocr_line' id='line_1_78' title="bbox 996 195 1872 243; baseline 0.007 -16"><span class='ocrx_word' id='word_1_560' title='bbox 996 195 1184 238; x_wconf 88' lang='lat' dir='ltr'>consumpta</span> <span class='ocrx_word' id='word_1_561' title='bbox 1207 198 1320 243; x_wconf 80' lang='lat' dir='ltr'>domus</span> <span class='ocrx_word' id='word_1_562' title='bbox 1346 205 1433 237; x_wconf 83' lang='lat' dir='ltr'>tota,</span> <span class='ocrx_word' id='word_1_563' title='bbox 1460 199 1488 231; x_wconf 76' lang='grc' dir='ltr'>δι</span> <span class='ocrx_word' id='word_1_564' title='bbox 1507 199 1572 230; x_wconf 93' lang='lat' dir='ltr'>hoc</span> <span class='ocrx_word' id='word_1_565' title='bbox 1596 199 1687 231; x_wconf 90' lang='lat' dir='ltr'>scivit</span> <span class='ocrx_word' id='word_1_566' title='bbox 1701 201 1872 241; x_wconf 77' lang='lat' dir='ltr'>venditor,</span> 
     </span>
     <span class='ocr_line' id='line_1_79' title="bbox 996 240 1870 282; baseline 0.006 -13"><span class='ocrx_word' id='word_1_567' title='bbox 996 245 1125 279; x_wconf 87' lang='lat' dir='ltr'>emptor</span> <span class='ocrx_word' id='word_1_568' title='bbox 1141 240 1320 279; x_wconf 78' lang='lat' dir='ltr'>ignoravit:</span> <span class='ocrx_word' id='word_1_569' title='bbox 1338 249 1402 270; x_wconf 91' lang='lat' dir='ltr'>non</span> <span class='ocrx_word' id='word_1_570' title='bbox 1419 241 1524 280; x_wconf 86' lang='lat' dir='ltr'>potest</span> <span class='ocrx_word' id='word_1_571' title='bbox 1542 249 1649 274; x_wconf 87' lang='lat' dir='ltr'>tamen</span> <span class='ocrx_word' id='word_1_572' title='bbox 1665 243 1870 282; x_wconf 88' lang='lat' dir='ltr'>emptoricu-</span> 
     </span>
     <span class='ocr_line' id='line_1_80' title="bbox 992 279 1867 324; baseline 0.006 -14"><span class='ocrx_word' id='word_1_573' title='bbox 992 280 1041 320; x_wconf 86' lang='lat' dir='ltr'>jus</span> <span class='ocrx_word' id='word_1_574' title='bbox 1059 281 1197 319; x_wconf 78' lang='lat' dir='ltr'>interiit,</span> <span class='ocrx_word' id='word_1_575' title='bbox 1223 279 1252 311; x_wconf 84' lang='lat' dir='ltr'>se</span> <span class='ocrx_word' id='word_1_576' title='bbox 1274 290 1339 312; x_wconf 90' lang='lat' dir='ltr'>non</span> <span class='ocrx_word' id='word_1_577' title='bbox 1363 282 1492 323; x_wconf 87' lang='lat' dir='ltr'>decipi,</span> <span class='ocrx_word' id='word_1_578' title='bbox 1515 283 1559 314; x_wconf 90' lang='lat' dir='ltr'>ob</span> <span class='ocrx_word' id='word_1_579' title='bbox 1576 284 1606 314; x_wconf 86' lang='lat' dir='ltr'>id</span> <span class='ocrx_word' id='word_1_580' title='bbox 1624 283 1712 324; x_wconf 91' lang='lat' dir='ltr'>quod</span> <span class='ocrx_word' id='word_1_581' title='bbox 1727 283 1812 315; x_wconf 89' lang='lat' dir='ltr'>nulla</span> <span class='ocrx_word' id='word_1_582' title='bbox 1829 283 1867 315; x_wconf 84' lang='lat' dir='ltr'>fit</span> 
     </span>
     <span class='ocr_line' id='line_1_81' title="bbox 997 322 1868 365; baseline 0.007 -14"><span class='ocrx_word' id='word_1_583' title='bbox 997 322 1140 352; x_wconf 77' lang='lat' dir='ltr'>venditio</span> <span class='ocrx_word' id='word_1_584' title='bbox 1157 346 1167 360; x_wconf 87' lang='lat'>,</span> <span class='ocrx_word' id='word_1_585' title='bbox 1197 322 1346 353; x_wconf 87' lang='lat' dir='ltr'>adversus</span> <span class='ocrx_word' id='word_1_586' title='bbox 1370 324 1574 355; x_wconf 86' lang='lat' dir='ltr'>venditorem</span> <span class='ocrx_word' id='word_1_587' title='bbox 1593 334 1609 355; x_wconf 87' lang='lat' dir='ltr'>a</span> <span class='ocrx_word' id='word_1_588' title='bbox 1627 334 1692 365; x_wconf 84' lang='lat' dir='ltr'>quo</span> <span class='ocrx_word' id='word_1_589' title='bbox 1711 325 1868 365; x_wconf 89' lang='lat' dir='ltr'>deceptus</span> 
     </span>
     <span class='ocr_line' id='line_1_82' title="bbox 994 362 1869 408; baseline 0.008 -15"><span class='ocrx_word' id='word_1_590' title='bbox 994 362 1039 394; x_wconf 86' lang='lat' dir='ltr'>est</span> <span class='ocrx_word' id='word_1_591' title='bbox 1050 386 1058 400; x_wconf 86' lang='lat'>,</span> <span class='ocrx_word' id='word_1_592' title='bbox 1070 365 1174 404; x_wconf 82' lang='lat' dir='ltr'>negari</span> <span class='ocrx_word' id='word_1_593' title='bbox 1191 373 1231 394; x_wconf 86' lang='lat' dir='ltr'>ex</span> <span class='ocrx_word' id='word_1_594' title='bbox 1248 372 1361 404; x_wconf 90' lang='lat' dir='ltr'>empto</span> <span class='ocrx_word' id='word_1_595' title='bbox 1377 364 1460 396; x_wconf 67' lang='lat' dir='ltr'>actio</span> <span class='ocrx_word' id='word_1_596' title='bbox 1477 374 1537 406; x_wconf 91' lang='lat' dir='ltr'>qua</span> <span class='ocrx_word' id='word_1_597' title='bbox 1553 365 1766 407; x_wconf 82' lang='lat' dir='ltr'>consequatur</span> <span class='ocrx_word' id='word_1_598' title='bbox 1778 368 1869 408; x_wconf 85' lang='lat' dir='ltr'>quod</span> 
     </span>
     <span class='ocr_line' id='line_1_83' title="bbox 994 404 1869 447; baseline 0.007 -12"><span class='ocrx_word' id='word_1_599' title='bbox 994 404 1059 444; x_wconf 80' lang='lat' dir='ltr'>ejus</span> <span class='ocrx_word' id='word_1_600' title='bbox 1078 404 1215 442; x_wconf 82' lang='lat' dir='ltr'>interiit,</span> <span class='ocrx_word' id='word_1_601' title='bbox 1233 404 1264 435; x_wconf 91' lang='lat' dir='ltr'>se</span> <span class='ocrx_word' id='word_1_602' title='bbox 1279 415 1345 437; x_wconf 92' lang='lat' dir='ltr'>non</span> <span class='ocrx_word' id='word_1_603' title='bbox 1365 407 1486 447; x_wconf 85' lang='lat' dir='ltr'>decipi:</span> <span class='ocrx_word' id='word_1_604' title='bbox 1509 415 1543 438; x_wconf 89' lang='lat' dir='ltr'>ut</span> <span class='ocrx_word' id='word_1_605' title='bbox 1559 407 1590 439; x_wconf 92' lang='lat' dir='ltr'>in</span> <span class='ocrx_word' id='word_1_606' title='bbox 1607 407 1800 440; x_wconf 77' lang='lat' dir='ltr'>antecessum</span> <span class='ocrx_word' id='word_1_607' title='bbox 1812 408 1869 441; x_wconf 86' lang='lat' dir='ltr'>de·</span> 
     </span>
     <span class='ocr_line' id='line_1_84' title="bbox 993 445 1868 489; baseline 0.008 -13"><span class='ocrx_word' id='word_1_608' title='bbox 993 445 1201 477; x_wconf 86' lang='lat' dir='ltr'>monstratum</span> <span class='ocrx_word' id='word_1_609' title='bbox 1217 447 1272 477; x_wconf 89' lang='lat' dir='ltr'>est.</span> <span class='ocrx_word' id='word_1_610' title='bbox 1298 446 1374 479; x_wconf 85' lang='lat' dir='ltr'>Non</span> <span class='ocrx_word' id='word_1_611' title='bbox 1390 448 1486 489; x_wconf 80' lang='lat' dir='ltr'>igitur</span> <span class='ocrx_word' id='word_1_612' title='bbox 1504 447 1664 480; x_wconf 83' lang='lat' dir='ltr'>consentit</span> <span class='ocrx_word' id='word_1_613' title='bbox 1682 458 1755 482; x_wconf 87' lang='lat' dir='ltr'>curn</span> <span class='ocrx_word' id='word_1_614' title='bbox 1773 451 1868 484; x_wconf 84' lang='lat' dir='ltr'>ratio-</span> 
     </span>
     <span class='ocr_line' id='line_1_85' title="bbox 993 487 1849 530; baseline 0.006 -12"><span class='ocrx_word' id='word_1_615' title='bbox 993 496 1034 518; x_wconf 89' lang='lat' dir='ltr'>ne</span> <span class='ocrx_word' id='word_1_616' title='bbox 1047 487 1122 527; x_wconf 85' lang='lat' dir='ltr'>J&#39;uris</span> <span class='ocrx_word' id='word_1_617' title='bbox 1141 495 1234 519; x_wconf 88' lang='lat' dir='ltr'>tenor</span> <span class='ocrx_word' id='word_1_618' title='bbox 1248 487 1277 528; x_wconf 82' lang='lat'>§.</span> <span class='ocrx_word' id='word_1_619' title='bbox 1300 498 1325 519; x_wconf 92' lang='lat'>1.</span> <span class='ocrx_word' id='word_1_620' title='bbox 1342 490 1371 520; x_wconf 84' lang='lat' dir='ltr'>d.</span> <span class='ocrx_word' id='word_1_621' title='bbox 1390 489 1408 520; x_wconf 87' lang='lat' dir='ltr'>l.</span> <span class='ocrx_word' id='word_1_622' title='bbox 1428 499 1480 530; x_wconf 83' lang='lat'>57.</span> <span class='ocrx_word' id='word_1_623' title='bbox 1836 513 1849 525; x_wconf 17' lang='grc' dir='ltr'>λ,</span> 
     </span>
     <span class='ocr_line' id='line_1_86' title="bbox 1035 528 1865 573; baseline 0.006 -13"><span class='ocrx_word' id='word_1_624' title='bbox 1035 528 1108 560; x_wconf 90' lang='lat' dir='ltr'>Nec</span> <span class='ocrx_word' id='word_1_625' title='bbox 1124 530 1222 570; x_wconf 82' lang='lat' dir='ltr'>magis</span> <span class='ocrx_word' id='word_1_626' title='bbox 1242 530 1382 570; x_wconf 86' lang='lat' dir='ltr'>lequitur</span> <span class='ocrx_word' id='word_1_627' title='bbox 1397 540 1438 563; x_wconf 85' lang='lat' dir='ltr'>ex</span> <span class='ocrx_word' id='word_1_628' title='bbox 1455 530 1484 573; x_wconf 58' lang='grc' dir='ltr'>ἓ.</span> <span class='ocrx_word' id='word_1_629' title='bbox 1502 538 1531 562; x_wconf 83' lang='lat'>2.</span> <span class='ocrx_word' id='word_1_630' title='bbox 1548 531 1690 571; x_wconf 84' lang='lat' dir='ltr'>ejusdem</span> <span class='ocrx_word' id='word_1_631' title='bbox 1710 532 1785 565; x_wconf 90' lang='lat' dir='ltr'>loci.</span> <span class='ocrx_word' id='word_1_632' title='bbox 1817 532 1865 565; x_wconf 86' lang='lat' dir='ltr'>Si-</span> 
     </span>
     <span class='ocr_line' id='line_1_87' title="bbox 992 570 1866 614; baseline 0.006 -13"><span class='ocrx_word' id='word_1_633' title='bbox 992 570 1055 601; x_wconf 74' lang='lat' dir='ltr'>mili</span> <span class='ocrx_word' id='word_1_634' title='bbox 1070 580 1180 612; x_wconf 73' lang='lat' dir='ltr'>quoque</span> <span class='ocrx_word' id='word_1_635' title='bbox 1195 572 1273 602; x_wconf 82' lang='lat' dir='ltr'>modo</span> <span class='ocrx_word' id='word_1_636' title='bbox 1288 581 1324 603; x_wconf 84' lang='lat' dir='ltr'>ex</span> <span class='ocrx_word' id='word_1_637' title='bbox 1339 573 1449 612; x_wconf 79' lang='lat' dir='ltr'>diverso</span> <span class='ocrx_word' id='word_1_638' title='bbox 1466 571 1590 604; x_wconf 61' lang='lat' dir='ltr'>tractari</span> <span class='ocrx_word' id='word_1_639' title='bbox 1604 580 1726 614; x_wconf 78' lang='lat' dir='ltr'>oportet,</span> <span class='ocrx_word' id='word_1_640' title='bbox 1746 575 1797 606; x_wconf 80' lang='lat' dir='ltr'>ubi</span> <span class='ocrx_word' id='word_1_641' title='bbox 1809 584 1866 606; x_wconf 88' lang='lat' dir='ltr'>em-</span> 
     </span>
     <span class='ocr_line' id='line_1_88' title="bbox 988 613 1864 655; baseline 0.007 -14"><span class='ocrx_word' id='word_1_642' title='bbox 988 617 1056 652; x_wconf 84' lang='lat' dir='ltr'>ptor</span> <span class='ocrx_word' id='word_1_643' title='bbox 1078 613 1194 653; x_wconf 81' lang='lat' dir='ltr'>quidem</span> <span class='ocrx_word' id='word_1_644' title='bbox 1208 613 1341 652; x_wconf 82' lang='lat' dir='ltr'>sciebat,</span> <span class='ocrx_word' id='word_1_645' title='bbox 1363 615 1499 645; x_wconf 77' lang='lat' dir='ltr'>venditor</span> <span class='ocrx_word' id='word_1_646' title='bbox 1522 619 1618 645; x_wconf 82' lang='lat' dir='ltr'>autem</span> <span class='ocrx_word' id='word_1_647' title='bbox 1635 616 1801 655; x_wconf 78' lang='lat' dir='ltr'>ignorabat.</span> <span class='ocrx_word' id='word_1_648' title='bbox 1826 615 1864 651; x_wconf 61' lang='grc' dir='ltr'>δ’</span> 
     </span>
     <span class='ocr_line' id='line_1_89' title="bbox 989 653 1863 698; baseline 0.008 -15"><span class='ocrx_word' id='word_1_649' title='bbox 989 654 1036 683; x_wconf 81' lang='lat' dir='ltr'>bic</span> <span class='ocrx_word' id='word_1_650' title='bbox 1058 656 1133 684; x_wconf 81' lang='lat' dir='ltr'>enim</span> <span class='ocrx_word' id='word_1_651' title='bbox 1156 660 1262 694; x_wconf 84' lang='lat' dir='ltr'>oportet</span> <span class='ocrx_word' id='word_1_652' title='bbox 1278 653 1314 689; x_wconf 75' lang='lat'>&amp;³</span> <span class='ocrx_word' id='word_1_653' title='bbox 1330 656 1526 687; x_wconf 80' lang='lat' dir='ltr'>venditionem</span> <span class='ocrx_word' id='word_1_654' title='bbox 1538 653 1637 695; x_wconf 77' lang='lat' dir='ltr'>stare,</span> <span class='ocrx_word' id='word_1_655' title='bbox 1654 656 1690 690; x_wconf 57' lang='grc' dir='ltr'>δ’</span> <span class='ocrx_word' id='word_1_656' title='bbox 1704 667 1785 688; x_wconf 81' lang='lat' dir='ltr'>omne</span> <span class='ocrx_word' id='word_1_657' title='bbox 1797 663 1863 698; x_wconf 82' lang='lat' dir='ltr'>pre-</span> 
     </span>
     <span class='ocr_line' id='line_1_90' title="bbox 988 695 1865 739; baseline 0.007 -14"><span class='ocrx_word' id='word_1_658' title='bbox 988 695 1060 726; x_wconf 83' lang='lat' dir='ltr'>tium</span> <span class='ocrx_word' id='word_1_659' title='bbox 1078 697 1114 726; x_wconf 83' lang='lat' dir='ltr'>ab</span> <span class='ocrx_word' id='word_1_660' title='bbox 1131 702 1253 736; x_wconf 78' lang='lat' dir='ltr'>emptore</span> <span class='ocrx_word' id='word_1_661' title='bbox 1275 698 1438 736; x_wconf 79' lang='lat' dir='ltr'>venditori,</span> <span class='ocrx_word' id='word_1_662' title='bbox 1461 695 1491 736; x_wconf 90' lang='lat' dir='ltr'><em>fi</em></span> <span class='ocrx_word' id='word_1_663' title='bbox 1509 707 1566 728; x_wconf 82' lang='lat' dir='ltr'>non</span> <span class='ocrx_word' id='word_1_664' title='bbox 1588 698 1739 738; x_wconf 75' lang='lat' dir='ltr'>depensum</span> <span class='ocrx_word' id='word_1_665' title='bbox 1761 698 1865 739; x_wconf 67' lang='lat' dir='ltr'>estfol-</span> 
     </span>
     <span class='ocr_line' id='line_1_91' title="bbox 987 735 1864 782; baseline 0.008 -16"><span class='ocrx_word' id='word_1_666' title='bbox 987 738 1022 766; x_wconf 77' lang='lat' dir='ltr'>vi</span> <span class='ocrx_word' id='word_1_667' title='bbox 1033 747 1041 767; x_wconf 89' lang='lat'>:</span> <span class='ocrx_word' id='word_1_668' title='bbox 1064 737 1111 767; x_wconf 75' lang='lat' dir='ltr'>vel</span> <span class='ocrx_word' id='word_1_669' title='bbox 1119 735 1149 774; x_wconf 87' lang='lat' dir='ltr'><em>fi</em></span> <span class='ocrx_word' id='word_1_670' title='bbox 1156 738 1288 782; x_wconf 64' lang='lat' dir='ltr'>solutum</span> <span class='ocrx_word' id='word_1_671' title='bbox 1296 738 1358 777; x_wconf 86' lang='lat' dir='ltr'>fit,</span> <span class='ocrx_word' id='word_1_672' title='bbox 1375 748 1433 770; x_wconf 82' lang='lat' dir='ltr'>non</span> <span class='ocrx_word' id='word_1_673' title='bbox 1449 740 1547 780; x_wconf 84' lang='lat' dir='ltr'>repeti.</span> <span class='ocrx_word' id='word_1_674' title='bbox 1569 738 1623 769; x_wconf 92' lang='lat' dir='ltr'>Sic</span> <span class='ocrx_word' id='word_1_675' title='bbox 1641 739 1768 771; x_wconf 82' lang='lat' dir='ltr'>Paulus.</span> <span class='ocrx_word' id='word_1_676' title='bbox 1792 741 1864 773; x_wconf 88' lang='lat' dir='ltr'>Imo</span> 
     </span>
     <span class='ocr_line' id='line_1_92' title="bbox 990 776 1866 822; baseline 0.008 -15"><span class='ocrx_word' id='word_1_677' title='bbox 990 776 1049 808; x_wconf 91' lang='lat' dir='ltr'>sub</span> <span class='ocrx_word' id='word_1_678' title='bbox 1073 778 1137 817; x_wconf 87' lang='lat' dir='ltr'>ejus</span> <span class='ocrx_word' id='word_1_679' title='bbox 1156 779 1287 822; x_wconf 78' lang='lat' dir='ltr'>persona</span> <span class='ocrx_word' id='word_1_680' title='bbox 1304 780 1406 812; x_wconf 87' lang='lat' dir='ltr'>homo</span> <span class='ocrx_word' id='word_1_681' title='bbox 1431 780 1528 819; x_wconf 81' lang='lat' dir='ltr'>alius,</span> <span class='ocrx_word' id='word_1_682' title='bbox 1551 781 1693 821; x_wconf 85' lang='lat' dir='ltr'>quisquis</span> <span class='ocrx_word' id='word_1_683' title='bbox 1718 781 1785 821; x_wconf 86' lang='lat' dir='ltr'>est,</span> <span class='ocrx_word' id='word_1_684' title='bbox 1810 783 1866 814; x_wconf 84' lang='lat' dir='ltr'>im·</span> 
     </span>
     <span class='ocr_line' id='line_1_93' title="bbox 989 819 1867 864; baseline 0.009 -15"><span class='ocrx_word' id='word_1_685' title='bbox 989 819 1130 864; x_wconf 34' lang='lat' dir='ltr'>pru-dens</span> <span class='ocrx_word' id='word_1_686' title='bbox 1151 819 1246 859; x_wconf 87' lang='lat' dir='ltr'>juris;</span> <span class='ocrx_word' id='word_1_687' title='bbox 1271 819 1292 851; x_wconf 81' lang='lat' dir='ltr'>fi</span> <span class='ocrx_word' id='word_1_688' title='bbox 1319 823 1488 861; x_wconf 88' lang='lat' dir='ltr'>volumus,</span> <span class='ocrx_word' id='word_1_689' title='bbox 1512 821 1667 854; x_wconf 85' lang='lat' dir='ltr'>sincerum</span> <span class='ocrx_word' id='word_1_690' title='bbox 1691 821 1801 856; x_wconf 87' lang='lat' dir='ltr'>facere</span> <span class='ocrx_word' id='word_1_691' title='bbox 1822 824 1867 864; x_wconf 78' lang='lat' dir='ltr'>Ju-</span> 
     </span>
     <span class='ocr_line' id='line_1_94' title="bbox 989 861 1866 901; baseline 0.009 -11"><span class='ocrx_word' id='word_1_692' title='bbox 989 861 1128 898; x_wconf 81' lang='lat' dir='ltr'>dicium,</span> <span class='ocrx_word' id='word_1_693' title='bbox 1145 861 1288 901; x_wconf 64' lang='lat' dir='ltr'>neglecta</span> <span class='ocrx_word' id='word_1_694' title='bbox 1306 863 1482 895; x_wconf 83' lang='lat' dir='ltr'>ambitione</span> <span class='ocrx_word' id='word_1_695' title='bbox 1499 864 1607 895; x_wconf 89' lang='lat' dir='ltr'>tuendi</span> <span class='ocrx_word' id='word_1_696' title='bbox 1623 864 1740 897; x_wconf 33' lang='lat' dir='ltr'>cuneta*</span> <span class='ocrx_word' id='word_1_697' title='bbox 1752 864 1783 897; x_wconf 88' lang='lat' dir='ltr'>in</span> <span class='ocrx_word' id='word_1_698' title='bbox 1801 865 1866 897; x_wconf 82' lang='lat' dir='ltr'>Ve-</span> 
     </span>
    </p>
   </div>
   <div class='ocr_carea' id='block_1_5' title="bbox 978 900 1864 949">
    <p class='ocr_par' dir='ltr' id='par_1_5' title="bbox 978 900 1864 949">
     <span class='ocr_line' id='line_1_95' title="bbox 978 900 1864 949; baseline 0.01 -18"><span class='ocrx_word' id='word_1_699' title='bbox 978 907 1092 932; x_wconf 79' lang='lat' dir='ltr'>¹terum</span> <span class='ocrx_word' id='word_1_700' title='bbox 1124 900 1256 942; x_wconf 82' lang='lat' dir='ltr'>scripns.</span> <span class='ocrx_word' id='word_1_701' title='bbox 1292 906 1496 943; x_wconf 87' lang='lat' dir='ltr'>quantumvis</span> <span class='ocrx_word' id='word_1_702' title='bbox 1521 914 1600 936; x_wconf 86' lang='lat' dir='ltr'>vana</span> <span class='ocrx_word' id='word_1_703' title='bbox 1621 913 1718 947; x_wconf 83' lang='lat' dir='ltr'>atque</span> <span class='ocrx_word' id='word_1_704' title='bbox 1742 907 1864 949; x_wconf 80' lang='lat' dir='ltr'>inepta.</span> 
     </span>
    </p>
   </div>
   <div class='ocr_carea' id='block_1_6' title="bbox 972 942 1867 3224">
    <p class='ocr_par' dir='ltr' id='par_1_6' title="bbox 979 942 1867 2526">
     <span class='ocr_line' id='line_1_96' title="bbox 980 942 1866 989; baseline 0.012 -18"><span class='ocrx_word' id='word_1_705' title='bbox 980 950 1054 982; x_wconf 87' lang='lat' dir='ltr'>-quo</span> <span class='ocrx_word' id='word_1_706' title='bbox 1066 942 1151 974; x_wconf 89' lang='lat' dir='ltr'>enim</span> <span class='ocrx_word' id='word_1_707' title='bbox 1170 952 1234 974; x_wconf 88' lang='lat' dir='ltr'>nou</span> <span class='ocrx_word' id='word_1_708' title='bbox 1253 944 1356 976; x_wconf 89' lang='lat' dir='ltr'>dicam</span> <span class='ocrx_word' id='word_1_709' title='bbox 1373 954 1582 987; x_wconf 84' lang='lat' dir='ltr'>argumento,</span> <span class='ocrx_word' id='word_1_710' title='bbox 1600 947 1652 979; x_wconf 88' lang='lat' dir='ltr'>sed</span> <span class='ocrx_word' id='word_1_711' title='bbox 1671 957 1736 989; x_wconf 91' lang='lat' dir='ltr'>quo</span> <span class='ocrx_word' id='word_1_712' title='bbox 1751 951 1866 983; x_wconf 77' lang='lat' dir='ltr'>colore</span> 
     </span>
     <span class='ocr_line' id='line_1_97' title="bbox 986 984 1863 1030; baseline 0.013 -17"><span class='ocrx_word' id='word_1_713' title='bbox 986 985 1075 1023; x_wconf 88' lang='lat' dir='ltr'>vult,</span> <span class='ocrx_word' id='word_1_714' title='bbox 1100 984 1260 1016; x_wconf 88' lang='lat' dir='ltr'>venditori</span> <span class='ocrx_word' id='word_1_715' title='bbox 1288 986 1381 1024; x_wconf 84' lang='lat' dir='ltr'>ideo,</span> <span class='ocrx_word' id='word_1_716' title='bbox 1405 989 1493 1027; x_wconf 89' lang='lat' dir='ltr'>quod</span> <span class='ocrx_word' id='word_1_717' title='bbox 1516 989 1678 1030; x_wconf 78' lang='lat' dir='ltr'>ignoravit</span> <span class='ocrx_word' id='word_1_718' title='bbox 1695 1014 1704 1029; x_wconf 92' lang='lat'>,</span> <span class='ocrx_word' id='word_1_719' title='bbox 1729 991 1863 1025; x_wconf 87' lang='lat' dir='ltr'>domum</span> 
     </span>
     <span class='ocr_line' id='line_1_98' title="bbox 987 1025 1864 1075; baseline 0.013 -20"><span class='ocrx_word' id='word_1_720' title='bbox 987 1032 1061 1056; x_wconf 84' lang='lat' dir='ltr'>ante</span> <span class='ocrx_word' id='word_1_721' title='bbox 1088 1025 1265 1072; x_wconf 64' lang='lat' dir='ltr'>perfectam</span> <span class='ocrx_word' id='word_1_722' title='bbox 1292 1028 1514 1061; x_wconf 88' lang='lat' dir='ltr'>venditionem</span> <span class='ocrx_word' id='word_1_723' title='bbox 1548 1029 1611 1062; x_wconf 82' lang='lat' dir='ltr'>effe</span> <span class='ocrx_word' id='word_1_724' title='bbox 1641 1031 1864 1075; x_wconf 83' lang='lat' dir='ltr'>combustam,</span> 
     </span>
     <span class='ocr_line' id='line_1_99' title="bbox 989 1067 1864 1110; baseline 0.013 -13"><span class='ocrx_word' id='word_1_725' title='bbox 989 1067 1137 1098; x_wconf 76' lang='lat' dir='ltr'>advertus</span> <span class='ocrx_word' id='word_1_726' title='bbox 1156 1076 1338 1108; x_wconf 86' lang='lat' dir='ltr'>emptorem</span> <span class='ocrx_word' id='word_1_727' title='bbox 1357 1069 1410 1109; x_wconf 88' lang='lat' dir='ltr'>qui</span> <span class='ocrx_word' id='word_1_728' title='bbox 1429 1070 1462 1101; x_wconf 82' lang='lat' dir='ltr'>id</span> <span class='ocrx_word' id='word_1_729' title='bbox 1480 1070 1591 1110; x_wconf 87' lang='lat' dir='ltr'>scivit,</span> <span class='ocrx_word' id='word_1_730' title='bbox 1615 1072 1679 1105; x_wconf 87' lang='lat' dir='ltr'>dari</span> <span class='ocrx_word' id='word_1_731' title='bbox 1702 1074 1864 1109; x_wconf 72' lang='lat' dir='ltr'>actionem</span> 
     </span>
     <span class='ocr_line' id='line_1_100' title="bbox 987 1109 1864 1158; baseline 0.013 -20"><span class='ocrx_word' id='word_1_732' title='bbox 987 1117 1048 1148; x_wconf 88' lang='lat' dir='ltr'>qua</span> <span class='ocrx_word' id='word_1_733' title='bbox 1063 1117 1161 1140; x_wconf 91' lang='lat' dir='ltr'>omne</span> <span class='ocrx_word' id='word_1_734' title='bbox 1178 1109 1392 1150; x_wconf 82' lang='lat' dir='ltr'>consequatur</span> <span class='ocrx_word' id='word_1_735' title='bbox 1408 1112 1547 1152; x_wconf 87' lang='lat' dir='ltr'>pretium</span> <span class='ocrx_word' id='word_1_736' title='bbox 1560 1112 1576 1144; x_wconf 75' lang='lat'>‘2</span> <span class='ocrx_word' id='word_1_737' title='bbox 1601 1123 1640 1145; x_wconf 88' lang='lat' dir='ltr'>an</span> <span class='ocrx_word' id='word_1_738' title='bbox 1659 1115 1728 1155; x_wconf 87' lang='lat' dir='ltr'>quis</span> <span class='ocrx_word' id='word_1_739' title='bbox 1743 1117 1864 1158; x_wconf 85' lang='lat' dir='ltr'>nescit,</span> 
     </span>
     <span class='ocr_line' id='line_1_101' title="bbox 987 1150 1865 1200; baseline 0.013 -20"><span class='ocrx_word' id='word_1_740' title='bbox 987 1150 1208 1181; x_wconf 84' lang='lat' dir='ltr'>venditionem</span> <span class='ocrx_word' id='word_1_741' title='bbox 1224 1160 1288 1182; x_wconf 88' lang='lat' dir='ltr'>non</span> <span class='ocrx_word' id='word_1_742' title='bbox 1305 1152 1409 1183; x_wconf 75' lang='lat' dir='ltr'>minus</span> <span class='ocrx_word' id='word_1_743' title='bbox 1426 1162 1466 1184; x_wconf 87' lang='lat' dir='ltr'>ex</span> <span class='ocrx_word' id='word_1_744' title='bbox 1477 1160 1604 1192; x_wconf 89' lang='lat' dir='ltr'>merce,</span> <span class='ocrx_word' id='word_1_745' title='bbox 1622 1165 1717 1195; x_wconf 87' lang='lat' dir='ltr'>quam</span> <span class='ocrx_word' id='word_1_746' title='bbox 1736 1167 1777 1189; x_wconf 82' lang='lat' dir='ltr'>ex</span> <span class='ocrx_word' id='word_1_747' title='bbox 1793 1167 1865 1200; x_wconf 88' lang='lat' dir='ltr'>pre-</span> 
     </span>
     <span class='ocr_line' id='line_1_102' title="bbox 986 1191 1863 1240; baseline 0.013 -19"><span class='ocrx_word' id='word_1_748' title='bbox 986 1191 1052 1230; x_wconf 91' lang='lat' dir='ltr'>tio,</span> <span class='ocrx_word' id='word_1_749' title='bbox 1070 1191 1238 1225; x_wconf 79' lang='lat' dir='ltr'>consistere</span> <span class='ocrx_word' id='word_1_750' title='bbox 1255 1192 1272 1224; x_wconf 74' lang='grc' dir='ltr'>ἱ)</span> <span class='ocrx_word' id='word_1_751' title='bbox 1295 1201 1356 1224; x_wconf 88' lang='lat' dir='ltr'>nec</span> <span class='ocrx_word' id='word_1_752' title='bbox 1372 1195 1421 1233; x_wconf 86' lang='lat' dir='ltr'>agi</span> <span class='ocrx_word' id='word_1_753' title='bbox 1439 1195 1578 1226; x_wconf 89' lang='lat' dir='ltr'>emendo</span> <span class='ocrx_word' id='word_1_754' title='bbox 1603 1199 1863 1240; x_wconf 78' lang='lat' dir='ltr'>vendendoque,</span> 
     </span>
     <span class='ocr_line' id='line_1_103' title="bbox 986 1235 1863 1275; baseline 0.013 -12"><span class='ocrx_word' id='word_1_755' title='bbox 986 1240 1021 1263; x_wconf 86' lang='lat' dir='ltr'>ut</span> <span class='ocrx_word' id='word_1_756' title='bbox 1038 1241 1092 1263; x_wconf 83' lang='lat' dir='ltr'>aut</span> <span class='ocrx_word' id='word_1_757' title='bbox 1109 1242 1200 1265; x_wconf 85' lang='lat' dir='ltr'>merx</span> <span class='ocrx_word' id='word_1_758' title='bbox 1216 1241 1270 1264; x_wconf 84' lang='lat' dir='ltr'>aut</span> <span class='ocrx_word' id='word_1_759' title='bbox 1286 1235 1422 1273; x_wconf 85' lang='lat' dir='ltr'>pretium</span> <span class='ocrx_word' id='word_1_760' title='bbox 1444 1235 1598 1275; x_wconf 64' lang='lat' dir='ltr'>jactetur:</span> <span class='ocrx_word' id='word_1_761' title='bbox 1624 1237 1677 1270; x_wconf 82' lang='lat' dir='ltr'>sed</span> <span class='ocrx_word' id='word_1_762' title='bbox 1697 1247 1730 1270; x_wconf 89' lang='lat' dir='ltr'>ut</span> <span class='ocrx_word' id='word_1_763' title='bbox 1747 1243 1863 1274; x_wconf 86' lang='lat' dir='ltr'>mercis</span> 
     </span>
     <span class='ocr_line' id='line_1_104' title="bbox 985 1274 1866 1324; baseline 0.006 -19"><span class='ocrx_word' id='word_1_764' title='bbox 985 1274 1105 1306; x_wconf 87' lang='lat' dir='ltr'>utilitas</span> <span class='ocrx_word' id='word_1_765' title='bbox 1122 1283 1195 1306; x_wconf 86' lang='lat' dir='ltr'>curn</span> <span class='ocrx_word' id='word_1_766' title='bbox 1212 1276 1305 1315; x_wconf 86' lang='lat' dir='ltr'>pretii</span> <span class='ocrx_word' id='word_1_767' title='bbox 1317 1276 1453 1307; x_wconf 87' lang='lat' dir='ltr'>utilitate</span> <span class='ocrx_word' id='word_1_768' title='bbox 1470 1279 1696 1317; x_wconf 77' lang='lat' dir='ltr'>permutetur?</span> <span class='ocrx_word' id='word_1_769' title='bbox 1719 1280 1797 1313; x_wconf 87' lang='lat' dir='ltr'>Non</span> <span class='ocrx_word' id='word_1_770' title='bbox 1809 1285 1866 1324; x_wconf 84' lang='lat' dir='ltr'>igi.</span> 
     </span>
     <span class='ocr_line' id='line_1_105' title="bbox 985 1316 1863 1364; baseline 0.011 -18"><span class='ocrx_word' id='word_1_771' title='bbox 985 1322 1036 1347; x_wconf 90' lang='lat' dir='ltr'>tur</span> <span class='ocrx_word' id='word_1_772' title='bbox 1059 1317 1167 1356; x_wconf 74' lang='lat' dir='ltr'>potuit</span> <span class='ocrx_word' id='word_1_773' title='bbox 1182 1317 1264 1355; x_wconf 88' lang='lat' dir='ltr'>dici,</span> <span class='ocrx_word' id='word_1_774' title='bbox 1288 1316 1374 1349; x_wconf 86' lang='lat' dir='ltr'>salvo</span> <span class='ocrx_word' id='word_1_775' title='bbox 1387 1317 1475 1358; x_wconf 88' lang='lat' dir='ltr'>jure,</span> <span class='ocrx_word' id='word_1_776' title='bbox 1500 1319 1554 1350; x_wconf 89' lang='lat' dir='ltr'>ubi</span> <span class='ocrx_word' id='word_1_777' title='bbox 1573 1319 1690 1352; x_wconf 85' lang='lat' dir='ltr'>sciebat</span> <span class='ocrx_word' id='word_1_778' title='bbox 1711 1331 1863 1364; x_wconf 84' lang='lat' dir='ltr'>emptor,</span> 
     </span>
     <span class='ocr_line' id='line_1_106' title="bbox 983 1357 1864 1404; baseline 0.011 -16"><span class='ocrx_word' id='word_1_779' title='bbox 983 1357 1115 1389; x_wconf 88' lang='lat' dir='ltr'>domum</span> <span class='ocrx_word' id='word_1_780' title='bbox 1133 1367 1225 1398; x_wconf 85' lang='lat' dir='ltr'>quarn</span> <span class='ocrx_word' id='word_1_781' title='bbox 1241 1358 1388 1398; x_wconf 75' lang='lat' dir='ltr'>emebat,</span> <span class='ocrx_word' id='word_1_782' title='bbox 1412 1367 1486 1391; x_wconf 86' lang='lat' dir='ltr'>ante</span> <span class='ocrx_word' id='word_1_783' title='bbox 1504 1360 1702 1395; x_wconf 82' lang='lat' dir='ltr'>combustam</span> <span class='ocrx_word' id='word_1_784' title='bbox 1719 1363 1781 1396; x_wconf 75' lang='lat' dir='ltr'>effe</span> <span class='ocrx_word' id='word_1_785' title='bbox 1797 1389 1807 1404; x_wconf 92' lang='lat'>‚</span> <span class='ocrx_word' id='word_1_786' title='bbox 1832 1366 1864 1399; x_wconf 86' lang='lat'>&amp;</span> 
     </span>
     <span class='ocr_line' id='line_1_107' title="bbox 984 1398 1863 1442; baseline 0.013 -13"><span class='ocrx_word' id='word_1_787' title='bbox 984 1398 1049 1430; x_wconf 85' lang='lat' dir='ltr'>hoc</span> <span class='ocrx_word' id='word_1_788' title='bbox 1069 1400 1236 1441; x_wconf 84' lang='lat' dir='ltr'>ignorabat</span> <span class='ocrx_word' id='word_1_789' title='bbox 1253 1402 1402 1432; x_wconf 82' lang='lat' dir='ltr'>venditor</span> <span class='ocrx_word' id='word_1_790' title='bbox 1412 1408 1587 1442; x_wconf 89' lang='lat' dir='ltr'>‚oportere</span> <span class='ocrx_word' id='word_1_791' title='bbox 1597 1403 1626 1435; x_wconf 69' lang='grc' dir='ltr'>ἃ</span> <span class='ocrx_word' id='word_1_792' title='bbox 1636 1405 1863 1441; x_wconf 84' lang='lat' dir='ltr'>venditionem</span> 
     </span>
     <span class='ocr_line' id='line_1_108' title="bbox 984 1439 1864 1489; baseline 0.011 -18"><span class='ocrx_word' id='word_1_793' title='bbox 984 1439 1082 1480; x_wconf 87' lang='lat' dir='ltr'>stare,</span> <span class='ocrx_word' id='word_1_794' title='bbox 1106 1441 1135 1472; x_wconf 67' lang='grc' dir='ltr'>ἃ</span> <span class='ocrx_word' id='word_1_795' title='bbox 1158 1451 1257 1472; x_wconf 88' lang='lat' dir='ltr'>omne</span> <span class='ocrx_word' id='word_1_796' title='bbox 1280 1442 1419 1482; x_wconf 88' lang='lat' dir='ltr'>pretium</span> <span class='ocrx_word' id='word_1_797' title='bbox 1445 1444 1484 1473; x_wconf 86' lang='lat' dir='ltr'>ab</span> <span class='ocrx_word' id='word_1_798' title='bbox 1509 1453 1658 1485; x_wconf 85' lang='lat' dir='ltr'>emptore</span> <span class='ocrx_word' id='word_1_799' title='bbox 1682 1449 1864 1489; x_wconf 88' lang='lat' dir='ltr'>venditori,</span> 
     </span>
     <span class='ocr_line' id='line_1_109' title="bbox 983 1481 1867 1529; baseline 0.011 -16"><span class='ocrx_word' id='word_1_800' title='bbox 983 1481 1005 1528; x_wconf 75' lang='lat' dir='ltr'>si</span> <span class='ocrx_word' id='word_1_801' title='bbox 1022 1491 1087 1513; x_wconf 90' lang='lat' dir='ltr'>non</span> <span class='ocrx_word' id='word_1_802' title='bbox 1104 1481 1276 1522; x_wconf 84' lang='lat' dir='ltr'>depensum</span> <span class='ocrx_word' id='word_1_803' title='bbox 1294 1483 1349 1522; x_wconf 82' lang='lat' dir='ltr'>sit,</span> <span class='ocrx_word' id='word_1_804' title='bbox 1374 1483 1465 1515; x_wconf 87' lang='lat' dir='ltr'>solvi.</span> <span class='ocrx_word' id='word_1_805' title='bbox 1489 1484 1524 1516; x_wconf 83' lang='lat' dir='ltr'>sit</span> <span class='ocrx_word' id='word_1_806' title='bbox 1540 1487 1624 1517; x_wconf 87' lang='lat' dir='ltr'>nulla</span> <span class='ocrx_word' id='word_1_807' title='bbox 1644 1491 1789 1529; x_wconf 81' lang='lat' dir='ltr'>einpti03</span> <span class='ocrx_word' id='word_1_808' title='bbox 1807 1491 1867 1523; x_wconf 69' lang='lat' dir='ltr'>⁴ab-</span> 
     </span>
     <span class='ocr_line' id='line_1_110' title="bbox 984 1523 1865 1568; baseline 0.011 -14"><span class='ocrx_word' id='word_1_809' title='bbox 984 1523 1087 1555; x_wconf 75' lang='lat' dir='ltr'>solvat</span> <span class='ocrx_word' id='word_1_810' title='bbox 1109 1525 1313 1556; x_wconf 86' lang='lat' dir='ltr'>venditorem</span> <span class='ocrx_word' id='word_1_811' title='bbox 1337 1525 1430 1556; x_wconf 89' lang='lat' dir='ltr'>dolus</span> <span class='ocrx_word' id='word_1_812' title='bbox 1456 1527 1614 1567; x_wconf 85' lang='lat' dir='ltr'>emptoris</span> <span class='ocrx_word' id='word_1_813' title='bbox 1633 1529 1688 1568; x_wconf 87' lang='lat' dir='ltr'>qui</span> <span class='ocrx_word' id='word_1_814' title='bbox 1706 1529 1798 1562; x_wconf 88' lang='lat' dir='ltr'>scivit</span> <span class='ocrx_word' id='word_1_815' title='bbox 1813 1541 1865 1564; x_wconf 87' lang='lat' dir='ltr'>ca·</span> 
     </span>
     <span class='ocr_line' id='line_1_111' title="bbox 983 1564 1863 1606; baseline 0.011 -10"><span class='ocrx_word' id='word_1_816' title='bbox 983 1564 1049 1596; x_wconf 90' lang='lat' dir='ltr'>sum</span> <span class='ocrx_word' id='word_1_817' title='bbox 1071 1565 1232 1598; x_wconf 86' lang='lat' dir='ltr'>incendii:</span> <span class='ocrx_word' id='word_1_818' title='bbox 1256 1565 1307 1598; x_wconf 87' lang='lat' dir='ltr'>sed</span> <span class='ocrx_word' id='word_1_819' title='bbox 1331 1576 1395 1597; x_wconf 89' lang='lat' dir='ltr'>non</span> <span class='ocrx_word' id='word_1_820' title='bbox 1420 1565 1486 1598; x_wconf 84' lang='lat' dir='ltr'>fert</span> <span class='ocrx_word' id='word_1_821' title='bbox 1510 1568 1613 1599; x_wconf 79' lang='lat' dir='ltr'>civilis</span> <span class='ocrx_word' id='word_1_822' title='bbox 1635 1578 1691 1601; x_wconf 84' lang='lat' dir='ltr'>aut</span> <span class='ocrx_word' id='word_1_823' title='bbox 1711 1573 1863 1606; x_wconf 84' lang='lat' dir='ltr'>naturalis</span> 
     </span>
     <span class='ocr_line' id='line_1_112' title="bbox 983 1607 1864 1651; baseline 0.011 -14"><span class='ocrx_word' id='word_1_824' title='bbox 983 1607 1084 1645; x_wconf 85' lang='lat' dir='ltr'>ratio,</span> <span class='ocrx_word' id='word_1_825' title='bbox 1103 1613 1138 1638; x_wconf 92' lang='lat' dir='ltr'>ut</span> <span class='ocrx_word' id='word_1_826' title='bbox 1154 1607 1304 1639; x_wconf 88' lang='lat' dir='ltr'>venditor</span> <span class='ocrx_word' id='word_1_827' title='bbox 1315 1609 1354 1638; x_wconf 90' lang='lat' dir='ltr'>ab</span> <span class='ocrx_word' id='word_1_828' title='bbox 1364 1615 1513 1648; x_wconf 87' lang='lat' dir='ltr'>emptore</span> <span class='ocrx_word' id='word_1_829' title='bbox 1528 1616 1617 1650; x_wconf 88' lang='lat' dir='ltr'>petat</span> <span class='ocrx_word' id='word_1_830' title='bbox 1631 1612 1769 1651; x_wconf 90' lang='lat' dir='ltr'>pretium</span> <span class='ocrx_word' id='word_1_831' title='bbox 1784 1623 1864 1648; x_wconf 83' lang='lat' dir='ltr'>ven-</span> 
     </span>
     <span class='ocr_line' id='line_1_113' title="bbox 984 1647 1862 1690; baseline 0.008 -10"><span class='ocrx_word' id='word_1_832' title='bbox 984 1647 1059 1680; x_wconf 83' lang='lat' dir='ltr'>ditae</span> <span class='ocrx_word' id='word_1_833' title='bbox 1082 1648 1215 1680; x_wconf 86' lang='lat' dir='ltr'>domus:</span> <span class='ocrx_word' id='word_1_834' title='bbox 1240 1657 1313 1681; x_wconf 89' lang='lat' dir='ltr'>cum</span> <span class='ocrx_word' id='word_1_835' title='bbox 1339 1648 1416 1688; x_wconf 91' lang='lat' dir='ltr'>scit,</span> <span class='ocrx_word' id='word_1_836' title='bbox 1439 1649 1470 1681; x_wconf 86' lang='lat' dir='ltr'>se</span> <span class='ocrx_word' id='word_1_837' title='bbox 1492 1659 1558 1683; x_wconf 90' lang='lat' dir='ltr'>non</span> <span class='ocrx_word' id='word_1_838' title='bbox 1584 1651 1702 1684; x_wconf 86' lang='lat' dir='ltr'>habere</span> <span class='ocrx_word' id='word_1_839' title='bbox 1727 1654 1862 1690; x_wconf 86' lang='lat' dir='ltr'>domum</span> 
     </span>
     <span class='ocr_line' id='line_1_114' title="bbox 986 1690 1863 1735; baseline 0.011 -14"><span class='ocrx_word' id='word_1_840' title='bbox 986 1699 1080 1730; x_wconf 89' lang='lat' dir='ltr'>quam</span> <span class='ocrx_word' id='word_1_841' title='bbox 1107 1690 1137 1721; x_wconf 88' lang='lat' dir='ltr'>ei</span> <span class='ocrx_word' id='word_1_842' title='bbox 1162 1697 1275 1722; x_wconf 85' lang='lat' dir='ltr'>contra</span> <span class='ocrx_word' id='word_1_843' title='bbox 1299 1690 1431 1723; x_wconf 86' lang='lat' dir='ltr'>offerat:</span> <span class='ocrx_word' id='word_1_844' title='bbox 1456 1691 1618 1727; x_wconf 83' lang='lat' dir='ltr'>refistente</span> <span class='ocrx_word' id='word_1_845' title='bbox 1641 1694 1726 1727; x_wconf 84' lang='lat' dir='ltr'>bona</span> <span class='ocrx_word' id='word_1_846' title='bbox 1747 1695 1812 1735; x_wconf 77' lang='lat' dir='ltr'>fide</span> <span class='ocrx_word' id='word_1_847' title='bbox 1830 1698 1863 1731; x_wconf 76' lang='grc' dir='ltr'>δε</span> 
     </span>
     <span class='ocr_line' id='line_1_115' title="bbox 986 1732 1865 1777; baseline 0.011 -15"><span class='ocrx_word' id='word_1_848' title='bbox 986 1732 1168 1772; x_wconf 85' lang='lat' dir='ltr'>aequalitate</span> <span class='ocrx_word' id='word_1_849' title='bbox 1186 1732 1430 1771; x_wconf 84' lang='lat' dir='ltr'>permutationis</span> <span class='ocrx_word' id='word_1_850' title='bbox 1448 1734 1487 1765; x_wconf 87' lang='lat' dir='ltr'>ad</span> <span class='ocrx_word' id='word_1_851' title='bbox 1499 1742 1594 1774; x_wconf 88' lang='lat' dir='ltr'>quam</span> <span class='ocrx_word' id='word_1_852' title='bbox 1612 1737 1865 1777; x_wconf 85' lang='lat' dir='ltr'>pergitsubstan-</span> 
     </span>
     <span class='ocr_line' id='line_1_116' title="bbox 986 1773 1860 1817; baseline 0.011 -13"><span class='ocrx_word' id='word_1_853' title='bbox 986 1773 1027 1804; x_wconf 88' lang='lat' dir='ltr'>tia</span> <span class='ocrx_word' id='word_1_854' title='bbox 1044 1773 1266 1812; x_wconf 74' lang='lat' dir='ltr'>emptionis&amp;</span> <span class='ocrx_word' id='word_1_855' title='bbox 1284 1775 1487 1808; x_wconf 83' lang='lat' dir='ltr'>venditionis.</span> <span class='ocrx_word' id='word_1_856' title='bbox 1531 1773 1609 1808; x_wconf 90' lang='lat' dir='ltr'>Non</span> <span class='ocrx_word' id='word_1_857' title='bbox 1635 1786 1718 1817; x_wconf 88' lang='lat' dir='ltr'>opus</span> <span class='ocrx_word' id='word_1_858' title='bbox 1742 1780 1860 1815; x_wconf 75' lang='lat' dir='ltr'>verbis.</span> 
     </span>
     <span class='ocr_line' id='line_1_117' title="bbox 984 1813 1862 1857; baseline 0.009 -11"><span class='ocrx_word' id='word_1_859' title='bbox 984 1814 1050 1854; x_wconf 89' lang='lat' dir='ltr'>ipse</span> <span class='ocrx_word' id='word_1_860' title='bbox 1074 1813 1116 1845; x_wconf 90' lang='lat' dir='ltr'>fic</span> <span class='ocrx_word' id='word_1_861' title='bbox 1142 1813 1256 1846; x_wconf 89' lang='lat' dir='ltr'>Paulus</span> <span class='ocrx_word' id='word_1_862' title='bbox 1282 1815 1303 1847; x_wconf 83' lang='lat' dir='ltr'>l.</span> <span class='ocrx_word' id='word_1_863' title='bbox 1318 1825 1370 1856; x_wconf 80' lang='lat'>34.</span> <span class='ocrx_word' id='word_1_864' title='bbox 1386 1815 1416 1857; x_wconf 83' lang='lat'>§.</span> <span class='ocrx_word' id='word_1_865' title='bbox 1431 1826 1461 1857; x_wconf 84' lang='lat'>3.</span> <span class='ocrx_word' id='word_1_866' title='bbox 1483 1815 1522 1848; x_wconf 92' lang='lat' dir='ltr'>D.</span> <span class='ocrx_word' id='word_1_867' title='bbox 1541 1818 1574 1847; x_wconf 78' lang='lat' dir='ltr'>de</span> <span class='ocrx_word' id='word_1_868' title='bbox 1589 1820 1787 1852; x_wconf 55' lang='lat' dir='ltr'>contrahenda»</span> <span class='ocrx_word' id='word_1_869' title='bbox 1806 1832 1862 1855; x_wconf 77' lang='lat' dir='ltr'>em·</span> 
     </span>
     <span class='ocr_line' id='line_1_118' title="bbox 979 1855 1863 1905; baseline 0.011 -19"><span class='ocrx_word' id='word_1_870' title='bbox 979 1856 1096 1896; x_wconf 81' lang='lat' dir='ltr'>ptione:</span> <span class='ocrx_word' id='word_1_871' title='bbox 1120 1855 1176 1901; x_wconf 76' lang='lat' dir='ltr'>nisi</span> <span class='ocrx_word' id='word_1_872' title='bbox 1198 1855 1283 1887; x_wconf 84' lang='lat' dir='ltr'>aliud</span> <span class='ocrx_word' id='word_1_873' title='bbox 1308 1856 1396 1894; x_wconf 91' lang='lat' dir='ltr'>vult,</span> <span class='ocrx_word' id='word_1_874' title='bbox 1420 1866 1494 1890; x_wconf 90' lang='lat' dir='ltr'>cum</span> <span class='ocrx_word' id='word_1_875' title='bbox 1515 1859 1646 1892; x_wconf 86' lang='lat' dir='ltr'>vendita</span> <span class='ocrx_word' id='word_1_876' title='bbox 1671 1870 1706 1892; x_wconf 90' lang='lat' dir='ltr'>re</span> <span class='ocrx_word' id='word_1_877' title='bbox 1721 1862 1863 1905; x_wconf 86' lang='lat' dir='ltr'>furtiva,</span> 
     </span>
     <span class='ocr_line' id='line_1_119' title="bbox 986 1897 1861 1944; baseline 0.005 -17"><span class='ocrx_word' id='word_1_878' title='bbox 986 1897 1036 1935; x_wconf 83' lang='lat' dir='ltr'>Si,</span> <span class='ocrx_word' id='word_1_879' title='bbox 1060 1898 1184 1938; x_wconf 87' lang='lat' dir='ltr'>inquit,</span> <span class='ocrx_word' id='word_1_880' title='bbox 1208 1903 1314 1938; x_wconf 81' lang='lat' dir='ltr'>emptor</span> <span class='ocrx_word' id='word_1_881' title='bbox 1332 1898 1503 1938; x_wconf 27' lang='lat' dir='ltr'>stilus-scit,</span> <span class='ocrx_word' id='word_1_882' title='bbox 1526 1904 1583 1932; x_wconf 78' lang='lat' dir='ltr'>non</span> <span class='ocrx_word' id='word_1_883' title='bbox 1604 1902 1778 1944; x_wconf 73' lang='lat' dir='ltr'>obligabitur</span> <span class='ocrx_word' id='word_1_884' title='bbox 1789 1915 1861 1938; x_wconf 84' lang='lat' dir='ltr'>ven.</span> 
     </span>
     <span class='ocr_line' id='line_1_120' title="bbox 986 1939 1861 1988; baseline 0.013 -20"><span class='ocrx_word' id='word_1_885' title='bbox 986 1939 1079 1970; x_wconf 84' lang='lat' dir='ltr'>ditor:</span> <span class='ocrx_word' id='word_1_886' title='bbox 1101 1948 1152 1969; x_wconf 80' lang='lat' dir='ltr'>nec</span> <span class='ocrx_word' id='word_1_887' title='bbox 1176 1945 1273 1970; x_wconf 81' lang='lat' dir='ltr'>tamen</span> <span class='ocrx_word' id='word_1_888' title='bbox 1296 1948 1333 1971; x_wconf 86' lang='lat' dir='ltr'>ex</span> <span class='ocrx_word' id='word_1_889' title='bbox 1351 1941 1469 1971; x_wconf 79' lang='lat' dir='ltr'>vendito</span> <span class='ocrx_word' id='word_1_890' title='bbox 1483 1943 1643 1984; x_wconf 72' lang='lat' dir='ltr'>quidquam</span> <span class='ocrx_word' id='word_1_891' title='bbox 1660 1949 1861 1988; x_wconf 74' lang='lat' dir='ltr'>consequitur,</span> 
     </span>
     <span class='ocr_line' id='line_1_121' title="bbox 985 1979 1862 2024; baseline 0.011 -14"><span class='ocrx_word' id='word_1_892' title='bbox 985 1979 1041 2017; x_wconf 76' lang='lat' dir='ltr'>nifi</span> <span class='ocrx_word' id='word_1_893' title='bbox 1057 1980 1131 2011; x_wconf 78' lang='lat' dir='ltr'>ultro</span> <span class='ocrx_word' id='word_1_894' title='bbox 1146 1982 1221 2021; x_wconf 81' lang='lat' dir='ltr'>quod</span> <span class='ocrx_word' id='word_1_895' title='bbox 1236 1982 1422 2020; x_wconf 77' lang='lat' dir='ltr'>convenerit,</span> <span class='ocrx_word' id='word_1_896' title='bbox 1437 1980 1560 2024; x_wconf 69' lang='lat' dir='ltr'>prestet.</span> <span class='ocrx_word' id='word_1_897' title='bbox 1604 1983 1683 2017; x_wconf 89' lang='lat' dir='ltr'>Non</span> <span class='ocrx_word' id='word_1_898' title='bbox 1699 1987 1707 2017; x_wconf 91' lang='lat' dir='ltr'>i</span> <span class='ocrx_word' id='word_1_899' title='bbox 1735 1988 1796 2019; x_wconf 80' lang='lat' dir='ltr'>itur</span> <span class='ocrx_word' id='word_1_900' title='bbox 1809 1998 1862 2023; x_wconf 84' lang='lat' dir='ltr'>ac-</span> 
     </span>
     <span class='ocr_line' id='line_1_122' title="bbox 986 2021 1860 2067; baseline 0.013 -16"><span class='ocrx_word' id='word_1_901' title='bbox 986 2022 1099 2053; x_wconf 89' lang='lat' dir='ltr'>cedam</span> <span class='ocrx_word' id='word_1_902' title='bbox 1124 2021 1289 2054; x_wconf 79' lang='lat' dir='ltr'>senteutiae</span> <span class='ocrx_word' id='word_1_903' title='bbox 1313 2023 1378 2063; x_wconf 77' lang='lat' dir='ltr'>eJus</span> <span class='ocrx_word' id='word_1_904' title='bbox 1405 2023 1458 2064; x_wconf 90' lang='lat' dir='ltr'>qui</span> <span class='ocrx_word' id='word_1_905' title='bbox 1482 2025 1513 2056; x_wconf 87' lang='lat' dir='ltr'>in</span> <span class='ocrx_word' id='word_1_906' title='bbox 1539 2027 1574 2057; x_wconf 82' lang='lat' dir='ltr'>d..</span> <span class='ocrx_word' id='word_1_907' title='bbox 1592 2025 1611 2057; x_wconf 85' lang='lat' dir='ltr'>l.</span> <span class='ocrx_word' id='word_1_908' title='bbox 1627 2036 1679 2067; x_wconf 83' lang='lat'>57.</span> <span class='ocrx_word' id='word_1_909' title='bbox 1727 2051 1734 2059; x_wconf 91' lang='lat'><strong>.</strong></span> <span class='ocrx_word' id='word_1_910' title='bbox 1753 2038 1780 2061; x_wconf 88' lang='lat'>2.</span> <span class='ocrx_word' id='word_1_911' title='bbox 1804 2029 1860 2063; x_wconf 88' lang='lat' dir='ltr'>sub</span> 
     </span>
     <span class='ocr_line' id='line_1_123' title="bbox 987 2062 1862 2112; baseline 0.013 -19"><span class='ocrx_word' id='word_1_912' title='bbox 987 2062 1074 2094; x_wconf 86' lang='lat' dir='ltr'>Pauli</span> <span class='ocrx_word' id='word_1_913' title='bbox 1098 2064 1231 2096; x_wconf 90' lang='lat' dir='ltr'>nomine</span> <span class='ocrx_word' id='word_1_914' title='bbox 1253 2065 1412 2104; x_wconf 88' lang='lat' dir='ltr'>permittit</span> <span class='ocrx_word' id='word_1_915' title='bbox 1436 2066 1598 2099; x_wconf 83' lang='lat' dir='ltr'>venditori</span> <span class='ocrx_word' id='word_1_916' title='bbox 1619 2068 1862 2112; x_wconf 74' lang='lat' dir='ltr'>actionemqua</span> 
     </span>
     <span class='ocr_line' id='line_1_124' title="bbox 985 2103 1863 2151; baseline 0.014 -17"><span class='ocrx_word' id='word_1_917' title='bbox 985 2103 1198 2146; x_wconf 87' lang='lat' dir='ltr'>consequatur</span> <span class='ocrx_word' id='word_1_918' title='bbox 1213 2106 1351 2146; x_wconf 88' lang='lat' dir='ltr'>pretium</span> <span class='ocrx_word' id='word_1_919' title='bbox 1368 2106 1407 2137; x_wconf 88' lang='lat' dir='ltr'>ab</span> <span class='ocrx_word' id='word_1_920' title='bbox 1417 2114 1566 2148; x_wconf 87' lang='lat' dir='ltr'>emptore</span> <span class='ocrx_word' id='word_1_921' title='bbox 1581 2110 1634 2150; x_wconf 92' lang='lat' dir='ltr'>qui</span> <span class='ocrx_word' id='word_1_922' title='bbox 1650 2110 1863 2151; x_wconf 78' lang='lat' dir='ltr'>icivit,com-</span> 
     </span>
     <span class='ocr_line' id='line_1_125' title="bbox 983 2144 1860 2189; baseline 0.015 -13"><span class='ocrx_word' id='word_1_923' title='bbox 983 2144 1105 2178; x_wconf 89' lang='lat' dir='ltr'>bustam</span> <span class='ocrx_word' id='word_1_924' title='bbox 1117 2145 1179 2177; x_wconf 77' lang='lat' dir='ltr'>effe</span> <span class='ocrx_word' id='word_1_925' title='bbox 1189 2147 1322 2179; x_wconf 90' lang='lat' dir='ltr'>domum</span> <span class='ocrx_word' id='word_1_926' title='bbox 1339 2155 1412 2179; x_wconf 86' lang='lat' dir='ltr'>ante</span> <span class='ocrx_word' id='word_1_927' title='bbox 1423 2157 1517 2189; x_wconf 90' lang='lat' dir='ltr'>quarn</span> <span class='ocrx_word' id='word_1_928' title='bbox 1529 2151 1558 2181; x_wconf 89' lang='lat' dir='ltr'>ei</span> <span class='ocrx_word' id='word_1_929' title='bbox 1571 2151 1774 2187; x_wconf 84' lang='lat' dir='ltr'>venderetur.</span> <span class='ocrx_word' id='word_1_930' title='bbox 1784 2163 1860 2188; x_wconf 88' lang='lat' dir='ltr'>cum</span> 
     </span>
     <span class='ocr_line' id='line_1_126' title="bbox 982 2186 1860 2229; baseline 0.014 -12"><span class='ocrx_word' id='word_1_931' title='bbox 982 2186 1156 2228; x_wconf 84' lang='lat' dir='ltr'>praesertim</span> <span class='ocrx_word' id='word_1_932' title='bbox 1179 2187 1245 2229; x_wconf 87' lang='lat' dir='ltr'>ipse</span> <span class='ocrx_word' id='word_1_933' title='bbox 1272 2188 1384 2220; x_wconf 88' lang='lat' dir='ltr'>Paulus</span> <span class='ocrx_word' id='word_1_934' title='bbox 1401 2198 1418 2220; x_wconf 89' lang='lat' dir='ltr'>a</span> <span class='ocrx_word' id='word_1_935' title='bbox 1435 2190 1490 2222; x_wconf 85' lang='lat' dir='ltr'>tali</span> <span class='ocrx_word' id='word_1_936' title='bbox 1512 2190 1685 2225; x_wconf 86' lang='lat' dir='ltr'>abhorreat</span> <span class='ocrx_word' id='word_1_937' title='bbox 1702 2193 1860 2229; x_wconf 80' lang='lat' dir='ltr'>sententia</span> 
     </span>
     <span class='ocr_line' id='line_1_127' title="bbox 981 2228 1860 2271; baseline 0.013 -12"><span class='ocrx_word' id='word_1_938' title='bbox 981 2230 1010 2260; x_wconf 80' lang='lat' dir='ltr'>d.</span> <span class='ocrx_word' id='word_1_939' title='bbox 1028 2229 1048 2260; x_wconf 87' lang='lat' dir='ltr'>l.</span> <span class='ocrx_word' id='word_1_940' title='bbox 1064 2239 1114 2270; x_wconf 72' lang='lat'>34.</span> <span class='ocrx_word' id='word_1_941' title='bbox 1131 2229 1158 2271; x_wconf 88' lang='lat'>§.</span> <span class='ocrx_word' id='word_1_942' title='bbox 1179 2239 1209 2270; x_wconf 82' lang='lat'>3.</span> <span class='ocrx_word' id='word_1_943' title='bbox 1227 2228 1362 2261; x_wconf 87' lang='lat' dir='ltr'>Facilius</span> <span class='ocrx_word' id='word_1_944' title='bbox 1378 2230 1523 2264; x_wconf 77' lang='lat' dir='ltr'>assentiar</span> <span class='ocrx_word' id='word_1_945' title='bbox 1538 2233 1729 2268; x_wconf 75' lang='lat' dir='ltr'>existimanti</span> <span class='ocrx_word' id='word_1_946' title='bbox 1746 2237 1778 2268; x_wconf 90' lang='lat' dir='ltr'>in</span> <span class='ocrx_word' id='word_1_947' title='bbox 1792 2240 1819 2269; x_wconf 85' lang='lat' dir='ltr'>d.</span> <span class='ocrx_word' id='word_1_948' title='bbox 1837 2239 1860 2270; x_wconf 86' lang='lat' dir='ltr'>l.</span> 
     </span>
     <span class='ocr_line' id='line_1_128' title="bbox 979 2270 1858 2319; baseline 0.014 -19"><span class='ocrx_word' id='word_1_949' title='bbox 979 2280 1020 2310; x_wconf 84' lang='lat'>57</span> <span class='ocrx_word' id='word_1_950' title='bbox 1048 2270 1076 2311; x_wconf 85' lang='lat'>§.</span> <span class='ocrx_word' id='word_1_951' title='bbox 1092 2281 1123 2317; x_wconf 81' lang='lat'>.²·</span> <span class='ocrx_word' id='word_1_952' title='bbox 1149 2280 1216 2303; x_wconf 89' lang='lat' dir='ltr'>non</span> <span class='ocrx_word' id='word_1_953' title='bbox 1243 2270 1305 2303; x_wconf 89' lang='lat' dir='ltr'>csse</span> <span class='ocrx_word' id='word_1_954' title='bbox 1327 2272 1489 2305; x_wconf 86' lang='lat' dir='ltr'>venditori</span> <span class='ocrx_word' id='word_1_955' title='bbox 1517 2275 1737 2316; x_wconf 87' lang='lat' dir='ltr'>denegandam</span> <span class='ocrx_word' id='word_1_956' title='bbox 1759 2281 1858 2319; x_wconf 82' lang='lat' dir='ltr'>pretii</span> 
     </span>
     <span class='ocr_line' id='line_1_129' title="bbox 981 2312 1857 2360; baseline 0.013 -18"><span class='ocrx_word' id='word_1_957' title='bbox 981 2319 1218 2357; x_wconf 73' lang='lat' dir='ltr'>retentionem,</span> <span class='ocrx_word' id='word_1_958' title='bbox 1241 2312 1261 2344; x_wconf 85' lang='lat' dir='ltr'>fi</span> <span class='ocrx_word' id='word_1_959' title='bbox 1289 2314 1376 2352; x_wconf 84' lang='lat' dir='ltr'>quod</span> <span class='ocrx_word' id='word_1_960' title='bbox 1400 2314 1484 2345; x_wconf 87' lang='lat' dir='ltr'>ultro</span> <span class='ocrx_word' id='word_1_961' title='bbox 1508 2316 1536 2346; x_wconf 91' lang='lat' dir='ltr'>ei</span> <span class='ocrx_word' id='word_1_962' title='bbox 1563 2315 1693 2349; x_wconf 85' lang='lat' dir='ltr'>solverit</span> <span class='ocrx_word' id='word_1_963' title='bbox 1710 2328 1857 2360; x_wconf 82' lang='lat' dir='ltr'>emptor:</span> 
     </span>
     <span class='ocr_line' id='line_1_130' title="bbox 981 2352 1856 2397; baseline 0.014 -14"><span class='ocrx_word' id='word_1_964' title='bbox 981 2362 1053 2393; x_wconf 87' lang='lat' dir='ltr'>quia</span> <span class='ocrx_word' id='word_1_965' title='bbox 1069 2355 1123 2393; x_wconf 89' lang='lat' dir='ltr'>qui</span> <span class='ocrx_word' id='word_1_966' title='bbox 1140 2352 1240 2385; x_wconf 90' lang='lat' dir='ltr'>sciens</span> <span class='ocrx_word' id='word_1_967' title='bbox 1260 2353 1351 2386; x_wconf 89' lang='lat' dir='ltr'>solvit</span> <span class='ocrx_word' id='word_1_968' title='bbox 1366 2356 1453 2395; x_wconf 85' lang='lat' dir='ltr'>quod</span> <span class='ocrx_word' id='word_1_969' title='bbox 1463 2365 1529 2388; x_wconf 90' lang='lat' dir='ltr'>non</span> <span class='ocrx_word' id='word_1_970' title='bbox 1546 2357 1662 2397; x_wconf 83' lang='lat' dir='ltr'>debet,</span> <span class='ocrx_word' id='word_1_971' title='bbox 1675 2360 1706 2391; x_wconf 92' lang='lat' dir='ltr'>id</span> <span class='ocrx_word' id='word_1_972' title='bbox 1724 2361 1856 2395; x_wconf 83' lang='lat' dir='ltr'>donaffe</span> 
     </span>
     <span class='ocr_line' id='line_1_131' title="bbox 980 2395 1856 2440; baseline 0.015 -16"><span class='ocrx_word' id='word_1_973' title='bbox 980 2395 1123 2426; x_wconf 86' lang='lat' dir='ltr'>videtur:</span> <span class='ocrx_word' id='word_1_974' title='bbox 1147 2395 1177 2426; x_wconf 69' lang='grc' dir='ltr'><strong>ἃ</strong></span> <span class='ocrx_word' id='word_1_975' title='bbox 1193 2396 1267 2427; x_wconf 87' lang='lat' dir='ltr'>ideo</span> <span class='ocrx_word' id='word_1_976' title='bbox 1284 2396 1402 2428; x_wconf 87' lang='lat' dir='ltr'>nullam</span> <span class='ocrx_word' id='word_1_977' title='bbox 1421 2397 1518 2429; x_wconf 83' lang='lat' dir='ltr'>habet</span> <span class='ocrx_word' id='word_1_978' title='bbox 1535 2398 1599 2429; x_wconf 86' lang='lat' dir='ltr'>dati</span> <span class='ocrx_word' id='word_1_979' title='bbox 1624 2402 1856 2440; x_wconf 83' lang='lat' dir='ltr'>repetitionem</span> 
     </span>
     <span class='ocr_line' id='line_1_132' title="bbox 980 2435 1856 2479; baseline 0.013 -13"><span class='ocrx_word' id='word_1_980' title='bbox 980 2436 998 2467; x_wconf 84' lang='lat' dir='ltr'>l.</span> <span class='ocrx_word' id='word_1_981' title='bbox 1012 2445 1039 2467; x_wconf 92' lang='lat'>1.</span> <span class='ocrx_word' id='word_1_982' title='bbox 1056 2435 1087 2477; x_wconf 86' lang='lat'>§.</span> <span class='ocrx_word' id='word_1_983' title='bbox 1100 2445 1125 2467; x_wconf 94' lang='lat'>1.</span> <span class='ocrx_word' id='word_1_984' title='bbox 1143 2436 1162 2467; x_wconf 87' lang='lat' dir='ltr'>l.</span> <span class='ocrx_word' id='word_1_985' title='bbox 1174 2441 1223 2468; x_wconf 82' lang='lat'>26.</span> <span class='ocrx_word' id='word_1_986' title='bbox 1240 2436 1269 2478; x_wconf 89' lang='lat'>§.</span> <span class='ocrx_word' id='word_1_987' title='bbox 1279 2447 1308 2479; x_wconf 80' lang='lat'>3.</span> <span class='ocrx_word' id='word_1_988' title='bbox 1320 2436 1362 2468; x_wconf 88' lang='lat' dir='ltr'>D.</span> <span class='ocrx_word' id='word_1_989' title='bbox 1381 2439 1415 2468; x_wconf 74' lang='lat' dir='ltr'>(le</span> <span class='ocrx_word' id='word_1_990' title='bbox 1426 2438 1602 2470; x_wconf 55' lang='lat' dir='ltr'>conciliatione</span> <span class='ocrx_word' id='word_1_991' title='bbox 1618 2441 1748 2474; x_wconf 78' lang='lat' dir='ltr'>indebiti.</span> <span class='ocrx_word' id='word_1_992' title='bbox 1772 2444 1856 2477; x_wconf 78' lang='lat' dir='ltr'>Satis</span> 
     </span>
     <span class='ocr_line' id='line_1_133' title="bbox 980 2476 1854 2526; baseline 0.013 -18"><span class='ocrx_word' id='word_1_993' title='bbox 980 2478 1020 2509; x_wconf 92' lang='lat' dir='ltr'>de</span> <span class='ocrx_word' id='word_1_994' title='bbox 1034 2483 1080 2516; x_wconf 85' lang='lat' dir='ltr'>pr.</span> <span class='ocrx_word' id='word_1_995' title='bbox 1099 2476 1129 2519; x_wconf 83' lang='lat'>§.</span> <span class='ocrx_word' id='word_1_996' title='bbox 1143 2486 1167 2508; x_wconf 87' lang='lat'>1.</span> <span class='ocrx_word' id='word_1_997' title='bbox 1178 2477 1253 2513; x_wconf 73' lang='lat'>&amp;2-</span> <span class='ocrx_word' id='word_1_998' title='bbox 1272 2479 1291 2510; x_wconf 85' lang='lat' dir='ltr'>l.</span> <span class='ocrx_word' id='word_1_999' title='bbox 1307 2487 1359 2518; x_wconf 82' lang='lat'>57.</span> <span class='ocrx_word' id='word_1_1000' title='bbox 1378 2478 1421 2510; x_wconf 89' lang='lat' dir='ltr'>D.</span> <span class='ocrx_word' id='word_1_1001' title='bbox 1438 2482 1472 2511; x_wconf 81' lang='lat' dir='ltr'>de</span> <span class='ocrx_word' id='word_1_1002' title='bbox 1489 2481 1685 2515; x_wconf 63' lang='lat' dir='ltr'>contrahenda</span> <span class='ocrx_word' id='word_1_1003' title='bbox 1702 2487 1854 2526; x_wconf 80' lang='lat' dir='ltr'>emptione.</span> 
     </span>
    </p>

    <p class='ocr_par' dir='ltr' id='par_1_7' title="bbox 972 2518 1856 3224">
     <span class='ocr_line' id='line_1_134' title="bbox 1020 2518 1856 2566; baseline 0.013 -17"><span class='ocrx_word' id='word_1_1004' title='bbox 1020 2518 1187 2559; x_wconf 86' lang='lat' dir='ltr'>Superest,</span> <span class='ocrx_word' id='word_1_1005' title='bbox 1210 2527 1245 2551; x_wconf 92' lang='lat' dir='ltr'>ut</span> <span class='ocrx_word' id='word_1_1006' title='bbox 1269 2521 1450 2552; x_wconf 86' lang='lat' dir='ltr'>examinem</span> <span class='ocrx_word' id='word_1_1007' title='bbox 1475 2522 1572 2553; x_wconf 83' lang='lat' dir='ltr'>verba</span> <span class='ocrx_word' id='word_1_1008' title='bbox 1594 2522 1624 2565; x_wconf 88' lang='lat'>§.</span> <span class='ocrx_word' id='word_1_1009' title='bbox 1642 2534 1670 2566; x_wconf 79' lang='lat'>3.</span> <span class='ocrx_word' id='word_1_1010' title='bbox 1697 2534 1733 2557; x_wconf 88' lang='lat' dir='ltr'>ea</span> <span class='ocrx_word' id='word_1_1011' title='bbox 1757 2529 1856 2561; x_wconf 83' lang='lat' dir='ltr'>verba</span> 
     </span>
     <span class='ocr_line' id='line_1_135' title="bbox 980 2559 1856 2606; baseline 0.011 -16"><span class='ocrx_word' id='word_1_1012' title='bbox 980 2559 1061 2592; x_wconf 90' lang='lat' dir='ltr'>sunt.</span> <span class='ocrx_word' id='word_1_1013' title='bbox 1086 2559 1173 2606; x_wconf 68' lang='lat' dir='ltr'>Quod</span> <span class='ocrx_word' id='word_1_1014' title='bbox 1188 2559 1217 2599; x_wconf 89' lang='lat' dir='ltr'><em>fi</em></span> <span class='ocrx_word' id='word_1_1015' title='bbox 1231 2565 1351 2602; x_wconf 81' lang='lat' dir='ltr'>uterque</span> <span class='ocrx_word' id='word_1_1016' title='bbox 1358 2562 1470 2602; x_wconf 84' lang='lat' dir='ltr'>sciebat</span> <span class='ocrx_word' id='word_1_1017' title='bbox 1487 2562 1524 2598; x_wconf 67' lang='lat'>&amp;⁹</span> <span class='ocrx_word' id='word_1_1018' title='bbox 1539 2571 1648 2605; x_wconf 83' lang='lat' dir='ltr'>emptor</span> <span class='ocrx_word' id='word_1_1019' title='bbox 1663 2565 1699 2601; x_wconf 62' lang='grc' dir='ltr'>ὃ)</span> <span class='ocrx_word' id='word_1_1020' title='bbox 1716 2570 1856 2602; x_wconf 78' lang='lat' dir='ltr'>venditor</span> 
     </span>
     <span class='ocr_line' id='line_1_136' title="bbox 980 2599 1853 2646; baseline 0.014 -15"><span class='ocrx_word' id='word_1_1021' title='bbox 980 2602 1095 2632; x_wconf 82' lang='lat' dir='ltr'>domum</span> <span class='ocrx_word' id='word_1_1022' title='bbox 1113 2600 1165 2642; x_wconf 83' lang='lat' dir='ltr'>effe</span> <span class='ocrx_word' id='word_1_1023' title='bbox 1179 2599 1310 2643; x_wconf 78' lang='lat' dir='ltr'>exustam</span> <span class='ocrx_word' id='word_1_1024' title='bbox 1328 2608 1418 2634; x_wconf 78' lang='lat' dir='ltr'>totam</span> <span class='ocrx_word' id='word_1_1025' title='bbox 1433 2604 1480 2635; x_wconf 77' lang='lat' dir='ltr'>vel</span> <span class='ocrx_word' id='word_1_1026' title='bbox 1495 2614 1532 2636; x_wconf 83' lang='lat' dir='ltr'>ex</span> <span class='ocrx_word' id='word_1_1027' title='bbox 1541 2609 1627 2646; x_wconf 80' lang='lat' dir='ltr'>parte</span> <span class='ocrx_word' id='word_1_1028' title='bbox 1637 2630 1645 2645; x_wconf 90' lang='lat'><em>‚</em></span> <span class='ocrx_word' id='word_1_1029' title='bbox 1663 2608 1853 2643; x_wconf 65' lang='lat' dir='ltr'>nihilattum</span> 
     </span>
     <span class='ocr_line' id='line_1_137' title="bbox 972 2642 1852 2690; baseline 0.014 -18"><span class='ocrx_word' id='word_1_1030' title='bbox 972 2642 1082 2683; x_wconf 64' lang='lat' dir='ltr'>fmjffe:</span> <span class='ocrx_word' id='word_1_1031' title='bbox 1103 2643 1164 2674; x_wconf 86' lang='lat' dir='ltr'>dolo</span> <span class='ocrx_word' id='word_1_1032' title='bbox 1180 2644 1258 2674; x_wconf 79' lang='lat' dir='ltr'>inter</span> <span class='ocrx_word' id='word_1_1033' title='bbox 1274 2650 1429 2685; x_wconf 82' lang='lat' dir='ltr'>utramque</span> <span class='ocrx_word' id='word_1_1034' title='bbox 1441 2651 1556 2686; x_wconf 75' lang='lat' dir='ltr'>partem</span> <span class='ocrx_word' id='word_1_1035' title='bbox 1572 2652 1795 2690; x_wconf 71' lang='lat' dir='ltr'>conzpensarzd03</span> <span class='ocrx_word' id='word_1_1036' title='bbox 1814 2652 1852 2688; x_wconf 60' lang='grc' dir='ltr'>δ’</span> 
     </span>
     <span class='ocr_line' id='line_1_138' title="bbox 973 2684 1852 2736; baseline 0.013 -21"><span class='ocrx_word' id='word_1_1037' title='bbox 973 2684 1086 2725; x_wconf 72' lang='lat' dir='ltr'>judicio</span> <span class='ocrx_word' id='word_1_1038' title='bbox 1100 2685 1176 2726; x_wconf 80' lang='lat' dir='ltr'>quod</span> <span class='ocrx_word' id='word_1_1039' title='bbox 1191 2694 1228 2716; x_wconf 89' lang='lat' dir='ltr'>ex</span> <span class='ocrx_word' id='word_1_1040' title='bbox 1246 2686 1319 2716; x_wconf 78' lang='lat' dir='ltr'>bonu</span> <span class='ocrx_word' id='word_1_1041' title='bbox 1329 2685 1388 2725; x_wconf 78' lang='lat' dir='ltr'>fide</span> <span class='ocrx_word' id='word_1_1042' title='bbox 1412 2687 1554 2727; x_wconf 73' lang='lat' dir='ltr'>descendit</span> <span class='ocrx_word' id='word_1_1043' title='bbox 1564 2712 1574 2727; x_wconf 89' lang='lat'>,</span> <span class='ocrx_word' id='word_1_1044' title='bbox 1598 2691 1659 2722; x_wconf 77' lang='lat' dir='ltr'>dolo</span> <span class='ocrx_word' id='word_1_1045' title='bbox 1671 2701 1708 2723; x_wconf 84' lang='lat' dir='ltr'>ex</span> <span class='ocrx_word' id='word_1_1046' title='bbox 1725 2700 1852 2736; x_wconf 71' lang='lat' dir='ltr'>utruque</span> 
     </span>
     <span class='ocr_line' id='line_1_139' title="bbox 972 2723 1853 2767; baseline 0.015 -12"><span class='ocrx_word' id='word_1_1047' title='bbox 972 2731 1059 2766; x_wconf 78' lang='lat' dir='ltr'>parte</span> <span class='ocrx_word' id='word_1_1048' title='bbox 1067 2728 1210 2764; x_wconf 79' lang='lat' dir='ltr'>veniente,</span> <span class='ocrx_word' id='word_1_1049' title='bbox 1220 2723 1294 2765; x_wconf 73' lang='lat' dir='ltr'>[iare</span> <span class='ocrx_word' id='word_1_1050' title='bbox 1305 2736 1362 2758; x_wconf 77' lang='lat' dir='ltr'>non</span> <span class='ocrx_word' id='word_1_1051' title='bbox 1371 2729 1546 2761; x_wconf 81' lang='lat' dir='ltr'>concedente.</span> <span class='ocrx_word' id='word_1_1052' title='bbox 1568 2729 1659 2764; x_wconf 92' lang='lat' dir='ltr'>Nihil</span> <span class='ocrx_word' id='word_1_1053' title='bbox 1676 2732 1728 2765; x_wconf 87' lang='lat' dir='ltr'>hic</span> <span class='ocrx_word' id='word_1_1054' title='bbox 1747 2735 1853 2767; x_wconf 86' lang='lat' dir='ltr'>dicam</span> 
     </span>
     <span class='ocr_line' id='line_1_140' title="bbox 978 2766 1851 2817; baseline 0.013 -20"><span class='ocrx_word' id='word_1_1055' title='bbox 978 2766 1204 2813; x_wconf 75' lang='lat' dir='ltr'>descriptoris</span> <span class='ocrx_word' id='word_1_1056' title='bbox 1227 2768 1372 2800; x_wconf 82' lang='lat' dir='ltr'>sermone</span> <span class='ocrx_word' id='word_1_1057' title='bbox 1389 2769 1510 2802; x_wconf 88' lang='lat' dir='ltr'>fluente</span> <span class='ocrx_word' id='word_1_1058' title='bbox 1526 2773 1618 2804; x_wconf 82' lang='lat' dir='ltr'>nimis</span> <span class='ocrx_word' id='word_1_1059' title='bbox 1636 2774 1755 2816; x_wconf 82' lang='lat' dir='ltr'>inepte.</span> <span class='ocrx_word' id='word_1_1060' title='bbox 1785 2775 1851 2817; x_wconf 84' lang='lat' dir='ltr'>ipse</span> 
     </span>
     <span class='ocr_line' id='line_1_141' title="bbox 978 2808 1851 2858; baseline 0.01 -18"><span class='ocrx_word' id='word_1_1061' title='bbox 978 2817 1063 2840; x_wconf 88' lang='lat' dir='ltr'>enim</span> <span class='ocrx_word' id='word_1_1062' title='bbox 1080 2808 1110 2839; x_wconf 89' lang='lat' dir='ltr'>se</span> <span class='ocrx_word' id='word_1_1063' title='bbox 1130 2808 1287 2849; x_wconf 86' lang='lat' dir='ltr'>ostendit,</span> <span class='ocrx_word' id='word_1_1064' title='bbox 1312 2810 1342 2842; x_wconf 75' lang='grc' dir='ltr'>ὅ(</span> <span class='ocrx_word' id='word_1_1065' title='bbox 1358 2820 1528 2852; x_wconf 81' lang='lat' dir='ltr'>quemcum</span> <span class='ocrx_word' id='word_1_1066' title='bbox 1555 2823 1595 2845; x_wconf 88' lang='lat' dir='ltr'>ue</span> <span class='ocrx_word' id='word_1_1067' title='bbox 1610 2815 1704 2848; x_wconf 88' lang='lat' dir='ltr'>alium</span> <span class='ocrx_word' id='word_1_1068' title='bbox 1722 2818 1851 2858; x_wconf 75' lang='lat' dir='ltr'>potius,</span> 
     </span>
     <span class='ocr_line' id='line_1_142' title="bbox 978 2849 1849 2899; baseline 0.013 -19"><span class='ocrx_word' id='word_1_1069' title='bbox 978 2858 1073 2889; x_wconf 85' lang='lat' dir='ltr'>quarn</span> <span class='ocrx_word' id='word_1_1070' title='bbox 1096 2849 1246 2888; x_wconf 84' lang='lat' dir='ltr'>Paulum,</span> <span class='ocrx_word' id='word_1_1071' title='bbox 1272 2851 1304 2883; x_wconf 89' lang='lat' dir='ltr'>id</span> <span class='ocrx_word' id='word_1_1072' title='bbox 1321 2851 1386 2891; x_wconf 86' lang='lat' dir='ltr'>est,</span> <span class='ocrx_word' id='word_1_1073' title='bbox 1408 2853 1510 2886; x_wconf 85' lang='lat' dir='ltr'>virum</span> <span class='ocrx_word' id='word_1_1074' title='bbox 1549 2856 1692 2890; x_wconf 85' lang='lat' dir='ltr'>cribendi</span> <span class='ocrx_word' id='word_1_1075' title='bbox 1709 2860 1849 2899; x_wconf 85' lang='lat' dir='ltr'>peritum</span> 
     </span>
     <span class='ocr_line' id='line_1_143' title="bbox 977 2890 1850 2938; baseline 0.013 -18"><span class='ocrx_word' id='word_1_1076' title='bbox 977 2890 1201 2937; x_wconf 64' lang='lat' dir='ltr'>repraesentnn</span> <span class='ocrx_word' id='word_1_1077' title='bbox 1225 2890 1302 2924; x_wconf 83' lang='lat' dir='ltr'>Non</span> <span class='ocrx_word' id='word_1_1078' title='bbox 1320 2894 1518 2927; x_wconf 78' lang='lat' dir='ltr'>intercedam</span> <span class='ocrx_word' id='word_1_1079' title='bbox 1537 2906 1686 2938; x_wconf 81' lang='lat' dir='ltr'>quoque3</span> <span class='ocrx_word' id='word_1_1080' title='bbox 1711 2908 1776 2938; x_wconf 87' lang='lat' dir='ltr'>quo</span> <span class='ocrx_word' id='word_1_1081' title='bbox 1791 2901 1850 2931; x_wconf 87' lang='lat' dir='ltr'>rni-</span> 
     </span>
     <span class='ocr_line' id='line_1_144' title="bbox 978 2932 1849 2977; baseline 0.013 -15"><span class='ocrx_word' id='word_1_1082' title='bbox 978 2941 1036 2963; x_wconf 89' lang='lat' dir='ltr'>nus</span> <span class='ocrx_word' id='word_1_1083' title='bbox 1056 2932 1197 2972; x_wconf 82' lang='lat' dir='ltr'>dicatur,-</span> <span class='ocrx_word' id='word_1_1084' title='bbox 1220 2934 1297 2966; x_wconf 85' lang='lat' dir='ltr'>nihil</span> <span class='ocrx_word' id='word_1_1085' title='bbox 1315 2935 1417 2968; x_wconf 69' lang='lat' dir='ltr'>atrum</span> <span class='ocrx_word' id='word_1_1086' title='bbox 1443 2936 1553 2971; x_wconf 77' lang='lat' dir='ltr'>fuiss&#39;e:</span> <span class='ocrx_word' id='word_1_1087' title='bbox 1577 2948 1648 2971; x_wconf 89' lang='lat' dir='ltr'>cum</span> <span class='ocrx_word' id='word_1_1088' title='bbox 1666 2948 1801 2977; x_wconf 84' lang='lat' dir='ltr'>uterque</span> <span class='ocrx_word' id='word_1_1089' title='bbox 1817 2941 1849 2973; x_wconf 87' lang='lat'>&amp;</span> 
     </span>
     <span class='ocr_line' id='line_1_145' title="bbox 977 2974 1848 3022; baseline 0.011 -19"><span class='ocrx_word' id='word_1_1090' title='bbox 977 2980 1106 3013; x_wconf 82' lang='lat' dir='ltr'>emptor</span> <span class='ocrx_word' id='word_1_1091' title='bbox 1133 2974 1162 3005; x_wconf 70' lang='grc' dir='ltr'>ὅ(</span> <span class='ocrx_word' id='word_1_1092' title='bbox 1190 2976 1340 3008; x_wconf 86' lang='lat' dir='ltr'>venditor</span> <span class='ocrx_word' id='word_1_1093' title='bbox 1363 2977 1483 3018; x_wconf 90' lang='lat' dir='ltr'>sciret,</span> <span class='ocrx_word' id='word_1_1094' title='bbox 1507 2981 1639 3011; x_wconf 84' lang='lat' dir='ltr'>domum</span> <span class='ocrx_word' id='word_1_1095' title='bbox 1657 2987 1757 3012; x_wconf 89' lang='lat' dir='ltr'>totam</span> <span class='ocrx_word' id='word_1_1096' title='bbox 1776 2990 1848 3022; x_wconf 77' lang='lat' dir='ltr'>quae</span> 
     </span>
     <span class='ocr_line' id='line_1_146' title="bbox 977 3015 1847 3061; baseline 0.013 -17"><span class='ocrx_word' id='word_1_1097' title='bbox 977 3015 1174 3061; x_wconf 80' lang='lat' dir='ltr'>vendebatur</span> <span class='ocrx_word' id='word_1_1098' title='bbox 1191 3038 1201 3056; x_wconf 90' lang='lat'>‚</span> <span class='ocrx_word' id='word_1_1099' title='bbox 1237 3016 1300 3049; x_wconf 81' lang='lat' dir='ltr'>effe</span> <span class='ocrx_word' id='word_1_1100' title='bbox 1324 3019 1477 3052; x_wconf 83' lang='lat' dir='ltr'>exustam.</span> <span class='ocrx_word' id='word_1_1101' title='bbox 1509 3021 1643 3060; x_wconf 85' lang='lat' dir='ltr'>primum</span> <span class='ocrx_word' id='word_1_1102' title='bbox 1670 3023 1755 3053; x_wconf 88' lang='lat' dir='ltr'>enirn</span> <span class='ocrx_word' id='word_1_1103' title='bbox 1779 3032 1847 3057; x_wconf 89' lang='lat' dir='ltr'>non</span> 
     </span>
     <span class='ocr_line' id='line_1_147' title="bbox 976 3057 1847 3104; baseline 0.014 -18"><span class='ocrx_word' id='word_1_1104' title='bbox 976 3063 1100 3103; x_wconf 69' lang='lat' dir='ltr'>potuit,</span> <span class='ocrx_word' id='word_1_1105' title='bbox 1124 3057 1176 3104; x_wconf 75' lang='lat' dir='ltr'>ubi</span> <span class='ocrx_word' id='word_1_1106' title='bbox 1198 3065 1263 3091; x_wconf 87' lang='lat' dir='ltr'>non</span> <span class='ocrx_word' id='word_1_1107' title='bbox 1288 3067 1355 3091; x_wconf 83' lang='lat' dir='ltr'>erat</span> <span class='ocrx_word' id='word_1_1108' title='bbox 1372 3063 1458 3101; x_wconf 88' lang='lat' dir='ltr'>quod</span> <span class='ocrx_word' id='word_1_1109' title='bbox 1476 3062 1615 3100; x_wconf 86' lang='lat' dir='ltr'>veniret,</span> <span class='ocrx_word' id='word_1_1110' title='bbox 1640 3061 1751 3102; x_wconf 86' lang='lat' dir='ltr'>perfici</span> <span class='ocrx_word' id='word_1_1111' title='bbox 1773 3074 1847 3098; x_wconf 90' lang='lat' dir='ltr'>ven-</span> 
     </span>
     <span class='ocr_line' id='line_1_148' title="bbox 977 3098 1845 3142; baseline 0.012 -13"><span class='ocrx_word' id='word_1_1112' title='bbox 977 3098 1076 3130; x_wconf 83' lang='lat' dir='ltr'>ditio:</span> <span class='ocrx_word' id='word_1_1113' title='bbox 1100 3099 1235 3134; x_wconf 82' lang='lat' dir='ltr'>demde.</span> <span class='ocrx_word' id='word_1_1114' title='bbox 1254 3110 1327 3133; x_wconf 88' lang='lat' dir='ltr'>cum</span> <span class='ocrx_word' id='word_1_1115' title='bbox 1344 3110 1480 3142; x_wconf 84' lang='lat' dir='ltr'>uterque</span> <span class='ocrx_word' id='word_1_1116' title='bbox 1500 3102 1606 3140; x_wconf 81' lang='lat' dir='ltr'>scivit,</span> <span class='ocrx_word' id='word_1_1117' title='bbox 1626 3112 1690 3135; x_wconf 89' lang='lat' dir='ltr'>non</span> <span class='ocrx_word' id='word_1_1118' title='bbox 1707 3104 1770 3137; x_wconf 83' lang='lat' dir='ltr'>effe</span> <span class='ocrx_word' id='word_1_1119' title='bbox 1786 3107 1845 3139; x_wconf 86' lang='lat' dir='ltr'>do-</span> 
     </span>
     <span class='ocr_line' id='line_1_149' title="bbox 975 3143 1846 3187; baseline 0.009 -17"><span class='ocrx_word' id='word_1_1120' title='bbox 975 3147 1060 3171; x_wconf 88' lang='lat' dir='ltr'>murn</span> <span class='ocrx_word' id='word_1_1121' title='bbox 1078 3149 1148 3180; x_wconf 78' lang='lat' dir='ltr'>quae</span> <span class='ocrx_word' id='word_1_1122' title='bbox 1166 3143 1383 3181; x_wconf 78' lang='lat' dir='ltr'>vendebatur,</span> <span class='ocrx_word' id='word_1_1123' title='bbox 1408 3144 1538 3180; x_wconf 78' lang='lat' dir='ltr'>perinde</span> <span class='ocrx_word' id='word_1_1124' title='bbox 1553 3143 1701 3176; x_wconf 83' lang='lat' dir='ltr'>habenda</span> <span class='ocrx_word' id='word_1_1125' title='bbox 1718 3156 1766 3180; x_wconf 88' lang='lat' dir='ltr'>res</span> <span class='ocrx_word' id='word_1_1126' title='bbox 1782 3149 1846 3187; x_wconf 78' lang='lat' dir='ltr'>est,</span> 
     </span>
     <span class='ocr_line' id='line_1_150' title="bbox 974 3180 1846 3224; baseline 0.011 -11"><span class='ocrx_word' id='word_1_1127' title='bbox 974 3189 1012 3213; x_wconf 85' lang='lat' dir='ltr'>ac</span> <span class='ocrx_word' id='word_1_1128' title='bbox 1037 3180 1057 3215; x_wconf 82' lang='lat' dir='ltr'>fi</span> <span class='ocrx_word' id='word_1_1129' title='bbox 1082 3190 1196 3217; x_wconf 86' lang='lat' dir='ltr'>neuter</span> <span class='ocrx_word' id='word_1_1130' title='bbox 1213 3182 1368 3224; x_wconf 80' lang='lat' dir='ltr'>deceptus</span> <span class='ocrx_word' id='word_1_1131' title='bbox 1384 3184 1470 3217; x_wconf 79' lang='lat' dir='ltr'>effer.</span> <span class='ocrx_word' id='word_1_1132' title='bbox 1503 3186 1758 3223; x_wconf 76' lang='lat' dir='ltr'>convenitenini</span> <span class='ocrx_word' id='word_1_1133' title='bbox 1776 3189 1846 3223; x_wconf 87' lang='lat' dir='ltr'>offi-</span> 
     </span>
    </p>
   </div>
   <div class='ocr_carea' id='block_1_7' title="bbox 1246 3224 1433 3267">
    <p class='ocr_par' dir='ltr' id='par_1_8' title="bbox 1246 3224 1433 3267">
     <span class='ocr_line' id='line_1_151' title="bbox 1246 3224 1433 3267; baseline -0.021 0"><span class='ocrx_word' id='word_1_1134' title='bbox 1246 3224 1355 3267; x_wconf 80' lang='lat' dir='ltr'>Qq3</span> <span class='ocrx_word' id='word_1_1135' title='bbox 1419 3248 1433 3264; x_wconf 41' lang='lat' dir='ltr'>,r</span> 
     </span>
    </p>
   </div>
   <div class='ocr_carea' id='block_1_8' title="bbox 1789 3230 1842 3262">
    <p class='ocr_par' dir='ltr' id='par_1_9' title="bbox 1789 3230 1842 3262">
     <span class='ocr_line' id='line_1_152' title="bbox 1789 3230 1842 3262; baseline -0.019 0"><span class='ocrx_word' id='word_1_1136' title='bbox 1789 3230 1842 3262; x_wconf 72' lang='lat' dir='ltr'>cie</span> 
     </span>
    </p>
   </div>
  </div>
 </body>
</html>
