2036 3495
149 117 219 157 408
741 106 773 141 G
800 117 819 140 Ε
845 115 866 139 R
892 115 913 138 A
939 116 960 140 rt
987 114 1011 139 1)
1036 116 1048 140 1

155 200 349 233 monstretur
359 206 431 229 cum
443 205 507 236 quo
519 195 642 236 pactum
663 192 724 224 fiat.
742 194 926 238 exemplum
942 194 1026 233 apud

157 243 363 282 Papinianum
389 240 408 269 1.
428 248 477 277 40.
499 237 538 267 D.
561 237 620 267 eod.
646 236 691 264 tit.
721 233 807 272 Tale,
831 235 951 274 inquit,
973 240 1026 274 pa-

157 283 254 319 ctum,
278 280 438 313 Profiteor
461 286 492 309 te
515 287 579 308 non
606 275 727 312 teneri,
748 284 806 305 riori
830 277 861 306 in
875 276 1027 315 personam

157 324 313 363 dirigitur,
333 322 382 359 sed
405 329 469 350 cum
488 318 617 358 generale
629 316 689 354 fit,
713 317 804 346 locum
821 317 897 347 inter
915 317 1026 346 heredes

158 373 267 405 quoque
281 364 427 403 litigantes
444 361 539 391 habet.
582 357 721 390 Proinde
740 358 846 397 placet
863 358 949 397 quod
969 356 1025 388 Ul-

155 407 266 445 pianus
288 405 315 433 d.
333 403 362 444 §.
380 407 407 435 8.
425 402 445 433 l.
461 410 488 441 7.
513 400 620 436 addit,
648 398 758 429 Utrum
781 401 812 429 in
835 408 912 436 rem,
936 409 975 430 an
994 400 1026 429 in

151 446 300 486 perlimam
320 443 438 484 pastum
455 441 575 482 fabium
591 439 653 478 sit,
677 449 734 470 nort
751 441 846 471 minus
862 450 898 471 ex
912 442 1024 479 verbis,

152 496 238 527 quam
249 494 283 516 ex
298 491 389 515 mente
399 484 631 515 convenientium
645 479 842 520 aestimandum
858 480 917 521 effe.
940 480 1024 512 Tan·

154 536 220 558 tum
240 527 456 562 monendum,
481 526 569 562 quod
589 521 780 569 praepostere
807 523 946 562 loquitur
970 521 1026 553 Ul·

154 569 276 609 pianus.
300 568 403 599 fuerat
418 568 588 597 dicendum
599 588 609 602 ,
624 574 680 596 non
697 573 791 594 nimus
806 573 841 594 ex
856 570 948 595 mente
963 573 1027 594 con-

153 610 350 648 venientium,
372 618 460 650 quam
476 618 512 638 ex
529 608 632 637 verbis.
672 604 760 636 Nihil
779 613 883 636 tamen
902 613 1025 636 mutan-

154 651 248 682 dum:
273 650 340 682 sunt
360 651 444 681 enim
468 648 654 689 frequentes
672 646 843 678 Veteribus
863 647 940 678 tales
959 645 1024 687 Hy-

153 691 352 734 sserologiae:
376 700 471 732 atque
486 690 561 721 ideo
578 688 816 730 explicatione,
835 697 898 720 non
918 697 1025 720 emen-

1114 103 1344 140 NoonT

1069 193 1200 224 datione
1215 193 1410 234 adjuvandae.
1443 195 1497 226 vii<
1516 203 1594 234 opus
1610 195 1775 235 exempiis.
1806 198 1937 232 adduxit

1069 234 1193 273 aliquot
1211 233 1377 266 Russ'ardus
1395 236 1432 266 ad
1448 237 1475 266 d.
1494 236 1521 278 §.
1540 240 1567 269 8.
1586 236 1605 266 l.
1624 246 1661 276 7,
1678 237 1705 268 i&
1725 237 1870 278 Cujricius
1889 241 1937 272 lib.

1069 284 1098 315 3.
1121 275 1239 315 Observ.
1259 287 1282 306 c.
1299 287 1326 318 5⁴
1355 277 1470 316 quibus
1495 283 1534 308 dc
1561 287 1634 308 meo
1651 278 1734 308 addo
1756 278 1775 319 §
1809 289 1841 310 12
1872 283 1898 311 d,
1917 282 1938 313 l.

1068 325 1098 355 7.
1122 317 1161 347 de
1179 325 1244 356 quo
1261 317 1289 358 §,
1318 318 1387 358 post
1415 317 1468 348 sun
1494 319 1579 349 loco.
1625 317 1700 350 Vult
1719 321 1814 359 igitur
1833 319 1939 359 Ulpia-

1068 366 1146 394 nus,
1169 365 1273 389 utrum
1298 359 1422 398 patiam
1440 359 1473 390 sit
1493 361 1523 390 in
1543 369 1627 399 rem,
1652 369 1689 392 an
1706 360 1736 391 in
1756 360 1940 401 personam,

1069 407 1108 429 cx
1133 398 1358 438 paciscentium
1387 402 1492 432 verbis
1516 402 1669 443 intelligi:
1694 401 1747 432 nisi
1772 411 1940 442 appareat,

1068 440 1258 471 contrariam
1274 441 1364 473 fuiss'e
1378 452 1487 473 coruni
1507 451 1668 475 mentem:
1685 450 1761 474 tunc
1777 445 1861 474 enim
1874 454 1942 475 ver-

1069 480 1107 511 ba
1119 481 1235 513 cedere
1251 484 1359 514 menti.
1376 485 1462 524 quod
1479 482 1592 515 finuiia
1607 482 1665 516 sint
1681 493 1865 525 argumenta
1882 495 1939 525 pro

1069 523 1227 553 contraria
1250 532 1376 562 mente,
1400 525 1504 556 verbis
1527 526 1669 557 standum
1694 529 1765 557 elie.
1797 524 1817 556 si
1835 534 1941 559 tamen

1071 563 1202 594 dubium
1227 564 1281 602 sit,
1305 573 1409 596 utrum
1435 566 1465 597 in
1490 576 1576 604 rem,
1600 569 1685 598 auin
1708 566 1873 606 personam
1892 577 1943 607 pa·

1069 604 1153 636 etum
1177 604 1295 637 facium
1315 605 1369 638 sit:
1394 608 1491 647 magis
1510 617 1539 638 in
1558 617 1644 646 rem,
1669 618 1762 649 quam
1783 609 1812 639 in
1835 608 1940 647 perso-

1068 655 1139 677 nam
1167 646 1290 685 pastum
1313 648 1499 689 intelligitur
1516 649 1534 678 l.
1551 658 1602 690 57.
1620 650 1648 691 §.
1672 660 1697 682 1.
1717 650 1758 682 D.
1781 651 1813 681 cle
1824 649 1940 691 pactis,

1068 686 1104 722 &2⁹
1120 687 1138 718 l.
1155 696 1184 723 9.
1203 686 1244 719 D.
1267 691 1300 719 de
1310 690 1557 729 probationibus(

888 787 1105 822 CAPUT
1156 785 1203 821 V.

152 881 224 916 Cum
242 894 262 917 a
281 881 412 916 Praetore
426 881 544 928 petitur
552 878 683 926 servari
696 879 818 924 paetum
839 886 1040 919 conventuum

1064 877 1190 923 probari
1216 886 1365 922 oportere,
1391 878 1448 925 effe
1467 881 1547 913 inter
1564 892 1612 914 eos·
1627 881 1707 914 inter
1724 891 1795 925 quos
1813 881 1940 926 agitur,

291 942 327 964 ac
344 931 380 964 de
397 942 430 965 re
448 942 507 976 qua
526 931 560 964 cle
578 929 707 974 agitur,
733 926 918 973 conseifiim.
951 928 1118 972 Utriusque
1133 928 1255 972 geizeri's
1274 929 1413 974 exempla
1428 929 1555 974 pulchra
1576 927 1616 968 δέ
1632 927 1786 974 difficilia.

221 1035 332 1066 empus
349 1026 394 1059 est
409 1025 546 1058 faciendi
564 1025 660 1057 finem
681 1024 936 1064 interpretationi
956 1034 1022 1056 vei·-

234 1069 347 1100 borum
364 1068 467 1100 Edisti
479 1091 488 1106 ‚
507 1066 595 1108 pasta
613 1071 764 1096 conventa.
798 1066 866 1096 satis
884 1067 968 1097 enim
987 1076 1020 1096 o-

148 1111 270 1148 stendi,
295 1109 493 1152 propositum
518 1108 580 1139 effe
606 1107 757 1145 Praetori,
782 1105 903 1138 servare
925 1117 1022 1138 omne

148 1153 285 1194 plurium
310 1152 340 1183 in
368 1152 452 1183 idem
470 1150 622 1191 placitum
640 1149 670 1179 &
687 1146 883 1179 consensum.
915 1148 1022 1180 saltem

147 1195 310 1230 monebO,
334 1200 506 1233 oportere,
530 1198 565 1222 ut
583 1189 724 1221 servetur
739 1189 863 1229 pastum
882 1198 1022 1222 conven-

148 1243 236 1274 tum,
258 1233 320 1265 esse
344 1235 427 1265 inter
452 1243 509 1264 eos
534 1234 616 1263 inter
639 1240 720 1271 quos
737 1231 859 1271 agitur,
885 1232 914 1262 ἃ
932 1232 971 1262 de
988 1242 1021 1262 rc

148 1287 210 1317 qua
227 1277 267 1307 de
282 1276 404 1316 agitur,
427 1273 623 1306 consensum.
649 1281 718 1303 nam
737 1280 803 1303 tum
821 1274 946 1303 demum
967 1282 1019 1312 ap-

146 1326 240 1358 paret
264 1317 390 1357 pactum
409 1324 607 1346 conventum
625 1323 641 1344 a
659 1313 800 1345 praetore
820 1313 1019 1346 servandum.

146 1359 245 1391 Poffit
262 1358 325 1389 hoc
341 1357 432 1389 alicui
450 1357 551 1389 levius
569 1355 686 1393 videri,
703 1364 797 1394 quam
817 1362 850 1385 ut
866 1356 969 1386 notari
988 1365 1020 1386 o-

147 1409 206 1441 pus
230 1400 275 1431 fit.
323 1399 385 1431 Sed
409 1398 467 1430 alia
485 1397 547 1429 fuit
563 1397 719 1427 sententia
735 1395 821 1427 Pauli
839 1397 857 1426 l.
877 1406 925 1435 2y.
941 1396 970 1437 §.
990 1406 1019 1434 4.

146 1443 179 1473 in
197 1440 261 1482 fine
286 1440 326 1472 D.
351 1442 383 1471 de
399 1439 513 1480 pastis,
537 1438 714 1475 monentiS,
741 1436 821 1467 Ante
840 1438 936 1467 omnia
955 1439 1019 1468 cini-

145 1483 383 1514 mad-vertendum
406 1480 476 1520 effe,
498 1489 534 1510 ne
559 1479 709 1509 conventio
732 1478 764 1507 i'n
790 1478 849 1508 alia
873 1487 903 1508 re
915 1478 1019 1516 faeta,

143 1531 196 1556 aut
214 1533 277 1554 cum
293 1523 353 1553 alia
363 1524 483 1562 persona
494 1543 503 1558 ,
525 1520 556 1550 in
580 1519 639 1550 alia
653 1528 683 1549 re
694 1541 704 1557 ,
727 1519 823 1550 aliave
834 1519 956 1560 peybna
972 1530 1020 1551 rw-

146 1571 218 1596 ceat.
249 1563 366 1595 Recte:
383 1570 454 1593 nam
472 1559 579 1602 potest
594 1559 746 1600 frequens
763 1560 824 1592 ess'e
843 1561 1019 1600 dubitatio,

143 1616 181 1638 an
199 1605 234 1637 sit
251 1604 374 1645 paetum
392 1610 601 1634 conventum.
618 1601 790 1643 placebunt
806 1602 926 1643 species
942 1612 1018 1644 quas

140 1646 294 1679 adferam.

186 1688 323 1720 Primam
340 1687 461 1719 dabunt
477 1686 546 1718 haec
560 1685 691 1726 Ulpiani
708 1685 804 1717 verba
829 1685 848 1716 l.
871 1695 899 1722 9·
921 1685 961 1717 D.
984 1687 1017 1717 de

139 1729 394 1762 transactionibus.
433 1728 497 1773 Qui
516 1738 582 1759 cum
597 1728 740 1759 tutoribus
746 1727 813 1767 suis
830 1728 863 1758 de
872 1727 939 1767 sola
951 1734 1015 1766 por-

142 1774 218 1803 tione
230 1769 437 1811 administratae
453 1770 547 1801 tuteloe
560 1770 618 1806 suae
633 1775 746 1809 egerat,
763 1768 800 1802 δὲ)
817 1771 1016 1809 transegerat:

141 1813 279 1853 adversus
293 1815 401 1843 eosdem
415 1817 522 1843 tutores
539 1821 574 1842 ex
589 1816 706 1851 persona
714 1810 825 1850 fratris
832 1812 885 1850 Juz'
901 1812 950 1841 cui
970 1811 1013 1841 he-

139 1865 183 1886 res
199 1856 356 1892 extiterat,
377 1862 484 1895 agens,
506 1853 717 1893 praescrz'ptz'one
729 1850 820 1892 fabtae
843 1851 1014 1883 traizsattio-

138 1898 185 1927 m's
203 1906 260 1927 nort
274 1897 475 1931 summovetur.
515 1893 591 1925 Duo
610 1893 724 1925 fratres
745 1892 925 1932 impuberes
942 1903 1013 1924 eos·
1031 1905 1033 1907 ¹

137 1940 209 1970 dem
227 1937 345 1969 habent
362 1944 495 1968 tutores.
519 1936 598 1967 alter
614 1935 714 1975 pubes
732 1933 851 1971 factus,
869 1934 1014 1966 adversus

137 1989 263 2011 tutores
279 1978 349 2011 suos
367 1978 434 2019 egit
457 1977 585 2008 actione
607 1976 715 2007 tuteiae
732 1976 771 2006 de
792 1977 942 2015 portione
961 1978 1013 2008 ad-

137 2020 320 2052 ministratae
347 2020 453 2050 tutelae
473 2017 549 2050 suae:
573 2018 601 2049 ἃ
620 2020 659 2048 de
677 2026 713 2048 ea
736 2027 807 2048 curn
827 2017 875 2047 his
893 2025 1011 2048 transe-

135 2063 193 2102 git.
220 2063 302 2093 idem
325 2062 441 2093 deinde
458 2059 576 2097 frater,
599 2060 700 2090 altero
723 2067 870 2096 mortuo,
894 2067 965 2090 cuin
982 2060 1011 2089 ei

137 2104 230 2135 heres
246 2102 394 2134 existeret
406 2102 548 2140 ,afflone
566 2101 673 2132 tutelae
690 2099 852 2139 experitur
867 2101 920 2131 adt
930 2099 1012 2132 ersus

136 2145 268 2175 eosdem
287 2153 428 2182 tutores,
446 2152 606 2183 tamquam
624 2142 714 2173 heres
731 2141 855 2179 fratris,
875 2142 902 2172 ἃ
921 2142 960 2185 dc
979 2151 1010 2172 e·

132 2186 181 2226 jus
210 2187 370 2225 portione.
405 2193 525 2215 tutores
543 2193 615 2215 eum
633 2183 833 2214 summovent
850 2182 1009 2223 praescrip-

136 2229 225 2259 tione
242 2226 476 2258 transactionis:
495 2224 616 2265 praefati
629 2248 638 2263 ‚
654 2224 684 2255 se
700 2233 771 2255 cum
789 2233 829 2254 eo
847 2225 1009 2265 transegis-

135 2268 167 2299 se
186 2269 225 2299 de
242 2268 369 2299 actione
386 2268 513 2304 tutclae3
530 2267 559 2298 δι
577 2265 761 2297 servandum
777 2265 839 2296 esse
856 2275 871 2295 a
892 2266 1006 2297 Praeto-

136 2320 171 2341 re
187 2309 314 2350 pactum
332 2316 527 2340 conventum
544 2307 670 2347 optimo
684 2308 771 2347 jure:
795 2306 816 2338 si
834 2306 887 2338 suo
906 2308 1008 2339 nomi-

134 2361 192 2388 ne,
217 2352 245 2382 dc
262 2352 302 2382 de
321 2350 370 2381 sua
391 2349 541 2390 portione
566 2349 772 2388 experiretur.
797 2358 882 2379 nunc
899 2349 1007 2380 tutelae

134 2392 217 2432 agit3
238 2392 288 2424 sed
306 2392 410 2423 fratris
427 2391 576 2427 nomine,
592 2390 621 2421 ἀ
638 2390 677 2421 de
694 2390 758 2429 ejus
775 2391 944 2430 portione:
969 2391 1009 2422 de

134 2443 197 2472 qua
212 2435 293 2465 adeo
309 2442 374 2465 non
386 2431 554 2473 transegit3
568 2439 602 2462 ut
618 2432 657 2462 de
673 2440 709 2462 ea
726 2441 764 2461 ne
780 2432 927 2472 cogitarit
943 2433 1008 2472 qui-

133 2476 224 2505 dem:
242 2477 329 2514 quod
345 2484 408 2505 non
425 2473 501 2505 ess'et
518 2474 594 2513 ejus.
613 2482 676 2503 non
695 2472 789 2513 igitur
804 2474 902 2503 debet
919 2474 958 2504 de
974 2483 1007 2504 u-

133 2525 173 2546 na
197 2517 347 2555 portione
369 2523 586 2553 conventum,
608 2515 726 2554 pori-igi
751 2514 789 2544 ad
813 2514 942 2545 alteram
968 2515 1008 2546 de

134 2566 195 2596 qua
214 2566 277 2587 non
298 2557 343 2588 est
359 2559 547 2598 cogitatum.
581 2556 623 2587 ita
645 2554 817 2595 Ulpianus:
842 2556 870 2586 δι
886 2565 945 2596 pro
963 2566 1009 2586 ra-

134 2599 224 2629 tione
250 2597 369 2636 subjicit
385 2597 414 2640 §.
436 2608 460 2629 1.
481 2600 508 2629 d.
526 2598 545 2629 l.
563 2607 593 2634 9.
618 2597 704 2638 quod
730 2598 897 2629 transactio
921 2606 1005 2637 quae-

134 2648 274 2679 cumque
297 2638 351 2676 sit,
375 2646 414 2670 ue
433 2640 478 2671 his
497 2647 617 2670 tantum
637 2639 676 2669 de
697 2638 812 2678 quibus
830 2641 913 2670 inter
930 2648 1008 2670 con-

132 2681 300 2711 venientes
316 2681 451 2720 placuit,
469 2680 653 2720 interposita
670 2679 820 2710 creditur.
844 2681 886 2710 At
902 2681 931 2712 in
949 2680 1008 2711 alia

133 2722 199 2752 abit
215 2720 360 2752 Scaevoia
377 2721 396 2751 l.
420 2730 483 2752 122.
504 2721 532 2762 §.
552 2723 604 2752 ult.
626 2720 667 2752 D.
685 2722 716 2751 de
732 2722 884 2752 verborum
900 2721 1006 2762 obliga-

134 2764 270 2794 tionibus.
304 2762 400 2792 verba
417 2762 579 2794 Scaevoiae.
619 2762 688 2793 Duo
703 2763 812 2799 fratres
826 2763 1008 2793 hereditatem

131 2807 250 2843 interse
266 2803 447 2840 diviserunt,
471 2803 506 2836 ὅ)
522 2802 748 2841 caveruntsihi‚
771 2804 845 2834 m'hi't
858 2807 886 2841 le
908 2810 1007 2835 contra

133 2856 196 2877 eam
219 2843 385 2882 divifionem
401 2842 557 2884 facturos:
580 2845 616 2879 ἐξ
632 2843 661 2882 fi
677 2851 774 2876 contra
790 2847 856 2886 quis
870 2845 1003 2885 feczffifft,

126 2896 245 2928 poenam
260 2886 333 2917 atter
349 2885 431 2916 alteri
442 2884 579 2924 pronifit.
595 2884 656 2925 post
671 2892 786 2917 mortem
801 2887 938 2918 alterius:
953 2888 1005 2928 qui

125 2929 315 2970 supervixit,
327 2928 399 2968 petit
414 2927 448 2956 ab
464 2926 610 2956 heredibus
628 2928 688 2967 ejus
705 2928 906 2966 hereditatem,
923 2927 1005 2969 qziufi

131 2980 168 3002 ex
186 2973 272 3009 caiisa
286 2966 491 3009 fideicommiffi
503 2965 560 3003 fitz·
578 2977 595 2996 a
609 2975 691 3006 patre
707 2968 797 2999 reliffitz'
816 2972 947 3000 debitam.
966 2969 1003 3004 ὅ)

132 3014 272 3049 adversus
289 3020 354 3041 eum
369 3009 593 3049 pronuntiatum
609 3006 665 3047 est.
682 3008 761 3049 quasi
779 3013 812 3040 cie
829 3013 878 3041 lioc
893 3020 1004 3052 quoque

131 3051 312 3083 transiibturiz
321 3050 435 3091 fuzffet.
461 3047 622 3093 jSoesttttrit
637 3047 674 3088 eft
685 3071 693 3086 ,
711 3060 749 3079 an
762 3057 846 3089 poena
862 3053 1004 3091 commtffa

129 3093 218 3134 effet?
241 3093 418 3133 Respondit,
440 3098 554 3132 paenam
563 3091 725 3130 secundum
749 3099 800 3127 eci,
819 3103 885 3133 tiici:
906 3101 1004 3134 propo.

129 3143 262 3171 nuntur,
276 3133 456 3174 commi'ffam.
482 3132 544 3163 Sed
560 3132 742 3168 videamus3
757 3140 796 3161 ne
810 3132 942 3171 speciale
955 3137 1003 3174 jus

128 3176 226 3207 faciat
241 3175 358 3214 judicis
376 3174 551 3210 sententia,
577 3170 631 3203 etsi
648 3181 792 3217 erronea.
819 3182 1001 3212 proponun.

130 3226 179 3249 mr
195 3218 259 3248 duo
275 3216 388 3249 fratres
403 3226 419 3248 a
440 3223 529 3256 patre
547 3213 682 3249 heredes
696 3213 828 3246 instituti
842 3237 852 3252 ,
876 3215 904 3247 ὅ(
921 3216 1000 3249 invi,-

1066 1032 1136 1054 cem
1155 1023 1255 1063 rogati
1270 1034 1280 1063 3
1295 1031 1330 1055 ut
1349 1024 1369 1055 fl
1386 1025 1454 1064 quis
1472 1034 1582 1056 eorum
1599 1023 1662 1056 fine
1678 1025 1785 1057 liberis
1801 1036 1940 1058 morere-

1066 1072 1134 1103 tur,
1158 1065 1222 1105 cjus
1246 1066 1355 1106 poi-tio
1372 1066 1461 1097 alteri
1479 1065 1706 1098 restitueretur.
1736 1076 1866 1098 mortuo
1886 1078 1939 1107 pa-

1066 1113 1132 1144 tre,
1156 1107 1303 1137 dividunt
1321 1107 1529 1138 hereditatem
1550 1106 1679 1138 fratres:
1704 1107 1838 1148 subjecta
1856 1110 1939 1141 clan-

1066 1145 1144 1186 sula‚
1163 1146 1250 1178 Nihil
1271 1147 1300 1178 se
1316 1158 1428 1179 contra
1443 1158 1512 1180 eam
1529 1148 1714 1180 divisionem
1731 1148 1890 1189 stennon
1907 1151 1938 1182 &

1065 1188 1084 1220 fi
1102 1190 1169 1228 quis
1185 1197 1298 1220 contra
1314 1189 1454 1227 fecisset,
1473 1199 1595 1230 poenam
1613 1190 1700 1222 alteri
1719 1191 1860 1231 promisit
1894 1190 1939 1224 U-

1064 1239 1107 1260 no
1123 1229 1185 1261 sine
1204 1230 1310 1262 liberis
1326 1240 1453 1262 mortuo
1466 1256 1473 1268 ,
1494 1232 1533 1262 :ib
1549 1241 1654 1271 eoque
1671 1234 1828 1264 extraneis
1845 1233 1937 1264 liere-

1064 1271 1157 1302 dibus
1177 1270 1344 1303 institutis:
1368 1272 1392 1304 is
1411 1274 1464 1312 qui
1484 1273 1673 1312 supervixit,
1699 1273 1738 1304 ab
1766 1274 1936 1306 heredibus

1064 1314 1144 1352 petit
1163 1313 1391 1350 hereditatem,
1416 1313 1498 1353 quasi
1517 1314 1657 1345 debitam
1676 1324 1715 1345 ex
1735 1314 1822 1345 causa
1846 1315 1936 1346 fidei-

1063 1354 1236 1392 commissi,
1251 1353 1304 1385 fibi
1321 1365 1336 1385 a
1355 1362 1443 1394 patre
1465 1355 1574 1386 relifli.
1607 1355 1740 1387 hei-edes
1761 1355 1789 1386 sc
1807 1364 1937 1388 tuentur

1063 1395 1260 1434 exceptione
1288 1396 1529 1428 transactionis:
1553 1397 1639 1436 quod
1660 1397 1788 1435 dicunt,
1812 1399 1850 1428 de
1870 1399 1935 1429 hoc

1061 1434 1307 1468 fideicommiffo
1325 1437 1386 1468 effe
1403 1437 1591 1469 transactum
1607 1437 1760 1469 divifione
1778 1439 1936 1470 heredita-

1064 1478 1113 1507 tis.
1152 1477 1181 1508 &
1197 1476 1367 1510 secundum
1385 1480 1611 1519 exceptionem
1634 1480 1871 1518 pronuntiatum
1889 1480 1935 1512 est

1064 1517 1353 1557 sententiaJudicis.
1378 1521 1546 1560 quaeritur,
1565 1530 1601 1551 an
1619 1521 1770 1562 debeatur
1783 1530 1877 1562 poena
1893 1531 1935 1553 ex

1064 1559 1238 1599 stipulatu?
1262 1560 1282 1592 si
1306 1561 1472 1593 veritatem
1492 1561 1684 1601 spectamus:
1710 1572 1772 1593 non
1798 1563 1935 1594 debetur

1062 1609 1176 1641 poena,
1200 1602 1345 1641 promissa
1368 1612 1432 1634 non
1457 1602 1659 1643 simpliciter;
1683 1602 1733 1634 sed
1751 1603 1804 1634 sub
1822 1604 1935 1635 condi-

1063 1642 1169 1680 tione,
1195 1643 1214 1674 si
1235 1651 1347 1674 contra
1364 1643 1549 1675 divisionem
1568 1643 1692 1675 fecisset
1707 1644 1815 1676 frater.
1839 1647 1863 1675 is
1881 1655 1934 1676 ve·

1061 1693 1097 1715 ro
1114 1683 1191 1715 nihil
1208 1683 1288 1715 fecit
1304 1693 1416 1716 contra
1432 1685 1626 1716 divisionemv
1646 1685 1767 1717 fateor:
1788 1687 1879 1726 petiit
1897 1685 1934 1718 fi-

1060 1725 1312 1757 deicommiffiim
1329 1725 1383 1757 fibi
1400 1736 1416 1757 a
1432 1735 1520 1767 pati-e
1535 1727 1687 1758 relictum.
1713 1735 1743 1757 at
1760 1736 1870 1758 contra
1887 1729 1932 1759 di-

1060 1766 1211 1813 visionem
1230 1767 1337 1799 facere
1350 1777 1413 1799 non
1424 1768 1467 1799 est
1479 1777 1589 1808 petere
1607 1768 1749 1799 debitum
1767 1768 1932 1800 fideicom-

1057 1802 1198 1840 miffu‘in‘:
1225 1819 1334 1841 verum
1353 1809 1461 1840 facere
1484 1817 1594 1841 contra
1614 1811 1643 1840 id
1663 1811 1750 1849 quod
1769 1810 1812 1841 est
1831 1809 1932 1843 divisi-

1059 1859 1122 1881 one
1143 1850 1255 1882 actum.
1283 1850 1341 1881 hae
1361 1860 1459 1891 porro
1480 1852 1616 1891 placuit,
1637 1859 1671 1881 ut
1686 1861 1701 1882 a
1719 1861 1821 1883 rerum
1842 1852 1932 1883 liere-

1058 1891 1239 1923 ditariarum
1257 1893 1487 1924 communione
1505 1892 1643 1923 abiretui·
1659 1893 1677 1923 l.
1700 1902 1723 1924 1.
1745 1892 1785 1923 D.
1806 1892 1932 1924 Familia

1057 1933 1244 1973 erciscundae:
1262 1943 1325 1965 non
1344 1935 1438 1972 item,
1455 1943 1495 1965 ne
1513 1934 1566 1965 suo
1584 1942 1729 1975 tempore
1745 1935 1930 1975 portionem

1058 1975 1244 2006 hereditatis
1271 1974 1450 2006 restitueret
1474 1977 1526 2015 qui
1553 1984 1680 2016 rogatus
1691 1974 1734 2006 ‘sit
1752 1985 1820 2006 eam
1842 1975 1930 2006 resti-

1057 2023 1158 2047 tuere.
1190 2026 1254 2048 non
1280 2018 1374 2056 igitur
1393 2017 1519 2047 xidetur
1536 2017 1745 2047 transactione
1766 2016 1926 2048 divisionis

1056 2057 1177 2088 remiss'a
1194 2058 1254 2089 esse
1267 2057 1497 2089 fideicommissi
1509 2056 1675 2089 restitutio.
1701 2059 1741 2088 At
1758 2059 1840 2089 enim
1861 2067 1927 2089 coe-

1056 2099 1103 2138 pit
1120 2099 1272 2138 cujusque
1297 2100 1460 2139 proprium
1486 2099 1551 2130 fieri
1569 2099 1655 2138 quod
1674 2101 1789 2138 cuique
1808 2099 1926 2139 obtigit

1055 2139 1224 2170 divisione:
1249 2139 1480 2172 fideicommiffi
1506 2148 1609 2170 autem
1629 2139 1742 2180 petitio
1761 2139 1843 2171 suum
1862 2143 1928 2171 cui-

1053 2190 1116 2217 que
1133 2180 1246 2212 aufert.
1289 2181 1335 2212 Sit
1354 2182 1413 2214 ita:
1438 2181 1594 2212 addixerit
1612 2180 1696 2212 suum
1716 2183 1831 2221 cuique
1849 2182 1928 2212 divi·

1053 2221 1114 2253 fio:
1138 2222 1217 2253 fecit
1238 2231 1342 2253 tamen
1361 2222 1446 2254 suum
1466 2223 1730 2263 uniuscnjusque,
1755 2232 1818 2254 non
1835 2222 1927 2254 abso·

1051 2263 1136 2302 lute,
1155 2263 1204 2295 sed
1219 2273 1290 2295 cum
1307 2273 1406 2296 onere
1423 2264 1648 2302 restitutionis,
1665 2264 1820 2296 existente
1837 2264 1928 2295 fidei-

1050 2306 1203 2337 commiffi
1222 2306 1410 2337 conditione
1427 2307 1445 2337 l.
1466 2316 1512 2346 ῃ.
1531 2305 1559 2346 §.
1583 2310 1628 2339 18.
1650 2305 1688 2336 D,
1711 2307 1743 2336 de
1761 2306 1861 2347 legatis
1877 2305 1926 2336 lib.

1052 2356 1080 2377 2.
1114 2356 1177 2378 non
1200 2348 1294 2388 igitur
1311 2347 1415 2387 potest
1439 2346 1601 2378 commiss'a
1627 2347 1858 2386 videripoenu,
1881 2347 1925 2378 ob

1051 2387 1282 2420 fideicommiffi
1298 2389 1488 2429 petitionem
1502 2412 1510 2426 ‚
1526 2398 1586 2429 qua
1603 2388 1677 2419 nihil
1695 2387 1739 2419 est
1754 2388 1855 2419 atium
1876 2391 1926 2419 ad·

1051 2428 1158 2460 versus
1177 2429 1373 2461 divisionem.
1407 2430 1478 2462 Sic:
1504 2429 1523 2462 fi
1543 2439 1607 2461 rem
1627 2429 1809 2470 spectamus.
1836 2429 1924 2472 Quid

1051 2470 1219 2502 Scaevoia?
1243 2472 1333 2502 aliam
1352 2472 1455 2502 tenuit
1473 2471 1565 2502 viam.
1599 2473 1650 2507 Qui
1668 2471 1799 2510 potuit?
1824 2481 1924 2511 puio.

1051 2512 1123 2552 quia
1149 2513 1388 2552 pronuntiatum
1412 2512 1474 2543 fuit
1498 2512 1654 2544 sententia
1675 2512 1791 2552 judicis
1808 2537 1816 2550 ‚
1841 2512 1925 2553 quasi

1051 2555 1091 2584 de
1110 2554 1174 2584 boc
1190 2563 1319 2594 quoque
1337 2554 1526 2585 transactum
1545 2553 1661 2584 fuisset.
1691 2562 1722 2584 at
1744 2555 1860 2585 erravit
1876 2553 1924 2593 Ju-

1050 2595 1124 2626 dex.
1157 2605 1252 2626 nemo
1271 2604 1376 2636 negat.
1411 2596 1536 2627 interim
1555 2605 1603 2627 res
1616 2596 1754 2635 judicata
1774 2605 1830 2634 pro
1847 2595 1925 2626 veri-

1051 2644 1116 2667 tate
1136 2636 1280 2668 habetur.
1316 2637 1411 2677 igitur
1426 2635 1488 2668 five
1506 2638 1535 2667 in
1556 2636 1709 2668 divisione
1728 2636 1762 2668 fit
1779 2639 1818 2668 de
1836 2636 1922 2668 fidei-

1051 2677 1216 2710 commiffo
1235 2678 1441 2714 transactum,
1468 2677 1531 2709 fite
1549 2687 1612 2708 non
1633 2678 1688 2713 sit:
1714 2687 1818 2709 tamen
1838 2677 1922 2718 post-

1051 2728 1144 2759 quam
1167 2723 1403 2758 pronuntiatum
1421 2719 1484 2758 est,
1503 2720 1691 2751 transactum
1710 2718 1789 2756 csse;
1807 2720 1922 2750 deinde

1049 2770 1114 2791 non
1132 2759 1193 2791 fuit
1211 2762 1379 2801 quaerenda
1396 2762 1527 2798 veritas,
1544 2763 1581 2792 ad
1600 2771 1663 2792 rem
1681 2761 1741 2800 jam
1760 2761 1836 2792 niliil
1856 2771 1923 2801 per·

1051 2802 1173 2833 tinens:
1199 2802 1348 2842 refieque
1368 2802 1531 2841 respondit
1549 2802 1711 2840 Scaevola,
1737 2812 1862 2840 poenam
1881 2801 1921 2832 se·-

1048 2845 1185 2874 cundum
1203 2853 1238 2874 ea
1257 2853 1328 2882 quae
1346 2852 1590 2884 proponuntur,
1614 2843 1675 2874 esse
1693 2843 1899 2875 commissam.
1948 2841 1966 2850 ”’

1091 2884 1165 2915 Non
1185 2885 1285 2916 minus
1303 2885 1431 2925 pulchra
1449 2886 1493 2916 est
1506 2886 1639 2916 secunda
1656 2884 1783 2925 U'piani
1803 2885 1921 2924 species

1047 2926 1077 2957 in
1096 2926 1142 2956 his
1161 2927 1263 2957 verbis
1280 2927 1298 2956 l.
1319 2935 1348 2962 9.
1366 2926 1394 2968 ὃ.
1416 2927 1469 2958 ult.
1491 2927 1528 2958 Ι).
1548 2929 1580 2957 cle
1594 2926 1848 2957 transaffloni'hzis.
1881 2924 1919 2955 Ei

1045 2970 1095 3008 qui
1114 2968 1240 2998 nondum
1257 2974 1370 3005 certus,
1393 2969 1430 2999 ad
1453 2968 1480 3002 fe
1500 2969 1644 3010 querelam
1661 2975 1758 2999 contra
1770 2967 1864 3007 patris
1879 2971 1919 2995 te-

1039 3008 1218 3050 stamentum
1241 3011 1400 3050 periinere,
1424 3011 1457 3040 de
1476 3011 1540 3041 ciliis
1557 3008 1647 3048 cazifis
1667 3019 1729 3039 cum
1746 3006 1917 3041 adversariis

1042 3050 1127 3091 putto
1152 3052 1309 3092 triinsegit;
1335 3058 1450 3081 trintum
1473 3052 1503 3082 in
1529 3052 1572 3081 his
1592 3048 1788 3089 interpositum
1802 3046 1917 3093 pastum

1046 3093 1174 3129 nocebit,
1190 3094 1335 3133 dequibus
1350 3094 1426 3123 ititer
1438 3102 1481 3122 eos
1495 3092 1591 3123 abtum
1606 3093 1747 3131 probatur.
1768 3087 1829 3134 ¹Hi>
1850 3093 1920 3134 &²⁷²1

1047 3139 1107 3163 tum
1128 3133 1285 3164 transattio
1310 3132 1381 3174 ohist
1398 3157 1408 3170 ,
1431 3135 1565 3174 quamvis
1588 3132 1678 3173 major
1702 3138 1785 3159 annis
1810 3133 1919 3168 vigiiitt

1046 3176 1175 3215 quinque
1197 3184 1258 3206 cam
1285 3177 1470 3214 interposuit,
1494 3177 1526 3205 cle
1543 3175 1643 3215 quibus
1660 3169 1755 3201 atium
1771 3171 1918 3208 probatur.

1047 3225 1116 3250 riam
1132 3226 1163 3251 eci
1181 3226 1303 3257 quorum
1320 3216 1444 3252 afflui-ier
1458 3221 1607 3256 sompetcre
1616 3209 1740 3252 eipvstffl
1749 3217 1920 3251 compertum

1860 3248 1917 3289 est,
