2036 3495
146 137 196 172 54

152 214 199 247 ἑῖα
215 223 273 246 non
286 215 421 250 videtur,
432 210 461 249 fi
476 216 591 242 tantum
603 207 759 250 postulatio
770 206 894 247 simplex
909 207 1030 237 celebra-

152 262 185 287 to
200 254 234 292 sic
245 280 255 295 ‚
278 255 324 286 vel
340 252 576 291 actionisspecies
594 258 662 281 unte
676 250 822 289 judicium
837 258 881 278 reo
900 249 1028 288 cognita.

152 299 230 329 inter
245 297 324 327 litem
340 294 416 324 euim
437 290 623 332 contestatam
641 290 677 325 ὅ)
693 291 798 320 editum
813 289 954 320 actionem
966 295 1031 329 per-

153 338 279 369 multum
300 332 426 373 interest.
455 333 490 363 lis
516 335 592 363 enim
616 337 688 363 tunc
713 329 869 370 contestata
894 333 1031 369 videtur,

152 387 220 410 cum
241 377 345 416 Judex
365 382 417 414 per
441 375 638 405 narrationem
661 374 767 414 negotii
790 374 907 409 caulam.
929 373 1031 403 audire

155 420 277 458 coquent⁴
302 417 378 447 edita
403 414 475 447 auio
489 415 612 456 speciem
627 415 742 454 futura>
766 414 825 445 bitis
842 412 1035 454 demonstrat.-

153 470 241 502 quam
256 458 402 488 emendari
418 458 464 488 vel
482 457 592 488 mutari
608 457 689 496 licet,
710 461 798 496 prout
822 454 923 486 Edisti
936 462 1033 496 perpe-

155 503 201 532 tui
218 505 310 531 monet
325 498 502 535 αιιὲἶονίιαςς
525 500 572 528 vel
581 498 633 538 jus
653 500 796 529 reddentis
811 497 936 527 decernit
952 497 1037 537 aeqzcz'-

159 548 215 573 tas.
245 540 478 582 Imperatores,
502 539 639 572 Severus
657 540 687 571 δι
704 540 903 575 Antoninus,
926 546 942 568 a
960 546 1037 577 quo·

156 584 229 616 dam
247 581 386 614 Valente
398 591 453 622 per
465 582 607 613 libellum
625 581 759 612 consulti
778 580 899 619 dejure
916 588 1037 609 mutan-

157 625 208 658 dae
220 632 271 655 aut
283 624 488 656 emendandae
505 623 637 655 actionis
653 623 764 660 eduae,
782 620 976 661 distinguunt
993 621 1037 650 in-

158 674 208 698 ter
227 667 315 698 litem
334 665 544 697 contestatam
561 665 592 696 <Sc
609 665 727 695 editam
745 663 915 694 actionem.
940 670 1036 702 quern

156 708 190 740 in
208 707 332 739 finem?
357 714 391 738 ut
409 705 597 744 ostendant,
612 706 711 737 actori
729 714 801 736 ante
818 704 907 735 litem
925 711 1037 734 conte·

156 749 268 783 statam
287 750 317 780 vi
336 748 436 780 Edisti
456 748 605 788 perpetui
622 748 735 785 licere,
762 747 846 777 ultro
863 746 1036 776 emendare

158 799 213 824 aut
233 798 354 823 mutare
365 790 483 822 editam
496 789 674 821 actionem:
689 787 760 829 post
778 788 864 819 litem
883 785 1041 818 contesta-

162 843 229 866 tam
243 833 272 864 ei
290 840 438 864 neutrum
455 832 551 862 licere
567 830 755 861 auctoritate
772 829 837 870 ejus
849 827 972 867 EdiCti3
990 826 1041 858 sed

162 877 293 908 demum
318 883 358 905 ex
375 872 501 914 speciali
525 872 675 904 Praetoris
693 872 849 908 decreto,
873 871 1043 908 impetrata

161 918 194 950 in
213 924 372 957 integrum
389 913 603 946 restitutione.
627 912 671 944 Et
687 913 791 944 recte:
817 911 889 952 quia
908 912 992 942 enim
1009 910 1044 941 li-

162 965 197 991 te
222 956 420 995 contestata,
444 956 571 987 videtur
595 954 677 995 quasi
694 953 892 986 contratrum
911 954 993 984 inter
1012 961 1043 982 a·

166 1001 289 1032 ctorem
316 1000 345 1030 δι
370 1005 477 1030 reum:
502 1006 566 1028 non
583 996 681 1028 facile
698 996 796 1028 debet
812 995 909 1025 attor-i
927 1002 1044 1024 conce-

164 1041 216 1080 di,
234 1042 272 1072 ab
286 1050 322 1072 ea
340 1040 490 1070 recedere
504 1037 568 1070 fine
587 1037 740 1069 consensu
756 1037 800 1068 rei
818 1037 868 1067 cui
881 1034 1043 1076 quaefitum

165 1084 214 1124 jus
231 1082 287 1114 est.
311 1082 402 1113 aliter
418 1090 455 1111 ac
471 1079 525 1117 fit,
550 1089 623 1111 curn
646 1079 728 1111 actio
746 1087 868 1110 tantum
885 1078 990 1113 edita,
1014 1076 1045 1107 id

164 1124 231 1163 est,
254 1133 328 1155 cum
353 1122 473 1163 species
497 1120 611 1154 futurae
640 1121 704 1152 litis
731 1130 787 1152 reo
803 1127 876 1150 ante
891 1118 1046 1159 judicium

165 1173 292 1198 tantum
318 1163 552 1202 demonstrata,
576 1172 681 1203 neque
706 1162 809 1193 adhuc
834 1161 874 1191 de
901 1169 937 1190 ea
962 1156 1046 1198 quasi

165 1207 367 1239 contractum
392 1205 437 1237 est
455 1228 464 1244 ‚
489 1214 596 1246 eoque
620 1213 671 1236 res
694 1203 881 1243 intelligitur
904 1202 1045 1241 integra,

167 1258 230 1282 nec
246 1247 399 1280 succurrit
417 1246 525 1285 causa,
549 1256 605 1278 cur
620 1246 722 1277 minus
741 1244 828 1275 atior
845 1242 938 1283 posfit
955 1250 1044 1273 rece-

167 1292 245 1323 dere
262 1291 301 1321 ab
318 1290 403 1320 edita
421 1288 568 1328 afflone,
591 1296 686 1327 quam
703 1295 773 1318 reus
793 1285 989 1321 deliberare,
1013 1291 1046 1313 u-

169 1339 255 1364 trum
264 1331 380 1364 cedere
389 1330 495 1368 malit,
512 1338 550 1361 an
566 1331 647 1362 ultra
657 1327 865 1360 contendere.
891 1325 922 1356 Si
939 1333 1045 1356 tamen

166 1380 300 1416 apparet
316 1372 447 1406 evidens
458 1371 591 1412 aequitas
603 1369 808 1403 emendandae
819 1376 873 1399 aut
887 1365 1046 1399 mutandae

811 1452 1158 1487 T1Tutus

375 123 580 160 GERARm
611 122 778 156 NoonT
814 119 952 153 COMM.
989 118 1052 152 AD
1086 119 1174 153 Lm.
1203 119 1244 155 11.
1278 119 1377 154 ΤΠ.
1406 119 1505 156 er.
1541 121 1593 156 De
1610 121 1725 157 Pueris.

1074 208 1206 239 astionis
1219 231 1228 246 ‚
1254 209 1348 240 etiam
1365 208 1435 248 post
1455 209 1543 241 litem
1560 209 1767 242 contestatam
1785 211 1950 245 indulcen-

1075 250 1183 295 dzrerit
1200 251 1263 290 ejus
1275 251 1303 282 ἃ
1322 252 1505 282 emendatio
1517 251 1546 282 &
1563 254 1716 284 mutatio:
1733 251 1786 283 etsi
1804 244 1950 285 non‘fim-

1075 291 1220 337 pliciter,
1243 301 1304 323 nec
1320 291 1454 332 sponte:
1478 302 1541 323 non
1556 293 1640 324 enim
1659 292 1764 334 potest
1784 293 1888 331 actor,
1902 298 1949 326 in-

1077 341 1143 362 vito
1169 342 1244 371 reo,
1267 334 1307 364 ab
1329 333 1468 365 instituta
1493 333 1617 364 actione
1639 333 1786 366 desistere
1803 335 1865 365 sine
1883 344 1951 375 per·

1076 372 1165 404 miss'u
1190 373 1354 414 Praetoris,
1379 376 1408 406 v&
1436 383 1469 405 ut
1494 376 1662 406 renunciet
1687 377 1751 414 liti,
1775 375 1879 407 adhuc
1894 387 1951 408 reo

1079 422 1186 461 manet
1201 415 1248 454 ius
1265 417 1397 457 urgendi
1414 415 1601 448 sententiam
1619 417 1647 447 vi
1665 417 1727 448 litis
1745 417 1949 449 contestatae:

1079 464 1174 502 etiam
1193 463 1319 488 tenetur
1334 457 1435 497 Judex
1450 457 1636 489 sententiam
1653 457 1738 489 ferre
1755 459 1774 489 l.
1793 468 1841 499 74.
1862 460 1901 489 1).
1920 461 1953 490 cle

1073 498 1215 538 Judzczz's,
1237 506 1391 544 ante'non
1409 499 1535 531 functus
1557 499 1667 531 officio
1685 499 1750 530 su0.
1783 501 1859 539 quid
1876 510 1953 541 ergo

1081 537 1152 569 est?
1174 536 1214 576 sl,
1239 546 1274 569 ut
1296 540 1384 585 dixi,
1408 542 1541 572 evidens
1568 541 1604 572 fit
1628 542 1744 572 utilitas
1767 543 1954 574 mutationis

1081 587 1135 610 aut
1151 580 1401 612 emendationis:
1416 581 1495 613 solet
1511 592 1547 613 ea
1563 582 1662 614 actori
1677 583 1814 614 concedi
1836 582 1905 622 post
1923 579 1955 614 li'·

1080 628 1147 651 tem
1159 620 1394 670 contestatam,
1417 632 1482 654 non
1500 624 1633 663 sponte,
1650 633 1710 655 nec
1726 625 1779 655 suo
1795 625 1886 664 jur-03
1903 623 1955 656 sed

1079 663 1134 702 (ut
1151 662 1516 707 beveru8&Antoninus
1534 665 1708 705 loquuntur
1724 668 1751 698 d.
1769 666 1789 697 l.
1801 668 1853 706 3.)
1872 665 1893 697 fi
1907 666 1956 705 jus

1079 704 1404 749 reddentis-decernit
1422 707 1569 745 aequitas:
1593 708 1658 738 hoc
1674 708 1738 747 est,
1755 709 1921 748 impetrata
1939 716 1956 738 a

1083 745 1225 776 Praetore
1242 753 1274 775 in
1291 752 1449 786 integrum
1465 747 1686 787 restitutione,
1710 748 1801 780 causa
1817 750 1958 788 cowita.

1084 786 1159 835 Huc
1178 785 1296 833 speclat
1314 786 1433 833 Seneca
1453 786 1544 828 Epzst.
1561 794 1617 827 48:
1640 790 1681 821 fic
1705 786 1869 822 scribens?
1901 790 1959 821 Per

1084 826 1162 869 istud
1172 827 1433 868 pbzlosophzaefunt
1448 830 1539 870 nigrae
1555 830 1591 864 ὅ)
1607 837 1703 872 turpes
1716 832 1895 873 infamesque
1907 832 1956 861 eti-

1085 880 1140 917 am*
1152 871 1190 900 ad
1206 869 1302 899 album
1317 869 1480 903 sedentibus
1496 873 1678 911 exceptiones.
1700 875 1770 914 quid
1785 875 1860 904 enim
1874 873 1958 904 aliud

1086 913 1178 952 agnis
1189 933 1197 948 ‚
1214 920 1279 957 curu
1290 920 1362 958 veum
1376 920 1459 952 quem
1474 913 1678 954 interrogatis,
1688 916 1809 952 seientes
1827 917 1858 946 in
1867 915 1958 954 frou-

1087 956 1149 983 ciem
1170 954 1329 990 inducitis,
1352 962 1440 993 quam
1463 959 1496 983 ut
1511 954 1643 993 formula
1660 955 1783 996 cecidzffe
1797 955 1960 987 videmur?

1078 995 1131 1034 sed
1152 994 1390 1034 quemadmodum
1413 995 1496 1025 illum
1519 995 1648 1035 Praetor,
1664 995 1708 1034 fic
1724 997 1772 1027 hos
1785 998 1960 1037 philofiiphz'a

1088 1038 1119 1066 in
1134 1037 1280 1076 integrum
1295 1033 1433 1075 restituit.
1480 1036 1531 1066 Sic
1550 1046 1589 1067 ex
1607 1039 1661 1069 usu
1677 1038 1719 1068 sui
1739 1039 1893 1078 temporis
1910 1038 1963 1069 Se·

1089 1085 1268 1122 necat-nec
1293 1077 1383 1108 aliter
1410 1086 1450 1108 ex
1473 1078 1581 1118 aliquo
1603 1087 1712 1110 vetere
1731 1078 1963 1117 Jurisconsulto

1088 1117 1277 1164 justinianus
1294 1118 1322 1159 ὃ.
1334 1129 1382 1159 33.
1397 1116 1468 1158 [nst.
1484 1122 1518 1150 zie
1527 1119 1698 1151 actionibus.
1726 1119 1961 1160 Etexemplum

1089 1160 1417 1199 Praetoriaeaequitatis
1429 1170 1484 1199 per
1501 1161 1532 1191 in
1549 1162 1706 1202 integrum
1726 1162 1962 1194 restitutionem

1089 1201 1195 1248 attulit
1212 1202 1325 1232 adhoc
1342 1200 1445 1233 desti
1457 1210 1552 1242 caput
1568 1203 1680 1234 Paulus
1696 1203 1715 1234 l.
1727 1214 1756 1242 4.
1774 1203 1802 1245 §.
1820 1214 1848 1244 3.
1868 1203 1910 1234 D.
1929 1204 1962 1233 de

1087 1242 1215 1273 noxalzh.
1235 1241 1414 1274 cretionibus:
1428 1243 1471 1274 est
1491 1246 1574 1275 enirn
1592 1244 1617 1275 is
1634 1244 1724 1275 locus
1744 1254 1782 1276 ex
1799 1245 1847 1276 lib.
1867 1254 1896 1285 3.
1914 1244 1964 1275 Ace

1091 1282 1246 1329 Edictum}
1270 1284 1300 1314 in
1325 1293 1389 1324 quo
1406 1294 1479 1317 eum
1495 1285 1643 1319 Edictum
1659 1288 1699 1318 de
1716 1287 1844 1319 edendo
1863 1286 1964 1327 expli-

1089 1324 1204 1365 cuiffe,
1227 1324 1317 1366 supra
1335 1326 1455 1359 monui.

1215 1451 1330 1489 X1V;

974 1527 1024 1563 De
1041 1527 1158 1564 Paetis.

235 1620 260 1654 B
278 1621 393 1653 Editio
411 1621 452 1652 de
474 1616 601 1652 edendo
626 1618 752 1651 transeo
772 1618 811 1649 ad
836 1617 984 1649 Edictum
1007 1617 1047 1648 de

250 1663 369 1704 pactis,
395 1673 459 1694 non
479 1663 608 1702 quidem
624 1661 792 1699 omnibus3
817 1659 868 1691 secl
885 1659 999 1698 quibus
1019 1668 1047 1689 a·

170 1707 277 1747 gitur,
294 1715 334 1736 ne
353 1712 495 1745 petatur:
511 1703 550 1733 ad
567 1703 635 1733 haec
652 1704 736 1734 enim
749 1701 837 1742 paeta
855 1701 884 1732 δι
903 1700 965 1731 sola
981 1701 1049 1732 exit

168 1748 276 1780 EdiCti
293 1746 466 1784 sententia,
492 1743 547 1776 etsi
566 1744 627 1774 late
647 1751 778 1785 pateant
795 1743 860 1782 ejus
883 1742 998 1774 verba:
1023 1742 1046 1772 i-

170 1790 301 1829 deoque
319 1795 443 1818 tantuin
459 1786 655 1825 exceptione
672 1795 689 1816 a
707 1785 847 1816 Praetore
864 1783 1043 1820 servantur,

168 1840 237 1863 non
253 1831 348 1861 etiam
359 1830 495 1860 afflone.
521 1826 566 1858 est
582 1836 660 1857 vero
673 1827 736 1857 hoc
751 1834 881 1865 quoque
898 1824 1046 1855 Edistum

168 1872 232 1904 alio
249 1870 385 1911 positum
404 1871 499 1908 loco,
516 1877 609 1908 quam
627 1867 689 1899 fuit
703 1868 735 1898 in
747 1866 862 1898 Edicto
880 1873 1047 1906 perpetuo.

168 1923 242 1946 nam
259 1914 290 1943 in
308 1921 349 1942 eo
373 1910 465 1942 fuiss'e
487 1910 627 1942 medium
645 1910 728 1941 inter
750 1908 860 1939 Edicta
885 1906 937 1938 De
955 1907 1049 1938 eden-

171 1956 234 1993 do,
259 1953 289 1985 &
313 1952 413 1984 Dein
436 1953 483 1991 jus
506 1950 675 1988 vocando,
700 1960 741 1981 ex
764 1950 875 1981 ordine
894 1949 1050 1980 librorum

170 1995 300 2034 Ulpiani
318 1995 348 2026 ὃς
368 1994 455 2026 Pauli
475 1992 514 2024 ad
536 1991 681 2023 Edictum
705 1991 760 2022 sub
783 1990 907 2031 singulis
931 1989 1051 2021 Titulis

173 2037 372 2077 intelligitur.
386 2044 470 2067 nunc
481 2033 621 2075 sequitur
631 2031 860 2072 postTitulos,
886 2032 937 2063 De
955 2032 985 2062 in
1002 2032 1050 2072 jus

174 2079 345 2115 vocando,
371 2077 401 2109 δι
422 2076 475 2108 De
499 2074 700 2106 cautionibus
724 2074 754 2105 in
776 2074 898 2113 judicio
926 2072 1050 2104 sistendi

175 2118 266 2151 causa
283 2117 390 2150 factis:
409 2125 507 2158 puto,
524 2116 653 2157 quodin
668 2116 717 2156 jus
734 2123 867 2147 vocatus
885 2113 930 2146 est
949 2113 1052 2145 dimit-

175 2161 309 2196 tendus,
326 2158 347 2190 fi
364 2160 439 2191 dum
456 2160 487 2190 in
504 2157 715 2197 jus'venitur‚
730 2158 770 2189 de
787 2166 820 2188 re
836 2155 934 2187 fuerit
952 2163 1050 2186 trans-

174 2202 279 2234 atrum
290 2201 310 2232 l.
328 2211 377 2233 22.
396 2200 424 2242 §.
440 2209 465 2233 1.
482 2199 525 2231 D.
537 2199 569 2230 de
584 2199 677 2240 injus
693 2199 830 2230 vocando.
847 2199 924 2229 item
937 2220 946 2235 ‚
962 2197 1051 2237 quod

174 2253 242 2277 non
267 2242 424 2284 exigimus
440 2265 451 2282 ‚
481 2249 571 2274 reum
588 2241 708 2281 judicio
732 2240 789 2273 fisti
807 2262 817 2280 ,
840 2239 862 2272 fi
885 2239 1052 2280 negotium

825 2322 1178 2358 T1Tutus

1091 1617 1324 1659 propterquod
1336 1616 1366 1649 in
1380 1615 1502 1657 judicio
1521 1615 1577 1648 sisti
1590 1615 1967 1656 promifit,fuerittrans—

1091 1660 1205 1691 aetum.
1229 1660 1258 1690 ὅ(
1274 1659 1365 1690 valde
1376 1659 1480 1698 probo
1493 1658 1556 1689 hoc
1568 1658 1697 1699 Ulpiani
1717 1658 1735 1690 l.
1754 1668 1781 1690 2.
1796 1657 1838 1690 D.
1856 1658 1887 1689 Sz'
1904 1660 1968 1699 quis

1091 1706 1169 1732 caut.
1192 1701 1223 1731 in
1234 1701 1328 1742 judic.
1342 1698 1405 1740 fist.
1426 1699 1594 1738 confisa&
1613 1710 1670 1730 non
1689 1701 1805 1741 obtemp.
1838 1699 1918 1743 Quis
1937 1710 1968 1730 e-

1088 1743 1153 1773 nim
1166 1742 1205 1773 de
1215 1751 1310 1782 poena
1321 1740 1469 1782 promiss'a
1482 1741 1605 1773 laboret
1616 1741 1686 1782 post
1697 1742 1859 1782 negotium
1871 1750 1966 1772 trans-

1089 1784 1194 1815 aCtum
1206 1783 1223 1815 ἱ)
1239 1792 1311 1814 cum
1330 1783 1424 1814 etiam
1444 1784 1565 1822 negotii
1579 1782 1720 1814 [ranucii
1737 1783 1967 1822 exceptionem

1090 1826 1253 1866 putaverit
1270 1824 1339 1864 quis
1350 1833 1487 1861 nocere,
1507 1824 1589 1864 quafi
1601 1825 1695 1855 etiarn
1714 1825 1752 1855 de
1763 1833 1857 1865 poena
1868 1832 1965 1856 trans·

1092 1866 1196 1897 astum
1213 1865 1258 1897 sit.
1288 1865 1391 1897 Edicti
1413 1866 1508 1896 verba
1525 1866 1542 1896 l.
1560 1876 1587 1906 7.
1605 1865 1633 1906 §.
1653 1875 1680 1905 7.
1699 1865 1726 1896 h.
1748 1872 1768 1897 ι.
1788 1865 1889 1896 forma
1910 1864 1969 1896 hac

1093 1907 1173 1939 sunt.
1224 1906 1317 1938 Ραὲἶα
1341 1914 1484 1938 conventu
1507 1916 1570 1947 quce
1587 1917 1676 1947 neque
1691 1907 1750 1938 dolo
1766 1907 1859 1945 malo,
1880 1915 1970 1947 neque

1092 1949 1232 1985 adversus
1256 1948 1348 1990 Leges
1365 1971 1374 1987 ,
1401 1947 1568 1988 Memfim,
1594 1948 1870 1987 Senucusconsulta‚
1895 1947 1968 1978 Edi-

1093 1990 1140 2021 &a
1158 1990 1348 2031 Principum,
1363 1999 1453 2031 neque
1467 1999 1522 2028 quo
1535 1989 1628 2028 fraus
1647 1990 1696 2020 cuz·
1711 1999 1807 2020 eorum
1819 1988 1898 2028 fiat,
1920 1989 1970 2025 fa-

1094 2031 1140 2063 ὲῖα
1165 2032 1420 2071 erunc‚servabo.
1465 2029 1565 2061 Vides
1589 2030 1737 2062 Edistum
1763 2031 1914 2069 elegans:
1937 2030 1969 2061 &

1094 2073 1224 2114 plenum
1249 2073 1396 2104 naturalis
1420 2072 1576 2112 aequitatis
1590 2072 1609 2103 l.
1630 2080 1653 2102 1.
1671 2072 1697 2102 h.
1716 2077 1737 2102 t.
1759 2071 1780 2103 fi
1798 2071 1970 2110 praesertim

1094 2122 1298 2154 comparetur
1324 2122 1396 2145 cum
1428 2112 1517 2154 Lege
1543 2112 1729 2144 Duodecim
1751 2111 1969 2150 Tabularum,

1094 2156 1133 2187 ad
1154 2156 1241 2196 cujus
1265 2154 1564 2195 interpretationem
1589 2155 1747 2195 pertinet:
1770 2163 1880 2184 verum
1906 2153 1971 2184 hoc

1096 2198 1126 2229 ὅτ.
1151 2197 1239 2236 quod
1259 2204 1414 2238 praeterca
1431 2195 1549 2233 speetat
1573 2197 1612 2227 ad
1630 2195 1735 2227 Edicu
1754 2194 1972 2233 intellectum,

1096 2239 1222 2280 pridem
1239 2238 1353 2270 tradidi
1363 2237 1489 2279 speciali
1505 2238 1606 2270 libro:
1621 2246 1682 2270 nec
1689 2238 1752 2278 jam
1762 2246 1850 2279 agam
1860 2235 1972 2269 aetum,

1236 2322 1325 2359 XV.

914 2399 964 2435 De
981 2397 1246 2445 transablionibur.

180 2490 291 2566 Hic
308 2488 439 2523 Titulus
456 2490 502 2522 est
517 2498 588 2531 pars
602 2487 707 2521 Edicti
725 2487 893 2561 de(pa6ti3.
917 2497 989 2520 nam
1004 2497 1057 2528 pa·

273 2532 357 2563 crum
377 2533 422 2564 est
439 2541 540 2573 genus
557 2543 564 2564 :
581 2531 669 2572 cujus
686 2532 755 2562 duae
785 2539 841 2561 unt
858 2538 980 2570 partes:
998 2539 1058 2561 una

179 2574 226 2607 est
241 2573 364 2613 pastum
384 2576 414 2605 in
431 2574 555 2614 specie,
571 2572 669 2604 altera
679 2571 856 2603 transactio.
882 2571 1008 2610 pastum
1026 2572 1058 2603 in

180 2616 287 2656 specie
306 2615 349 2644 est
366 2616 409 2645 rei
428 2623 523 2646 certae
542 2622 638 2654 atque
655 2613 841 2645 indubitatae
860 2613 997 2644 liberalis
1012 2622 1058 2643 re-

181 2657 300 2690 miffio:
326 2664 394 2694 quae
414 2657 547 2687 donatio
566 2656 691 2687 dicitur.
705 2654 871 2686 transactio
890 2653 935 2686 est
953 2653 1058 2693 pactio

183 2699 228 2731 rei
249 2695 354 2728 dubiae
370 2705 422 2726 aut
439 2697 502 2729 litis
521 2698 652 2728 incertae
669 2705 732 2728 non
749 2697 885 2737 gratuita
901 2695 920 2727 l.
943 2705 970 2727 1.
986 2694 1016 2727 h.
1035 2700 1056 2725 t.

183 2741 258 2772 alias
270 2735 387 2769 decifio
404 2746 456 2767 aut
471 2739 663 2777 compositio
679 2737 865 2778 appellatur.
892 2737 930 2768 ad
942 2744 1059 2767 utrum-

187 2790 251 2821 que
267 2778 393 2824 paCtum
406 2778 520 2817 spectat
537 2779 659 2811 Praetor
678 2781 710 2811 in
726 2779 746 2811 l.
763 2777 832 2820 7.§.
851 2788 879 2819 7.
901 2777 942 2810 D.
958 2779 991 2808 de
1003 2784 1056 2818 pa-

182 2822 246 2855 ftis.
271 2819 316 2854 est
334 2828 418 2852 enim
431 2820 585 2860 generalis
603 2821 669 2861 ejus
687 2821 810 2860 sermO,
825 2819 918 2853 Paua
932 2828 1058 2853 conven-

1101 2489 1280 2528 tafi’rvabo:
1298 2496 1359 2519 nec
1375 2486 1492 2526 refert,
1508 2493 1612 2519 utrum
1630 2486 1688 2519 fint
1704 2481 1794 2528 pacta
1810 2491 1972 2517 conventa

1101 2530 1132 2561 in
1150 2529 1274 2571 specie,
1297 2538 1334 2560 an
1350 2528 1408 2560 sint
1425 2527 1665 2560 transactiones:
1688 2527 1733 2559 est
1759 2529 1844 2559 enim
1863 2527 1973 2558 utrim-

1101 2580 1163 2611 que
1181 2581 1234 2611 par
1251 2572 1331 2601 ratio
1350 2569 1508 2602 servandae
1524 2568 1596 2601 fidei
1608 2580 1617 2607 ;
1631 2569 1651 2601 si
1669 2569 1704 2601 fit
1721 2569 1844 2606 astum,
1859 2578 1900 2599 ne
1919 2577 1974 2608 pe-

1102 2621 1195 2645 tatur.
1217 2614 1261 2643 ita
1277 2619 1425 2652 apparet,
1449 2620 1504 2642 cur
1519 2610 1573 2642 sub
1591 2611 1654 2642 hoc
1669 2610 1784 2642 Titulo
1799 2619 1863 2642 non
1882 2609 1918 2640 fit
1935 2608 1973 2639 E-

1102 2655 1239 2685 dictum:
1264 2653 1392 2693 quando
1417 2652 1530 2684 sufficit
1547 2651 1698 2693 superius.
1724 2653 1790 2683 imo
1807 2650 1973 2682 verisimile

1102 2695 1165 2733 est,
1188 2704 1285 2726 unum
1306 2693 1400 2725 fuiffe
1417 2693 1583 2733 Titulum,
1605 2693 1657 2725 De
1683 2693 1779 2734 pastis
1807 2694 1837 2724 <St
1860 2691 1973 2723 transa-

1102 2737 1279 2773 cuminus,
1302 2736 1354 2774 qui
1371 2736 1402 2766 in
1426 2734 1564 2776 Digestis
1587 2736 1617 2767 dt
1639 2736 1668 2767 in
1686 2735 1809 2766 Codice
1827 2733 1940 2765 divisus
1956 2741 1974 2763 a

1101 2777 1182 2818 Juris
1201 2776 1392 2809 Architectis
1417 2777 1462 2808 est
1487 2778 1516 2808 in
1536 2777 1628 2808 duos.
1665 2777 1729 2809 Sed
1747 2777 1787 2810 de
1803 2776 1850 2809 his
1869 2775 1898 2807 ἃ
1916 2783 1974 2806 cze-

1102 2820 1197 2859 teris,
1216 2819 1278 2860 Jam
1294 2818 1413 2851 dietum
1431 2818 1558 2860 speciali
1575 2817 1696 2860 Opere.

1808 3260 1972 3313 zipER
