2036 3495
481 86 1424 139 ‘Onsenviriouu'1itl2.1n.1l·.

746 219 960 256 CAPUT

1768 116 1787 142 ‘0

1795 115 1811 149 >xi

1819 102 1836 151 0³1

1024 212 1143 258 viii.

48 312 113 357 Ru·
138 334 154 357 Β
171 320 299 356 Ρηρωη·
315 317 563 366 caifiimjcstam
581 315 624 357 E?
635 316 828 363 neceffitriam
849 320 883 353 in
897 320 1004 356 Ediezo
1013 318 1073 366 sico
1088 325 1272 368 proponendi
1291 327 1438 362 astionem
1455 328 1642 366 Servianum
1661 358 1669 374 ‚
1696 330 1738 372 &³
1763 330 1835 367 mox

200 369 286 415 quast
302 370 505 410 Servianum,
532 378 598 414 quae
613 366 694 401 alias
710 367 924 414 ‘hypothecaria
945 370 1128 415 appellatur.

111 485 258 525 uperiore
276 484 381 524 capite
405 482 470 514 dixi
489 482 529 513 de
552 480 735 513 differentia
759 480 921 522 hypothe-

55 486 104 560 S
130 535 201 564 cae,
233 526 371 568 pignoris
388 547 398 562 ‚
434 523 463 555 δι
492 523 640 555 fiduciae:
681 521 833 562 sequente
857 523 922 562 ejus

57 567 144 599 usum
161 576 329 608 exponam.
347 574 416 597 nam
435 565 463 595 ἃ
479 574 516 595 ea
533 564 662 604 pulchra
678 572 775 603 atque
793 565 921 604 elegans

55 608 210 650 inspectio
227 606 281 639 est.
326 605 522 648 Hypotheca
548 607 684 636 debetur
705 604 770 645 Juri
787 614 852 637 non
871 604 921 636 Ci-

54 650 129 687 vili,
151 648 203 680 scd
227 649 392 681 l'raetorio.
436 647 558 678 Auctor
587 646 701 678 Paulus
720 647 740 677 i.
762 656 807 686 17.
837 645 867 688 §.
889 656 918 678 2.

52 690 99 721 D.
119 691 153 720 de
163 689 274 729 Ραὲῗὶες
297 698 370 720 curn
385 689 428 720 ait
443 711 455 727 ,
486 687 533 720 De
553 689 674 729 pignore
685 688 754 728 jure
772 688 922 719 honorario

54 734 186 762 nascitur
200 730 281 771 pano
298 729 381 761 affin.
431 729 473 760 Et
504 730 545 760 ita
569 730 637 760 est:
670 730 710 760 de
735 729 921 770 hypotheca

53 772 192 813 (pignus
215 771 298 803 enim
322 780 381 812 pro
403 771 589 812 hypotheca
612 770 692 802 dixit
715 770 858 810 Paulus)
881 780 922 801 ex

55 813 146 855 patto
169 813 305 844 nascitur
327 812 409 844 actio
430 824 437 845 :
468 813 540 853 quia
564 812 595 843 id
621 812 746 852 patrum
772 811 921 842 Praetoris

54 854 170 887 Edicto
185 853 408 892 confirmatur,
432 853 493 894 ipsa
521 853 652 884 volente
677 853 825 885 utilitate.
850 861 921 884 narn

55 895 239 937 hypotheca
256 918 265 934 ,
298 898 386 926 nudo
409 895 502 935 pacto
525 894 609 926 fasta
625 917 635 932 ,
659 902 734 925 ante
758 894 823 925 hoc
847 893 920 925 Edi·

55 938 138 971 ctum
156 936 270 968 nullius
291 938 447 968 momenti
467 944 535 968 erat
560 936 628 972 lure
653 935 759 967 Civili.
784 937 920 976 pignore

55 988 135 1010 vero
160 979 277 1009 tradito
295 1000 305 1016 ‚
336 985 402 1009 erat
424 977 604 1016 creditori,
636 976 656 1008 fi
682 986 699 1008 a
722 976 870 1007 debitore
889 976 920 1008 in

55 1029 122 1052 rem
138 1019 261 1051 actione
277 1019 505 1051 conveniretur
516 1038 526 1057 ,
550 1018 690 1050 retentio
705 1017 851 1058 opposita
866 1027 920 1048 ex-

58 1061 219 1101 ceptione.
243 1060 429 1092 nascebatur
453 1061 482 1092 &
505 1059 590 1091 estio
615 1060 816 1100 pigneratitia
840 1060 920 1093 dire,-

58 1102 105 1134 sta
125 1101 156 1133 &
171 1101 326 1134 contraria
343 1106 364 1132 t.
379 1108 402 1133 ι.
425 1101 467 1133 D.
492 1103 526 1132 de
538 1102 730 1142 pignoratitia
745 1099 856 1131 afflone
872 1099 918 1133 vel

59 1149 170 1176 contra.
196 1151 327 1183 utraque
349 1143 380 1174 in
412 1141 578 1184 personam
603 1150 689 1179 erat,
712 1150 808 1182 atque
835 1143 919 1172 inter

60 1185 238 1217 debitorem
264 1185 293 1217 ἃ
317 1183 509 1216 creditorem
534 1183 730 1217 obtinebat:
760 1182 812 1214 sed
831 1182 920 1218 ,nulla

59 1233 128 1259 erat
143 1227 173 1258 in
191 1235 255 1257 rem
272 1225 353 1257 attio
369 1234 429 1265 qua
446 1225 587 1257 creditor
604 1248 614 1263 ,
642 1223 745 1256 amissa
761 1222 919 1266 poffeffio-

59 1277 136 1306 ne„
154 1266 297 1299 adversus
321 1268 448 1299 tertium
479 1265 684 1308 poss'ess‘orem
707 1266 923 1306 experiretur:

59 1309 131 1349 quia
149 1309 307 1347 creditor,
329 1315 519 1349 quamquam
537 1316 666 1348 poterat
685 1308 810 1345 dicere,
835 1307 924 1338 debi-

53 1358 162 1381 torem
180 1349 234 1381 fibi
252 1349 351 1380 teneri
368 1359 408 1382 ex
427 1349 593 1382 contractu
611 1348 832 1389 pigneratiti03
857 1357 922 1379 non

60 1399 164 1423 tamen
190 1398 314 1432 poterat
343 1391 451 1424 dicere
476 1415 485 1429 ,
515 1390 598 1422 suam
624 1399 689 1422 rem
713 1388 775 1420 esse
799 1398 869 1435 quae
893 1389 922 1434 ei

58 1432 181 1474 pignori
200 1432 311 1464 tradita
334 1438 410 1464 erat.
435 1433 537 1464 multo
562 1432 664 1463 minus
689 1438 816 1471 poterat
832 1433 862 1462 id
879 1431 923 1461 di-

58 1482 132 1505 cere
147 1475 306 1512 creditor,
329 1473 351 1505 fi
372 1474 401 1505 ei
425 1483 465 1506 ne
487 1474 599 1506 tradita
618 1473 747 1514 quidem
763 1481 813 1503 res
829 1471 923 1510 cffec,

49 1513 114 1547 .sed
131 1515 211 1546 nuda
226 1515 445 1547 conventione
460 1515 611 1557 obligata.
654 1514 752 1555 igitur
770 1521 805 1545 ut
821 1513 924 1556 domi-

48 1555 169 1594 -nium,
192 1555 278 1588 fimul
293 1556 325 1588 in
342 1565 408 1588 rem
425 1557 526 1629 οείῌο,
549 1557 577 1588 ei
594 1562 799 1596 competeret
814 1555 926 1586 adver·

59 1595 108 1628 sus
125 1598 388 1638 qualemcumque
404 1607 447 1638 po
474 1597 628 1636 efforem3
651 1595 775 1629 necess'e
791 1603 875 1635 erat,
898 1596 928 1627 ei

62 1639 176 1679 pignus
191 1648 208 1670 a
225 1639 373 1670 debitore
391 1639 421 1670 in
443 1639 513 1679 jure
538 1639 607 1670 cedi
632 1638 716 1679 apud
733 1637 928 1675 Praetorem,

60 1680 114 1711 vel
137 1689 177 1711 ex
200 1680 267 1719 jure
293 1678 466 1721 Quiritium
494 1680 687 1720 mancipari,
709 1678 875 1710 contracta
893 1677 927 1709 fi-

60 1720 174 1752 ducia:
195 1721 259 1751 hoc
280 1721 344 1759 est,
366 1721 410 1751 ita
428 1729 462 1751 ut
478 1720 506 1751 ei
526 1720 629 1751 soluto
646 1720 757 1752 debito
775 1720 928 1752 remanci-

46 1767 203 1801 'paretur.
244 1760 322 1792 Erat
347 1771 445 1801 porro
469 1761 651 1795 hominibus
668 1762 929 1800 incommodum,

47 1803 98 1833 -in
122 1802 376 1842 quibuscumque
399 1803 517 1842 rebus,
540 1803 571 1834 &
597 1801 767 1842 maj0rihus
783 1802 813 1833 <St
831 1803 931 1834 mino·

63 1842 173 1881 ribus,
196 1842 226 1874 ὅ(
245 1843 276 1873 in
295 1843 373 1874 urbe
391 1843 421 1875 &
436 1844 521 1882 ruri,
544 1844 573 1875 δι
590 1842 762 1884 praeseiites
779 1843 808 1875 &
824 1843 932 1875 absen-

65 1891 132 1921 tes;
155 1884 184 1915 ἃ
208 1884 238 1915 in
266 1882 352 1916 ltalia
376 1884 405 1916 δι
429 1885 459 1916 in
483 1885 658 1925 provinciis
675 1907 685 1924 ,
718 1884 933 1916 solemnitates

66 1925 220 1956 adhibere
245 1933 320 1964 quas
344 1925 375 1956 in
408 1924 524 1957 fiducia
551 1925 744 1957 intervenire
775 1925 931 1966 oportuit.

66 1964 115 1997 Ut
131 1966 215 1997 enim
234 1974 416 2006 praeteream
433 1965 582 1998 solemnia
599 1966 694 1998 verba
717 1975 788 2007 quae
810 1974 933 1998 tanturn

65 2006 150 2038 inter
175 2007 343 2047 praesentes
375 2008 571 2048 pronuntiari
591 2008 641 2048 jus
666 2015 751 2046 erat3
775 2016 840 2040 non
865 2016 933 2039 erat

64 2047 212 2088 semper,
246 2057 349 2089 neque
373 2049 491 2089 ubique
515 2051 610 2090 copia
642 2052 783 2089 quinque
813 2049 931 2080 civium

65 2087 284 2121 Romanorum
302 2089 478 2130 puberum,
502 2098 616 2131 praeter
642 2088 876 2130 libripendem,
899 2097 934 2121 ut

65 2132 260 2170 mancipatio
277 2130 344 2162 fieri
359 2130 479 2171 postet,
501 2140 555 2163 aut
570 2131 740 2170 Praetoris,
763 2139 798 2162 ut
818 2132 847 2163 in
864 2131 933 2171 jure

68 2172 164 2204 ceffio
180 2170 281 2203 fieret.
300 2172 381 2204 adde
398 2195 408 2211 ,
431 2173 520 2213 quod
537 2173 730 2211 mancipatio
755 2180 878 2204 tantum
902 2174 932 2204 in

68 2214 162 2244 rebus
179 2213 334 2253 mancipi,
359 2213 388 2244 ἃ
414 2214 497 2245 inter
518 2214 603 2246 cives
628 2214 791 2245 Romanos
808 2234 818 2253 ,
849 2212 933 2245 Lati-

69 2260 194 2294 nosque
212 2254 415 2292 colonarios,
439 2254 470 2287 δε
495 2254 628 2288 Latinos
645 2256 799 2296 Junianos
816 2279 825 2294 ,
849 2256 932 2287 obti-

70 2302 178 2326 neret:
202 2303 265 2326 non
284 2296 380 2326 etiam
397 2296 427 2327 in
445 2296 539 2327 rebus
562 2307 623 2329 nec
640 2297 776 2337 mancipi
793 2320 803 2335 ,
827 2306 932 2338 neque

68 2335 152 2368 inter
169 2337 371 2378 peregrinos3
396 2336 450 2369 nifi
465 2337 486 2370 fi
505 2338 618 2379 quibus
634 2339 863 2371 commercium
881 2339 931 2370 da-

785 2449 999 2486 CAPUT

1181 373 1226 407 Er
1246 375 1495 423 quaenamfiterit
1514 379 1567 413 illa
1589 382 1679 416 ratio.

966 488 1034 527 tum
1057 477 1162 529 eli‘et:
1198 484 1328 530 auctore
1361 485 1499 527 Ulpiano
1523 490 1554 521 in
1580 489 1695 534 Fragm.
1722 493 1765 525 tit.
1788 486 1835 528 i9.

965 521 1064 570 Igitur
1085 534 1116 555 in
1134 534 1167 556 re
1185 526 1307 572 difficili
1334 524 1364 559 &
1388 529 1557 562 necessaria
1574 530 1696 565 Praetor
1715 533 1838 565 succur-

965 574 1014 596 rit.
1039 574 1067 611 ¹⁵.
1099 575 1207 598 motus
1235 569 1373 608 utilitate
1403 572 1662 606 contrahentium
1680 598 1690 613 ‚
1722 573 1838 606 Edistd

965 605 1130 652 promisit,
1155 607 1348 654 servatur-‘um
1368 609 1398 641 se
1415 609 1635 653 hypothecas,
1660 617 1741 647 nuda
1759 618 1837 647 con‘-

966 657 1119 693 ventione
1134 649 1290 695 obligatas
1306 673 1316 690 ‚
1339 652 1475 693 primum
1499 656 1529 685 in
1553 655 1686 688 invectis
1703 658 1731 688 ἁ
1749 657 1838 688 indu-

966 688 1022 734 ctis
1038 697 1133 736 atque
1151 691 1242 723 illatis
1258 692 1288 724 in
1307 693 1458 732 praedium
1471 694 1622 728 rusticum
1634 721 1642 736 ‚
1667 698 1783 729 deinde
1803 693 1836 729 iti

966 731 1094 770 reliquis
1118 732 1267 764 omnibus
1294 733 1321 775 §.
1347 743 1376 774 7.
1407 732 1479 775 lust.
1507 738 1540 767 de
1567 734 1740 770 aftionihur.
1762 740 1790 770 d.
1815 739 1835 777 i.

969 781 1015 811 17.
1040 771 1069 812 §.
1092 782 1120 819 2⁵.
1142 772 1184 803 D.
1210 775 1362 815 depactis.
1390 776 1411 808 l.
1434 787 1464 817 4.
1495 778 1539 809 l).
1563 781 1596 811 de
1607 781 1777 821 pignoribus
1801 779 1838 813 &³

965 814 1136 852 hypothecis.
1181 809 1253 861 Nec
1277 818 1407 850 adrem
1434 819 1594 860 pertinere
1617 821 1809 853 existimavit
1827 843 1837 860 ‚

966 863 1070 900 utrum
1094 864 1231 901 mancipi
1253 855 1330 897 fiht3
1355 868 1392 890 an
1424 869 1484 892 nec
1507 863 1666 902 mancipi,
1690 871 1750 894 nec
1773 871 1839 902 mae

964 904 1012 941 gis
1028 894 1237 941 defiderayit,
1260 907 1295 929 ut
1312 909 1351 930 ex
1368 899 1443 938 Jure
1466 901 1641 944 Quiritium
1666 903 1838 944 obligantis

963 939 1032 983 iint.
1059 944 1135 983 quin
1158 936 1302 977 iufficere
1325 942 1453 982 voluit,
1486 943 1507 976 li
1534 952 1656 977 tantuin
1682 946 1713 977 in
1740 945 1838 976 bonis

964 986 1031 1017 ejus
1057 978 1116 1009 lint
1139 978 1158 1009 l.
1191 982 1221 1010 ό.
1244 978 1278 1011 C.
1320 981 1354 1011 Si
1376 983 1472 1016 aliena
1497 994 1540 1016 res
1561 987 1680 1028 pignori
1700 987 1770 1018 daza
1783 984 1837 1024 fit.

963 1019 993 1064 l„
1008 1027 1053 1058 15.
1076 1018 1105 1060 §.
1128 1028 1152 1050 1.
1179 1016 1221 1051 D.
1248 1022 1281 1051 de
1300 1022 1470 1064 pignoribus
1493 1026 1530 1060 ὅ*
1546 1028 1717 1069 hypothecis.
1759 1027 1839 1059 Non

963 1059 1107 1105 distinxit
1132 1070 1264 1102 quoque
1280 1085 1289 1101 ,
1321 1071 1425 1097 utrum
1449 1067 1536 1100 cives
1552 1091 1561 1106 ‚
1594 1079 1631 1101 an
1673 1069 1807 1110 eregrini
1826 1092 1837 1106 ,,

961 1103 1130 1147 praeientes
1147 1125 1156 1140 ,
1179 1111 1217 1133 ati
1239 1103 1408 1146 absentes,
1432 1107 1490 1139 fint
1514 1111 1568 1150 qui
1595 1111 1635 1142 de
1650 1078 1839 1151 hypotheca

962 1151 1158 1188 conveniant
1181 1143 1275 1190 l.'23.
1305 1144 1335 1186 §.
1357 1157 1383 1179 1.
1405 1146 1447 1179 D.
1472 1151 1529 1180 eod.
1550 1152 1597 1182 tit.
1639 1144 1716 1184 Non
1741 1151 1838 1185 etiarn

964 1184 1105 1217 distinx¹t
1122 1207 1131 1222 ,
1158 1186 1277 1231 'quibus
1300 1188 1405 1220 verbis
1460 1190 1635 1224 aciscantur
1652 1216 1662 1229 ,
1693 1193 1840 1225 solemni-

966 1225 1024 1256 bus
1034 1248 1049 1271 ,⁸
1067 1234 1104 1271 an
1125 1225 1212 1258 aliis:
1235 1225 1313 1259 ficut
1328 1227 1358 1259 ἀ
1381 1232 1411 1260 in
1436 1198 1483 1263 fiis
1500 1230 1749 1274 obligationibus
1767 1232 1839 1274 quae'

967 1268 1119 1298 conleniu
1136 1267 1380 1301 contrahuntur.
1404 1271 1525 1304 &ideo
1546 1274 1574 1305 ἃ
1591 1274 1654 1306 fine
1672 1275 1841 1316 scriptura,

966 1307 987 1339 fi
1006 1309 1429 1355 conr-enit,ut.hypotheca
1444 1312 1498 1353 fit,
1515 1315 1545 1345 ὅ(
1557 1317 1681 1355 probari
1700 1317 1837 1356 poterit,

967 1358 1016 1395 res
1033 1349 1174 1390 obligata
1198 1354 1258 1381 erit
1282 1353 1323 1382 de
1346 1360 1407 1393 qua
1431 1357 1641 1388 conveniunt.
1667 1365 1791 1389 tantum
1808 1367 1841 1389 e-

967 1399 1030 1436 nim
1049 1413 1059 1430 ‚
1095 1399 1130 1421 ut
1146 1400 1353 1438 *conventum
1376 1394 1413 1426 fit
1428 1418 1439 1435 ,
1471 1396 1592 1429 Praetor
1619 1398 1779 1438 postulat,
1811 1398 1843 1430 ὅ(

966 1434 1046 1477 hunt
1063 1431 1103 1464 de
1121 1431 1167 1463 liis
1188 1431 1367 1474 scriptume,
1391 1445 1425 1467 ut
1447 1439 1535 1478 quod
1557 1438 1659 1472 astum
1679 1440 1743 1479 est,
1767 1434 1844 1471 faci-

967 1473 1025 1504 lius
1044 1473 1171 1513 probari
1190 1475 1303 1520 poliit3
1327 1476 1357 1507 ἂ
1376 1476 1439 1509 fine
1457 1479 1504 1511 his
1519 1489 1627 1512 autem
1647 1482 1731 1513 valet
1754 1481 1842 1523 quod

968 1514 1071 1561 actum
1091 1513 1156 1553 est,
1179 1515 1200 1546 ii
1225 1516 1341 1547 habeat
1366 1517 1592 1560 probationem
1614 1523 1634 1553 l.
1659 1533 1690 1562 4.
1716 1522 1757 1553 D.
1779 1525 1841 1555 eod.

973 1560 1020 1587 tit.
1070 1557 1148 1601 inde
1170 1555 1247 1602 sicut
1272 1557 1387 1589 fiducia
1414 1559 1579 1594 contracta
1604 1563 1654 1594 vel
1678 1563 1846 1602 cessione,

973 1597 1025 1628 vel
1043 1606 1278 1643 maheipatione
1296 1622 1317 1646 ,ι
1331 1608 1460 1645 poterat
1475 1612 1545 1635 eam
1568 1601 1710 1636 creditor
1724 1628 1734 1643 ‚
1757 1604 1843 1644 quati

973 1639 1123 1684 dominus
1140 1661 1149 1677 ‚
1176 1637 1252 1685 Jute
1281 1641 1375 1672 Civili
1406 1642 1569 1685 vindicare
1591 1654 1609 1676 a
1636 1646 1845 1686 quocumque

973 1678 1168 1726 possefl'ore:¹
1185 1688 1248 1720 ita,
1272 1680 1292 1713 fi
1312 1691 1361 1715 res
1377 1684 1516 1726 obligata
1534 1685 1611 1718 ess'et
1625 1687 1713 1719 nudo
1729 1687 1846 1728 ρυξὶο,

972 1721 1036 1767 siye
1051 1722 1137 1753 nulla
1161 1723 1399 1769 interveniente
1423 1727 1614 1766 traditione,
1637 1727 1701 1760 five
1717 1729 1820 1770 aliqua
1834 1752 1845 1768 ,

974 1762 1320 1809 Videbaturcreditor,
1342 1766 1531 1801 auctoritate
1549 1765 1671 1807 Edisti,
1695 1779 1761 1802 non
1779 1769 1848 1813 qui-

975 1805 1049 1835 dem
1071 1801 1269 1844 dominium,
1293 1805 1347 1839 sed
1360 1808 1409 1848 Jus
1427 1810 1457 1841 in
1474 1820 1508 1841 re
1525 1810 1681 1851 accepiss'e
1697 1812 1718 1844 l.
1738 1821 1784 1848 19.
1804 1811 1845 1842 D.

956 1874 961 1877 .
976 1846 1009 1875 de
1026 1845 1129 1875 damno
1145 1844 1269 1885 insedit),
1291 1856 1388 1889 atque
1404 1851 1486 1883 adeo
1502 1850 1687 1885 facultatem
1706 1862 1771 1885 rem
1788 1848 1845 1892 fibi

976 1885 1175 1926 obligatam,
1201 1886 1326 1921 afflone
1344 1890 1512 1930 Serviana,
1545 1894 1594 1925 vel
1619 1893 1704 1933 quasi
1726 1894 1847 1926 Servia-

974 1935 1013 1958 iia
1028 1949 1038 1965 ,
1068 1936 1085 1957 a
1111 1935 1316 2002 quocumgue
1340 1932 1511 1972 poffess‘ore
1535 1933 1713 1975 repetendi.
1738 1936 1844 1967 Caete-

975 1976 1063 2012 rum,
1091 1978 1164 2009 quia
1182 1979 1218 2000 ea
1234 1979 1250 2001 a
1271 1971 1318 2002 tio
1335 1975 1486 2007 creditori
1503 1976 1594 2007 datur
1609 1976 1756 2008 adversus
1771 1979 1846 2016 qua-

976 2009 1178 2055 lemcumque
1194 2011 1415 2054 poffess'orem,
1445 2015 1507 2048 five
1524 2017 1676 2051 creditori
1692 2019 1762 2049 data
1779 2017 1847 2050 fue-

976 2058 1016 2082 rit
1040 2049 1186 2090 poffeffio
1204 2075 1213 2091 ,
1245 2053 1308 2099 five
1332 2065 1396 2089 non
1421 2056 1518 2090 fuerit
1534 2082 1544 2097 ‚
1575 2058 1725 2100 apparet,
1751 2069 1846 2099 quan-

976 2099 1043 2122 tum
1063 2092 1102 2123 ad
1119 2102 1187 2138 eain
1205 2101 1339 2140 attinet,
1364 2099 1480 2131 nullam
1505 2098 1587 2132 inter
1609 2101 1723 2142 pignus
1741 2101 1770 2132 «St
1790 2101 1847 2143 hy-

976 2133 1150 2180 pothecam
1167 2133 1230 2175 effe
1247 2135 1477 2171 differentiam:
1495 2149 1705 2182 praeterquam
1721 2142 1751 2174 in
1769 2142 1847 2174 soiio

975 2183 1134 2213 nomini&
1157 2175 1212 2221 etfi
1230 2177 1369 2218 alioquin
1389 2181 1472 2213 inter
1493 2182 1562 2213 haec
1579 2184 1712 2216 maxima
1731 2184 1787 2216 fit:
1812 2193 1848 2221 ut

976 2216 1062 2247 recle
1087 2214 1269 2250 Marcianus
1294 2221 1498 2261 observavit,
1537 2224 1607 2255 libro
1624 2223 1775 2267 fingulari
1796 2225 1847 2256 Ad

968 2257 1131 2305 ftjrmulfim
1147 2258 1374 2298 hypothecariam
1391 2286 1408 2300 „
1429 2265 1449 2295 l.
1466 2274 1496 2304 5.
1519 2264 1547 2306 §.
1572 2274 1596 2296 i.
1622 2265 1662 2296 D.
1687 2268 1720 2297 de
1741 2269 1844 2307 pigno-

974 2300 1053 2329 rzbus
1075 2297 1110 2333 &⁹
1130 2299 1307 2340 hypothecis:
1331 2307 1360 2336 ot
1379 2305 1501 2346 plenius
1516 2305 1707 2346 justinianus
1724 2310 1753 2340 d.
1772 2309 1791 2353 ς
1816 2306 1845 2339 ⁴.

1057 2447 1126 2487 IX.

71 2529 262 2581 Antichrestn
284 2533 362 2572 reb'le
387 2536 506 2583 definiri
533 2551 552 2574 a
576 2537 802 2586 Jureconsulci‘s
821 2567 830 2583 ‚
864 2540 1019 2573 mutuum
1043 2540 1197 2587 pignoris
1222 2545 1315 2580 usum
1335 2559 1346 2589 ς
1373 2542 1412 2583 ab
1431 2549 1524 2595 iisque
1544 2548 1703 2585 Claudium
1721 2551 1844 2589 Salma-

118 2583 212 2627 fium,
240 2585 276 2619 V.
305 2586 371 2621 CL.
387 2586 455 2631 fine
482 2591 598 2623 ratione
628 2589 792 2635 diffenti're.

109 2630 205 2711 {aloa
224 2641 322 2668 vetere
344 2635 464 2670 Ιεὲῐίοηε
483 2638 629 2683 adversus
651 2637 850 2683 Salnmfittm.

135 2689 203 2713 ocis.

76 2770 150 2845 H
163 2780 204 2806 oc
230 2775 332 2814 capite
353 2775 524 2823 videndum
541 2781 600 2812 er'it
615 2804 625 2819 ,
648 2782 725 2822 quid
748 2781 932 2815 antichi-ests

175 2811 221 2859 fit.
244 2823 315 2860 cum
339 2826 423 2850 enim
447 2821 542 2853 nosti-i
566 2831 636 2854 eam
663 2821 816 2855 definiant
831 2847 841 2862 ‚
866 2833 933 2856 mu-

77 2858 164 2884 tuum
183 2863 322 2895 pignoris
339 2857 443 2896 usum;
468 2869 578 2893 contra
593 2864 740 2896 inclamat
750 2864 931 2903 Salmasius,

76 2893 125 2925 De
146 2896 224 2925 modo
247 2897 399 2944 usurariam
422 2904 446 2930 c.
474 2906 518 2940 14.
546 2909 617 2950 pag.
640 2909 712 2940 618.
746 2913 804 2937 cos
827 2908 880 2946 qui
903 2906 933 2937 se

74 2934 270 2986 profitentur
297 2936 560 2981 jurisconsultos,
590 2952 734 2985 ignorare
751 2971 761 2986 ,
798 2949 874 2986 quid
899 2947 935 2978 fit

75 2984 205 3021 proprie
231 2978 379 3024 “mlx-pn&
395 2989 587 3027 &rogatque
613 2993 686 3025 eos,
710 2997 745 3020 ut
762 2989 861 3020 velint
877 2989 932 3020 do·

73 3026 138 3048 ceri
156 3026 172 3048 a
189 3018 234 3057 se,
260 3028 312 3058 qui
331 3029 393 3065 non
411 3029 445 3053 iit
460 3022 712 3062 jurisconsultus.
743 3030 830 3069 quoti
849 3031 932 3062 enim

73 3057 225 3091 haetenus
251 3061 406 3093 creditum
433 3063 471 3094 ab
496 3065 554 3097 illis
585 3066 682 3099 fuerit
703 3093 712 3108 ‚
742 3067 931 3103 antichrefin

76 3098 137 3131 esse
153 3106 287 3147 multtum
301 3102 383 3141 usum
400 3125 409 3141 ‚
432 3109 582 3144 oportere
606 3118 663 3140 eos
688 3120 772 3142 nunc
790 3111 932 3144 dedisce-

75 3150 128 3178 re,
153 3140 182 3172 ἃ
199 3141 291 3180 scire,
315 3147 491 3178 contrarium
512 3154 646 3180 nauticum
669 3159 704 3181 ea
721 3161 803 3183 voce
819 3151 929 3194 fignifi-

76 3181 337 3255 cagffldepique'
362 3192 482 3220 tantum
499 3188 600 3222 abeffe
617 3214 627 3229 ,
653 3195 686 3223 ut
701 3193 881 3227 antichi-elis
896 3195 931 3229 sit

847 2589 1033 2623 Marcianus
1059 2590 1080 2624 l.
1102 2601 1119 2633 3

1127 2601 1158 2635 3.
1184 2594 1229 2628 D.
1255 2596 1290 2629 de
1302 2598 1508 2642 pigneratitia
1530 2599 1645 2633 afflone
1668 2601 1846 2646 explicitur,

456 2686 463 2692 .
669 2688 674 2694 ῃ
910 2636 1068 2671 Verbum
1090 2648 1146 2683 pro
1170 2641 1317 2680 formula
1343 2646 1450 2680 ibidem
1476 2644 1517 2685 fi?
1536 2648 1568 2680 in
1582 2648 1653 2681 aliis
1669 2651 1845 2694 quibusdam

253 2681 338 2726 Idem
354 2683 538 2720 Marcianus
554 2698 593 2720 ex
608 2688 779 2734 conseciura
795 2686 969 2722 emendatus
992 2686 1013 2721 l.
1034 2697 1048 2720 1
1060 2698 1089 2721 1.
1116 2687 1145 2734 §
1167 2701 1198 2726 1.
1226 2692 1267 2728 D.
1301 2694 1336 2728 de
1345 2695 1525 2740 pignoribus
1543 2693 1584 2735 &⁷
1602 2697 1780 2743 hypothecis.

975 2788 1103 2814 mutuus
1127 2784 1268 2827 pignoris
1285 2787 1374 2829 usus,
1398 2799 1432 2823 ut
1458 2801 1499 2823 ne
1523 2792 1636 2834 pignus
1653 2793 1780 2833 quidem
1797 2792 1843 2825 fir.

976 2820 1097 2854 Movet
1112 2834 1224 2875 autem
1240 2828 1418 2865 Salmafium
1443 2834 1562 2874 duplex
1579 2833 1676 2866 causa.
1706 2843 1763 2864 'ina
1779 2833 1844 2871 est,

977 2865 1063 2907 quod
1075 2879 1162 2903 >cerm
1173 2868 1294 2903 Graeci's
1312 2882 1375 2904 non
1394 2874 1492 2907 solum
1505 2876 1548 2907 est
1559 2880 1644 2914 ulus,
1658 2874 1845 2916 z'm‘ffmffffi

977 2903 1029 2935 fed
1048 2907 1075 2938 ἃ
1093 2917 1235 2954 mutuum
1250 2936 1260 2951 ,
1283 2912 1332 2944 {biii
1353 2916 1378 2948 'F
1396 2920 1501 2954 χρῖε-κς.
1532 2914 1608 2948 inde
1632 2917 1724 2953 χῡηςῆς
1744 2915 1844 2945 credi-

979 2948 1039 2977 tor.
1072 2948 1145 2981 hiiic
1171 2959 1248 2994 ergo
1279 2955 1427 2996 α’,τίχρηζις
1461 2959 1653 2990 contrarium
1688 2963 1845 2987 mutuum,

977 2989 1073 3036 altera
1091 2989 1177 3024 causa
1195 2994 1239 3027 est
1255 3019 1265 3034 ,
1297 3000 1384 3037 quod
1412 2999 1464 3030 nisi
1492 2999 1638 3037 ‹zurlxpncis
1662 2996 1697 3027 fit
1719 3005 1848 3029 contra-

976 3035 1054 3078 rium
1073 3041 1236 3080 mutuum,
1254 3037 1308 3069 vix
1325 3039 1418 3078 polilt
1437 3040 1507 3080 cupi
1528 3049 1615 3070 mens
1629 3037 1847 3070 Romanorum

973 3067 1271 3110 jurisconsultorum
1290 3102 1300 3117 ,
1332 3081 1361 3111 in
1389 3082 1495 3120 primis
1522 3079 1676 3111 Marciani
1702 3079 1732 3109 in
1757 3079 1776 3110 l.
1794 3088 1844 3119 353.

975 3117 1018 3149 D.
1042 3117 1073 3146 :Ie
1084 3117 1276 3158 pz'giieratiii‘a
1290 3119 1416 3159 afflone,
1442 3121 1471 3151 dc
1490 3121 1517 3151 in
1536 3121 1555 3151 l.
1574 3129 1619 3151 11.
1643 3119 1662 3161 §
1696 3128 1721 3150 i.
1743 3118 1786 3151 D.
1812 3122 1845 3151 de

971 3158 1137 3201 pignoribus
1153 3158 1189 3195 ἐξ)
1206 3162 1375 3200 hypothecis.
1399 3162 1493 3192 mitto
1511 3161 1735 3199 Papinianum:
1760 3165 1842 3202 apii(

973 3208 1067 3241 quem
1086 3201 1154 3273 ffil.
1176 3211 1202 3238 9-
1228 3203 1255 3241 ς.
1280 3213 1294 3234 2
1334 3202 1374 3234 D.
1398 3205 1431 3233 sse
1455 3201 1623 3241 furellrt'lile
1640 3202 1735 3244 legera
1754 3210 1847 3234 extet

1142 3250 1172 3272 m
1771 3253 1844 3275 vera
