2108 3479
581 104 899 142 Paontmtxuu
949 103 1077 151 Juiars
1127 107 1303 144 C1V1tts
1356 109 1441 146 Lm.
1495 110 1521 147 Ι,
1904 129 1923 163 3

227 209 292 233 cum
306 198 402 231 alveus
417 192 554 235 fluminis
571 192 670 233 satius
693 192 756 233 effot
774 216 784 232 ,
806 194 916 242 suzffet
927 194 1021 236 publi-

226 252 291 274 cus.-
312 241 352 271 ita
367 245 445 268 nunc
454 236 592 276 privatus
608 237 668 277 ejus
683 236 733 276 effe
750 236 846 275 debet,
868 245 951 278 cujus
968 245 1020 267 un-

301 280 356 311 uit.

205 282 369 360 thsslopus
388 318 493 350 habeo
511 318 616 350 lucem
634 318 741 349 facere
765 318 892 350 leuioni
917 328 972 365 per
990 318 1020 350 se

169 366 264 397 clarae.
290 360 397 392 saltem
421 360 486 391 hoc
510 368 581 391 eam
610 360 846 391 commendabo
872 368 1019 392 nomine:

167 404 250 445 quod
275 403 359 433 idem
383 401 482 432 refert
499 424 509 440 ,
539 402 626 442 quod
649 401 712 441 ipse
731 401 927 441 Pomponius
943 401 973 432 in
991 402 1019 432 d.

164 446 184 476 1.
201 455 217 476 2
243 469 246 473 ,
262 443 303 475 D.
323 442 437 485 ,Quibus
452 443 542 473 modis
561 442 746 483 ususfrufflus
760 444 919 474 amittitur.
944 442 1022 474 Ver-

165 487 204 518 ba
252 484 395 526 omponii
411 482 539 524 subjeci.

868 594 1080 630 CAPUT

161 711 193 736 1.
226 699 267 735 In
293 697 507 747 constituendis
528 699 708 745 praediorum
733 697 939 745 servitutibus
970 697 1167 744 neceffizriunz
1192 700 1247 747 ‘ffi
1274 704 1438 737 vicinorum
1465 704 1642 740 utilitatem.

1104 195 1138 227 Si
1153 206 1238 238 ager,
1262 198 1346 239 cujus
1360 198 1546 240 ususfruetus
1565 199 1656 242 noster
1663 201 1720 240 fit,
1740 200 1863 241 flumine
1879 205 1925 236 vel

1121 241 1198 269 niori
1212 241 1373 271 inundatus
1392 241 1489 280 suerit
1505 265 1514 280 ‚
1546 244 1696 275 amittitur
1712 244 1896 281 ususfrustus
1914 256 1925 278 :

1123 289 1189 310 cum
1208 282 1294 311 etiam
1312 282 1373 322 ipsa
1390 283 1551 323 proprietas
1566 292 1595 315 eo
1613 285 1680 324 casu
1696 286 1868 317 amittatur:
1890 297 1926 318 ac

1123 329 1158 350 rie
1175 322 1307 361 piscando
1327 324 1441 363 quidem
1462 325 1582 356 retinere
1600 328 1757 366 poterimus
1775 327 1927 367 usumfru-

1124 360 1209 393 stum.
1252 363 1307 394 Sed
1323 366 1575 404 quemadmodum,
1594 365 1623 404 fi
1640 369 1731 399 eodem
1747 368 1853 408 impetu
1869 370 1927 399 dis-

1122 402 1229 443 cefferit
1244 414 1319 445 etqua
1335 428 1344 442 ,
1395 416 1428 436 uo
1442 407 1524 437 venit
1539 430 1548 446 ,
1571 406 1733 449 restituitur
1744 412 1926 450 proprietas,

1123 444 1166 475 itcz
1182 443 1217 479 &⁹
1234 415 1447 487 αμιηιῙφ-ιιὲῖανη
1464 446 1575 487 restitui
1588 451 1737 482 dicendum
1759 449 1808 490 eli.

1145 596 1212 633 II.

1695 716 1727 740 2.
1756 705 1837 741 Eam
1864 708 1926 740 uti-

228 749 346 783 litarem
371 759 428 782 non
453 749 618 782 terminari
638 747 764 793 semper
796 748 848 788 usu
880 745 921 785 ἐν)
947 746 1116 794 neceffltate
1147 751 1336 785 dominantis
1356 753 1493 797 prceclii3
1519 752 1579 799 sed
1605 755 1777 800 quandoque
1807 757 1926 800 porrigi

230 799 342 838 latius,
370 798 461 830 etiam
488 797 530 830 acl
550 797 665 831 domini
692 796 877 830 commodum
900 807 936 830 ac
959 797 1167 841 voluptatem,
1191 799 1327 843 plenius,
1354 813 1442 844 quam
1458 800 1562 847 solet,
1587 802 1767 850 ostenditur.

231 856 265 888 4.
294 846 445 880 Humani
469 842 510 883 δὲ)
536 846 654 890 Cujacii
667 844 833 889 sententia>
863 845 897 878 de
921 845 1070 878 intellectu
1094 846 1196 887 verbi,
1224 849 1417 890 ambulandi,
1443 851 1519 894 quod
1541 850 1584 897 est

231 893 273 934 δέ)
305 894 448 936 itineris,
488 892 675 938 refutantur.

1823 801 1928 849 3&

1611 852 1643 886 in
1668 850 1842 896 definitione
1867 855 1927 886 vice

733 904 766 936 5.
801 893 983 938 Explicatur
1011 890 1148 938 difficilis
1178 894 1272 929 Pauli
1296 896 1375 930 locus
1401 898 1431 932 in
1463 899 1481 933 l.
1519 902 1552 936 8.
1577 899 1620 934 D.
1652 901 1687 934 de
1711 898 1927 945 servitutibus.

231 947 263 979 6.
290 943 445 979 Probatur
460 940 589 987 fidum,
615 942 687 988 quid
709 941 925 988 observandum
952 939 1022 985 fit,
1052 940 1084 986 fi
1110 943 1140 975 in
1165 942 1303 989 Digestis
1322 954 1482 981 occurrant
1506 946 1802 994 Jurisconsultormn
1825 949 1926 994 Frag-

228 998 331 1028 menta
349 1018 358 1033 ‚
404 1002 528 1035 quorum
569 991 633 1026 alia
655 992 768 1028 bahent
801 990 940 1036 regulam
962 991 1071 1036 juris,
1103 990 1167 1024 alia
1199 991 1437 1038 consuetudinem
1470 996 1582 1041 regulae
1614 997 1837 1043 derogantem,
1872 998 1927 1033 ad-

228 1039 447 1087 versantemve.

162 1153 189 1177 x.
294 1143 403 1174 uotiem·
430 1143 559 1185 (lnquit
583 1141 778 1183 Pomponius
803 1141 833 1173 in
860 1140 880 1172 l.
902 1149 948 1181 15.
972 1138 1015 1171 D.

211 1145 332 1253 ‘Q
368 1186 401 1215 de
408 1183 629 1224 servitutibus)
651 1192 701 1214 nec
717 1183 863 1214 hominum
879 1191 930 1212 nec
944 1189 1016 1227 prce-

336 1228 352 1250 ,·
368 1226 480 1257 diorum
486 1225 645 1265 servitutes
659 1225 728 1262 stant
739 1248 748 1263 ‚
771 1225 840 1264 quia
857 1223 929 1253 nibil
944 1225 1016 1253 vici-

157 1276 261 1299 norum
282 1265 415 1306 interest,
437 1276 494 1297 non
516 1265 611 1297 valet:
629 1265 742 1304 veluti,
765 1275 800 1296 ne
816 1272 868 1305 per
883 1265 1017 1303 fundum

157 1314 240 1340 tuum
250 1317 314 1346 eas,
326 1313 376 1338 aut
392 1308 430 1338 ibi
444 1305 588 1347 consistas.
604 1306 640 1341 δ’
659 1309 735 1346 ideo,
757 1316 767 1336 i
783 1307 853 1352 mihi
862 1309 996 1351 concedas
1006 1327 1016 1343 ,

153 1350 206 1391 jus
220 1350 272 1379 tibi
287 1358 343 1379 uon
360 1348 411 1389 effe
417 1349 516 1388 fundo
537 1354 584 1379 tuo
601 1350 646 1379 uti
659 1349 741 1386 frui,
759 1348 832 1378 nihii
846 1353 965 1392 agiturg
987 1356 1016 1376 α-

156 1391 222 1421 liter
236 1397 322 1430 atque
330 1389 359 1428 fi
372 1391 506 1421 concedas
522 1390 592 1421 mihi
601 1413 610 1428 ,
622 1390 674 1431 jus
691 1391 744 1420 tibi
759 1398 815 1419 nou
831 1390 881 1428 elle
899 1398 928 1418 m
939 1390 1016 1426 sun-

157 1432 191 1463 do
209 1437 257 1462 tuo
274 1441 380 1472 aquam
402 1440 544 1472 quaerere,
566 1432 726 1462 minuendae
757 1439 838 1470 aquae
857 1439 921 1460 meae
949 1438 1016 1469 gru-

157 1473 211 1503 tia.
250 1471 331 1504 Haec
346 1472 559 1512 Pomponius:
584 1473 706 1513 optime
721 1471 874 1503 definiens
887 1494 895 1506 ,
919 1477 1016 1500 etiam

155 1514 189 1545 in
210 1514 401 1553 praediorum
425 1513 627 1546 servitutibus
651 1514 821 1545 tenendam
846 1511 1016 1558 esseregu-

155 1555 237 1591 lam,
260 1563 320 1594 qua
343 1554 594 1587 demonstratum
611 1555 641 1586 ἂ
657 1553 756 1587 fixum
774 1553 838 1590 est,
862 1551 1016 1597 quidquid

156 1597 197 1627 ab
219 1595 349 1627 homine
367 1594 440 1635 fiat,
463 1597 494 1628 id
509 1596 627 1628 habere
643 1604 796 1636 oportere
814 1594 879 1626 suas
897 1593 1017 1632 cattia53

155 1645 262 1677 neque
288 1637 369 1669 adeo
394 1637 456 1669 esse
478 1647 670 1679 quemquam
698 1647 714 1668 a
732 1637 855 1668 ratione
879 1636 1016 1681 alienum

156 1687 329 1718 oportere,
352 1685 387 1709 ut
403 1687 455 1710 aut
472 1688 591 1710 nocere
608 1679 696 1710 alteri
715 1702 726 1718 ,
751 1687 803 1709 aut
829 1679 1017 1722 imminuere

154 1720 289 1751 alienam
305 1720 502 1758 libertatem,
528 1718 712 1760 praesumat:
737 1718 790 1751 nifi
818 1720 857 1750 ad
876 1727 948 1749 eum
964 1718 1017 1748 ali-

157 1769 219 1800 qua
236 1761 353 1792 utilitas
379 1763 543 1801 perveniat
558 1785 570 1801 ,
597 1769 693 1802 atque
711 1762 742 1793 in
764 1759 857 1802 ipsius
873 1768 1018 1791 commo-

157 1802 257 1833 ditate
275 1801 435 1834 subsideat.
887 1842 893 1847 .
911 1841 916 1846 ⁴

198 1852 227 1874 2.
249 1841 368 1873 Saltem
384 1843 517 1875 dubitari
535 1842 615 1874 solet
631 1852 641 1879 ς
673 1850 777 1874 utrurn
796 1851 832 1873 ea
851 1841 966 1872 utilitas
981 1840 1019 1871 fit

157 1884 344 1923 accipienda
359 1883 480 1923 stricte,
504 1892 538 1915 ut
556 1891 678 1914 tantum
697 1882 929 1923 complectatur
947 1890 1018 1921 quae

156 1926 197 1956 ad
216 1925 326 1964 praedii
342 1925 535 1956 dominantis
550 1923 636 1956 usum
655 1924 935 1963 neceffitatemque
951 1932 1018 1968 per-

158 1967 285 2001 tinent3
309 1975 346 1996 an
366 1966 447 2003 late,
472 1974 506 1997 ut
526 1966 620 1997 etiam
636 1966 801 1996 contineat
823 1974 893 2004 quae
919 1972 1017 2004 magis

157 2007 197 2038 ad
215 2007 334 2037 domini
352 2008 558 2039 commodum
576 2014 629 2037 aut
646 2006 844 2046 voluptatem
864 2004 1016 2051 spetiem,

158 2057 250 2088 quam
265 2048 302 2078 ad
322 2048 489 2080 utilitatem
505 2048 787 2088 neceffitatemque
803 2048 923 2087 praedll.
953 2045 1017 2076 Du-

158 2089 280 2120 bitandi
299 2089 379 2120 ratio
393 2090 512 2131 duplex
528 2089 591 2121 est:
615 2089 694 2126 una,
714 2089 801 2128 quod
817 2088 854 2119 ad
872 2088 1016 2133 volupta-

158 2138 224 2162 tem
245 2138 425 2170 cornparata
450 2132 636 2172 plerumque
659 2130 777 2161 habent
799 2131 869 2170 plus
886 2138 992 2160 oneris
1007 2152 1016 2166 ‚

184 2180 252 2203 uam
269 2173 431 2204 commodi
448 2183 456 2203 z
480 2173 576 2204 altera
592 2195 602 2211 ,
631 2172 718 2212 quod
736 2170 902 2202 servitutes
921 2170 1019 2202 reales

174 2221 229 2244 unt
247 2213 332 2252 jura,
355 2222 420 2245 non
436 2214 574 2245 hominis
593 2236 603 2252 ,
633 2213 684 2244 sed
709 2213 838 2252 praedii:
866 2220 900 2243 ut
917 2211 1018 2243 osten-

159 2254 207 2285 dit
231 2263 294 2284 non
316 2255 414 2286 modo
432 2255 601 2287 auctoritas
625 2253 707 2294 Juris
734 2254 753 2284 l.
781 2263 828 2284 ρο.
854 2253 882 2295 §.
901 2253 954 2284 ult.
973 2253 1015 2283 l).

160 2295 396 2333 deservizutibus
417 2298 585 2336 praediorum
609 2294 790 2335 rusticorum.
809 2295 826 2325 l.
844 2299 894 2328 86.
914 2294 956 2326 D.
985 2296 1018 2325 de

156 2337 312 2365 ¹verborum
334 2334 569 2377 fignificaticrze3
602 2336 655 2368 sed
680 2337 709 2367 ἀ
726 2335 860 2376 sequens
876 2336 971 2377 Lapis
989 2345 1017 2367 a·

160 2376 226 2417 pud
245 2375 436 2418 Gruterum,
454 2386 524 2420 pag.
544 2387 613 2410 201.
633 2378 766 2418 luserunt.
781 2386 811 2418 3.

477 2430 494 2451 P
504 2429 523 2451 E
532 2429 563 2452 R.
594 2428 617 2450 H
629 2427 649 2450 A
660 2429 682 2451 N
694 2428 713 2449 c

442 2469 565 2492 vtAM.
599 2468 740 2492 Fano

428 2512 456 2534 c.
485 2511 541 2534 MA
555 2511 573 2533 R
585 2511 634 2533 ei.
672 2511 700 2532 c.
738 2510 757 2533 t.

452 2554 468 2575 P
479 2553 502 2575 H
514 2553 523 2575 1
535 2553 555 2576 L
566 2554 584 2576 E
595 2552 616 2575 R
628 2553 648 2574 o
659 2553 682 2575 N
692 2552 703 2574 1
711 2552 727 2573 s

441 2594 453 2616 1
463 2594 484 2616 T
494 2594 513 2616 E
526 2595 556 2616 a.
603 2593 621 2616 A
631 2594 649 2615 e
658 2593 680 2615 'r
691 2593 711 2615 υ
723 2593 737 2615 s

486 2635 692 2658 DEBETUR

160 2661 204 2693 Et
222 2663 296 2696 ideo
319 2675 380 2701 nec
401 2665 465 2698 fine
486 2668 611 2707 praediis
633 2666 766 2708 intelligi
784 2667 833 2698 hte
852 2665 1017 2698 servitutes

161 2702 226 2745 §.3.
253 2704 323 2745 lust.
347 2708 379 2738 de
386 2709 581 2746 servitutibus
592 2709 773 2749 praediorum.
798 2709 817 2739 l.
835 2711 865 2738 6.
885 2707 903 2749 ᾗ
933 2718 960 2739 2.
982 2708 1018 2743 &³

165 2753 193 2782 3.
211 2744 250 2774 D.
277 2747 311 2777 Si
324 2750 450 2785 servitus
465 2751 649 2785 vindicetur;
674 2758 779 2789 neque
802 2749 882 2779 nitra
909 2749 1017 2789 praedii

165 2786 377 2820 necessitatem
402 2791 530 2821 extendi
557 2790 683 2830 poliunt
705 2790 724 2822 l.
748 2801 776 2830 5.
803 2790 831 2831 §.
854 2799 878 2820 1.
904 2792 923 2821 ι.
942 2795 973 2821 6.
997 2791 1015 2822 l.

166 2832 213 2860 2¹4·
232 2825 271 2856 D·
296 2830 328 2858 de
341 2830 534 2869 servitutibus
547 2833 716 2872 praediorum
737 2829 917 2871 rzcstzcorum.
962 2831 1019 2862 Po-

165 2863 281 2896 stremo
297 2869 338 2899 ait
357 2871 466 2903 Paulus
483 2872 502 2903 l.
527 2877 556 2907 8.
577 2872 616 2903 D.
632 2873 886 2911 deservitutious,
914 2871 1016 2914 Utpo-

165 2914 242 2934 mum
265 2907 403 2948 decerpere
424 2913 523 2950 liceat,
546 2913 582 2948 δ”
599 2919 633 2944 ut
642 2914 768 2953 spatiari
781 2937 790 2951 ,
811 2919 843 2944 ut
860 2923 968 2945 coenare
986 2916 1018 2944 in

165 2945 257 2976 “lien‘'
269 2947 399 2987 P⁰ffi¹¹²us
415 2975 424 2988 2
445 2956 618 2991 servitutem
639 2955 745 2994 imponi
759 2964 816 2984 non
829 2954 912 2994 poffe.
956 2955 1017 2986 Sed

163 2987 288 3023 placet,
305 2992 390 3028 quod
410 2991 574 3027 Francisco
592 2995 769 3034 Connano,
790 2995 827 3027 V.
843 2995 901 3026 Cr..
921 2996 1018 3028 visum

163 3027 211 3072 lib.
230 3037 260 3065 4.
280 3028 434 3062 comment.
451 3035 508 3072 jur.
528 3037 607 3067 civil.
625 3042 688 3073 cop.
709 3046 736 3076 7.
754 3046 784 3067 n.
809 3046 838 3077 3.
863 3038 960 3077 magis
976 3037 1019 3068 es-

161 3067 213 3106 se,
236 3076 270 3100 ut
289 3079 325 3100 ea
342 3073 458 3104 utilitas
472 3083 534 3106 non
550 3078 659 3116 utique
676 3087 715 3108 ex
734 3087 810 3108 vero
829 3079 948 3115 pretio,
967 3078 1018 3112 sed

164 3110 263 3149 magis
281 3119 321 3142 ex
339 3116 454 3146 utentis
471 3114 572 3147 studio
587 3117 764 3157 affeetuque
779 3142 787 3157 ,
806 3117 946 3150 aestimari
965 3124 1015 3152 de·

164 3149 255 3181 beat:
279 3161 351 3184 nam
370 3154 425 3186 etfi
445 3156 616 3197 voluptatis
631 3161 758 3190 materia
785 3160 814 3190 in
833 3160 940 3191 alienis
964 3170 1016 3193 ne-

163 3191 257 3263 goiiis
278 3202 294 3223 a
307 3194 436 3266 [domini
455 3198 591 3231 utilitate
617 3198 774 3241 separetur
794 3200 813 3232 l.
832 3210 861 3242 3.
887 3200 916 3242 §.
934 3212 961 3235 2.
987 3213 1016 3244 2.

228 3243 279 3265 vm.
324 3257 332 3267 0

1057 1150 1087 1181 4.
1106 1140 1155 1187 D.
1174 1142 1252 1173 dein
1269 1152 1324 1174 rem
1340 1144 1440 1183 verfh:
1462 1145 1492 1177 in
1511 1147 1644 1188 persona
1660 1156 1765 1182 tamen
1784 1151 1926 1190 domini,

1059 1191 1111 1222 qui
1130 1186 1307 1215 commodo
1325 1183 1379 1216 suo
1403 1186 1527 1227 studet,
1552 1199 1616 1221 non
1635 1191 1752 1223 damno
1775 1193 1926 1231 alterius,

1059 1224 1174 1256 reffius
1194 1226 1335 1265 dicetur,
1359 1225 1419 1257 suae
1437 1237 1598 1270 quemque
1614 1233 1676 1270 rei,
1695 1235 1789 1264 etiam
1803 1235 1833 1264 in
1849 1233 1926 1265 abu·

1060 1266 1179 1304 tendo,
1203 1267 1442 1299 moderatorem
1461 1270 1522 1302 ess'e
1542 1272 1572 1302 ὃς
1589 1273 1760 1305 arbitrum:
1784 1275 1926 1313 ideoque

1060 1307 1148 1337 utilia
1165 1307 1193 1338 ei
1212 1307 1310 1339 videri
1330 1318 1392 1340 non
1412 1318 1532 1344 tantum
1550 1313 1620 1344 haec
1633 1323 1702 1354 quae
1720 1314 1839 1346 habent
1855 1316 1927 1356 plus

1059 1348 1157 1386 lucri,
1180 1358 1275 1389 quam
1292 1351 1418 1383 oneris:
1439 1352 1489 1384 sed
1507 1355 1556 1386 illa
1574 1364 1704 1396 quoque
1722 1356 1837 1396 quibus
1856 1357 1927 1397 plus

1059 1390 1281 1429 impenditur,
1319 1400 1412 1431 quam
1438 1394 1511 1426 inde
1537 1396 1671 1428 trahitur
1694 1398 1881 1437 commodi3
1904 1397 1928 1429 fi

1056 1430 1289 1470 jucunditatem
1302 1432 1468 1474 praestent,
1479 1435 1499 1467 fi
1511 1437 1640 1469 delicias
1649 1461 1658 1477 ‚
1668 1437 1689 1469 fi
1700 1441 1844 1479 quamvis
1859 1448 1928 1471 non

1060 1474 1147 1502 bono
1174 1473 1294 1504 domini
1319 1475 1435 1506 cedant
1454 1499 1463 1514 ,
1495 1484 1600 1509 tamen
1618 1479 1651 1511 in
1679 1480 1743 1521 eJus
1760 1481 1928 1521 negotium

1058 1515 1173 1558 cedant
1196 1515 1223 1544 d.
1246 1514 1265 1545 l.
1283 1524 1313 1555 3.
1337 1515 1355 1556 §
1397 1520 1426 1546 6.
1452 1517 1472 1548 l.
1511 1528 1562 1556 19.
1587 1519 1629 1551 D.
1654 1522 1688 1552 de
1709 1522 1927 1561 servitutibus-3

1060 1561 1095 1585 ut
1112 1563 1245 1593 vivaria,
1269 1565 1304 1586 ut
1322 1556 1488 1590 ductiones
1512 1569 1683 1601 aquarum,
1706 1571 1740 1594 ut
1758 1563 1931 1603 plantatio-

1060 1605 1141 1633 nes,
1174 1603 1208 1627 ut
1233 1596 1292 1628 alia
1317 1598 1448 1630 luxuriae
1477 1601 1692 1634 instrumenta.
1738 1603 1850 1645 ltaque
1877 1613 1927 1636 re-

1060 1635 1206 1677 sponsum
1227 1636 1272 1669 est
1289 1661 1298 1677 ,
1330 1639 1406 1670 licet
1428 1643 1544 1681 praedia
1572 1645 1716 1685 quaedam
1741 1645 1814 1676 talia
1839 1644 1898 1678 fint
1914 1668 1928 1684 ,

1060 1686 1096 1709 ut
1112 1680 1209 1719 magis
1227 1679 1258 1710 in
1278 1689 1314 1710 ea
1334 1680 1571 1724 impendamus,
1597 1694 1690 1726 quarn
1705 1686 1745 1718 de
1764 1686 1800 1718 iis
1816 1687 1928 1727 adqui-

1060 1729 1181 1758 ramus,
1205 1728 1310 1752 tamen
1328 1721 1552 1757 usumfructum
1570 1736 1682 1758 eorum
1700 1727 1835 1767 relinqui
1857 1726 1928 1768 pos-

1062 1760 1092 1792 se
1109 1761 1128 1792 ἰ.
1145 1770 1195 1797 ⁶³1-
1213 1761 1242 1803 §.
1264 1771 1289 1793 1.
1314 1762 1356 1793 D.
1383 1764 1415 1794 cle
1438 1766 1594 1805 usufruttu
1614 1779 1623 1799 .-
1646 1778 1715 1800 narn
1732 1768 1820 1809 poss'e
1844 1768 1928 1806 dici.

1062 1801 1224 1833 fructuarii
1253 1803 1399 1835 intereffe
1430 1815 1563 1847 propter
1590 1809 1797 1850 voluptatem.
1824 1810 1844 1842 l.
1877 1813 1927 1842 16.

1061 1843 1090 1883 ᾗ.
1113 1852 1136 1873 1.
1153 1842 1195 1874 D.
1221 1843 1308 1889 Quod
1330 1846 1363 1875 vi
1379 1851 1432 1875 aut
1448 1847 1529 1878 cham.
1554 1848 1642 1881 Idem
1666 1850 1761 1882 estin
1784 1851 1928 1892 imagini-

1063 1887 1119 1914 ous
1138 1883 1168 1914 δε
1191 1883 1318 1916 statuis:
1343 1887 1416 1925 quia
1434 1887 1463 1918 ἂ
1480 1888 1553 1928 ipsae
1571 1890 1692 1922 habent
1711 1892 1849 1932 aliquam
1865 1892 1929 1923 uti-

1061 1924 1183 1955 litatem
1199 1924 1220 1955 fi
1238 1934 1303 1965 quo
1321 1934 1508 1966 opportuno
1531 1930 1606 1962 loco
1624 1939 1800 1972 ponantur:
1824 1941 1859 1964 ut
1877 1942 1928 1964 re-

1060 1963 1125 1996 fert
1147 1964 1329 1997 Marcianus
1356 1967 1385 1997 in
1404 1969 1432 1999 cl.
1458 1970 1477 2001 l.
1505 1980 1554 2011 41.
1576 1974 1607 2002 in
1631 1979 1678 2013 pr.
1712 1973 1738 2004 E
1763 1974 1927 2005 contrario

1061 2013 1152 2046 putat
1174 2005 1325 2046 Ulpianus
1340 2008 1372 2039 in
1387 2008 1405 2039 l.
1423 2020 1448 2041 2.
1469 2010 1497 2051 §.
1525 2022 1572 2045 11.
1593 2012 1630 2048 ὅ)
1654 2024 1700 2046 12.
1719 2013 1760 2046 D.
1787 2015 1835 2046 Ne
1855 2016 1928 2056 quid

1057 2049 1090 2077 in
1105 2049 1161 2077 loco
1176 2048 1287 2088 publico
1302 2072 1312 2087 ,
1344 2049 1493 2083 damnum
1517 2055 1579 2093 pati
1604 2065 1676 2087 eum
1695 2078 1704 2094 ‚
1737 2057 1789 2096 qui
1808 2058 1928 2088 amittit

1060 2090 1289 2128 commodum,
1313 2091 1401 2130 quod
1425 2102 1465 2124 ex
1491 2095 1622 2134 publico
1646 2095 1926 2136 consequebatur,

1062 2131 1154 2170 quale
1172 2132 1263 2170 quale
1281 2130 1337 2163 fit:
1364 2141 1396 2163 ut
1411 2132 1432 2164 si
1450 2136 1499 2166 cui
1527 2136 1729 2178 prospectus,
1750 2138 1771 2169 fi
1790 2139 1839 2169 cui
1863 2139 1927 2169 adi-

1062 2179 1111 2203 tus
1129 2170 1165 2202 fit
1181 2172 1340 2211 deterior,
1365 2175 1415 2205 vel
1431 2177 1600 2217 angustior.
1641 2180 1746 2220 Atque
1763 2179 1845 2211 lianc
1861 2178 1927 2211 five

1061 2214 1311 2253 amoenitatem,
1335 2213 1396 2245 five
1413 2217 1602 2257 utilitatem,
1626 2229 1690 2252 non
1709 2228 1831 2252 tantum
1851 2230 1926 2253 cum

1061 2254 1193 2285 homine
1209 2255 1378 2296 conjungi3
1400 2259 1414 2297 (
1435 2266 1468 2289 ut
1486 2261 1622 2292 credidit
1648 2261 1826 2294 Gulielmus
1850 2261 1928 2293 For-

1061 2296 1165 2326 nerius
1183 2296 1230 2327 lib.
1245 2307 1272 2327 2.
1291 2296 1478 2330 &teutonum
1495 2308 1555 2340 cop.
1578 2303 1655 2344 28.)
1678 2303 1728 2334 sed
1746 2304 1839 2334 etiam
1851 2312 1926 2334 cum

1059 2337 1201 2376 praedio,
1224 2346 1285 2368 una
1303 2345 1366 2368 tam
1387 2339 1506 2377 liquide
1522 2351 1622 2383 arguit
1641 2342 1773 2376 servitus
1797 2343 1927 2384 prospe-

1061 2380 1145 2416 ctus,
1170 2378 1199 2409 &
1224 2388 1263 2409 ne
1289 2378 1469 2419 prospectui
1494 2383 1675 2423 officiatur,
1700 2394 1734 2416 ut
1749 2385 1824 2416 nihil
1846 2386 1927 2417 ultra

1061 2428 1228 2460 requiram.
1260 2421 1412 2461 quidquid
1447 2424 1530 2454 enim
1562 2426 1741 2458 renituntur
1769 2425 1926 2467 Interpre-

1062 2468 1129 2500 tes;
1159 2470 1330 2501 numquam
1355 2471 1459 2495 tamen
1490 2465 1634 2497 efficiunt
1652 2491 1661 2505 ,
1700 2476 1734 2499 ut
1760 2469 1926 2499 amoenitas

1062 2503 1128 2542 ejus
1145 2502 1301 2533 servitutis
1319 2513 1383 2535 non
1400 2505 1500 2537 modo
1517 2507 1624 2547 causa,
1650 2507 1701 2540 sed
1726 2509 1756 2541 δι
1775 2509 1838 2541 sola
1856 2519 1927 2540 cau-

1062 2544 1109 2581 sa,
1133 2543 1194 2575 esse
1211 2542 1328 2575 desinat
1347 2555 1354 2576 :
1378 2555 1449 2577 nam
1472 2548 1576 2588 potest
1601 2559 1641 2581 ex
1664 2550 1818 2582 inferiore
1850 2551 1925 2581 loco

1062 2585 1143 2623 esse;
1167 2594 1226 2615 nec
1249 2587 1382 2624 patitur,
1406 2586 1472 2619 fieri
1489 2589 1680 2631 quidquam,
1703 2593 1790 2631 quod
1807 2593 1926 2632 gratio·

1061 2627 1084 2657 ri
1107 2627 1272 2666 liberoque
1293 2626 1469 2668 prospectui
1486 2630 1684 2664 adversetur:
1710 2639 1744 2663 ut
1760 2633 1872 2665 Paulus
1894 2633 1926 2664 δε

1062 2666 1216 2708 Ulpianus
1235 2669 1408 2700 meminere
1427 2680 1456 2701 in
1476 2671 1495 2702 l.
1520 2681 1564 2712 15.
1586 2672 1623 2707 &³
1644 2678 1689 2705 16.
1716 2673 1758 2706 D.
1783 2675 1816 2704 de
1829 2674 1927 2714 servi-

1060 2711 1170 2740 tutibus
1184 2711 1354 2748 praediorum
1375 2712 1562 2744 urbanorum.
1584 2716 1728 2754 accedit,
1753 2717 1841 2755 quod
1860 2715 1925 2745 hoe

1059 2752 1127 2790 Jure
1148 2752 1291 2795 utimur,
1307 2759 1340 2782 ut
1365 2754 1459 2784 etiam
1484 2763 1546 2785 non
1575 2757 1613 2787 ad
1629 2757 1821 2796 irrigandum
1837 2779 1846 2795 ,
1871 2755 1924 2786 sed

1063 2792 1189 2832 pecoris
1214 2792 1302 2822 caula
1328 2793 1378 2824 vel
1402 2797 1592 2827 amoenitatis
1612 2798 1662 2828 vel
1689 2798 1758 2828 usus
1781 2797 1810 2828 &
1835 2806 1924 2827 com-

1062 2833 1149 2864 modi
1183 2832 1278 2863 nostri
1298 2857 1306 2871 ,
1337 2843 1417 2874 aqua
1435 2836 1505 2867 duci
1525 2838 1620 2878 possit
1644 2839 1661 2869 l.
1694 2848 1719 2870 1.
1739 2838 1766 2879 §.
1789 2847 1835 2868 11.
1857 2837 1877 2868 l.
1893 2847 1923 2877 3.

1064 2874 1102 2905 D.
1122 2875 1155 2904 de
1170 2884 1248 2915 aqua
1264 2876 1434 2915 qttotidiana
1449 2877 1485 2912 55⁹
1502 2881 1619 2918 aeJtivcz;
1643 2881 1730 2919 quod
1748 2879 1829 2909 attio
1845 2887 1924 2909 con-

1060 2915 1185 2947 sefforia
1207 2915 1282 2947 mihi
1301 2919 1459 2958 competit
1476 2919 1623 2952 adversus
1642 2931 1733 2957 eum,
1758 2921 1811 2958 qui
1834 2919 1924 2965 cessit:

1062 2957 1139 2988 mihi
1164 2957 1258 2988 talem
1281 2957 1464 2990 servitutem
1479 2984 1488 2997 ‚
1513 2969 1547 2992 ut
1566 2962 1596 2993 in
1615 2962 1768 3002 parietem
1796 2961 1862 3005 ejus
1885 2968 1923 2991 ti-

1060 3007 1120 3039 gna
1143 2998 1219 3029 milii
1245 2999 1417 3031 immittere
1444 3002 1536 3033 liceat
1553 3026 1561 3041 ‚
1585 3002 1738 3042 supraque
1757 3010 1792 3031 ea
1814 3009 1921 3041 tigna,

1062 3039 1151 3070 verbi
1176 3041 1275 3080 gratia
1293 3063 1302 3078 ‚
1340 3043 1500 3079 porticum
1525 3043 1762 3074 ambulatoriam
1789 3041 1895 3073 facere
1913 3065 1924 3081 ,

1062 3080 1217 3121 superque
1235 3091 1307 3112 eum
1328 3083 1479 3122 parietem
1499 3085 1663 3115 columnas
1688 3083 1840 3115 structiles
1867 3083 1924 3114 im·

1061 3131 1202 3161 ponere,
1227 3132 1297 3163 qnae
1320 3125 1438 3156 tectum
1463 3126 1606 3164 porticus
1629 3124 1848 3155 ambulatoriae
1877 3125 1924 3155 su-

1059 3162 1192 3194 stineant
1206 3163 1223 3194 l.
1242 3168 1259 3197 8
1288 3163 1316 3205 §.
1339 3173 1362 3195 1.
1380 3165 1420 3196 D.
1446 3166 1478 3195 Si
1493 3165 1615 3202 servitus
1629 3167 1812 3202 vindicetur3
1836 3168 1925 3204 quod

1058 3205 1120 3237 iter
1137 3203 1181 3237 est
1201 3205 1247 3245 jus
1267 3206 1380 3278 ειιᾸιάῑ,
1403 3206 1582 3239 ambulandi
1601 3207 1741 3247 hominu
1766 3207 1923 3250 denique,

1345 3257 1361 3278 2
1876 3256 1925 3278 Via
