2036 3495
170 119 236 154 2²72
609 100 643 134 G
674 109 694 133 E
729 106 752 131 R
786 103 807 130 A
839 103 863 130 R
894 104 920 131 D
949 103 963 131 1
1011 92 1052 130 N

174 195 226 227 sed
243 194 352 226 soluta.
371 193 411 224 de
428 200 466 222 eo
488 189 609 220 Praetor
625 187 669 217 ait
685 185 704 216 l.
726 194 751 216 1.
773 182 840 224 Post
849 188 965 215 mortem
981 183 1042 225 ejus

174 239 266 278 quiin
277 229 538 272 alteriuspotesiate
551 229 657 266 fuerit,
674 225 808 267 posteave
822 226 1043 267 quamiseman-

178 280 309 318 ciprum,
333 270 537 311 man-nmiffics,
560 268 864 307 alienacusvefuerit‚
888 267 1044 296 dumtaxat

178 319 211 349 de
221 316 349 357 peculio,
366 313 401 347 &³
413 312 441 351 fi
457 312 528 352 quid
543 311 604 342 dolo
614 310 687 341 malo
703 310 765 350 ejus
781 310 812 339 in
828 307 913 348 cnjus
922 305 1044 347 potesta-

178 365 207 389 te
221 356 277 397 est,
293 354 411 395 ⁸fatiam
426 356 498 392 erz‘t,
520 361 575 393 quo
591 352 688 383 minus
702 350 808 391 peculii
823 349 906 389 effen,
922 350 954 379 in
969 357 1045 379 anno

180 408 233 439 quo
251 404 377 436 primum
394 395 562 435 experiundi
574 391 696 433 potestas
711 392 783 429 eric,
803 391 950 431 judicium
966 391 1045 420 dabo.

180 440 230 471 Ex
251 438 310 468 hoc
328 436 441 468 Edicto
460 435 607 466 observat
623 435 653 465 in
670 433 699 475 ἓ,
723 441 747 463 1.
767 430 938 471 Ulpianus,
962 430 1049 470 quod

181 479 329 521 quamdiu
349 478 454 508 servus
471 477 522 507 vel
542 474 621 507 filius
639 475 669 506 in
684 472 841 515 potestate
857 472 920 510 est,
936 472 977 503 cle
996 480 1048 512 pe-

181 522 264 552 culio
275 520 354 550 actio
370 527 523 559 perpetua
540 516 599 547 est:
615 515 685 556 post
702 523 838 546 mortem
850 521 955 544 autem
973 513 1050 552 eJus,

180 563 229 594 vel
254 561 421 602 postquam
449 559 685 597 emancipatus,
711 554 910 587 manumiffus
931 576 941 591 ,
979 555 1051 583 alie-

185 611 319 635 natusve
340 601 453 638 fuerit,
487 598 675 639 temporaria
694 597 756 629 effe
775 595 903 634 incipit,
934 595 965 625 id
990 593 1051 636 est,

180 645 309 676 annalis.
335 642 493 673 Alienatio
511 649 616 671 autem
634 637 880 670 &manumissio
900 636 953 676 (ut
973 637 1003 666 in
1022 635 1050 676 §.

183 698 214 724 4.
234 687 317 717 idem
334 686 433 715 docet
454 681 625 721 Ulpianus)
636 681 672 711 ad
690 680 795 711 servos
813 677 970 718 pertinet,
987 685 1052 707 non

182 729 221 758 ad
239 725 329 758 filios.
356 735 437 756 mors
462 733 567 754 autem
593 730 659 753 tam
683 723 722 751 ad
751 721 877 757 servos,
901 727 996 758 quam
1014 718 1053 748 ad

184 769 266 800 filios
282 766 430 798 refertur.
448 763 660 804 emancipatio
681 771 758 793 vero
777 762 815 792 ad
825 760 923 791 solum
942 758 1051 790 filium.

182 818 279 849 atque
302 809 365 839 hoc
387 806 432 837 est
458 814 547 837 extra
573 805 713 836 dubium.
745 803 823 833 illud
850 801 942 842 quale
966 800 1053 840 quod

182 851 324 890 subjicit:
349 849 404 879 Sed
420 846 491 885 &fi
508 848 563 878 alio
579 847 658 876 modo
669 843 732 882 fine
745 844 968 882 emancipatione
985 839 1052 876 clesi-

184 900 240 923 aerzt
256 891 346 932 effein
358 888 513 929 potestate,
529 887 644 919 annalis
658 887 713 916 erit
729 884 812 916 adio.
827 884 906 915 Haec
920 882 1054 922 adjectio

185 934 321 973 aliquam
340 931 436 962 habet
455 929 696 960 obscuritatem:
720 926 789 967 quis
815 927 898 957 enim
928 925 1053 963 Ulpiani

188 982 335 1013 tempore
355 975 379 1003 is
398 971 458 1002 fuit
477 972 590 1002 modus
615 979 679 1009 quo
697 968 759 999 sine
777 967 1054 1005 emancipatione,

188 1017 220 1048 id
237 1015 281 1046 est
300 1037 309 1051 ‚
334 1014 397 1045 sine
414 1012 525 1052 capitis
549 1010 770 1042 deminutione
795 1008 913 1039 desinat
939 1005 1001 1036 effe
1023 1007 1053 1035 in

187 1055 370 1098 potestate?
396 1054 446 1085 sed
466 1053 527 1094 jam
552 1052 640 1093 supra
667 1050 818 1081 annotavi
844 1048 898 1079 sub
922 1046 1055 1083 Titulo,

189 1098 236 1129 De
253 1096 471 1137 adoptionibus,
489 1104 558 1126 eam
570 1092 796 1134 inspestioneni
813 1089 899 1120 usum
918 1086 1056 1118 habuiffe

188 1141 221 1171 in
242 1139 378 1169 Flumine
396 1135 498 1173 Diali;
522 1144 593 1167 nam
615 1143 686 1165 eum
711 1132 773 1164 sine
789 1131 900 1170 capitis
918 1129 1055 1159 deriiinu-

189 1183 278 1212 tione
290 1180 389 1219 patria
398 1177 555 1218 potestate
566 1176 689 1207 liberari
704 1170 914 1211 solituin,ips0
929 1170 1056 1201 auctore

194 1221 332 1263 Ulpiano
350 1222 378 1251 in
397 1219 512 1260 Fragm.
531 1220 576 1249 lit.
600 1227 645 1249 10.
665 1215 694 1256 §.
712 1215 762 1246 ult.
781 1214 809 1245 s&
829 1215 864 1244 A.
882 1211 990 1243 Gellio
1008 1211 1054 1242 lib.

191 1273 218 1295 1.
236 1262 327 1295 Noc-r.
347 1262 440 1292 Amic.
460 1270 484 1291 ε.
508 1269 552 1291 12.

230 1297 778 1341 PraeterhaecobservatUlpiaiius§,
796 1309 823 1339 3.
842 1297 869 1329 (Ζ.
889 1295 907 1329 l.
928 1305 951 1328 1.
971 1293 1057 1336 quod

194 1346 312 1377 merito
332 1345 451 1377 Praetur
463 1345 684 1382 temporariam
702 1344 731 1372 in
750 1343 812 1371 hoc
828 1338 898 1370 casu
914 1338 993 1369 fecit
1008 1346 1058 1368 ac-

191 1390 332 1419 tionem:
364 1386 421 1416 hac
447 1386 552 1415 addita
579 1385 723 1421 ratione3
748 1383 852 1421 quod,
883 1390 954 1411 cum
979 1377 1059 1410 filius

191 1437 247 1460 aut
274 1429 377 1459 servus
395 1434 499 1457 morte
525 1426 575 1455 vel
603 1423 815 1461 alienatione,
839 1420 928 1452 verbi
944 1421 1059 1461 gratia,

190 1472 223 1503 jn
235 1470 330 1510 patris
347 1468 396 1498 vel
413 1465 532 1498 domini
559 1465 717 1505 potestate
734 1463 795 1495 esse
813 1462 953 1500 desinat3
977 1460 1004 1492 ὅ(
1021 1460 1061 1492 fic

192 1511 337 1543 extincto
355 1508 503 1547 peculio,
535 1516 598 1537 non
622 1506 711 1546 poffit
728 1506 857 1536 ulterius
875 1503 936 1535 effe
956 1503 995 1534 de
1014 1512 1064 1542 pe-

191 1553 278 1584 culio
310 1550 412 1586 actim
444 1558 502 1580 nec
528 1556 632 1580 tamen
657 1554 808 1588 oporteat
829 1546 903 1585 juris
927 1543 1062 1584 rigorem

191 1591 345 1625 creditori
378 1590 442 1622 sine
465 1590 530 1630 ejus
561 1589 655 1630 culpa
678 1595 813 1619 nocere:
843 1586 971 1617 rationis
1001 1584 1064 1615 fuit

191 1633 343 1671 Praetori,
366 1632 526 1663 astionem
544 1640 643 1670 usque
659 1630 699 1661 ad
715 1637 830 1660 annum
849 1628 1026 1668 producere
1041 1626 1060 1656 l.

191 1677 246 1708 ult.
266 1676 311 1706 D.
329 1674 355 1705 h.
374 1680 394 1704 t.
414 1674 539 1704 Annum
567 1679 672 1703 autem
690 1670 958 1710 quemadmodum
975 1676 1062 1698 corn-

191 1715 366 1760 putamus‘?
390 1714 539 1754 Ulpianus
559 1714 588 1744 d.
616 1710 633 1743 l.
660 1722 685 1744 1.
707 1712 734 1753 §i
752 1721 778 1742 2.
799 1720 916 1748 annus,
941 1709 1062 1748 inquit,

194 1759 281 1791 utilis
299 1754 547 1797 computabitur.
566 1754 595 1785 ὁ(
615 1754 717 1785 reete:
740 1753 812 1792 quia
831 1751 951 1782 Praetor
968 1752 1063 1787 dicit,

191 1801 225 1833 in
240 1808 324 1830 anno
348 1806 413 1837 quo
430 1797 565 1837 primum
592 1795 631 1826 de
650 1804 690 1826 eo
710 1792 896 1833 experiundi
924 1791 1060 1831 potestas

194 1842 272 1873 erit:
296 1839 410 1880 quibus
428 1837 531 1869 verbis
547 1846 663 1868 annum
682 1835 792 1866 utilem
810 1833 977 1874 designari,
1000 1835 1065 1871 ejus

192 1881 377 1915 testimonio
397 1878 520 1910 constat
538 1878 558 1910 l.
580 1887 606 1909 1.
625 1879 672 1908 D.
686 1878 721 1907 de
739 1876 842 1914 divers.
862 1881 974 1914 tempor.
995 1881 1066 1914 prse-

186 1925 293 1966 script.
336 1921 413 1953 Inde
430 1929 527 1961 porro
550 1917 748 1959 consequens
773 1916 854 1954 fuit,
880 1917 966 1955 quod
982 1917 1067 1945 idem

194 1967 224 1997 d.
251 1965 281 2006 §.
307 1973 334 1995 2.
357 1961 503 1994 observat
531 1959 704 2000 Ulpianus,
728 1967 863 1997 annum,
888 1956 907 1988 fi
931 1958 1067 1987 conditi-

196 2007 297 2039 onalis
316 2003 351 2035 sit
369 2002 543 2043 obligatio,
560 2011 621 2033 non
644 2011 684 2032 ex
702 2010 742 2031 eo
761 2000 1013 2039 computandum
1029 2006 1069 2028 ex

197 2057 266 2089 quo
292 2049 510 2084 emancipatus
534 2043 570 2075 sit
594 2043 694 2081 filius,
719 2041 769 2072 sed
786 2050 826 2072 ex
847 2049 911 2079 quo
930 2041 994 2079 peti
1015 2049 1068 2078 po-

198 2087 480 2127 tuit‚conditione
499 2085 664 2117 existente.
689 2082 755 2122 Ipse
775 2090 927 2123 praeterea
945 2082 1070 2118 addam,

198 2132 231 2163 id
249 2128 401 2166 Praetori,
424 2136 497 2158 cuin
515 2127 660 2158 annalem
684 2124 763 2156 facit
783 2123 938 2154 actionem
962 2123 1000 2153 de
1018 2131 1067 2162 pe·

197 2172 304 2208 culio,
327 2171 368 2201 ita
393 2169 518 2209 placere
544 2169 690 2201 demum:
712 2165 733 2197 ss
757 2165 808 2196 illa
830 2163 928 2202 atrio,
952 2172 1023 2194 cum
1039 2164 1070 2194 in

199 2211 358 2255 potestate
376 2210 452 2242 esset
468 2209 572 2240 servus
592 2209 642 2240 vel
667 2207 769 2245 filius,
792 2205 852 2237 fuit
871 2213 1023 2245 perpetua
1041 2214 1070 2235 a·

203 2255 267 2286 ctio
291 2263 331 2285 ex
359 2260 469 2292 empto
493 2259 547 2281 aut
569 2250 703 2281 vendito
729 2249 768 2278 de
794 2246 921 2286 peculio
939 2269 948 2284 ,
983 2247 1070 2278 verbi

199 2296 316 2337 gratia:
339 2302 369 2324 at
394 2293 415 2325 fi
440 2299 514 2323 ante
539 2291 723 2330 temporalis
740 2288 822 2327 fuit,
845 2287 1067 2325 redhibitoria,

199 2338 289 2369 verbi
309 2336 428 2377 gratia,
451 2343 487 2365 ea
508 2333 692 2373 temporalis
709 2339 817 2362 manet
832 2330 851 2361 l.
872 2340 899 2361 2.
919 2330 966 2360 D.
983 2330 1009 2360 h.
1026 2335 1047 2360 t.

244 2378 348 2409 Datur
379 2376 474 2417 igitur
507 2374 590 2406 actio
615 2375 655 2405 de
678 2372 804 2414 peculio
827 2371 909 2402 intra
935 2380 1071 2406 annum,

202 2417 293 2453 servo
310 2426 458 2457 mortuo,
473 2424 527 2447 aut
542 2417 700 2453 alienato,
717 2413 769 2445 sed
784 2411 931 2445 adversus
948 2421 1043 2453 quem
1054 2411 1071 2443 ‘2

1082 92 1271 134 oon-r
1327 94 1540 131 Coun.

1084 184 1231 233 adversus
1247 195 1319 219 eum
1336 186 1419 226 apud
1439 192 1536 225 quem
1556 183 1657 216 haeret
1671 185 1841 225 peculium,
1867 188 1955 227 talis,

1086 228 1278 259 alienatione
1298 238 1354 268 pei·
1379 226 1596 258 venditionem
1621 225 1721 266 facia,
1746 228 1791 259 est
1809 229 1956 261 venditor

1087 270 1107 300 l.
1129 277 1153 299 ι.
1167 267 1197 314 §.-
1213 280 1243 309 5.
1263 270 1307 300 Di
1323 270 1351 301 h.
1372 275 1392 300 τ.
1411 277 1482 299 cum
1502 268 1624 300 servum
1651 268 1796 300 vendidit
1818 270 1956 301 deducto

1088 313 1224 350 peculio.
1240 309 1321 342 solus
1339 310 1424 341 enim
1444 310 1495 340 liic
1505 310 1654 349 quaeritur
1670 312 1695 340 is
1711 311 1793 349 apud
1812 318 1905 349 quem
1921 310 1957 343 sit

1091 351 1250 398 peculium
1268 351 1288 383 l.
1307 361 1354 392 32.
1374 351 1467 392 §.ula
1479 352 1524 395 D.
1536 352 1568 381 cle
1579 351 1707 390 peculio:
1731 352 1803 391 quia
1820 350 1902 381 at'tio
1919 353 1959 383 de

1095 393 1239 433 peculio,
1265 396 1407 431 quamvis
1424 393 1579 432 originem
1598 392 1701 423 trahat
1719 401 1757 423 ex
1773 391 1956 431 contractu,

1095 443 1201 473 eoque
1212 433 1381 473 personalis
1391 432 1445 471 sit,
1461 433 1529 464 fere
1541 442 1674 473 propter
1693 431 1852 472 peculium
1870 442 1960 464 com·
2006 464 2014 469 ,

1094 476 1195 516 petit,
1219 474 1357 514 ideoque
1372 476 1402 504 in
1429 477 1495 505 rem
1521 473 1631 513 scripta
1657 474 1799 505 habetur.
1823 474 1916 514 quid,
1938 473 1961 506 st

1094 518 1246 548 alienatus
1264 516 1452 552 donatione,
1470 517 1720 555 permutatione,
1739 516 1829 546 velin
1850 516 1962 547 dotem

1096 558 1227 589 datione
1251 554 1288 586 fit
1312 554 1439 587 servus?
1463 557 1616 595 Ulpianus
1639 557 1665 587 d.
1682 557 1702 587 l.
1725 565 1749 587 1.
1769 556 1795 597 §.
1812 560 1842 587 6.
1861 555 1960 594 Etsi,

1096 599 1217 639 inquit,
1243 597 1364 642 servum
1383 597 1530 635 donavit,
1554 599 1604 628 vel
1624 600 1837 637 permutavit,
1862 597 1912 628 vel
1929 598 1962 628 in

1097 642 1207 671 dotem
1225 639 1331 674 dedit,
1350 646 1378 668 in
1397 637 1508 668 eadem
1528 638 1616 668 causa
1634 638 1688 670 est.
1707 638 1876 676 videlicet,
1892 637 1964 678 quia

1098 691 1161 713 nori
1187 680 1357 715 succurrit,
1381 687 1436 708 cur
1462 678 1510 708 vel
1537 680 1589 708 ille
1618 679 1670 719 qui
1698 680 1728 710 in
1746 680 1839 710 alium
1859 679 1904 709 liis
1922 687 1964 711 ex

1098 722 1194 754 causis
1216 719 1369 751 transtulit
1385 719 1561 749 dominium
1573 719 1649 750 servi
1662 721 1749 759 cujus
1765 720 1893 752 nomine
1910 729 1965 751 an-

1097 772 1129 795 te
1148 763 1261 794 factam
1276 761 1500 792 alienationem
1524 768 1651 798 poterat
1669 761 1791 792 actione
1809 769 1963 802 perpetua

1097 808 1137 837 de
1155 804 1283 844 peculio
1299 801 1483 838 conveniri,
1509 802 1578 840 post
1596 810 1664 832 earn
1683 801 1820 833 deduCto
1837 803 1964 842 peculio

1097 846 1229 883 neam,
1248 853 1312 875 non
1339 842 1478 874 firniliter
1488 842 1590 873 annali
1607 842 1732 873 actione
1742 851 1896 874 teneatur.
1912 842 1965 874 Ne

1101 888 1225 920 recedit
1249 886 1375 925 quidem
1404 884 1478 914 liinc
1503 881 1658 923 Ulpianus
1682 883 1701 914 l.
1721 892 1744 913 1.
1763 883 1792 924 §.
1812 893 1838 922 7.
1859 884 1879 915 fi
1897 885 1966 923 quis

1099 930 1223 960 servum
1241 925 1333 957 alicui
1349 926 1468 966 legavit
1487 934 1550 955 non
1570 934 1641 955 cum
1659 924 1798 964 peculio.
1823 924 1929 966 Quid,
1943 924 1966 957 ti

1098 979 1168 1002 curn
1187 968 1315 1008 peculio
1330 966 1465 1006 legavit,
1483 966 1533 996 vel
1553 966 1686 997 liberum
1706 965 1767 996 esse
1781 966 1889 1005 juffit?
1905 967 1966 1006 jam

1098 1013 1141 1042 ait
1160 1010 1313 1051 Ulpianus
1330 1009 1362 1039 id
1381 1006 1561 1047 quaestionis
1579 1005 1679 1038 fuiss‘e.
1695 1006 1777 1038 inter
1794 1007 1900 1047 quos?
1917 1011 1962 1039 in-

1099 1061 1147 1084 ter
1165 1050 1367 1083 Proculianos
1384 1050 1412 1079 ἀ
1438 1048 1639 1080 Sabinianos:
1664 1057 1697 1079 ut
1722 1058 1809 1079 more
1827 1047 1881 1079 suo
1900 1058 1968 1080 (τωο

1100 1095 1166 1125 ditc
1184 1093 1311 1132 conjicit
1338 1090 1483 1130 Cujacius
1509 1090 1558 1120 Aa
1582 1090 1718 1129 African.
1746 1089 1872 1120 Τναὲῑαῑ.
1890 1099 1918 1126 9.
1935 1091 1967 1120 in

1100 1133 1215 1172 exposit.
1234 1135 1250 1164 l*
1273 1137 1320 1173 38.
1343 1131 1381 1162 D.
1411 1134 1444 1161 de
1467 1130 1586 1161 condicit.
1612 1133 1702 1161 irzdeb.
1731 1137 1800 1171 pag.
1820 1140 1908 1171 1555.
1930 1129 1967 1165 δὲ’

1098 1178 1154 1217 seq.
1182 1176 1232 1207 sed
1256 1174 1320 1214 ipse
1346 1173 1388 1203 ait
1423 1171 1596 1211 Ulpianus,
1628 1172 1681 1203 sibi
1707 1171 1810 1203 verius
1838 1173 1968 1211 videri,

1100 1218 1209 1258 (quod
1230 1217 1259 1247 <St
1278 1213 1540 1246 obtinuifl'eidein
1559 1212 1705 1244 observat
1724 1213 1889 1254 Cujacius)
1905 1223 1968 1245 non

1101 1259 1234 1292 dandam
1255 1258 1293 1288 de
1312 1256 1440 1295 peculio
1462 1255 1617 1286 astionem
1633 1264 1736 1294 neque
1755 1256 1783 1285 in
1801 1257 1970 1286 manumis-

1101 1300 1166 1332 sum
1185 1324 1194 1339 ,
1226 1307 1330 1334 neque
1354 1298 1382 1328 iri
1407 1305 1478 1326 eum
1506 1298 1555 1326 cui
1583 1297 1717 1336 legatum
1742 1295 1777 1327 fit
1797 1297 1969 1335 peculium.

1101 1343 1185 1382 Ergo
1205 1341 1291 1381 quod
1308 1338 1419 1375 restat,
1446 1338 1525 1381 ulti-a
1543 1338 1653 1376 quaent
1675 1338 1825 1375 Ulpianus
1838 1360 1846 1374 ‚
1870 1347 1907 1368 an
1925 1346 1971 1368 te-

1103 1393 1212 1417 neatur
1233 1381 1345 1413 lieres?
1371 1380 1399 1411 δι’
1416 1379 1604 1419 respondet,
1629 1386 1729 1409 teneri
1754 1387 1794 1409 ex
1814 1377 1968 1409 sententia

1105 1424 1242 1457 Caecilii:
1267 1421 1410 1464 praefati,
1434 1421 1505 1461 quia
1531 1419 1686 1460 peculium
1712 1428 1808 1459 penes
1834 1429 1905 1450 eum
1930 1418 1969 1450 sit

1108 1470 1160 1507 qui
1182 1466 1336 1497 tradendo
1354 1465 1383 1493 id
1401 1472 1416 1492 a
1435 1463 1584 1502 legatario
1603 1462 1631 1492 se
1650 1461 1808 1492 liberavit:
1826 1459 1887 1491 hoc
1902 1459 1969 1498 est,

1109 1509 1179 1549 quia
1204 1509 1274 1537 vice
1300 1505 1416 1543 peculii
1441 1503 1537 1533 habet
1564 1502 1782 1533 liberationem
1809 1502 1903 1540 legati
1930 1501 1970 1531 ad

1108 1550 1195 1589 cujus
1224 1546 1426 1578 traditionem
1451 1554 1490 1574 cx
1514 1542 1701 1574 testamento
1720 1550 1786 1573 erat
1802 1542 1972 1582 obligatus.

1106 1590 1230 1622 Subtile
1250 1588 1331 1624 boc,
1355 1586 1495 1625 inquies,
1521 1584 1571 1615 sed
1591 1583 1811 1616 duriusculum.
1836 1592 1900 1613 non
1919 1591 1973 1613 ne-

1107 1639 1160 1673 gat
1179 1630 1344 1666 Ulpianus:
1363 1636 1474 1658 contra
1492 1625 1621 1664 quaefito
1638 1631 1891 1664 temperamento
1908 1631 1972 1663 quo

1106 1672 1223 1705 molliri
1242 1680 1277 1701 ea
1304 1669 1434 1700 durities
1460 1667 1582 1705 postet,
1605 1675 1669 1697 non
1695 1665 1846 1696 abhorret
1872 1664 1910 1695 ab
1927 1663 1972 1695 in-

1108 1721 1207 1745 vento
1226 1711 1351 1752 Pegasi,
1369 1708 1506 1741 volentis
1518 1732 1527 1747 ,
1544 1707 1694 1738 heredem
1707 1717 1722 1737 a
1733 1707 1883 1747 legatario
1898 1714 1976 1737 con·

1107 1763 1239 1786 ventum
1256 1776 1265 1791 ,
1292 1751 1420 1792 exigere
1443 1750 1628 1780 cautionem
1655 1758 1714 1788 qua
1739 1749 1763 1779 is
1789 1747 1973 1787 promittat,

1108 1797 1259 1828 heredem
1276 1793 1450 1825 defendere
1472 1790 1619 1822 adversus
1635 1789 1830 1827 creditores,
1847 1788 1914 1820 fiab
1929 1789 1975 1819 eis

1108 1836 1328 1869 conveniatur.
1352 1834 1383 1865 id
1402 1832 1577 1864 remedium
1604 1831 1650 1863 his
1666 1832 1849 1862 continetur
1869 1829 1976 1870 Ulpia·-

1108 1880 1140 1910 ni
1157 1877 1278 1909 verbis:
1297 1873 1428 1917 Pegasus
1446 1882 1551 1905 autem
1563 1873 1665 1904 caveri
1677 1872 1783 1903 heredi
1803 1871 1920 1903 debere
1935 1869 1979 1902 ait

1110 1921 1149 1951 ab
1174 1929 1214 1950 eo
1241 1918 1291 1949 cui
1317 1917 1478 1957 peculium
1505 1915 1641 1955 legatum
1666 1913 1719 1945 fit:
1744 1914 1817 1953 quia
1842 1914 1880 1944 ad
1903 1920 1978 1943 eum

1112 1961 1244 1992 veniunt
1261 1959 1311 1999 (id
1328 1958 1390 1996 est,
1404 1957 1512 1988 venire
1532 1955 1677 1996 poss'unt)
1695 1954 1879 1986 creditores.
1902 1952 1980 1985 Hoc

1113 2002 1208 2044 igitur
1231 2001 1373 2032 remedio
1401 1999 1475 2029 licet
1506 1998 1633 2035 heredi,
1663 1995 1717 2027 fibi
1742 1994 1926 2026 consulere:
1955 1992 1979 2026 fi

1114 2051 1188 2075 :inte
1207 2043 1410 2073 traditionem
1434 2039 1474 2070 de
1496 2038 1623 2077 peculio
1647 2037 1681 2068 iit
1701 2047 1716 2068 a
1735 2037 1887 2077 legatario
1903 2044 1980 2066 con-

1114 2092 1239 2116 ventus.
1272 2092 1308 2113 an
1332 2083 1361 2113 ἀ
1386 2080 1455 2121 post
1479 2079 1707 2110 traditionem?
1737 2078 1877 2109 minime.
1901 2075 1978 2115 quid

1115 2135 1192 2167 ergo
1204 2126 1219 2155 ⁸?
1236 2123 1389 2163 Ulpianus
1399 2121 1439 2153 fic
1450 2120 1768 2152 scribit:fitradiderit
1784 2118 1845 2149 sine
1862 2118 1981 2149 cautio-

1115 2177 1172 2204 ne,
1193 2167 1254 2197 erit
1273 2164 1532 2195 conveniendus.
1548 2162 1635 2199 quod
1652 2161 1681 2192 &
1700 2160 1866 2191 Marciano
1883 2158 1982 2191 visum

1115 2209 1133 2239 Ζ,
1151 2212 1196 2241 18.
1215 2207 1252 2238 l).
1271 2207 1304 2236 de
1313 2205 1405 2244 pecul.
1423 2205 1508 2243 legat.
1522 2202 1588 2234 Nifl
1601 2204 1629 2233 &
1650 2210 1715 2233 turn
1734 2209 1892 2232 oneratur.
1916 2199 1980 2231 Sed

1114 2251 1172 2289 jani
1195 2249 1289 2279 habet
1317 2247 1404 2287 quod
1429 2246 1603 2284 imputetur
1619 2243 1673 2282 ipfi
1691 2243 1743 2283 qui
1771 2251 1841 2273 cum
1861 2240 1982 2282 poss'et,

1114 2290 1168 2322 fibi
1180 2289 1283 2320 caveri
1299 2298 1361 2319 non
1374 2289 1515 2318 curavit:
1528 2286 1599 2316 ut&
1612 2285 1684 2315 alibi
1701 2283 1902 2315 observatum
1919 2283 1937 2313 l.
1954 2291 1982 2323 3.

1121 2332 1157 2362 ἶ).
1182 2332 1214 2360 de
1229 2329 1369 2361 immabi.
1389 2328 1425 2363 ἐξ
1440 2328 1458 2358 l.
1475 2338 1503 2359 2.
1522 2327 1554 2357 C.
1572 2330 1605 2357 cle
1621 2327 1712 2356 bered.
1731 2325 1776 2355 vel
1799 2324 1853 2355 aet.
1872 2325 1982 2354 vendit.

1114 2371 1255 2403 Tantum
1276 2372 1314 2402 de
1331 2373 1356 2401 d.
1375 2370 1393 2400 l.
1416 2379 1439 2401 i.
1457 2369 1483 2410 §.
1501 2378 1527 2408 7.
1550 2368 1598 2398 cui
1618 2367 1766 2405 objicitur
1791 2366 1808 2395 l.
1838 2374 1862 2396 1.
1888 2364 1915 2405 §.
1936 2373 1983 2396 10.

1114 2413 1158 2445 D.
1175 2414 1208 2444 de
1222 2414 1279 2444 dot.
1297 2412 1411 2453 praeleg.
1436 2409 1486 2442 sed
1504 2412 1543 2441 de
1559 2409 1618 2440 hac
1634 2407 1676 2440 D.
1695 2406 1838 2446 Cujacius
1855 2406 1883 2437 d.
1901 2406 1951 2437 loc.

871 2495 1335 2533 T1Tutus111.

935 2574 987 2610 De
1005 2575 1035 2608 in
1053 2586 1117 2609 rem
1134 2572 1232 2620 verso.

207 2667 261 2744 S
276 2665 395 2698 ecunda
414 2665 495 2696 aeuo
513 2674 553 2696 ex
570 2665 668 2696 tribus
687 2671 820 2704 quarum
835 2661 992 2703 Ulpianus
1007 2663 1037 2694 iri
1054 2663 1072 2693 l.

289 2707 352 2748 1.§.
368 2716 391 2737 i.
404 2705 440 2735 D.
450 2707 596 2746 depeculio
615 2704 776 2744 meminit,
794 2705 833 2735 de
852 2705 882 2735 in
900 2714 965 2735 rem
985 2703 1075 2735 verso

206 2749 393 2791 appellatur.
417 2746 522 2777 Verba
540 2747 642 2778 Edifti
662 2757 723 2778 non
740 2753 862 2777 extant.
888 2745 1075 2777 sententiam

207 2801 249 2822 ex
265 2791 284 2821 l.
305 2799 332 2822 1.
354 2790 400 2820 D.
425 2785 510 2830 Quod
533 2798 595 2819 cum
626 2797 654 2819 eo
682 2790 733 2829 qui
757 2789 788 2818 in
803 2785 1000 2827 aliempotesl.
1017 2784 1075 2827 est:

205 2831 271 2872 ipse
289 2831 329 2862 sic
354 2832 524 2874 concinno
548 2829 579 2858 Si
605 2839 669 2860 cum
696 2839 724 2859 eo
746 2829 797 2870 qui
815 2830 846 2858 in
861 2828 979 2859 alterius
995 2834 1073 2868 pote-

203 2873 281 2915 state
296 2871 333 2911 est
346 2895 354 2909 ‚
378 2875 522 2911 negotium
540 2867 650 2908 gestum
673 2870 723 2910 effi
744 2872 855 2900 dicetur
871 2892 880 2908 ,
903 2871 935 2900 de
954 2879 983 2899 eo
1003 2869 1076 2910 quod

207 2918 239 2946 i'rz
265 2924 323 2944 rem
349 2913 410 2954 ejus
433 2914 546 2955 versum
571 2911 642 2947 erit,
669 2913 813 2951 judicium
837 2913 915 2942 dabo.
947 2909 1076 2942 Utilitas

206 2957 297 2996 hujus
318 2952 419 2986 Ediffl
437 2949 599 2983 manifesta
623 2950 685 2982 est:
711 2952 850 2983 Praetore
866 2953 894 2982 &
915 2952 965 2983 liic
983 2961 1073 2989 agen-

204 3008 257 3036 te3
281 3006 320 3027 ne
345 2996 413 3035 quis
436 2993 509 3033 juris
536 2990 707 3022 subtilitate
732 3002 804 3024 cuin
822 2994 948 3024 alterius
969 2994 1075 3033 injuria

207 3039 263 3071 fiat
279 3036 473 3076 locupletior
495 3031 641 3064 adversus
665 3034 845 3071 aequitarem
874 3035 1047 3065 naturalem
1063 3056 1073 3072 ‚

205 3081 269 3112 lvit
294 3079 356 3109 huc
381 3075 576 3115 Pomponius
601 3073 684 3111 apud
711 3072 878 3112 Ulpianum
896 3076 914 3106 l.
938 3075 1019 3116 10.§
1047 3084 1073 3114 7.

208 3122 256 3153 D.
275 3121 301 3151 b.
321 3127 341 3149 ι,
362 3119 513 3154 testatus,
537 3115 636 3146 videri
656 3114 807 3144 creditori
828 3114 903 3144 servi
925 3116 983 3146 hac
1000 3116 1073 3147 affi-

208 3171 271 3193 one
294 3160 441 3191 adversus
466 3158 588 3188 lucrum
613 3155 731 3188 domini
758 3153 956 3185 subventum.
989 3157 1074 3187 casus

207 3204 370 3244 elegantes
387 3198 566 3240 suppeditat
581 3195 738 3239 Ulpianus
751 3195 771 3228 l.
791 3204 817 3228 1.
830 3201 876 3236 pr.
895 3194 922 3235 §.
946 3204 973 3227 1.
992 3195 1029 3231 δέ
1045 3207 1073 3230 2.

1119 2663 1147 2695 h.
1165 2668 1185 2693 t.
1203 2661 1255 2702 qui
1280 2658 1404 2701 possunt
1431 2658 1473 2689 ibi
1492 2657 1610 2690 videri:
1636 2657 1706 2690 sunt
1722 2658 1805 2689 enim
1824 2654 1985 2696 perscripti

1119 2704 1261 2744 pluribus
1283 2701 1406 2739 verbis,
1430 2709 1522 2739 quam
1547 2707 1580 2730 ut
1605 2700 1712 2731 lubeat
1740 2698 1791 2729 liic
1813 2705 1985 2739 apponere.

1161 2744 1260 2785 Igitur
1284 2742 1453 2783 pollicetur
1477 2741 1597 2773 Praetor
1623 2741 1777 2772 actionem
1802 2741 1841 2771 de
1865 2740 1894 2770 in
1918 2746 1985 2769 rem

1120 2786 1228 2818 verso:
1252 2783 1273 2816 fi
1298 2783 1461 2822 negotium
1487 2781 1608 2822 gestum
1633 2782 1668 2813 sit
1684 2790 1757 2812 curn
1775 2790 1813 2811 eo
1830 2781 1880 2821 qui
1900 2780 1930 2810 in
1945 2778 1986 2809 al-

1123 2827 1219 2859 terius
1242 2824 1400 2866 potestate
1424 2822 1477 2854 est.
1501 2825 1529 2854 ὅ(
1556 2822 1626 2862 quia
1651 2832 1714 2854 non
1731 2823 1816 2853 addit
1835 2821 1984 2853 verbum:

1122 2870 1228 2907 placet
1253 2867 1390 2902 Ulpiano
1414 2864 1483 2904 post
1508 2865 1722 2902 Pomponium
1748 2864 1766 2893 l.
1783 2862 1847 2904 5.§
1877 2871 1901 2893 1.
1918 2864 1944 2891 h.
1961 2865 1983 2890 t.

1119 2909 1184 2942 five
1198 2915 1299 2940 ratum
1317 2907 1431 2937 babeat
1455 2906 1654 2937 contratrum
1679 2905 1821 2937 dominus
1837 2910 1985 2944 paterve,

1123 2951 1186 2982 sive
1202 2958 1283 2981 non:
1300 2951 1340 2979 de
1358 2949 1388 2978 in
1407 2957 1472 2978 rem
1492 2947 1579 2978 verso
1595 2945 1655 2977 effe
1673 2947 1843 2977 afflonem.
1867 2944 1986 2973 Praeter

1120 2992 1201 3023 hanc
1221 2988 1495 3027 observationem,
1519 2989 1562 3019 est
1580 2988 1609 3018 δι
1626 2988 1739 3018 altera:
1763 2985 1847 3025 quod
1865 2983 1987 3015 Praetor

1119 3030 1273 3065 actionem
1298 3031 1337 3061 de
1360 3030 1390 3060 in
1413 3040 1479 3061 rem
1507 3028 1595 3060 verso
1618 3029 1743 3068 quidem
1763 3023 1941 3066 promittit,
1964 3019 1987 3052 fi

1119 3076 1282 3115 negotium
1298 3070 1420 3112 gestum
1436 3071 1471 3102 fit
1487 3079 1559 3101 cum
1577 3079 1617 3100 eo
1635 3069 1687 3110 qui
1704 3069 1732 3099 in
1751 3066 1876 3100 alterius
1893 3070 1988 3108 ’pote-

1119 3116 1196 3147 state
1213 3114 1277 3154 est,
1301 3113 1340 3143 ab
1356 3121 1461 3152 eoque
1487 3111 1605 3151 aliquid
1628 3110 1664 3141 fit
1688 3110 1717 3139 in
1736 3115 1801 3138 rem
1820 3114 1916 3146 patris
1933 3110 1987 3148 auc

1119 3156 1239 3189 domini
1260 3153 1391 3186 versum.
1406 3160 1437 3184 at
1455 3153 1494 3184 de
1512 3152 1643 3184 homine
1661 3149 1780 3184 libem,
1798 3147 1848 3187 qui
1871 3143 1988 3185 aliquid

1118 3198 1252 3232 verterit
1268 3195 1300 3230 in
1315 3203 1381 3229 rem
1391 3194 1519 3228 alterius
1536 3194 1568 3225 in
1578 3191 1665 3231 cujus
1676 3187 1832 3230 potestate
1854 3196 1916 3220 non
1924 3183 1989 3258 ‘sigi
