2108 3479
577 131 746 175 VITA
798 126 843 167 v.
896 127 932 162 C.
988 123 1291 162 GERARm
1343 115 1590 159 Noon'r.

198 221 326 257 Primus
348 212 528 265 JUSTUS
555 210 747 251 LIPSIUS,
776 203 900 252 rejetta
931 201 1090 237 sententia
1123 199 1274 247 vulgari,
1301 198 1457 245 opinatus
1479 198 1554 241 est,
1593 195 1763 246 Epis‘lolar.
1799 197 1919 233 Centur,
1950 194 1974 233 {2

197 272 240 306 ad
264 269 395 314 Belgas,
424 262 527 310 Epist.
555 257 732 295 LXXXV.
759 255 792 289 id
818 251 946 292 ,fadum
982 248 1078 283 fnisse
1101 249 1237 283 demum
1267 249 1306 282 ab
1344 248 1608 291 imperatoribus
1636 248 1869 288 Valentiniano,
1911 248 1973 282 Va*>

199 319 279 353 {ente
325 314 360 350 ὅτ.
384 314 548 352 Gratiano,
577 315 717 353 quornm
739 299 1008 337 Constitutiones
1034 299 1066 332 in
1097 305 1237 343 utroque
1262 295 1452 339 CODICE,
1488 296 1525 332 ἃ
1555 294 1775 341 Theodrfiam,
1806 294 1842 329 &
1871 295 1980 342 ᾗχι-βξ-

201 344 307 403 rziane’o
366 362 534 407 leguntur.
582 354 646 389 Sed
675 350 804 386 Nostro
837 358 903 383 non
929 346 1109 380 videbatur
1134 342 1199 379 Vir
1231 344 1471 379 Eruditifflmus
1502 356 1572 380 rem
1597 345 1672 380 satis
1701 344 1735 379 in
1768 353 1886 390 aperto
1918 354 1982 388 po·

202 390 462 453 suiffe,’nedum
487 400 671 441 absolvisse.
724 397 847 433 Voluit
873 394 972 440 igitur
998 404 1235 439 argumentum
1266 394 1362 439 plene
1389 392 1545 439 exsequi,
1576 393 1617 428 iis
1641 392 1800 428 omnibus
1827 389 1982 427 adhibitis

202 459 347 497 subsidiis
363 482 375 499 ,
401 465 474 502 quae
500 464 542 488 ex
569 451 686 486 intima
711 443 978 494 Jurisprudentia
1001 442 1070 487 peti
1100 440 1257 486 possunt,
1283 440 1394 488 qualia
1423 440 1528 488 Lipfio
1560 453 1628 477 non
1653 441 1700 477 ita
1725 442 1760 477 in
1784 450 1921 487 promtu
1946 451 1981 475 e-b

201 518 285 544 rant.
336 505 460 550 Neque
485 500 575 536 enim
607 495 736 532 Noster
764 492 855 528 ullibi
881 491 984 533 dixit,
1012 499 1069 524 aut
1095 490 1225 533 innuit,
1256 488 1315 525 fibi
1338 489 1450 536 primo
1475 490 1510 524 in
1536 500 1687 526 mentem
1716 488 1842 526 venisse
1865 489 1909 524 de
1935 488 1984 524 se-

200 556 282 593 riori
306 553 362 589 illo
390 559 543 594 tempore
562 574 571 588 ‚
603 557 669 592 quo
697 543 836 588 putabat
862 539 1005 585 Legibus
1032 539 1183 573 eo'e‘rceri
1210 548 1359 583 coeptam
1387 537 1451 573 esse
1474 537 1644 575 Infantum
1672 537 1921 585 expositionem
1945 535 1985 573 &

200 614 331 642 necem.
382 600 494 633 Immo
519 595 640 630 diserte
672 593 743 638 Cap.
772 590 830 624 IX.
860 589 915 622 ubi
941 587 1008 634 agit
1040 587 1082 621 de
1115 587 1155 622 L.
1184 592 1214 625 8.
1244 588 1274 621 C.
1304 587 1357 621 Ad
1381 587 1497 632 Legem
1524 588 1637 623 Cornel.
1670 588 1705 622 de
1730 588 1828 622 Sicar.
1863 594 1984 619 monet

201 652 383 690 Lediwres,
419 658 512 682 unum
537 644 671 680 omnium
697 641 806 687 optime
838 635 879 676 &³
912 634 1065 683 veriffivw
1080 633 1299 681 subodoratum
1327 634 1382 681 ff
1414 634 1453 671 V.
1481 636 1524 671 CI.
1551 635 1755 682 JUSTUM
1778 633 1988 670 LIPSJUM

203 701 300 735 Cent.
326 698 351 732 1.
380 696 420 731 ad
445 694 581 740 Belgas,
608 688 711 735 Epist.
738 691 793 729 85.
821 686 863 720 ad
891 683 1056 730 Infinitum
1093 682 1305 730 expositionem
1333 685 1449 731 Legem
1483 685 1567 719 illam
1588 687 1760 730 pertinere3
1783 683 1844 729 sed
1862 690 1986 717 tantum

194 746 414 798 subodoratum
430 742 497 779 ἃς.
551 739 650 774 Unde
677 738 752 771 luce
779 733 961 769 meridiana
983 732 1103 768 clarius
1129 732 1198 775 est,
1224 731 1362 767 noluisse
1392 743 1470 767 eum
1499 733 1557 768 fibi
1577 733 1637 769 soli
1665 733 1697 768 id
1720 732 1915 773 vindicare,
1942 731 1986 766 de

204 807 272 844 quo
299 794 354 828 vel
382 804 424 828 ex
452 789 552 837 ipsius
579 786 784 822 indicatione
814 782 925 817 statim
959 780 1030 816 falsi
1061 781 1158 828 argui
1186 780 1345 826 potuerit.
1405 780 1447 815 Et
1472 781 1494 816 si
1530 783 1585 817 vel
1619 782 1768 816 maxime
1792 778 1928 827 gloriari
1955 778 1989 814 ei

202 842 343 881 libuisset
367 841 480 875 alienis
506 835 624 878 bonis,
659 833 750 880 quod
779 841 892 867 tamen
917 842 935 865 a
965 831 1114 865 moribus
1140 829 1241 875 ipsius
1265 828 1495 865 alienissimum
1521 840 1593 865 erat
1614 842 1622 866 :
1656 842 1696 866 an
1728 829 1793 865 ulla
1816 828 1888 874 spes
1909 827 1990 863 fuis-

202 894 251 930 set
273 888 452 936 probabilis
477 884 606 921 celandi
631 882 733 923 furti,
760 881 841 915 dum
867 879 902 914 in
929 879 1083 914 omnium
1111 879 1263 914 manibus
1290 878 1460 913 versantur
1488 879 1603 926 Opera
1636 878 1762 925 Lipfii‘?
1789 877 1989 924 Indulgeant

202 948 366 988 quantum
399 936 479 971 libet
499 931 638 968 sinistris
666 929 923 978 suspicionibus,
952 928 1006 974 qui
1022 926 1152 962 Nostro
1177 938 1245 961 non
1273 927 1358 962 bene
1379 927 1519 963 volunt:
1547 927 1620 963 satis
1646 937 1742 975 aequo
1769 925 1907 961 Lectori
1929 936 1990 971 pa-

203 998 269 1031 tet,
297 997 375 1022 eum
404 984 437 1021 id
461 983 559 1018 unice
588 978 706 1027 egisse,
733 989 769 1013 ut
794 977 849 1019 iis,
876 987 950 1023 quae
975 988 993 1011 a
1018 974 1122 1022 Liplio
1152 975 1242 1011 dieta
1261 985 1377 1019 erant,
1406 975 1627 1024 nec-semper
1652 975 1726 1011 satis
1752 984 1830 1021 apta
1857 983 1989 1010 autex-

201 1037 347 1085 plicata,
374 1032 509 1069 adderet
535 1027 693 1076 quidquid
721 1040 740 1063 e
764 1036 854 1072 penu
886 1025 943 1060 suo
968 1024 1172 1071 depromere
1197 1033 1334 1069 poterat
1352 1050 1363 1067 ,
1406 1024 1447 1059 ad
1473 1020 1674 1059 firmandam
1699 1023 1736 1059 ἃ
1763 1024 1861 1070 plene
1884 1021 1990 1058 eluci-

203 1084 348 1121 dandam
381 1081 460 1117 Viri
483 1076 700 1114 Eruditiffimi
731 1074 948 1116 sententiam,
977 1084 1078 1120 quam
1097 1100 1107 1116 ,
1144 1073 1253 1119 quoad
1279 1073 1445 1108 summam
1472 1072 1538 1116 rei,
1573 1072 1748 1118 amplexus
1778 1081 1859 1108 erat.
1911 1069 1991 1105 Edi-

203 1142 276 1170 tum
306 1130 355 1167 est
381 1130 478 1175 Opus
502 1138 590 1162 anno
615 1125 781 1172 sequenti,
818 1121 993 1158 millesimo
1013 1120 1311 1169 septingentesimo
1327 1148 1338 1165 ,
1369 1122 1761 1168 Lugduni-Batavorum,
1788 1132 1830 1155 ex
1855 1119 1993 1154 officina

205 1181 344 1229 Joanm's
372 1190 436 1214 van
459 1178 510 1212 der
537 1176 678 1219 Lindon,
705 1171 854 1221 Junioris
871 1199 880 1215 ‚
915 1171 983 1206 hoc
1007 1170 1122 1206 titulo:
1157 1171 1325 1217 JULIUS
1349 1168 1558 1212 PAULUS,
1592 1168 1662 1215 five
1685 1170 1718 1204 a’e
1742 1169 1858 1204 Parrus
1877 1167 1993 1214 expoli-

206 1233 285 1265 tione
310 1226 352 1268 &2⁹
375 1239 443 1263 nece
468 1226 549 1272 apud
574 1225 719 1267 Veteres,
749 1223 844 1257 Liber
872 1221 1059 1266 Singularis.
1108 1219 1188 1254 Ideo
1211 1228 1324 1254 autem
1349 1217 1476 1254 Noster
1500 1218 1626 1265 Julium
1651 1218 1787 1253 Paulum
1809 1215 1997 1262 inscripsit,

205 1277 365 1325 quoniam
391 1287 433 1311 ex
457 1275 553 1320 hujus
576 1270 809 1319 Jurisconsulti
835 1269 1045 1316 fragmento,
1080 1268 1113 1303 in
1142 1268 1315 1303 Pandel‘ias
1348 1268 1455 1303 relato
1471 1294 1480 1309 ‚
1518 1267 1729 1314 praecipuum
1754 1273 1994 1313 argumentum

203 1326 277 1373 peti
302 1322 472 1361 sententiae
499 1321 629 1368 vulgari
653 1319 829 1355 firmandae
855 1317 1087 1354 existimabat:
1115 1317 1156 1352 de
1180 1327 1247 1362 quo
1274 1325 1388 1352 tamen
1413 1314 1599 1352 refellendo
1625 1327 1667 1351 ne
1687 1315 1901 1362 cogitaverat
1924 1313 1997 1360 qui-

205 1375 284 1411 dem
312 1372 445 1420 Lipfius.
497 1371 601 1406 Porro
619 1395 628 1410 ,
655 1379 729 1416 quae
746 1367 853 1403 caussa
884 1379 962 1403 eum
989 1366 1029 1401 ad
1055 1365 1266 1401 scribendum
1287 1365 1488 1410 impulerat,
1520 1363 1638 1401 eadem
1665 1363 1767 1406 fecit,
1794 1372 1830 1399 ut
1855 1362 1995 1397 Librum

205 1423 376 1459 dedicaret
404 1420 530 1456 Uxoris
561 1418 728 1454 deftrnkiae
758 1416 890 1456 Fratri,
927 1414 1018 1449 Viro
1049 1413 1261 1460 Amplisfimo
1297 1412 1516 1449 NICOLAO
1539 1410 1739 1448 THOMAE
1764 1411 1874 1448 VAN
1898 1410 1999 1445 DER

205 1470 378 1508 MARCK
403 1468 513 1505 VAN
542 1467 696 1508 LEUR,
726 1465 837 1500 Libero
863 1462 904 1503 ἐξ
928 1464 1126 1498 Hereditario
1154 1463 1265 1498 Leurae
1293 1461 1478 1507 Toparchae,
1515 1459 1764 1508 Jurisconsulto,
1797 1460 1839 1495 ad
1863 1460 1907 1494 D.
1933 1459 1998 1505 Jo-

209 1521 318 1556 hannis
343 1518 544 1565 UltraJ'ec‘Zino
567 1516 713 1550 canonico
730 1540 741 1557 ‚
769 1514 912 1548 Civitatis
937 1510 1221 1546 Schoonoviensis
1242 1512 1382 1547 Senatorz·
1403 1508 1445 1551 ἐξ
1463 1510 1618 1558 Coasulari
1638 1510 1681 1544 ad
1700 1509 1821 1556 IllusZr.
1850 1505 1892 1547 δὲ)
1909 1508 1999 1543 Prae-

203 1575 320 1617 potent.
345 1566 491 1602 Holland.
518 1565 671 1600 Ordinnm
701 1563 832 1598 Comitia
854 1562 1016 1607 Delegato.
1067 1560 1117 1595 En
1145 1559 1318 1606 quomodo
1340 1560 1428 1606 apud
1453 1558 1602 1595 adfinem
1623 1558 1696 1593 vim
1721 1557 1867 1600 doloris,
1893 1567 1999 1592 cona-

209 1628 281 1652 tum
308 1615 404 1651 simul
426 1615 497 1661 ejus
525 1625 591 1660 ope
614 1612 752 1647 rationis
780 1610 944 1653 leniendi,
972 1608 1135 1654 aperiret,
1163 1608 1276 1643 verbis
1303 1608 1440 1644 intimos
1462 1608 1565 1644 animi
1591 1604 1735 1643 recessus
1752 1604 1999 1653 pandentibus,

208 1665 248 1701 ἃ
272 1665 312 1702 ab
337 1664 431 1699 omni
458 1662 541 1698 suco
574 1661 701 1696 alienis.
754 1679 779 1703 ,ᾗ
808 1659 903 1705 Ego,
940 1668 1014 1704 quae
1044 1666 1143 1693 antea
1167 1656 1256 1692 edidi
1280 1655 1420 1692 diversis
1450 1655 1659 1703 temporibus
1679 1681 1690 1700 ,
1724 1656 1851 1691 laetiore
1884 1654 1999 1690 animo

210 1742 232 1759 „
257 1712 379 1759 scripsi.
433 1711 550 1747 Stabat
574 1711 666 1745 enim
690 1709 821 1754 integra
843 1708 963 1743 domus
992 1717 1088 1749 mea,
1130 1703 1220 1741 salva
1244 1705 1397 1753 Conjuge
1418 1713 1515 1748 mea,
1546 1706 1600 1741 illa
1621 1703 1808 1740 suaviffima
1832 1702 1870 1738 <St
1893 1703 1999 1745 vitae‚

207 1783 237 1809 -,,
262 1761 298 1798 &
321 1760 507 1797 studiorum
541 1769 694 1794 meorum
716 1785 725 1800 ,
762 1757 862 1791 socia.
916 1756 1040 1790 Sorore
1064 1764 1122 1789 tua
1147 1765 1307 1801 germana
1324 1780 1335 1799 ‚
1368 1755 1451 1790 Sara
1488 1752 1601 1789 Maria
1627 1765 1691 1789 van
1717 1750 1769 1789 der
1797 1752 1912 1788 Marck
1937 1762 2002 1785 van

211 1837 235 1857 ,‚
262 1811 365 1854 Leur,
392 1809 531 1845 foemina
552 1805 751 1842 sanctissima
768 1832 777 1848 ‚
813 1804 851 1839 &
873 1803 1003 1838 cunetis
1029 1802 1212 1838 virtutibus
1239 1813 1311 1849 quae
1337 1802 1371 1838 in
1395 1802 1575 1838 amabilem
1607 1801 1724 1837 sexum
1752 1801 1876 1836 cadunt
1900 1811 2000 1835 orna-

211 1888 235 1905 „
262 1858 391 1894 tiffima.
443 1857 527 1892 Non
557 1855 627 1890 sum
651 1853 846 1889 ambitiosus
873 1851 1047 1886 infortunii
1069 1851 1136 1886 mei
1163 1849 1366 1894 aestimator3
1393 1861 1457 1886 nec
1485 1849 1534 1885 est
1560 1849 1644 1884 mihi
1663 1850 1813 1891 animus,
1842 1847 2001 1883 incende-

266 1919 302 1942 re
329 1906 456 1940 doloris
482 1902 605 1937 causas.
658 1902 764 1935 Silere
791 1909 903 1934 tamen
930 1900 990 1932 vix
1017 1898 1169 1946 possum,
1197 1909 1273 1931 eam
1299 1908 1422 1941 praeter
1446 1907 1585 1932 caeteras
1611 1897 1715 1932 animi
1738 1897 1856 1940 dotes,
1884 1896 2001 1943 quibus

266 1953 431 1993 effloruit,
459 1949 630 1992 castitate,
656 1947 744 1989 fide,
771 1945 976 1981 verecundia
995 1971 1004 1985 ,
1032 1944 1216 1986 modestia,
1242 1945 1425 1987 comitate,
1454 1945 1715 1987 benevolentia,
1747 1944 2000 1991 incomparabi-

215 2032 240 2050 ‚,
268 2003 333 2038 lem
356 2000 472 2041 fuiss'e3
499 1998 660 2043 denique,
689 2007 762 2041 quae
786 1997 868 2029 vera
899 1992 1094 2038 perhibetur
1122 1991 1292 2034 amicitia,
1318 1992 1423 2034 nihil,
1452 1992 1510 2028 nifi
1536 1992 1627 2038 quod
1654 2003 1720 2039 ego
1747 1992 1873 2028 vellem
1892 2019 1902 2035 ,
1936 2004 1999 2028 vo-

215 2080 241 2099 „
268 2050 377 2092 luiffe,
408 2047 511 2090 nihil,
537 2045 596 2081 nisi
618 2046 707 2092 quod
732 2055 796 2090 ego
825 2042 965 2083 nollem,
993 2039 1148 2076 noluiffe:
1176 2040 1317 2086 perinde
1339 2039 1428 2087 quasi
1453 2052 1520 2076 uno
1545 2040 1661 2087 spiritu
1681 2041 1852 2088 utriusque
1875 2052 1999 2087 corpus

216 2129 243 2147 ‚,
269 2108 451 2146 regeretur.
502 2095 590 2138 Sed,
618 2105 684 2140 quo
709 2092 840 2139 longius
867 2101 1005 2125 omnem
1029 2088 1145 2125 animo
1170 2088 1340 2135 superavit
1357 2089 1506 2132 laudem,
1534 2101 1576 2124 eo
1600 2089 1697 2124 altius
1717 2090 1909 2134 penetravit
1926 2090 2002 2125 vul-

270 2159 351 2191 nus,
379 2145 467 2193 quod
494 2144 566 2190 ejus
585 2152 718 2183 morte,
747 2151 814 2176 tam
836 2139 1018 2185 insperata,
1047 2148 1116 2172 tam
1144 2137 1341 2179 immatura,
1370 2148 1438 2174 tam
1461 2137 1584 2180 subita,
1613 2138 1743 2183 pridem
1776 2138 1859 2174 mihi
1882 2137 1936 2174 vis
1954 2139 2001 2174 di-

216 2226 241 2243 „
271 2196 350 2231 vina
374 2194 512 2230 inflixit:
541 2191 687 2238 prorsus,
716 2199 753 2223 ut
774 2201 829 2224 me
850 2188 918 2234 jam
947 2187 1064 2221 nullius
1090 2185 1235 2221 fortunae
1259 2186 1467 2233 benignitate
1482 2187 1643 2232 deinceps
1663 2186 1800 2222 felicem
1814 2185 1901 2223 effici
1921 2199 2000 2233 pos-

215 2273 240 2292 „
266 2246 298 2281 se
321 2243 557 2279 existimarem.
611 2240 662 2274 Ut
686 2248 799 2273 tamen
824 2248 880 2272 me
905 2236 1076 2276 levarem3
1103 2235 1217 2281 (quod
1242 2234 1398 2271 suadebat
1423 2235 1530 2278 ratio,
1566 2235 1604 2271 ὅς
1634 2235 1742 2282 pietas
1767 2246 1868 2282 quam
1893 2236 2002 2272 unicae

217 2323 243 2340 „
270 2294 434 2329 debebam
461 2290 561 2331 filiae,
589 2288 620 2323 in
645 2298 730 2333 qua,
759 2298 821 2332 pro
846 2284 951 2319 modo
981 2283 1104 2326 aetatiS,
1137 2294 1278 2329 apparet
1302 2284 1430 2320 indoles
1455 2284 1613 2328 virtutis,
1648 2282 1686 2319 &
1708 2283 1849 2319 materni
1874 2284 2001 2331 ingenii

218 2371 243 2387 „
271 2338 537 2386 simulachrum)
581 2337 789 2382 praecipnum
819 2334 853 2369 in
882 2331 1028 2368 adversis
1053 2331 1240 2367 remedium
1261 2359 1271 2376 ‚
1307 2333 1524 2368 humanitatis
1547 2331 1680 2374 studia,
1718 2332 1852 2368 adhibui
1879 2331 1948 2368 &c.
1977 2359 2000 2378 „

218 2393 360 2427 Ferreus
387 2387 506 2429 fuerit,
536 2386 590 2432 qui
621 2385 693 2419 haec
725 2383 869 2430 legendo
893 2393 959 2416 non
987 2390 1201 2416 moveretur:
1225 2380 1263 2416 <Sc
1286 2382 1399 2417 omnis
1425 2381 1557 2417 virtutis
1578 2392 1720 2427 expers,
1752 2381 1808 2428 qui
1830 2392 1899 2416 non
1921 2392 2001 2428 pro-

218 2451 282 2476 nus
311 2436 394 2474 esset
420 2437 460 2471 ad
486 2434 687 2471 laudandum
720 2432 756 2468 ἅ
779 2430 963 2466 amandum
985 2430 1110 2464 Virum
1137 2429 1241 2464 etiam
1263 2430 1526 2477 ign0tiffitnum,
1553 2431 1611 2477 qui
1639 2440 1708 2466 tam
1735 2429 1909 2465 honestam
1931 2430 2002 2466 ani-

219 2490 267 2524 mi
290 2485 517 2522 adfettionem
546 2484 591 2517 ita
616 2482 741 2516 vividis
771 2479 941 2515 coloribus
965 2477 1134 2523 depictam
1163 2477 1198 2513 in
1224 2489 1341 2524 aperto
1367 2489 1522 2525 poneret.
1581 2478 1634 2513 Eo
1657 2479 1769 2514 minus
1794 2488 1905 2513 autem
1934 2491 2001 2526 ego

217 2537 376 2572 omittere
401 2533 499 2567 debui
524 2531 588 2566 tale
615 2530 784 2576 specimen
808 2528 947 2575 optimae
977 2528 1010 2562 in
1040 2525 1170 2561 Nostro
1197 2536 1348 2568 naturae,
1383 2528 1472 2575 quod
1498 2528 1553 2563 ille
1572 2555 1582 2570 ‚
1619 2527 1655 2562 in
1680 2538 1817 2574 utraque
1844 2527 1998 2573 Operum

219 2586 354 2621 suorum
384 2580 603 2621 collectione,
640 2579 712 2613 hfec
738 2578 843 2613 verba
870 2576 1036 2618 omiserit,
1072 2573 1222 2621 Epistola
1248 2576 1465 2611 Dedicatoria
1489 2577 1522 2612 in
1552 2575 1700 2611 formam
1724 2575 1932 2611 Praefationis
1958 2575 2000 2610 ad

221 2632 402 2668 Lektorem
430 2637 673 2664 transmutata:
702 2625 988 2674 quemadmodum
1014 2624 1093 2659 alias
1121 2634 1248 2670 paucas
1274 2625 1516 2662 Dedicationes
1537 2634 1595 2661 aut
1616 2625 1663 2660 ita
1685 2623 1925 2671 interpolavit,
1943 2633 2001 2660 aut

220 2694 241 2718 e
256 2690 334 2717 ecit.

240 2694 430 2764 ¹¹Successit
454 2725 542 2770 Jalio
564 2725 682 2766 Paulo,
707 2722 783 2769 post
804 2722 1078 2769 quadriennium,
1107 2721 1472 2759 D10CLETIANUS
1498 2721 1565 2758 ET
1591 2721 1934 2763 MAXIMIANUS,
1957 2719 2001 2769 fi·

222 2790 259 2815 ve
288 2778 322 2812 de
347 2775 561 2811 Transaaione
585 2771 626 2812 δέ)
653 2774 796 2808 Ραὲἳὶοηε
830 2772 997 2806 Crimiizum
1029 2772 1124 2806 Liber
1147 2771 1341 2817 Singularis:
1375 2772 1408 2807 in
1430 2783 1498 2818 quo
1520 2771 1622 2808 etiarn
1649 2782 1798 2807 errorem
1825 2770 2002 2817 vulgarem

223 2825 364 2867 refellit,
392 2824 433 2858 de
458 2823 548 2858 licita
574 2823 658 2857 inter
684 2820 921 2854 Accusator-em
940 2844 951 2863 ‚
984 2819 1020 2854 ἃ
1043 2819 1155 2854 Reum
1181 2820 1332 2855 criminis
1363 2820 1537 2867 capitalis,
1575 2821 1665 2868 quod
1691 2819 1811 2855 mortis
1845 2818 2005 2855 naturalis

224 2884 361 2921 poenam
383 2872 530 2918 ingerat,
558 2869 716 2915 pactione
739 2868 775 2903 δι
801 2868 1036 2903 [Γαηεᾶὲὶίοηε.
1086 2868 1284 2915 Inscriptum
1308 2879 1440 2916 quoque
1458 2870 1554 2915 Opus
1579 2868 1716 2904 nomine
1733 2870 2001 2912 Imperatorum,

223 2936 268 2959 ex
296 2932 437 2968 quorum
464 2930 532 2953 uno
554 2919 751 2963 Refer-imo,
781 2927 959 2961 perperam
986 2915 1177 2958 intellecto,
1206 2917 1279 2952 talis
1303 2917 1392 2964 paffl
1410 2917 1564 2953 validitas
1589 2917 1674 2953 inter
1700 2917 1917 2964 transigentes
1933 2916 2003 2951 col·

226 2972 335 3017 ligunt
360 2970 572 3013 Interpretes.
600 2968 692 3002 Idem
710 2963 922 3011 Lugdzmenfls
941 2965 1127 3010 Bibliopola
1151 2965 1324 3001 Fredericus
1343 2966 1487 3014 Haring,
1513 2966 1569 3012 qui
1588 2967 1812 3001 Diocletianum
1832 2963 1874 3005 ὅ)
1889 2965 2001 2999 Maxi-

226 3022 362 3053 mianum
384 3017 473 3064 typis
497 3016 688 3058 mandarat,
718 3013 896 3050 Probabilia
919 3014 1014 3059 Juris
1032 3039 1041 3055 ,
1075 3024 1153 3047 cum
1180 3014 1319 3050 adnexis
1343 3014 1454 3050 Libris
1480 3014 1609 3051 recudit
1632 3014 1735 3050 Anno
1767 3014 1863 3061 hujus
1889 3012 2001 3047 Saecu-

227 3067 251 3103 li
297 3068 399 3100 uinto.

274 3079 358 3148 cilinc
384 3112 453 3157 ipso
483 3112 585 3148 Anno
617 3111 740 3147 iterum
769 3110 966 3146 Academiae
999 3110 1309 3156 Lugduno-Batavae
1339 3108 1575 3157 Magistratum
1606 3110 1701 3159 geffit
1727 3108 1875 3146 Noster:
1902 3119 2004 3154 quem

228 3163 402 3207 deponens
427 3161 527 3195 Anno
555 3159 730 3195 millesimo
759 3157 1052 3206 septingentesimo
1079 3158 1192 3202 sexto,
1216 3160 1418 3195 Orationem
1441 3159 1557 3196 habuit
1578 3162 1628 3197 De
1651 3159 1810 3205 Religione
1834 3160 1875 3195 ab
1899 3158 2003 3204 Impe-

227 3213 290 3254 rio,
318 3210 401 3257 Jure
430 3208 590 3253 Gentium,
616 3209 721 3253 libera.
773 3208 895 3252 Hanc,
922 3205 959 3243 &
984 3207 1152 3254 priorem,
1180 3208 1229 3244 De
1254 3208 1338 3256 Jzere
1358 3208 1478 3245 Summi
1502 3210 1631 3257 Imperii
1647 3207 1716 3245 διε.
1744 3218 1831 3258 eg0,
1859 3205 2003 3255 dignissi-

1929 3265 2004 3292 mas

214 1935 239 1953 2,

214 1983 239 2002 99

216 2177 242 2195 :a
