2036 3495
238 126 255 140 .
479 110 546 147 An
572 108 664 144 Lis.
693 105 808 143 XVII.
844 103 946 141 Tir.
974 102 1000 139 1.
1029 102 1183 141 Mandati
1196 104 1247 142 vel
1260 112 1380 143 contra.

35 212 84 239 tet
104 204 166 238 esse
187 204 322 236 ideonea
339 201 378 235 ad
391 199 614 244 explicandum
632 196 813 230 mandantis
832 202 910 226 con-

35 247 168 280 sensum.
191 246 262 277 talia
281 244 360 282 esse,
386 243 429 275 ait
444 242 558 277 Paulus
574 241 602 271 d·
623 239 642 269 l·
666 247 691 270 1·
708 238 738 280 §·
757 248 785 270 2·
805 245 909 283 rogo,

36 290 115 321 volo
134 312 144 328 ‚
175 288 270 319 etiam
305 286 433 318 mando.
466 291 536 315 nam
560 281 610 313 vel
640 279 706 311 hoc
729 287 909 326 precarium

35 332 171 363 verbum
188 328 241 361 est.
264 327 333 359 sane
357 327 441 367 apud
464 321 631 363 Virgilium
655 322 703 366 tia.
730 324 760 352 6.
788 320 909 366 Aeneid.

35 373 110 410 vers.
135 374 199 404 116.
214 369 278 408 est„
296 369 395 401 orans
410 368 549 399 mandata
566 365 664 394 dabat.
687 363 772 394 idem
789 362 852 408 elle
867 368 911 407 ait

34 408 150 446 Paulus
170 410 241 453 d.,§.
260 421 288 443 2.
304 410 324 442 fi
342 411 403 441 alio
413 414 617 448 quocumque
638 405 738 449 verbo
755 401 911 443 scripserit

35 454 118 495 quis.
144 451 252 497 Quid,
277 451 296 484 fi
314 451 380 482 usus
400 449 435 481 sit
460 447 708 478 commendandi
724 446 841 476 verbo:
865 450 911 476 ta-

35 497 98 529 lem
110 498 214 527 amico
231 493 368 525 scribens
384 488 567 530 epistolam:
584 487 679 529 Rogo
696 494 728 518 te
744 494 911 531 commen·

36 538 147 570 datum
179 535 295 567 habeas
319 531 485 564 Sextilium
539 528 749 560 Crescentem
774 535 912 559 amicum

33 587 154 611 meum.
179 575 327 616 Ulpianus
352 574 371 604 l.
400 581 445 604 12.
469 571 497 612 §.
520 579 566 603 12.
586 571 614 602 h.
632 577 654 602 t.
673 580 737 601 non
757 569 911 614 obligabi-

33 627 105 659 tur,
131 616 248 659 inquit,
272 616 428 647 mandati:
454 613 526 652 quia
547 612 795 654 commendandi
815 619 911 651 magis

33 659 173 693 hominis
190 682 199 697 ‚
231 666 324 697 quam
360 652 529 687 mandandi
548 677 559 694 ,
588 653 679 685 causa
713 654 826 693 scripta
839 652 910 698 μὶ.

35 701 136 745 Quod
159 699 278 741 probo:
309 697 354 729 est
372 697 457 730 enim
481 696 588 735 aliud,
613 696 783 734 mandare3
807 693 910 739 aliud,

35 742 272 775 commendare.
297 740 445 770 mandare
469 737 533 777 est,
556 738 765 770 committere
785 742 911 777 negoti-

38 794 90 816 um
110 783 164 814 suo
182 781 327 823 periculo
345 781 540 822 gerendum:
564 787 598 810 ut
617 780 648 810 in
665 780 691 810 a'.
709 779 728 809 l.
748 787 794 810 12.
808 777 840 823 ⁴§.
864 785 909 817 13.

36 824 72 861 ὃ)
100 835 145 864 ¹4-
171 823 400 855 commendare
427 820 472 853 est
490 844 499 860 ‚
531 821 659 852 laudare
681 820 711 851 δε
735 827 909 864 gratiorem

33 867 143 899 facere
163 864 347 896 testimonio
373 864 412 895 de
430 862 572 903 personae
592 863 656 893 vita
678 869 731 893 aut
749 861 908 892 conditio·

34 918 85 941 ne.
103 910 147 939 ita
163 916 201 938 ex
221 908 374 937 mandato
391 904 526 936 nascitur
542 903 701 945 obligatio
717 903 747 934 ἂ
764 901 847 933 actio
869 901 908 945 ad

33 949 269 982 restitutionem
289 945 412 978 crediti.
437 955 478 977 ex
496 945 724 977 commendato
744 944 813 976 talis
826 942 908 974 obli-

35 992 123 1032 gatio
148 999 212 1021 non
241 988 301 1020 est:
326 995 448 1019 tantum
474 988 579 1028 pudor
603 995 754 1017 oneratur
776 993 909 1017 temera—

35 1043 79 1064 ria
89 1031 273 1062 laudatione
282 1054 292 1069 ,
303 1029 475 1061 secundum
486 1028 547 1060 hoe
556 1026 704 1068 Horatii,
720 1028 766 1060 lib.
778 1035 805 1058 1.
815 1023 909 1068 Epist.

79 1097 85 1104 .
102 1083 153 1104 ver
169 1074 176 1102 ζ
217 1077 246 1104 6.

39 1078 76 1109 ¹8
99 1077 225 1159 ‘Qiiilein
242 1114 434 1153 commendes,
457 1111 544 1144 etiam
570 1116 657 1154 atque
673 1110 760 1143 etiam
774 1109 903 1151 adspice:

276 1165 311 1186 ne
332 1165 399 1186 mox

78 1197 232 1230 Incutiant
248 1196 342 1228 aliena
358 1197 411 1227 tihi
432 1201 550 1236 peccata
562 1196 709 1236 pudorem.
828 1233 834 1239 ·

37 1239 80 1273 At
96 1239 366 1279 quemadmodum
376 1238 656 1275 commendatum,
673 1237 715 1267 ita
725 1233 910 1279 confilium,

36 1291 54 1313 a
70 1281 219 1313 mandato
237 1278 353 1311 differt.
375 1288 447 1310 nam
464 1279 493 1309 ὅ(
509 1278 629 1310 confilii
649 1277 812 1317 proprium
828 1274 909 1312 esse,

36 1333 77 1355 ne
94 1321 320 1362 obligatorium
340 1320 394 1359 fit,
420 1318 569 1359 Ulpianus
593 1318 724 1356 definit,
747 1324 844 1357 atque
869 1316 908 1346 ad

38 1365 100 1395 hoc
120 1363 284 1400 blainum,
307 1362 325 1391 l.
350 1370 400 1401 47.
420 1361 464 1391 D.
489 1363 522 1390 de
552 1369 611 1401 reg.
632 1360 698 1401 jur.
726 1367 786 1389 nec
804 1366 909 1389 moror

37 1403 286 1442 Inscriptionem.
311 1402 355 1434 est
375 1402 459 1433 enim
477 1401 610 1439 vitiosa,
634 1402 663 1433 ἃ
680 1400 722 1432 fic
738 1398 905 1431 restituen-

39 1448 95 1478 da:
122 1444 270 1486 Ulpianus
287 1444 334 1475 lib.
351 1453 400 1484 31.
417 1442 467 1473 Aa
486 1442 643 1474 Edifflum:
666 1441 860 1473 monstrante
875 1439 906 1481 §-

42 1497 69 1519 1.
88 1487 153 1527 ejus
171 1486 236 1518 loci
248 1509 257 1524 ,
278 1485 384 1525 junehi
402 1485 421 1514 l.
438 1494 485 1515 21.
504 1483 544 1515 D.
561 1484 619 1515 Pro
633 1483 722 1521 fficio:
745 1483 834 1524 quod
852 1482 907 1512 be-

16 1547 19 1549 -
39 1538 82 1560 ne
98 1527 279 1558 observavit
302 1525 450 1557 Labittus
479 1525 543 1556 Usu
571 1524 678 1556 Indicis
700 1526 792 1564 primo
810 1523 839 1564 §.
858 1531 908 1569 23.

43 1570 72 1600 ἃ
91 1571 151 1606 leq.
169 1567 346 1605 Caeterum,
372 1576 427 1597 cui·
444 1567 528 1598 nulla
545 1564 582 1597 fit
600 1565 718 1597 consilii
735 1565 910 1604 obligatio,

42 1620 59 1641 a
78 1608 162 1648 Gajo
182 1609 249 1638 haec
268 1609 411 1648 proditur
430 1610 529 1638 ratio:
545 1608 616 1647 quia
633 1608 767 1638 liberum
784 1607 829 1637 est
845 1606 910 1636 cui-

45 1659 108 1691 que
124 1650 207 1689 apud
225 1648 254 1679 se
265 1649 450 1688 explorare,
466 1657 503 1680 an
521 1649 671 1688 expediat
681 1648 734 1680 fibi
745 1646 910 1679 confilium

43 1692 64 1722 l.
84 1701 112 1723 2.
129 1691 149 1733 §
177 1690 230 1721 uli.
247 1690 272 1721 h.
290 1697 311 1721 t.
333 1690 361 1721 ἀ
380 1690 507 1721 saneim
523 1689 584 1721 est:
609 1692 661 1729 qui
678 1689 781 1721 amico
799 1688 912 1720 consu-

43 1732 99 1769 lit,
124 1742 151 1762 ei
171 1731 210 1762 nil
237 1731 415 1771 promittit,
438 1739 554 1771 praeter
578 1731 674 1763 fidem
699 1731 728 1763 δι
748 1731 910 1762 amicalem

41 1772 261 1805 affeetionem:
285 1781 405 1804 tantum
423 1774 597 1812 vulteum,
621 1772 642 1805 fi
658 1773 813 1814 patiatur,
836 1781 913 1803 con-

42 1815 111 1848 silio
137 1824 270 1846 monere
298 1816 326 1845 ὅ(
351 1823 471 1855 regere.
494 1813 514 1846 fi
539 1823 604 1846 non
627 1815 754 1853 audiat;
777 1812 914 1846 invitum

40 1865 180 1896 cogere,
199 1864 234 1887 ut
250 1854 346 1886 faciat
363 1857 450 1897 quod
470 1855 572 1895 nolit,
584 1865 688 1897 neque
707 1857 913 1897 vult‚neque

41 1897 150 1938 potest
176 1897 195 1929 ί.
233 1906 277 1928 10.
307 1897 333 1938 ᾗ,
361 1907 388 1936 7.
406 1897 434 1928 h.
456 1903 476 1928 t.
504 1897 598 1938 igitur
621 1899 671 1929 cui
696 1898 787 1930 datur
811 1896 912 1928 confi-

44 1939 143 1978 lium;
168 1939 192 1970 is
217 1937 238 1969 fi
264 1938 449 1969 damnosum
477 1937 532 1970 fibi
560 1939 730 1971 arbitretur
752 1940 781 1971 &
804 1939 913 1980 sequa-

43 1988 113 2018 tur,
138 1980 274 2019 imputet
293 1979 366 2018 fibi,
391 1989 462 2011 cum
481 1979 585 2020 poss'et
608 1982 789 2022 negligere:
810 1980 853 2012 sin
880 1989 912 2012 u-

41 2021 98 2053 tile
125 2029 217 2062 putet
235 2045 243 2057 ‚
268 2021 297 2052 &
320 2031 369 2052 res
390 2021 481 2053 aliter
504 2024 614 2061 cadat3
639 2022 832 2054 consulentis
858 2031 911 2052 ne-

40 2071 105 2103 que
123 2062 215 2102 culpa
232 2063 294 2101 est,
318 2072 424 2102 neque
443 2063 597 2104 obligatio
616 2073 623 2095 z
647 2064 720 2104 quia
738 2073 842 2105 neque
861 2063 912 2094 bic

41 2103 219 2144 periculum
232 2106 260 2134 in
274 2103 302 2134 se
315 2104 447 2144 suscepit
457 2114 466 2142 ;
477 2105 504 2135 ἂ
516 2106 568 2136 ille
579 2105 727 2146 sequutus
739 2106 828 2147 hujus
839 2114 916 2136 con-

40 2145 161 2184 filium,
178 2145 231 2176 suo
245 2144 365 2185 judicio
387 2146 482 2177 stetit.
505 2147 557 2178 sed
574 2155 697 2178 certum
714 2147 777 2186 est,
793 2145 916 2178 consilii

41 2196 108 2219 non
125 2185 339 2224 fraudulenti,
364 2188 480 2218 nullam
499 2187 560 2219 effe
578 2188 833 2229 obligationem3
857 2188 914 2219 eti-

42 2227 114 2259 amfi
135 2237 198 2259 non
220 2228 370 2267 expediat
389 2229 417 2258 ei
436 2229 486 2260 cui
504 2230 674 2271 dabatur§.
694 2233 725 2262 6.
744 2228 816 2271 last.
833 2229 870 2264 &²
885 2231 912 2261 d.

42 2269 198 2310 l.2.§.ult.
210 2268 252 2300 D.
265 2270 290 2300 b.
310 2275 330 2300 t.
345 2270 377 2301 id
389 2279 500 2302 omnes
517 2272 703 2302 concedunt
716 2279 782 2303 tum
794 2294 802 2309 ,
819 2271 839 2302 fi
857 2271 914 2301 tibi

40 2311 233 2351 generaliter
248 2310 390 2342 suadeam
402 2335 410 2349 ,
428 2318 462 2341 ut
480 2313 628 2350 pecunias
644 2319 711 2343 tuas
726 2313 832 2352 p0tius
850 2312 913 2343 col-

40 2354 130 2384 loces
148 2353 178 2383 in
198 2355 382 2393 emptiones
399 2354 589 2391 praediorum
602 2376 611 2391 ,
642 2362 735 2394 quam
753 2353 915 2391 foeneres,

39 2394 93 2424 vel
110 2403 150 2425 ex
169 2393 302 2425 diverso.
325 2394 388 2425 Sed
404 2392 558 2435 fingamus
583 2404 634 2426 me
652 2394 708 2427 tibi
726 2395 914 2426 nominatim

43 2434 248 2471 consuluisse,
275 2444 309 2466 ut
325 2434 419 2466 Titio
438 2437 604 2475 crederes,
621 2445 683 2468 nec
708 2437 799 2467 aliter
817 2444 849 2466 te
868 2435 913 2466 fa-

45 2475 164 2507 &urum
175 2476 284 2514 fuisse3
301 2476 353 2508 nifi
372 2476 428 2507 tibi
441 2477 589 2508 hortator
610 2477 777 2518 suasorque
791 2476 911 2509 extitis-

43 2515 124 2547 sem:
142 2518 215 2557 quid
232 2518 397 2550 dicemus?
414 2520 598 2550 mandatum
609 2518 695 2552 esse?
725 2529 766 2551 ne
782 2526 892 2559 putem
904 2541 913 2557 ,

44 2556 154 2588 suadet
168 2558 316 2596 Ulpianus
334 2560 343 2589 l
365 2569 394 2591 2.
412 2561 449 2591 7).
465 2561 704 2601 deproxeneticis.
721 2562 752 2592 in
768 2569 827 2600 qua
845 2569 901 2600 pro

44 2599 176 2639 ponitur
195 2608 369 2637 proxeneta
388 2602 440 2641 qui
461 2602 503 2632 est
522 2603 680 2641 pararios,
706 2602 756 2633 seu
780 2602 907 2632 concili*

45 2646 112 2670 ator
133 2639 332 2678 perficiendis
349 2644 497 2683 negotiis.
515 2643 594 2674 solet
614 2653 638 2674 is
654 2642 685 2675 in
697 2642 913 2684 emptionibus

41 2680 281 2712 venditionibus
294 2705 302 2717 ,
319 2682 447 2726 aliisque
456 2685 671 2716 conti-acribus
692 2686 783 2716 licitis
802 2685 915 2716 utilem

43 2723 75 2753 se
93 2732 157 2767 non
177 2723 379 2762 improbabili
401 2733 491 2756 more
513 2727 667 2757 exhibere
685 2727 702 2757 i.
720 2727 773 2758 ult.
795 2725 835 2757 D.
855 2727 914 2756 eoa'..

44 2765 91 2794 tit.
115 2764 195 2794 iolet
210 2764 301 2795 aliter
316 2773 379 2794 non
406 2767 623 2799 contraCturos
648 2767 699 2799 sua
718 2767 916 2806 perluafione

43 2814 197 2843 movere,
214 2814 248 2836 ut
266 2806 399 2836 credant
423 2815 597 2840 acnoinina
612 2809 748 2841 faciant:
766 2809 911 2840 utollen

45 2846 92 2877 dit
116 2845 253 2890 Seneca,
280 2845 371 2886 Epist-
402 2855 465 2883 119.
493 2847 556 2880 Hic
579 2849 672 2891 igitur
699 2849 914 2890 proxenetasi

42 2888 215 2919 intercedit
247 2887 384 2919 faciendi
409 2889 572 2928 nominis;
603 2892 652 2931 (id
674 2893 743 2930 est,
774 2892 912 2923 faciendi

42 2929 183 2960 nominis
202 2927 308 2959 causa:
333 2930 420 2968 quod
436 2930 588 2969 loquendi
604 2943 702 2973 geniis
719 2935 825 2966 multis
843 2942 913 2973 pro-

41 2969 99 3001 bat
115 2970 305 3008 Augustinus
328 2970 374 3001 lib.
400 2979 426 3001 2.
454 2970 575 3004 Emerui.
592 2983 616 3004 c.
644 2976 689 3015 1.)
706 2975 735 3006 δ(
753 2982 857 3016 partes
874 2974 913 3004 ad

41 3011 300 3042 contrahendum
315 3011 511 3050 perluafione
526 3013 575 3045 sua
591 3016 732 3048 induxit:
749 3023 843 3057 negat
859 3014 900 3046 Ul

43 3053 173 3093 pianus,
199 3063 271 3084 euni
289 3054 410 3085 teneti:
436 3054 465 3084 ἃ
490 3055 579 3086 addit
597 3059 736 3095 caulam,
762 3059 833 3098 quia
852 3066 912 3087 iiia-

42 3095 90 3135 gis
107 3094 258 3125 monstrat
275 3104 412 3133 nomen,
436 3104 528 3134 quam
550 3099 695 3137 mandat,
712 3098 833 3130 tametfi
852 3099 900 3129 lau

44 3137 118 3166 det:
134 3136 165 3167 id
184 3135 247 3173 est,
265 3135 336 3175 quia
353 3145 418 3166 non
433 3136 477 3167 est
496 3137 557 3168 hoc
567 3139 694 3178 animo,
712 3148 746 3171 ut
764 3141 914 3178 mandet,

43 3177 74 3208 ἃ
93 3178 266 3217 periculum
287 3177 438 3216 recipiat,
461 3177 513 3210 sed
538 3177 657 3219 solum,
682 3189 717 3212 ut
741 3180 912 3220 monstret,

42 3219 136 3292 quial?
151 3218 339 3292 fitjjamctfi
357 3219 484 3261 laudet,
501 3221 573 3264 vel,
591 3229 626 3256 ut
642 3221 762 3258 Seneca
780 3223 912 3265 ait‚jac-

107 3271 120 3292 0
132 3270 160 3291 n.
228 3283 236 3293 ι

1768 120 1838 154 29ι

952 201 1000 225 tet
1015 204 1146 227 nomen.
1170 194 1237 238 Qui
1255 197 1352 238 igitur
1376 195 1543 241 eonsilium
1561 195 1615 229 dat
1631 196 1728 229 etiarn
1746 197 1839 229 aliter

950 244 1014 268 non
1032 236 1238 268 contrasturo
1263 248 1337 270 cum
1361 236 1484 279 Titio,
1500 238 1588 270 verbi
1617 240 1738 280 gratia,
1762 248 1837 271 eum

952 286 1050 319 negat
1072 277 1229 318 Ulpianus
1255 281 1396 312 mandati
1423 281 1542 313 teneri:
1568 290 1642 322 quia
1664 290 1731 312 non
1750 289 1837 312 man-

954 319 1028 357 dat,
1053 318 1104 350 scd
1121 318 1242 350 suadet.
1255 322 1256 325 ’
1270 321 1368 361 longe
1382 330 1489 354 autem
1508 322 1592 354 aliud
1609 321 1654 354 est
1665 325 1836 360 mandare,

954 360 1038 391 aliud
1066 360 1194 392 suadere
1217 361 1249 392 &
1272 362 1447 394 monstrare
1475 373 1538 404 arg.
1563 365 1583 395 l.
1615 373 1638 396 ι.
1661 363 1689 406 §.
1713 373 1760 404 14.
1790 363 1834 395 D.

955 399 1086 447 ssepofit.
1111 401 1216 447 Hocq
1245 401 1267 433 fi
1295 402 1392 443 gratis
1423 405 1614 437 interveniat
1645 412 1836 446 proxeneta.

953 451 1020 474 imo
1044 444 1131 474 idem
1156 443 1233 475 dicit
1260 444 1414 484 Ulpianus
1431 446 1459 476 d.
1476 446 1494 477 l.
1516 456 1545 478 2.
1570 447 1591 478 si
1609 447 1727 487 aliquid
1742 455 1836 478 acce-

955 485 1040 525 perit
1064 483 1285 524 philantropiae
1311 488 1454 517 nomine.
1484 486 1697 528 philantropia
1722 489 1778 529 (ut
1799 497 1837 520 o·

954 524 1056 557 stendi
1082 526 1133 556 lib.
1162 535 1188 557 1.
1214 525 1359 557 Probabil.
1389 537 1413 558 c.
1439 528 1490 568 7.)
1529 528 1574 560 est
1597 530 1778 562 humanitas
1805 531 1838 562 (Sc

955 567 1129 598 dexteritas
1152 565 1206 598 seu
1231 567 1460 600 benevolentia
1484 569 1630 603 adversus
1646 581 1760 603 omnes
1778 571 1840 603 ho-

955 610 1056 640 mines
1073 608 1261 649 promiscua.
1286 610 1408 650 absque
1424 610 1485 642 hac
1502 614 1763 644 remuneratione
1785 623 1836 645 es-

952 650 999 681 set
1034 648 1201 682 confilium
1234 659 1450 692 proxenetae,
1484 662 1551 684 non
1583 652 1669 684 foi-et
1709 655 1835 687 manda·

953 699 1021 724 tum
1040 715 1050 731 ,
1083 690 1258 723 deficiente
1289 692 1468 725 consensu:
1504 694 1598 736 igitur
1625 704 1686 726 nec
1722 705 1759 726 ea
1788 696 1837 728 in-

953 733 1156 765 terveniente
1180 734 1364 766 mandatum
1389 733 1470 767 fiet:
1500 736 1574 776 quia
1598 735 1704 768 honos
1729 746 1834 769 remu-

952 776 1083 806 nerandi
1107 774 1199 806 causa
1225 775 1381 815 babetur3
1405 786 1467 809 non
1486 785 1528 817 ¹ut
1557 787 1605 809 res
1632 777 1668 810 fit
1687 779 1834 818 periculo

952 824 1158 857 proxenetae,
1175 825 1236 847 nec
1246 816 1329 856 quasi
1340 827 1563 858 argumentum
1574 820 1729 851 contraisti
1748 829 1836 852 man-

952 858 1026 889 dati.
1046 856 1144 895 Hoc3
1159 857 1180 902 fi
1198 858 1269 898 quis
1287 858 1356 890 usus
1372 858 1836 894 fitsuadendiautconsulendi

951 899 1062 931 verbo.
1103 899 1212 940 Quid,
1241 898 1262 930 fi
1287 899 1421 937 dixerit,
1453 902 1598 934 mando?
1622 913 1683 934 nec
1706 902 1748 935 fic
1771 905 1837 937 erit:

951 942 1153 973 mandatum:
1169 939 1191 971 fi
1208 940 1264 972 tibi
1276 944 1408 973 mandet
1427 950 1477 974 tua
1489 952 1612 976 tantum
1629 948 1741 986 gratia.
1758 955 1834 978 narn

952 982 1181 1023 supervacuum
1207 981 1252 1013 est
1276 992 1311 1013 ea
1339 984 1369 1014 in
1394 984 1499 1024 specie
1526 989 1736 1026 mandatum;
1775 996 1837 1018 res-

953 1033 1016 1065 que
1033 1025 1168 1064 pei-inde
1186 1024 1360 1063 accipitur,
1384 1026 1466 1065 quafi
1483 1026 1648 1059 confilium
1669 1028 1704 1060 fir
1716 1052 1725 1067 ,
1743 1029 1771 1059 di
1789 1029 1833 1060 ob

952 1067 985 1098 id
1001 1065 1227 1107 obligatorium
1246 1075 1310 1096 non
1330 1065 1365 1097 fit
1385 1074 1432 1108 pr.
1459 1067 1527 1107 [nst⁴
1551 1068 1588 1103 ὅ)
1605 1070 1624 1100 l.
1643 1080 1672 1102 2.
1688 1079 1729 1108 pr,
1750 1069 1787 1105 ὅ)
1802 1070 1835 1112 §.

953 1107 1007 1140 ult.
1025 1106 1067 1138 D.
1086 1107 1114 1138 h.
1135 1112 1155 1137 t.
1168 1108 1418 1146 quamobrem?
1436 1110 1508 1150 quia
1520 1119 1592 1142 cum
1612 1119 1664 1142 tua
1680 1112 1835 1151 interest,

947 1158 1016 1183 mea
1041 1157 1106 1194 non
1131 1147 1279 1188 interest,
1304 1159 1353 1181 res
1376 1151 1421 1181 tui
1447 1151 1565 1183 arbitrii
1584 1151 1649 1192 est,
1673 1163 1738 1185 non
1757 1154 1833 1186 mei.

953 1200 1014 1232 ego
1038 1190 1109 1221 lane
1133 1199 1188 1221 cur
1212 1199 1327 1230 cogam
1354 1199 1404 1229 te,
1428 1194 1460 1224 in
1491 1203 1526 1225 re
1545 1203 1596 1224 tua
1616 1194 1725 1226 facere
1745 1197 1834 1236 quod

952 1233 1055 1270 nolis,
1078 1241 1184 1271 neque
1206 1232 1331 1264 causam
1356 1233 1481 1273 liabeo,
1503 1244 1608 1274 neque
1632 1235 1836 1270 facultatem.

953 1273 1006 1306 sed
1032 1272 1099 1305 &fi
1127 1282 1192 1317 rem
1219 1281 1306 1305 tuam
1328 1273 1472 1315 gefferis,
1497 1276 1527 1307 ὅ(
1555 1278 1704 1309 damnum
1732 1278 1832 1317 pafl'us

953 1315 1071 1353 fueris;
1094 1315 1172 1346 nihil
1189 1314 1234 1346 est
1254 1317 1338 1355 quod
1356 1325 1458 1348 meam
1476 1318 1603 1349 accuses
1621 1320 1832 1358 imprudenti-

952 1367 1024 1396 am3
1049 1365 1123 1388 cum
1140 1358 1241 1398 egeris
1259 1365 1344 1389 tuam
1361 1358 1483 1390 causam
1504 1367 1561 1391 tuo
1576 1357 1718 1400 jure,'&
1738 1369 1835 1402 potu—

952 1400 1014 1431 eris
1031 1397 1096 1437 ipse
1115 1406 1219 1439 perte
1237 1400 1425 1440 explorare,
1442 1400 1518 1441 quid
1537 1411 1578 1433 ex
1596 1402 1647 1432 usu
1665 1411 1720 1432 tuo
1740 1402 1834 1434 effer-

950 1441 1022 1480 Sic,
1039 1439 1061 1471 fi
1078 1441 1179 1480 palam
1198 1450 1261 1472 non
1280 1444 1457 1481 receperim
1476 1442 1662 1483 periculum.
1690 1446 1793 1483 idem,
1809 1444 1834 1477 fi

950 1482 1149 1522 receperim,
1171 1482 1302 1513 auctore
1328 1482 1423 1514 Celso
1449 1484 1468 1515 l.
1493 1488 1544 1524 48.
1571 1484 1598 1526 §.
1624 1487 1678 1516 ult.
1706 1485 1736 1516 D
1764 1488 1791 1517 b.
1810 1493 1835 1519 t.

952 1525 995 1556 ait
1013 1526 1116 1561 enim,
1133 1523 1153 1555 fi
1168 1532 1202 1554 ut
1220 1524 1277 1554 tibi
1291 1525 1457 1565 negotium
1470 1534 1578 1566 geras,
1594 1528 1742 1559 mandem
1753 1528 1808 1559 tibi
1820 1551 1834 1567 ,

953 1566 984 1598 δι
1002 1573 1037 1595 ut
1052 1564 1151 1596 cuivis
1169 1566 1300 1605 credas,
1317 1573 1350 1597 tu
1361 1567 1494 1607 recipias
1509 1567 1631 1606 usuras,
1649 1569 1834 1607 periculum

954 1608 994 1639 ad
1018 1615 1070 1639 me
1093 1608 1253 1646 pertineat
1268 1629 1279 1646 ,
1312 1616 1402 1639 extra
1426 1609 1567 1640 mandati
1593 1609 1729 1641 formam
1753 1609 1834 1642 esse:

952 1648 1223 1690 quemadmodum
1240 1647 1261 1680 fi
1278 1650 1446 1689 mandem,
1472 1658 1505 1681 ut
1523 1651 1581 1681 tibi
1599 1653 1745 1691 quemvis
1760 1650 1839 1684 fun·

953 1693 1029 1723 dum
1052 1699 1148 1721 emas.
1172 1690 1249 1729 tibi,
1274 1691 1422 1731 inquam:
1445 1691 1486 1723 fic
1504 1693 1588 1724 enim
1605 1694 1671 1724 edit
1690 1692 1840 1726 Haloan-

954 1733 1029 1770 der,
1053 1731 1083 1763 &
1104 1730 1205 1763 sensus
1232 1731 1392 1772 postulat3
1415 1733 1470 1765 etfi
1499 1732 1668 1765 Florentiae
1692 1735 1839 1774 legatur,

941 1774 1036 1806 ‘mihi.
1069 1772 1112 1805 At
1144 1773 1296 1813 Ulpianus
1317 1774 1421 1806 obstat
1446 1775 1465 1806 l.
1481 1779 1511 1806 6.
1529 1775 1558 1817 §.
1576 1786 1604 1816 5.
1622 1776 1649 1807 h.
1670 1784 1691 1807 t.
1712 1776 1840 1810 Verum

956 1815 1152 1853 videamus3
1183 1824 1223 1846 ne
1248 1815 1472 1856 conjungenda
1500 1816 1533 1848 fit
1555 1818 1674 1858 species
1700 1819 1726 1849 d.
1750 1817 1780 1860 §.
1803 1828 1840 1859 ς.

956 1867 1029 1889 cum
1046 1866 1083 1888 ea
1104 1865 1173 1896 quae
1193 1859 1345 1897 praecedit
1364 1858 1393 1900 §.
1415 1868 1452 1897 4:
1468 1859 1499 1890 in
1516 1868 1581 1899 quo
1600 1860 1723 1891 dixerat
1742 1861 1839 1900 Ulpi-

956 1908 1054 1935 anus,
1078 1897 1111 1929 Sz‘
1125 1899 1178 1929 tihi
1196 1901 1392 1936 mandavero,
1415 1901 1500 1941 quod*
1516 1910 1577 1932 mea
1601 1911 1658 1932 non
1678 1902 1835 1933 intererat.

955 1941 1003 1972 lta
1021 1939 1191 1972 Florentiae
1213 1940 1344 1981 legitur:
1367 1941 1397 1972 ὅ(
1416 1941 1461 1973 est
1477 1940 1599 1981 sensus,
1624 1941 1655 1974 Si
1674 1942 1732 1974 tibi
1748 1952 1840 1975 man·

956 1984 1078 2015 davero
1097 1990 1220 2013 tantum
1238 1983 1340 2014 aliena
1357 1983 1475 2023 gratia,
1492 1993 1554 2015 non
1566 1985 1661 2016 etiam
1672 1992 1764 2024 mea,
1782 1994 1842 2016 ne-

955 2034 1017 2062 que
1034 2032 1108 2062 tua3
1125 2022 1225 2054 veluti
1241 2047 1250 2061 ,
1267 2032 1302 2054 ut
1318 2033 1375 2064 pro
1401 2023 1473 2065 Sejo
1498 2026 1693 2058 intervenias
1706 2049 1715 2065 ,
1731 2027 1783 2058 vel
1800 2033 1840 2059 ut:

957 2065 1050 2098 Titio
1069 2066 1200 2096 credas:
1218 2064 1280 2096 effe
1289 2065 1364 2097 mihi
1382 2073 1490 2098 tecum
1506 2068 1838 2107 mandatiafflonem,

959 2108 989 2139 ὅ(
1005 2117 1057 2138 me
1072 2106 1212 2137 invicem
1224 2106 1280 2137 tibi
1299 2107 1477 2148 obligatum
1493 2107 1576 2140 fore.
1596 2110 1624 2141 ls
1642 2109 1745 2141 sensus
1763 2109 1841 2142 Fio-

959 2150 1095 2181 rentinae
1112 2147 1585 2190 sci-ipturaezriequei'mprobo,
1605 2161 1677 2182 cum
1688 2151 1840 2191 constet,

955 2191 1140 2223 mandatum
1165 2191 1269 2221 aliena
1294 2190 1381 2221 causa
1408 2193 1516 2223 valere
1532 2193 1550 2222 l.
1570 2202 1597 2223 2.
1619 2192 1657 2223 D.
1676 2194 1703 2224 h.
1724 2198 1745 2223 t.
1767 2192 1841 2225 Ma-

957 2233 1012 2264 ]ini
1030 2240 1154 2269 tamen,
1179 2230 1235 2263 nifi
1259 2240 1291 2262 te
1322 2231 1469 2264 offendet
1486 2233 1667 2274 dispunctio
1686 2236 1841 2274 voculae,

956 2274 1049 2312 Non,
1068 2274 1191 2314 legere,
1204 2272 1232 2311 fi
1251 2274 1304 2304 iibz'
1319 2277 1496 2305 mandavero
1506 2277 1580 2316 quud
1594 2284 1656 2306 ntea
1673 2276 1836 2308 intererat.-

958 2316 1031 2355 quia
1050 2315 1186 2353 vocula,
1203 2324 1278 2352 non,
1302 2314 1389 2346 abest
1407 2325 1423 2346 a
1439 2316 1545 2347 multis
1567 2316 1783 2355 manuscriptis
1802 2317 1841 2350 li-

958 2357 1041 2394 bris;
1061 2355 1083 2387 fi
1107 2364 1177 2396 quae
1195 2356 1347 2387 Accurfio
1364 2355 1443 2388 fides
1470 2356 1501 2388 id
1518 2357 1642 2389 testanti
1668 2360 1697 2390 in
1715 2357 1838 2392 Gioffa.

958 2397 1063 2429 Etiam
1086 2397 1242 2428 convenit
1265 2407 1301 2428 ea
1319 2398 1503 2429 emendatio
1521 2398 1636 2439 speciei
1655 2401 1684 2431 d.
1700 2400 1718 2431 l.
1735 2406 1787 2440 48.
1805 2401 1838 2443 §-

960 2440 1053 2470 Lim.
1074 2447 1144 2478 quae
1162 2437 1207 2469 est
1224 2447 1264 2470 ex
1278 2438 1450 2470 Celfilibro
1460 2448 1489 2480 7.
1511 2439 1717 2481 Digestorum
1737 2452 1840 2483 quem

957 2481 1072 2520 allegat
1106 2478 1260 2524 Ulpianus
1284 2481 1313 2511 d.
1339 2479 1368 2522 §.
1390 2490 1419 2519 4.
1453 2481 1614 2520 postremo
1639 2483 1738 2524 exigit
1763 2493 1838 2516 earn

955 2521 1019 2553 five
1037 2530 1202 2552 connexio
1214 2544 1223 2559 ,
1249 2521 1312 2553 live
1329 2521 1491 2562 oppofitio
1504 2546 1513 2562 ‚
1538 2525 1632 2556 trium
1658 2524 1838 2565 specierum

956 2572 1033 2603 quas
1051 2562 1243 2602 distinguere
1260 2563 1386 2593 videtur
1399 2562 1591 2604 Ulpianusin
1609 2568 1635 2596 d.
1655 2568 1683 2608 §.
1697 2576 1725 2606 4.
1744 2566 1781 2602 &2⁹
1795 2577 1839 2608 5.-

956 2613 1030 2635 cum
1045 2604 1185 2644 alioquin
1204 2602 1324 2643 species
1339 2607 1367 2634 d.
1385 2604 1414 2645 ἓ.
1431 2616 1459 2644 4.
1471 2605 1506 2638 fit
1523 2609 1632 2638 eadem
1652 2609 1766 2648 ipeciei
1786 2610 1839 2639 ul-

961 2646 1046 2676 timae
1062 2647 1089 2676 ci.
1105 2645 1132 2686 §.
1149 2657 1177 2686 5.
1198 2646 1227 2676 (St
1246 2644 1291 2677 bis
1318 2645 1491 2679 referatur:
1510 2649 1595 2688 quod
1613 2659 1676 2681 non
1696 2649 1757 2681 fuit
1777 2650 1839 2681 Ui-

960 2688 1057 2728 piano
1079 2686 1252 2728 negotium.
1277 2689 1371 2728 igitur
1396 2689 1494 2730 lego,
1517 2691 1676 2730 expuncta
1695 2690 1843 2731 negatio-

960 2738 1021 2766 ne,
1046 2728 1077 2759 Si·
1095 2730 1147 2758 tilii
1172 2732 1351 2760 mandavero
1373 2733 1447 2770 quod
1469 2740 1528 2762 mea
1546 2733 1695 2763 intererat.
1719 2731 1836 2763 Sensus

960 2779 1038 2801 vero
1051 2793 1059 2807 ‚
1086 2769 1117 2800 Si
1135 2770 1189 2800 tibi
1209 2772 1401 2802 mandavero
1418 2771 1448 2803 ἃ
1465 2781 1535 2804 mea
1552 2774 1581 2804 ἃ
1598 2776 1698 2805 aliena
1713 2773 1833 2813 gratia;

959 2812 1080 2849 veluti,
1098 2819 1131 2841 ut
1147 2820 1206 2851 pro
1222 2811 1293 2851 Sejo
1312 2813 1522 2853 interveniaS,
1539 2815 1636 2845 velut
1654 2813 1746 2844 Titio
1764 2822 1836 2844 cre-

959 2853 1034 2890 das,
1059 2853 1166 2883 valere
1183 2855 1384 2885 mandatum:
1408 2854 1436 2886 &
1456 2856 1530 2887 ideo
1554 2856 1629 2887 milii
1654 2863 1760 2885 tecum
1782 2853 1835 2886 fo-

958 2903 992 2925 re
1008 2894 1145 2925 mandati
1176 2893 1352 2934 actionem,
1384 2895 1413 2927 ἀ
1437 2906 1488 2928 me
1511 2897 1647 2928 invicem
1674 2896 1729 2925 tibi
1759 2894 1835 2927 fore

958 2935 1145 2976 obligatum.
1170 2937 1257 2975 quod
1276 2947 1385 2969 verum
1405 2938 1468 2974 est,
1486 2939 1515 2969 dc
1532 2948 1548 2968 a
1565 2936 1659 2967 Celso
1678 2937 1834 2975 probatur

957 2978 984 3007 cl.
1002 2977 1020 3007 l.
1037 2981 1085 3014 48.
1101 2976 1127 3018 §>
1151 2985 1182 3008 1:
1206 2987 1320 3018 quem,
1345 2988 1379 3009 ut
1400 2979 1481 3015 dixi,
1509 2980 1611 3009 laudat
1631 2976 1783 3015 Ulpianus
1801 2980 1832 3011 d.

957 3017 986 3059 §.
1005 3027 1035 3057 4.
1061 3016 1189 3049 Deinde
1213 3021 1256 3050 ait
1279 3019 1523 3060 jurisconsultus
1541 3018 1567 3060 §.
1585 3029 1611 3059 5.
1639 3018 1765 3057 Planefi
1779 3022 1836 3052 tibi

960 3061 1133 3090 mandavero
1159 3063 1235 3101 quod
1258 3068 1312 3093 tua
1335 3063 1492 3097 intererat,
1515 3061 1599 3090 nulla
1626 3062 1680 3090 erit
1697 3063 1835 3093 mandati

958 3100 1040 3132 αὲἶίο.
1057 3100 1238 3134 Veriffime:
1253 3113 1325 3135 nam
1347 3103 1573 3141 supervacuum
1588 3100 1632 3132 est
1647 3103 1836 3136 mandatum

958 3150 1010 3174 tua
1036 3151 1158 3176 tantum
1186 3145 1287 3185 gratia
1311 3141 1549 3182 interpr-flium:
1583 3142 1655 3181 quia
1679 3153 1750 3175 mea
1766 3154 1837 3177 non

954 3183 1100 3217 interest:
1125 3193 1247 3217 tantum
1267 3194 1319 3216 tua
1336 3183 1464 3214 interest
1502 3183 1611 3226 Quid.
1626 3184 1645 3216 fi
1666 3194 1736 3217 mea
1752 3195 1833 3225 quo-

953 3235 1017 3270 que
1038 3227 1195 3303 irgerest?
1216 3229 1299 3270 jam,
1321 3234 1363 3261 eit
1387 3223 1517 3267 Ulpiani
1539 3225 1715 3269 sentemia,
1744 3228 1835 3259 vaiet

1104 3277 1118 3301 ο
1141 3277 1161 3305 2
1738 3278 1827 3303 man·
