2036 3495
579 54 643 88 An
677 53 768 88 [ΑΒ.
800 50 930 87 XXVI.
964 49 1065 84 T1T.
1101 49 1128 86 Ι.
1163 48 1346 88 Detutelis.

268 234 570 287 LIBER
642 231 1209 283 VJGESJMUS
1281 213 1664 310 SEXTUS,

752 357 1120 395 ¹T1ruL1is.
1172 356 1200 392 Ι.

869 448 919 482 De
945 444 1061 480 tutelis.

76 545 410 587 ἳὲὲἷᾶξέξ-,Ὲυτῑιεὶ
433 553 493 586 qua
516 543 556 576 de
585 543 711 577 asturus
740 543 808 589 sum,
830 543 895 575 hoc
919 542 949 579 δε

76 571 252 646 ‚3520'5'rssgss3
274 587 428 628 sequente
455 585 557 623 libro,
596 595 612 617 a
637 585 756 617 tuendo
780 584 861 620 dieta
890 584 947 632 est.

76 614 117 666 :⁸¹3
213 624 252 664 ἐξ
273 627 376 660 Tueri
399 634 504 660 autem
531 626 631 659 Varro
659 626 733 667 (lib.
751 630 782 662 6.
806 625 853 660 De
873 626 946 667 ling.

75 653 251 718 {meme}
273 671 376 702 Latin.
435 669 502 706 ait,
533 670 598 700 duo
621 667 819 709 significare:
851 676 947 698 unum

120 693 158 717 '⁶⁴³
171 693 200 717 ⁴¹*
273 711 313 743 ab
336 712 375 744 ad
391 711 510 752 pedu:
533 710 667 745 alterum
690 718 706 740 a
736 709 880 740 curando
910 717 947 753 ac

74 755 189 788 tutela:
214 761 251 786 ut
265 762 338 786 cum
355 753 507 790 dicimus,
531 750 650 783 bellum
673 758 790 796 tueor,
814 750 843 781 ὅ(
860 757 946 795 'tueri

74 797 202 829 villam:
226 805 243 826 a
257 803 323 836 quo
341 795 439 826 etiarn
457 792 602 833 quidam,
624 791 665 827 fic
688 799 810 832 pergit,
835 790 947 822 dicunt

74 839 165 870 illum
183 836 237 878 qui
255 842 345 868 curat
362 836 446 869 aedes
464 835 580 872 sacras,
606 833 791 874 AEdituum‚
814 841 879 863 non
894 833 946 863 AE-

76 879 232 912 ditimum.
254 876 306 908 sed
322 884 426 908 tamen
445 875 508 907 hoc
527 875 624 915 ipsum
640 874 681 905 ab
703 874 814 905 eadem
837 872 946 913 profe-

78 921 162 952 ctum
179 919 224 951 est
240 917 386 959 origine:
411 917 497 957 quod
520 925 616 957 quem
640 916 787 951 volumus
814 916 945 946 domum

77 970 188 993 curare
203 983 213 999 ‚
236 959 389 997 dicimus,
413 965 447 990 tu
463 958 550 990 domi
569 956 714 995 videbis,
738 964 772 987 ut
797 955 925 988 Plautus
938 978 947 993 ,

78 1012 153 1034 curn
177 1001 239 1040 ait,
263 1000 351 1033 Intus
379 1009 472 1042 para,
499 1008 598 1038 cura,
627 999 721 1045 yide,
752 997 840 1039 quod
866 1005 947 1037 opus

80 1042 144 1075 fiat.
189 1041 291 1074 Tueri
321 1051 397 1083 ergo
420 1040 466 1072 est
483 1041 608 1080 videre,
632 1048 709 1074 item
734 1039 875 1084 servare,
897 1047 948 1070 cu·

80 1094 170 1124 rare,
193 1082 372 1123 custodire,
395 1081 586 1115 defendere:
611 1088 644 1112 ut
668 1080 699 1112 ὃς
723 1080 850 1114 Nonius
873 1088 949 1120 pro-

79 1127 144 1158 bat.
188 1124 266 1156 Inde
289 1131 411 1157 tutores
434 1123 516 1164 quasi
544 1123 677 1155 tuitorcs
693 1145 702 1159 ‚
723 1121 777 1152 scu
803 1120 950 1157 defenso-

80 1176 131 1198 res
162 1165 367 1208 appellantur.
399 1165 499 1197 tutela
521 1173 599 1195 vero
628 1162 865 1200 defensionem,
894 1171 948 1194 cu-

82 1217 168 1247 ram,
192 1206 531 1244 conservationemque
549 1213 647 1236 notat.
689 1204 764 1236 Hoc
789 1203 876 1236 sensu
903 1203 950 1236 su-

83 1250 178 1281 mitur
195 1249 225 1280 in
245 1247 300 1280 illo
317 1247 443 1280 Horatii
461 1247 507 1278 lib.
526 1256 554 1278 2.
577 1246 639 1277 Scit.
664 1256 692 1277 2.

231 1288 386 1321 Interdfflo
402 1288 469 1322 huic
484 1297 563 1318 omne
577 1288 686 1319 adimat
696 1287 748 1328 jus

125 1331 252 1369 Praetor,
276 1329 313 1364 δ’
329 1330 367 1362 ad
374 1331 465 1369 sanos
487 1330 567 1360 abebi
582 1328 673 1359 tutela
687 1328 872 1372 propinquos.

85 1370 167 1403 Haec
190 1372 251 1402 lata
274 1371 304 1401 &
327 1368 473 1402 naturalis
500 1370 608 1400 tutelae
628 1369 818 1410 significatio
843 1367 899 1401 est.
923 1373 955 1397 at

85 1411 218 1444 strictius
241 1411 371 1443 sumitur
392 1411 422 1442 in
445 1410 518 1450 Jure
542 1409 636 1441 Civili
656 1421 664 1442 :
694 1410 736 1441 ibi
764 1409 914 1441 definitur
937 1417 955 1438 a

86 1452 199 1484 Servio
222 1453 305 1493 apud
321 1451 451 1484 Paulum
474 1451 494 1482 l.
515 1460 540 1482 1.
564 1450 606 1483 D.
624 1451 652 1482 b.
670 1456 691 1484 t.
715 1450 773 1483 Vn
788 1461 822 1484 ac
834 1447 954 1492 potestas

85 1496 119 1526 in
141 1495 232 1535 capite
253 1494 338 1525 libero
367 1494 404 1524 ad
428 1493 566 1525 tuendum
588 1501 739 1532 eumquz,
756 1498 873 1532 propiet
889 1498 955 1539 cetu-

87 1541 161 1574 tem,
180 1535 209 1570 se
223 1534 369 1574 defendere
384 1535 502 1574 nequit,
519 1533 588 1574 jure
607 1533 689 1564 civili
704 1534 774 1564 daia
791 1543 825 1564 ac
858 1542 955 1565 ermis-

81 1576 130 1617 sti.
174 1575 312 1606 Primum
329 1575 372 1608 ait
389 1573 537 1612 Servius,
560 1574 649 1613 quod
676 1573 772 1609 tutela
795 1583 812 1605 e
858 1574 905 1609 vis
924 1583 958 1606 ac

85 1613 219 1658 poteslas.
244 1615 275 1647 δί
297 1614 340 1646 est
365 1613 515 1655 frequens
546 1614 616 1645 haec
640 1614 822 1652 conjunctio
844 1614 959 1645 verbo·

89 1667 160 1689 rum
181 1658 265 1689 idem
281 1655 532 1697 significantium.
575 1655 669 1696 Apud
687 1654 837 1687 Tacitum
860 1656 908 1688 lib.
927 1665 957 1687 2.

89 1697 204 1738 Histor.
234 1707 259 1729 c.
286 1706 335 1733 29.
367 1696 469 1728 Honor
489 1697 601 1737 imperii
617 1703 703 1737 penes
724 1696 876 1728 'I'icicmum
894 1696 959 1736 fra·

92 1745 182 1770 trem:
211 1739 259 1770 vis
283 1748 318 1769 ac
343 1736 466 1779 potestas
486 1744 570 1777 penes
594 1737 751 1769 Proculum
774 1737 962 1777 Praefebium.

92 1779 270 1813 A.Gellius
295 1779 343 1810 lib.
367 1789 397 1820 5.
422 1779 511 1810 Nobi.
529 1780 620 1810 Attio.
646 1789 671 1811 c.
696 1788 742 1818 19.
766 1779 828 1817 ait,
858 1778 965 1810 Tuto·

91 1822 179 1854 ribus
197 1822 227 1852 in
244 1819 397 1861 pupillum
423 1819 485 1851 ess'e
509 1819 710 1852 auetoritatem
733 1818 964 1861 potestatemque.

93 1861 226 1894 Deinde
242 1861 284 1893 ait
306 1861 452 1900 Servius,
488 1861 525 1892 In
549 1862 639 1901 capite
663 1861 762 1893 libero:
784 1861 817 1893 id
839 1860 901 1900 est,
933 1862 965 1893 in

94 1904 231 1945 pupillo.
274 1900 362 1934 Vidit
380 1902 558 1939 Cornutus,
582 1909 634 1933 aut
652 1903 793 1942 quisquis
815 1901 876 1934 fuit
901 1901 965 1934 Ve-

95 1953 146 1976 tus
172 1943 267 1976 Persii
299 1943 476 1983 Inter-pres,
509 1944 547 1974 ad
570 1943 657 1975 illum
680 1944 822 1983 versum,
854 1943 966 1985 Magni

90 1985 200 2027 pupille
223 1984 349 2017 Pericli.-
369 1984 411 2017 fic
434 1985 571 2017 scribens
588 2008 598 2024 ,
623 1984 741 2016 Tutores
758 1986 858 2016 dicunt
869 1985 966 2025 pupil-

95 2028 135 2058 los
159 2028 246 2066 suos„
276 2035 398 2067 quorum
429 2027 548 2056 tutelam
568 2032 693 2067 gerunt:
723 2027 798 2067 quod
819 2027 908 2057 tutela
924 2025 965 2064 fic

90 2065 214 2109 potestas
235 2069 268 2098 in
286 2067 429 2107 pupillos,
459 2067 574 2098 austere
601 2067 699 2097 Servio
719 2067 850 2108 Sulpitz'o.
893 2066 966 2098 Nec

95 2108 205 2141 refistit
221 2109 372 2149 loquendi
391 2107 493 2138 fornia
506 2132 515 2145 ‚
541 2108 577 2139 Ιη
596 2111 686 2148 capite
702 2108 796 2139 libero.
821 2107 865 2139 est
881 2109 964 2140 enim

93 2159 150 2191 par
166 2149 235 2181 haec
257 2149 352 2190 Legis
371 2158 428 2180 ΧΠ.
446 2149 642 2181 Tabularum
667 2151 748 2188 apud
777 2149 965 2181 Ciceronem

93 2193 141 2223 tib.
166 2201 194 2222 2.
218 2192 269 2222 De
285 2191 450 2221 inventione
476 2201 500 2221 c.
516 2201 566 2230 50.
592 2191 625 2221 Si
642 2191 775 2231 furiosus
796 2189 854 2229 eli,
876 2200 966 2231 agna-

96 2239 160 2263 tum
196 2232 380 2273 emiliumque
396 2232 425 2262 in
442 2241 470 2262 eo
491 2233 666 2272 pecuniaque
682 2232 742 2262 e'us
755 2230 876 2272 potestus
899 2232 964 2273 esto.

96 2274 166 2311 Apu
208 2272 347 2304 Gellium
368 2282 498 2314 quoque
516 2275 542 2303 d.
565 2283 588 2303 c.
611 2282 655 2309 η).
717 2275 819 2304 livine
837 2275 966 2315 necisque

88 2312 212 2355 potestas
229 2316 260 2344 in
275 2324 303 2345 eo
314 2313 388 2352 fiet,
412 2315 457 2345 uzi
471 2315 549 2355 patri
567 2317 638 2344 endo
650 2313 714 2358 filiu
728 2312 776 2353 est.
801 2313 855 2345 Est
872 2316 966 2355 igitur

97 2357 196 2387 tutela
220 2356 269 2386 vis
292 2365 329 2386 ac
351 2354 490 2395 potestas
514 2355 543 2386 in
569 2356 672 2394 capite
696 2355 796 2386 libero
815 2379 824 2393 ,
847 2356 879 2387 id
902 2355 966 2394 est,

96 2397 232 2436 pupillo.
272 2395 399 2427 Dicitur
423 2405 528 2427 autem
553 2403 640 2437 caput
662 2396 781 2427 liberum
798 2397 879 2437 apud
903 2396 966 2429 Ve-

97 2445 181 2468 teres
200 2446 258 2476 pro
277 2437 407 2471 homine
423 2437 541 2468 libero:
566 2446 600 2468 ut
623 2437 653 2468 in
671 2437 732 2468 hoc
751 2437 847 2469 Gellii
870 2439 898 2470 d.
915 2440 966 2470 loc.

100 2476 250 2509 Tutoribus
272 2480 304 2510 in
323 2478 446 2519 pupillos
462 2484 577 2510 tantam
597 2478 648 2518 effe
672 2478 870 2510 aueorz‘zazem
891 2486 967 2520 pote-

98 2516 270 2559 statemque,
286 2520 340 2558 fas
358 2529 414 2550 non
433 2519 489 2559 est,
513 2526 546 2551 uc
574 2525 660 2560 caput
683 2520 802 2551 liberum
818 2520 890 2560 fidei
907 2522 968 2560 suae

102 2558 274 2598 commissum
294 2561 394 2592 alienae
416 2559 551 2602 potestati
565 2562 737 2602 subjiciam.
785 2561 855 2593 Nee
879 2563 970 2594 aliter

101 2597 255 2640 Ulpianus
280 2601 325 2630 tir.
348 2611 392 2633 x1.
423 2602 451 2644 §.
471 2612 500 2642 5.
532 2601 615 2647 Qui,
640 2601 759 2643 inquit,
784 2603 903 2634 liberum
923 2613 970 2635 ca-

98 2646 154 2682 put
178 2641 370 2681 mancipatum
391 2642 447 2680 fibi
477 2645 522 2674 vel
549 2656 566 2674 ιι
584 2648 685 2683 patre,
708 2644 754 2674 vel
778 2655 796 2675 ιι
819 2645 971 2685 εσὲήιρῐονε

102 2680 288 2720 manumzfit,
309 2689 360 2722 per
369 2681 587 2719 fimtiizuclz'nem
599 2687 717 2724 patroni
739 2691 819 2716 tutor
836 2685 968 2727 efficitur.

101 2723 156 2755 Ait
178 2732 272 2763 porro
288 2722 432 2762 Servius,
454 2726 504 2755 Ad
519 2729 656 2756 tuendum
669 2736 742 2757 eum.
779 2726 969 2759 Grammati-

105 2773 141 2795 ce
160 2764 327 2795 dicendum
346 2772 432 2803 erat,
456 2767 646 2797 educendum
670 2769 711 2798 id.
753 2767 814 2799 Sed
836 2778 900 2799 non
926 2768 971 2799 est

103 2804 238 2837 insolens
266 2805 456 2843 Veteribus,
485 2805 514 2837 in
539 2807 680 2839 sermone
711 2807 819 2839 facere
844 2810 969 2840 relatio·

103 2855 178 2878 nem
195 2846 233 2877 ad
250 2847 422 2878 verborum
440 2846 573 2885 sensum,
598 2859 659 2881 non
678 2850 717 2880 ad
736 2850 833 2881 verba
858 2851 972 2890 quibus

105 2887 130 2918 is
147 2886 249 2918 sensus
267 2888 462 2919 continetur.
487 2887 517 2920 id
537 2889 593 2921 suis
609 2891 763 2931 exemplis
785 2891 908 2923 ostendi
925 2892 972 2922 lib.

104 2937 134 2958 1.
159 2929 279 2965 Observ.
302 2939 325 2960 c.
343 2938 371 2968 4,
398 2931 429 2959 in
440 2928 496 2969 fin.
539 2929 650 2963 Sensus
680 2933 776 2973 igitur
795 2933 894 2964 Servii
913 2932 973 2964 est:

101 2968 221 3001 Tutela
244 2968 289 3001 est
305 2970 352 3001 vis
369 2979 405 3000 ac
426 2969 562 3010 potestas
585 2973 613 3003 in
634 2973 765 3004 homine
791 2974 913 3012 libero,
936 2975 973 3005 ad

105 3013 259 3042 tuendum
274 3020 345 3042 eum
363 3012 416 3051 qui
434 3021 491 3051 per
517 3021 637 3045 aetatcni
657 3014 686 3045 sc
714 3014 884 3046 defendere
907 3023 973 3046 non

103 3052 218 3092 potest.
270 3052 315 3083 Ita
343 3052 460 3083 censeo
478 3076 487 3091 ‚
519 3056 547 3085 (it
575 3056 797 3094 explicnxwium
828 3056 971 3088 Servium

104 3103 142 3124 ex
162 3094 213 3125 usu
239 3092 280 3124 sui
308 3094 479 3134 temporis:
516 3103 581 3135 quo
605 3097 701 3128 tutela
737 3096 926 3136 pupillorum
950 3107 966 3129 a

994 541 1092 574 tutela
1109 541 1255 581 muliebri
1269 551 1329 583 per
1345 550 1472 581 aetatem
1489 543 1756 586 distinguebatur:
1777 553 1812 582 ut
1832 548 1862 584 in

993 582 1056 613 hoc
1081 581 1232 623 Ulpiani,
1260 584 1320 615 Tic.
1336 594 1380 616 xx.
1405 585 1435 626 ὃ.
1456 594 1482 617 1.
1507 584 1625 619 Tutores
1647 586 1865 626 constituuntur

991 629 1050 654 mm
1065 624 1313 666 masculis,quam
1322 627 1452 666 feminis.
1468 625 1521 666 sed
1536 627 1666 667 masculis
1681 630 1795 669 quidem
1810 631 1863 661 im-

987 666 1141 705 puberibus
1162 666 1317 702 dumtaxaz
1339 673 1455 708 propter
1473 669 1566 704 aetahzk
1582 667 1799 709 infirmitatem:
1815 671 1863 711 se-

990 706 1077 736 minis
1100 711 1197 741 autem
1218 713 1278 743 tam
1301 709 1509 748 impuberibus,
1534 719 1628 751 ⁴quam
1650 711 1805 750 puberibus
1826 710 1864 746 &³

985 753 1100 787 propter
1119 748 1439 789 sexuninfirmitatem
1462 774 1473 790 ‚
1504 750 1541 786 ἐξ
1561 756 1677 792 propter
1699 751 1862 792 forensium

990 797 1085 821 rerum
1100 789 1308 830 ignorantiam.
1355 790 1406 823 Ab
1428 793 1540 828 eadem
1564 793 1652 828 causa
1676 795 1772 832 etiam
1795 793 1864 825 Ser*-

991 828 1060 859 vius
1077 828 1257 869 simpliciter
1279 832 1387 871 dixit',
1404 839 1520 874 propter
1535 839 1666 871 etatem:
1680 842 1749 867 vuec
1771 834 1861 869 addi.-

990 869 1037 915 dit
1059 870 1247 910 impuberem:
1262 874 1344 912 quia
1366 882 1433 913 quo
1456 883 1603 915 tempore
1626 874 1766 909 ‚florebat
1792 875 1862 911 Ser·

990 919 1079 950 vrus,
1103 920 1224 951 nemo,
1248 916 1554 956 praeterpupillum‚
1577 915 1609 949 id
1627 915 1696 954 est,
1719 916 1865 956 impube-

989 961 1055 997 rem
1072 953 1350 995 patremfamilias,
1367 964 1503 997 pnopter
1518 964 1644 992 oetatem
1661 957 1863 993 defensorem

990 994 1187 1033 accipiebat:
1218 1005 1259 1027 ne
1283 998 1389 1035 minor
1409 998 1537 1038 quidem
1565 1007 1623 1038 pro
1645 999 1864 1040 ‘tuendisejus

990 1032 1097 1066 bonis:
1112 1036 1253 1081 ‘minoris
1268 1046 1342 1069 cu-ra
1360 1046 1495 1085 propter
1513 1047 1640 1074 :etatem
1669 1048 1735 1076 tum
1761 1040 1865 1073 adhuc

991 1076 1174 1116 incognita,
1205 1078 1235 1113 ἂ
1259 1078 1311 1116 diu
1327 1080 1399 1121 post
1417 1088 1552 1117 ⁴inventa
1574 1083 1703 1118 demum
1724 1091 1746 1114 ,a
1773 1080 1864 1115 Divo

992 1116 1127 1149 Marco:
1145 1125 1180 1150 ut
1196 1118 1251 1152 suo
1265 1121 1345 1156 ,loeo
1355 1122 1500 1159 dicetur.
1541 1121 1618 1155 -Nec
1636 1130 1741 1155 tamen
1758 1133 1863 1164 nego,

992 1157 1054 1190 effe
1083 1158 1293 1194 differentiam
1324 1161 1408 1199 inter
1430 1164 1561 1200 tutelam
1579 1165 1614 1198 .,&
1644 1173 1763 1197 curam.
1789 1166 1864 1196 snam

993 1207 1122 1243 curator
1153 1201 1185 1232 in
1209 1204 1317 1242 primis
1343 1205 1434 1239 datur
1451 1206 1583 1245 puberi,
1614 1204 1666 1239 sed
1689 1207 1802 1239 minori
1819 1207 1866 1238 mi,-

993 1242 1071 1282 ginti
1088 1242 1230 1283 quinque
1246 1245 1355 1284 annis,
1377 1246 1468 1279 datur
1486 1247 1585 1281 etiam
1603 1247 1740 1286 majori,
1758 1247 1814 1279 *sed
1837 1256 1867 1279 e»

995 1283 1072 1314 nimi
1096 1291 1150 1315 aut
1175 1285 1320 1325 corporis
1346 1287 1425 1322 vitio
1449 1287 1616 1323 laboranti.
1647 1296 1734 1320 tutor
1753 1297 1865 1322 sautem

996 1325 1152 1364 impuberi
1178 1333 1301 1364 tantum
1321 1328 1416 1363 datur
1440 1329 1459 1360 l.
1478 1335 1512 1371 13.
1537 1329 1632 1363 ,1)[17.
1653 1335 1680 1362 t.
1713 1337 1867 1369 ptmterea

996 1365 1088 1397 datur
1117 1375 1246 1403 curator
1268 1369 1360 1405 bonis
1378 1369 1582 1409 praeserrirnz
1607 1377 1702 1403 'tutor
1725 1369 1868 1411 personae

997 1407 1215 1450 p1'aeficitu1‘§.
1233 1419 1262 1449 4.
1286 1407 1360 1453 Just.
1382 1410 1574 1453 Quinteflam.
1596 1417 1689 1445 autor.
1714 1414 1780 1444 dari
1798 1411 1868 1453 poff.

997 1447 1027 1490 §.
1052 1459 1083 1484 2-
1106 1446 1181 1490 Inft.
1203 1451 1236 1481 de
1254 1455 1411 1487 amazonii).
1454 1451 1532 1486 lsnde
1550 1453 1652 1487 libera
1671 1453 1720 1486 est
1738 1454 1870 1485 minoi-is

998 1489 1132 1530 persona
1147 1491 1166 1521 l.
1183 1500 1232 1528 20.
1251 1492 1300 1525 D.
1309 1493 1348 1527 Vde
1361 1493 1426 1527 citu
1441 1499 1524 1533 nupt.
1541 1493 1568 1526 ⁴l.
1587 1498 1618 1527 8.
1642 1494 1674 1525 C.
1698 1496 1731 1528 de
1750 1497 1870 1536 nuptiis.

999 1531 1109 1572 pupilli
1133 1541 1199 1564 non
1214 1531 1271 1569 est.
1313 1533 1364 1567 Ab
1382 1533 1442 1566 hac
1463 1534 1555 1569 causa
1574 1535 1718 1573 Poppaee
1740 1536 1756 1575 (
1768 1537 1803 1567 ut
1826 1546 1873 1568 re-

998 1572 1063 1604 fert
1078 1571 1213 1609 Tacitus
1228 1574 1276 1606 lib.
1297 1583 1343 1613 14.
1362 1574 1475 1610 Amal.
1498 1585 1524 1608 c.
1555 1577 1599 1617 1.)
1621 1575 1789 1609 Neronem
1813 1588 1872 1609 vo-

993 1622 1052 1647 qcat
1076 1615 1229 1654 pupillum
1248 1626 1257 1648 ι
1283 1617 1340 1656 qui
1360 1616 1446 1659 Juffis
1468 1617 1579 1651 alienis
1600 1617 1782 1656 obnoxius,
1807 1628 1874 1651 non

1001 1655 1102 1687 modo
1131 1656 1274 1697 imperii,
1298 1657 1350 1689 sed
1374 1658 1528 1690 libertatis
1559 1659 1653 1690 etiam
1669 1681 1678 1697 ,
1709 1659 1875 1700 indigeret.

1003 1696 1056 1727 Sic
1073 1705 1226 1737 quantum
1244 1698 1282 1729 ad
1300 1697 1433 1730 minoris
1449 1698 1612 1739 personam
1640 1701 1755 1732 attinet
1770 1711 1778 1732 :
1800 1710 1875 1733 nam

1005 1737 1042 1768 ad
1058 1738 1218 1771 bonorum
1235 1739 1538 1774 administrationem
1554 1741 1798 1782 respicientibus
1808 1742 1878 1784 post

1007 1778 1279 1811 constitutionem
1303 1779 1347 1812 D.
1371 1780 1495 1821 Marci,
1525 1782 1567 1814 de
1589 1791 1649 1822 qua
1667 1783 1794 1823 postea,
1817 1783 1874 1816 sub

1007 1828 1155 1852 curatore
1171 1821 1382 1862 constitutus,
1405 1832 1471 1854 non
1490 1823 1636 1856 absimilis
1654 1824 1789 1857 habetur
1806 1833 1878 1867 pro-

1007 1861 1082 1903 digo
1104 1863 1155 1893 cui
1178 1870 1325 1895 curatore
1341 1863 1414 1896 dato
1429 1873 1448 1895 a
1464 1864 1604 1897 Praetore
1627 1865 1720 1898 bonis
1744 1866 1876 1899 interdi-

1009 1902 1093 1934 Ctum
1116 1903 1162 1935 est
1193 1904 1212 1935 l.
1236 1914 1265 1946 3.
1288 1904 1322 1936 C.
1353 1906 1385 1936 de
1407 1905 1440 1937 in
1471 1908 1617 1948 integrum
1644 1905 1734 1948 restit.
1771 1909 1876 1940 minor.

1008 1953 1105 1984 quum
1128 1943 1193 1977 line
1216 1953 1365 1978 curatore
1386 1955 1503 1988 agens,
1541 1947 1663 1979 dicatur
1693 1948 1878 1988 paterfami-

1008 1986 1063 2017 lias
1084 1986 1185 2026 pubes
1209 1985 1269 2017 suae
1290 1987 1454 2027 potestatis
1477 1988 1497 2020 Ζ.
1521 1998 1572 2030 43.
1597 1989 1645 2021 D.
1671 1990 1704 2021 de
1725 1990 1809 2031 oblig.
1839 1990 1878 2026 δ’

1008 2026 1064 2058 cibi.
1086 2027 1138 2058 vel
1161 2028 1203 2059 sui
1225 2028 1300 2068 juris
1324 2028 1342 2059 l.
1365 2038 1414 2061 20.
1437 2028 1480 2060 D.
1503 2031 1537 2061 de
1558 2031 1709 2063 novarien.
1751 2030 1877 2064 Postre-

1008 2078 1057 2100 ma
1082 2068 1276 2101 definitionis
1305 2070 1419 2109 verba,
1442 2070 1521 2111 Jure
1544 2071 1626 2103 civili
1653 2074 1722 2103 data
1753 2082 1788 2103 ac
1811 2080 1878 2115 per-

1008 2108 1109 2149 miffa,
1132 2110 1272 2141 indicant
1287 2133 1297 2149 ‚
1320 2112 1472 2151 tutelam,
1495 2121 1568 2145 cum
1586 2112 1741 2154 originem
1761 2113 1878 2147 habeat

1008 2160 1023 2180 a
1040 2152 1107 2189 jure
1125 2152 1257 2184 naturali
1275 2153 1423 2192 volente,
1448 2163 1519 2186 eum
1539 2154 1591 2194 qui
1619 2163 1682 2185 non
1704 2154 1741 2185 iit
1772 2156 1878 2195 perfe-

1010 2192 1067 2223 Ctae
1093 2192 1192 2224 aetatis
1207 2216 1217 2229 ‚
1247 2193 1374 2227 alterius
1390 2195 1489 2227 tutela
1514 2195 1581 2235 regi
1605 2194 1635 2236 §.
1656 2201 1721 2235 pen.
1748 2195 1820 2238 Just.
1838 2199 1878 2230 Ae

1009 2233 1143 2264 Atiliano
1173 2240 1276 2266 tutore.
1308 2234 1445 2268 formam
1472 2244 1590 2267 certa-m
1615 2237 1683 2275 J'ure
1703 2237 1814 2278 civili,
1844 2240 1877 2271 id

1009 2274 1054 2305 est
1070 2297 1080 2313 ‚
1104 2274 1298 2307 prudentum
1327 2276 1534 2316 disputatione
1565 2277 1585 2307 l.
1611 2287 1640 2308 2.
1666 2276 1693 2319 §.
1711 2288 1740 2318 5.
1775 2280 1820 2311 D.
1844 2281 1879 2312 de

1009 2316 1117 2356 origine
1139 2317 1237 2358 juris,
1261 2317 1425 2357 accepisse.
1470 2318 1522 2349 Sic
1551 2317 1628 2349 mihi
1661 2320 1807 2360 Videtur3
1844 2322 1877 2353 Gt

1009 2356 1154 2388 meminit
1175 2357 1287 2389 formae
1311 2359 1487 2398 antiquitus
1515 2359 1698 2391 constitutae
1722 2359 1877 2403 Ulpianus

1008 2398 1026 2428 I.
1043 2408 1073 2438 5.
1089 2398 1119 2439 §.
1139 2408 1166 2439 7.
1193 2398 1232 2429 D.
1257 2402 1290 2430 de
1307 2398 1554 2438 administratione
1570 2406 1704 2432 tutorum.

1052 2438 1134 2470 Haec
1164 2440 1261 2472 tutela
1286 2439 1458 2481 Justiniano
1487 2441 1506 2472 l.
1529 2451 1580 2480 52.
1612 2442 1643 2473 C.
1673 2444 1706 2473 de
1731 2443 1879 2486 Episcopir

1010 2480 1047 2514 {5³
1081 2480 1198 2512 Clericis
1228 2480 1272 2512 est
1307 2482 1454 2521 triplex:
1491 2481 1740 2524 testamenta-ria,
1777 2486 1881 2528 legiti-

1012 2530 1062 2552 ma
1080 2544 1089 2560 ‚
1120 2522 1150 2552 ὅ(
1180 2523 1295 2553 dativa.
1328 2533 1368 2554 co
1398 2524 1485 2563 quod
1509 2525 1608 2557 tutela
1637 2534 1690 2556 aut
1715 2526 1878 2560 testamen-

1014 2570 1066 2600 to,
1090 2572 1142 2594 aut
1173 2563 1259 2603 lege,
1296 2571 1349 2595 aut
1376 2573 1392 2595 a
1418 2564 1601 2605 Magistratu
1625 2566 1779 2601 defertur.
1822 2569 1882 2599 Po-

1014 2604 1074 2635 test
1099 2612 1202 2636 tamen
1231 2606 1330 2636 tutela
1353 2605 1447 2637 etiam
1474 2607 1569 2638 scindi
1600 2607 1630 2638 in
1657 2617 1760 2648 partes
1785 2610 1878 2642 duas:

1015 2654 1050 2676 ut
1065 2646 1162 2676 altera
1183 2645 1219 2677 fit
1240 2647 1401 2685 legitima,
1425 2647 1523 2679 altera
1548 2649 1652 2681 dativa
1673 2650 1692 2680 l.
1716 2651 1768 2681 ult.
1791 2651 1824 2681 C.
1847 2651 1881 2682 de

1013 2687 1132 2727 legitim.
1164 2692 1220 2718 tut.
1270 2687 1334 2719 Sed
1361 2687 1466 2719 dativa
1499 2689 1559 2721 hoc
1583 2691 1681 2722 modo
1705 2691 1749 2721 cst
1780 2690 1880 2724 rursus

1012 2728 1063 2759 vel
1095 2727 1344 2768 testamentaria,
1382 2730 1433 2761 vel
1457 2730 1603 2763 Atiliana.
1636 2731 1777 2763 nimirum
1806 2732 1881 2773 legi.

1014 2769 1110 2800 timos
1142 2776 1265 2801 tutores
1289 2780 1387 2802 nemo
1410 2771 1482 2811 dat,
1519 2771 1572 2804 sed
1595 2771 1663 2803 Lex
1689 2781 1745 2803 ΧΠ.
1769 2772 1882 2805 Tabu-

1014 2810 1114 2841 larum
1138 2819 1192 2842 eos
1216 2809 1292 2842 fecit
1322 2818 1444 2844 tutores
1467 2814 1495 2849 fl.
1514 2824 1544 2855 5.
1571 2814 1614 2844 D.
1637 2814 1670 2843 de
1693 2813 1809 2853 legium.
1833 2821 1880 2846 tu·

1016 2858 1068 2883 ror.
1092 2859 1123 2882 at
1143 2852 1364 2884 testamentarii
1385 2861 1528 2893 tutores,
1552 2854 1605 2893 (ut
1630 2853 1783 2892 Ulpianus
1808 2855 1878 2887 scri-

1016 2892 1063 2924 bit
1085 2893 1130 2923 tz't.
1149 2903 1192 2925 XI.
1216 2894 1243 2935 §.
1263 2893 1427 2933 testamento
1450 2904 1560 2937 quoque
1585 2894 1649 2932 14.)
1672 2896 1767 2939 dativi
1791 2894 1878 2929 sunt:

1016 2943 1077 2964 nec
1108 2935 1210 2966 minus
1233 2945 1249 2966 a
1273 2936 1415 2968 Praetore
1439 2936 1501 2968 dati
1531 2945 1571 2965 eo
1595 2943 1723 2966 nomine
1748 2937 1880 2970 veniunt

1017 2976 1044 3005 d.
1068 2975 1088 3006 l.
1113 2986 1160 3015 52.
1184 2977 1213 3007 d.
1236 2977 1254 3007 l.
1274 2978 1327 3007 ult.
1352 2979 1371 3009 l.
1391 2988 1418 3018 7.
1447 2977 1488 3008 Ι).
1511 2977 1587 3020 Rem.
1601 2976 1706 3014 pupilli
1728 2978 1801 3012 salv.
1817 2980 1878 3018 for.

1016 3025 1203 3057 quam-quam
1220 3018 1249 3049 ἀ
1268 3018 1393 3050 miliani
1410 3026 1564 3049 vocentur
1580 3025 1609 3047 in
1627 3024 1674 3056 pr.
1692 3015 1765 3057 lust.
1781 3021 1815 3051 de
1836 3021 1883 3052 A·

1015 3058 1109 3091 tilian.
1127 3064 1216 3091 ιιιιον.

1304 3182 1384 3218 (ἱερᾷ
1408 3189 1424 3217 3
1801 3181 1833 3214 T
1859 3194 1880 3213 ι-
