2052 3487
397 92 475 127 ΒΕ
527 91 942 128 FoENoREET
993 92 1488 134 UstiRrs.L113.Il.
1764 108 1833 148 179

48 183 88 218 ‘id
110 191 244 217 utuntur
261 192 302 214 eo
330 181 495 214 Ciceronis
521 181 616 213 loco:
639 187 712 211 cum
734 190 840 222 neque
864 181 918 213 lex
969 182 1010 213 ris
1035 181 1130 214 etiam
1156 182 1339 224 Principum
1373 186 1663 234 Constitutionibus
1688 188 1827 235 positum

53 227 194 259 Gabinia
219 228 259 257 de
280 223 450 256 centesima
479 223 586 254 locuta
613 221 787 264 probetur3
811 232 917 263 neque
967 222 1029 254 esse
1052 222 1139 254 hunc
1160 227 1313 271 modum,
1337 227 1503 261 verisimile
1528 228 1590 261 est:
1615 233 1826 272 meminitque

52 270 87 301 id
111 269 231 300 Cicero
255 266 382 298 dixerit.
409 265 495 305 quod
520 264 668 304 praeclare
692 263 917 295 animadvertit
967 273 1074 296 earum
1091 264 1297 307 Papinianus,
1323 270 1407 309 apud
1425 269 1595 312 Ulpianum
1616 271 1635 302 i.
1656 278 1701 312 13.
1726 271 1754 313 §.
1771 276 1822 305 26.

53 309 114 341 Vir
130 310 296 346 Summus,
319 306 478 347 johannes
494 303 682 335 Fredericus
701 303 911 345 Gronovius,

54 350 232 393 Antexegefi
249 359 277 380 2.
296 351 331 394 cle
346 345 483 383 centesim.
508 345 624 393 &qima
643 346 722 386 usur.
749 345 776 387 §.
798 351 848 387 36.

98 393 150 425 Sic
167 393 296 434 quidem
313 388 410 422 libera
430 387 602 429 republica.
625 393 657 418 at
680 394 819 427 mutata,
845 387 912 420 usu·

964 304 1006 336 D.
1031 307 1064 336 de
1086 305 1246 339 actionibus
1272 313 1358 351 empti
1380 311 1418 346 δέ
1433 314 1564 353 venditi,
1589 313 1619 345 &
1639 311 1719 354 Imp.
1747 312 1822 346 Phi-

962 347 1066 388 lippus
1084 348 1104 380 l.
1129 358 1178 382 20.
1205 350 1238 383 C.
1258 352 1291 382 de
1307 354 1414 393 usuris.

780 506 994 545 CAPUT
1054 509 1102 546 V.

53 613 106 650 De
131 613 215 648 modo
240 610 400 658 usurarum
425 619 490 656 quae
522 608 553 642 in
583 607 667 642 bonae
686 605 763 652 fidei
787 606 916 652 judiciis
943 604 1042 652 officio
1069 608 1196 654 Judicz's
1218 609 1406 658 prcestontur
1423 609 1495 657 fine
1519 616 1722 654 conventione.
1750 624 1818 653 eum

125 663 244 696 modum
269 674 309 696 ex
333 671 415 706 aequo
440 656 481 697 &²
506 658 580 692 hono
598 656 712 702 finiri:
744 667 781 690 ac
802 655 978 701 plerumque
1003 659 1069 702 regi
1095 670 1175 693 more
1200 661 1335 706 regionis
1350 688 1360 704 ‚
1387 663 1439 695 ubi
1463 667 1652 699 contraeunt
1679 667 1743 714 est:
1770 669 1818 702 in-

121 712 236 745 terdum
261 711 337 744 hunc
362 710 502 744 excedere
517 733 526 748 ‚
564 714 655 751 atque
681 706 773 739 eriam
799 702 991 747 centesimam
1018 706 1196 753 attingere:
1238 707 1279 748 ὦ)
1312 710 1343 744 in
1369 711 1476 755 quibus
1501 711 1612 757 causis.
1666 715 1818 761 Ulpianus

122 759 143 793 l.
167 771 217 794 io.
247 757 275 805 ᾗ.
297 770 327 803 3.
358 758 402 792 D.
430 756 581 791 Mandati
598 755 646 788 vel
660 761 765 789 contra
784 754 953 796 correctus,
980 754 1151 800 improbata
1165 756 1282 802 Jacobi
1300 759 1416 806 Cujcccii
1431 758 1641 807 affuncrione.
1668 764 1689 799 l.
1712 775 1765 809 17.
1784 765 1816 800 C.

121 809 157 843 de
176 809 269 843 locato
289 804 330 846 ἐξ
349 806 488 842 condutio
510 804 674 851 explicita,
700 814 740 837 an
758 801 926 838 emendata.

116 933 191 966 tque
209 924 279 956 haec
295 923 335 955 de
355 921 451 954 usuris
465 929 507 952 ex
522 915 741 962 conventione
757 912 903 957 praestan-

45 927 111 1002 A
135 968 193 998 dis.
216 964 372 1005 superest,
397 972 431 995 ut
447 963 610 993 videamus
625 960 665 992 de
683 958 731 989 his
746 966 816 998 quae
840 956 903 987 fine

52 1016 91 1038 ea
112 1007 222 1039 officio
237 1007 355 1046 judicis
371 1005 556 1037 debeantur.
582 1003 621 1048 de
642 1000 747 1047 hisita
763 999 905 1045 Papinian-

50 1057 111 1080 nus
132 1050 150 1080 ὶ.
178 1058 203 1080 1.
232 1048 274 1080 D.
302 1050 335 1078 de
364 1047 469 1082 usuris.
507 1045 581 1075 Cum
597 1043 708 1084 judicto
737 1041 812 1071 bonae
831 1038 904 1078 fidei

54 1091 250 1131 disceptatur,
280 1090 397 1120 arbitrio
425 1088 529 1125 judicis
559 1082 837 1128 usurarumlmodus
865 1089 904 1126 px

53 1141 128 1162 more
142 1133 284 1172 regionis,
309 1132 357 1161 ubi
373 1127 548 1160 contratrum
560 1124 618 1166 est,
641 1120 903 1170 confiztuzcurqztci

53 1178 166 1210 tamen,
200 1178 232 1203 ut
255 1172 311 1213 legi
332 1180 390 1202 non
412 1169 547 1210 offendat.
588 1167 773 1210 Papinianus
795 1164 873 1194 dicit
890 1185 900 1201 ,

52 1212 108 1254 legi
124 1213 280 1254 offendere:
303 1212 379 1243 ficut
407 1210 573 1250 Ulpianus,
599 1204 757 1255 prospeoizcz
776 1203 901 1244 offende-

54 1263 85 1284 re
99 1254 118 1285 l.
139 1265 149 1286 i
154 1265 184 1294 5.
207 1254 247 1284 D.
264 1255 297 1284 de
305 1253 499 1293 servitutibus
517 1249 688 1293 praediorum
713 1247 900 1291 urbanorum.

50 1295 119 1325 vult
143 1303 249 1326 autem
274 1294 477 1333 Papinianus,
509 1290 611 1335 usuras
643 1298 672 1319 in
706 1287 798 1332 bonae
824 1286 901 1318 fidei

46 1335 192 1375 judiciis,
216 1334 271 1366 etfi
290 1335 373 1366 nulla
397 1336 604 1365 intervenerit
628 1337 822 1366 conventio,
848 1329 901 1374 de-

50 1377 116 1407 beri
139 1377 255 1416 judicis
278 1375 409 1407 officio:
439 1383 470 1405 at
495 1383 557 1405 non
583 1380 692 1409 mero,
716 1370 769 1401 sed
793 1369 900 1400 habita

46 1418 172 1449 ratione
194 1418 290 1449 moris
315 1417 452 1457 regionis
480 1419 512 1447 in
538 1424 599 1454 qua
623 1413 819 1458 conti-atium
843 1410 899 1442 est.

45 1458 78 1491 ,δι
96 1459 139 1490 ita
156 1460 186 1490 in
212 1459 259 1490 his
279 1458 486 1489 constitutum
510 1456 591 1494 effe,
616 1453 770 1500 Ulpianus
797 1451 899 1484 refert

45 1499 66 1530 l.
83 1509 131 1540 37.
154 1500 195 1531 D.
212 1502 245 1531 de
268 1500 373 1539 usuris.
399 1500 548 1538 idemque
570 1498 601 1528 in
625 1496 735 1536 legatis
760 1504 809 1534 Jus
836 1492 898 1525 esse

43 1540 65 1572 1.
84 1551 132 1582 39.
155 1542 183 1583 §.
203 1551 229 1573 1.
256 1541 295 1572 D.
315 1541 464 1581 delegatis
479 1541 529 1571 lib.
553 1548 578 1570 1.
611 1536 708 1582 Dum¹
724 1545 830 1582 tamen
855 1536 899 1582 le-

40 1584 78 1623 gi
104 1593 167 1614 non
193 1582 347 1614 offendat.
372 1586 414 1614 ita
438 1583 470 1613 in
491 1583 520 1612 d.
546 1581 566 1612 l.
589 1588 614 1612 1.
639 1579 731 1624 addit¹
753 1577 896 1618 Papinia-

42 1632 112 1656 nus.
136 1624 232 1665 (nam
249 1624 314 1664 ejus
333 1623 378 1656 est
393 1633 431 1655 ea
450 1622 603 1669 adJestio,
627 1619 683 1651 etfi
702 1619 895 1674 Videriypos-

40 1663 79 1696 fit
95 1665 156 1697 effe
173 1664 386 1705 Triboniani,
409 1675 450 1696 ex
473 1665 493 1695 l.
510 1667 559 1695 26.
583 1663 612 1704 ᾗ.
633 1671 659 1693 1.
682 1661 760 1706 veis..
779 1660 845 1707 Aee
860 1661 894 1691 lz-

40 1712 104 1737 ceat
121 1707 154 1738 C.
174 1709 207 1737 de
229 1707 361 1746 usuris.)
385 1707 531 1746 indigitat
556 1712 661 1736 autem
686 1703 895 1748 Papinianus,

40 1756 107 1779 non
128 1749 226 1786 mattis
241 1747 359 1787 Judicis
376 1747 584 1787 potestatem,
608 1753 701 1790 quam
725 1743 896 1783 stipulatio-

42 1797 137 1827 nem,
160 1783 346 1820 centesimas
362 1789 467 1828 egredi
491 1787 597 1828 posse:
621 1795 694 1826 quia
709 1793 820 1830 neutra.
839 1786 894 1815 de-

44 1829 102 1860 bet
126 1830 248 1861 offendi
273 1830 326 1861 lex
343 1839 413 1870 quae
435 1828 538 1860 usuras
565 1830 696 1858 coercet
720 1834 801 1856 intra
825 1834 893 1856 mo-

42 1870 118 1902 dum
137 1870 326 1902 centesimae.
371 1871 433 1901 Sed
449 1879 487 1901 an
504 1870 614 1910 utique
630 1869 674 1914 ad·
691 1865 895 1913 centesimam

42 1911 213 1944 adscendet
227 1912 352 1952 Judex‘?
373 1921 434 1943 nec
452 1912 516 1942 hoc
531 1910 626 1941 facile
644 1910 797 1940 dixerim:
821 1916 895 1947 quia

41 1953 232 1991 centesima,
257 1952 310 1985 etfi
334 1953 472 1993 legitima
495 1951 716 1998 effet,'tanien
740 1949 894 1995 (ii-Sene-

41 2003 110 2026 cam
134 1997 277 2026 audimus
302 1995 349 2025 lib.
369 2004 398 2035 7.
425 1994 471 2025 De
492 1992 633 2039 benefieiis
653 2001 676 2023 c.
694 1994 753 2031 x.)
777 1992 895 2031 langui-

39 2036 171 2066 nolenta
198 2036 387 2067 habebatur:
417 2044 478 2066 nec
504 2042 648 2065 omnium
670 2039 757 2070 erat,
788 2031 840 2062 led
863 2040 894 2062 a·

37 2077 308 2115 cei-biffimorum,
331 2086 384 2107 aut
411 2085 500 2107 certe
523 2077 695 2121 durorum,
721 2073 894 2105 foenerato-

39 2127 126 2150 rum:
152 2126 186 2150 ut
202 2120 331 2158 quidem
349 2117 467 2150 Cicero
483 2117 632 2158 opinatur
648 2115 696 2146 lzh.
713 2118 742 2146 6.
766 2114 816 2162 Aci
834 2115 893 2146 At-

38 2159 139 2191 ticum.
160 2160 237 2200 epist.
257 2169 284 2191 1.
310 2160 339 2191 ἃ
355 2169 394 2190 ex
411 2169 451 2191 eo
469 2159 589 2190 Seneca
612 2155 691 2197 epist.
713 2160 781 2204 .¹¹8·
805 2157 892 2188 idem

40 2200 80 2230 de
97 2202 270 2233 deuncibus
288 2201 441 2233 dicemus.
465 2210 537 2232 nam
552 2200 582 2231 ἀ
598 2198 653 2231 has
669 2199 777 2229 avidas
796 2205 894 2229 vocat

38 2241 161 2273 Perfius
183 2245 237 2278 lat.
263 2253 292 2283 5.
315 2243 387 2281 vers.
417 2252 482 2283 150.
510 2241 639 2281 Jubetur
662 2248 766 2286 autem
789 2239 893 2291 Judeit

40 2282 72 2313 in
99 2283 190 2315 bona:
214 2283 287 2315 fidei
308 2284 428 2323 judicio
456 2293 519 2315 non
551 2282 704 2329 summum
721 2291 812 2327 jus,-
840 2282 891 2327 red

40 2322 286 2363 humanitatem,
310 2325 413 2365 iequi:
445 2334 550 2364 neque
575 2325 744 2356 creditoris
763 2322 892 2369 avidita-

39 2372 105 2396 tem
133 2364 265 2404 foverc3
295 2365 347 2397 sed
372 2376 412 2397 ex
436 2375 529 2407 aequo
555 2366 585 2397 ἃ
616 2366 706 2396 bono
739 2363 891 2411 {estimare

38 2414 190 2443 quantum
214 2409 242 2438 ei
266 2408 330 2438 dari
352 2415 513 2447 oporteat.
538 2416 634 2447 atque
654 2407 717 2438 hoc
740 2415 771 2437 in
797 2406 891 2437 bonae

37 2446 112 2478 fidei
126 2449 250 2488 judiciis
268 2451 351 2479 circa
371 2447 473 2480 usuras
498 2449 705 2480 constitutum
730 2447 810 2486 effe,
836 2446 890 2479 Ul-

38 2489 149 2528 pianus
179 2490 289 2521 auctor
312 2489 358 2520 est
381 2490 400 2521 l.
433 2500 478 2522 12.
503 2490 530 2532 §-
548 2498 576 2526 9.
602 2489 642 2521 D.
673 2489 816 2521 Mandati
841 2490 888 2521 vel

36 2536 144 2561 contra.
170 2531 357 2570 adJ'udicabit
381 2532 476 2572 igitur
496 2532 598 2572 Judex
622 2530 724 2563 usuras
742 2540 782 2578 ex
798 2540 889 2562 more

37 2571 173 2610 regionis
198 2577 226 2603 ct.
244 2573 263 2603 l.
286 2582 309 2603 1.
334 2572 370 2607 ὅ)
387 2575 415 2605 d.
439 2574 457 2604 l.
483 2583 532 2615 37.
558 2573 599 2603 D.
621 2575 653 2604 cle
674 2575 780 2613 usuris.
824 2572 887 2619 Sed

38 2612 135 2648 quas?
157 2613 187 2644 ‘St
202 2615 245 2645 ait
264 2613 416 2654 Ulpianus
440 2615 458 2645 l.
476 2624 504 2655 7.
528 2614 559 2656 §.
580 2623 625 2646 10.
650 2613 691 2645 D.
716 2616 748 2644 de
763 2615 886 2660 adrium·

32 2650 168 2689 stratione
184 2660 310 2686 tutorum
321 2679 330 2694 ,
354 2664 426 2687 cum
443 2657 483 2687 de
499 2656 616 2688 directa
633 2656 741 2687 tutelae
758 2656 885 2687 actione

41 2694 121 2732 agit,
137 2694 215 2726 hanc
230 2695 365 2727 formam
388 2697 468 2735 esse,
491 2705 526 2729 ut
543 2706 649 2735 tutor,
674 2705 886 2738 praeterquam

37 2732 69 2764 in
86 2736 227 2774 exceptis
250 2735 366 2769 casibus
389 2739 429 2769 de
452 2739 566 2779 quibus
589 2748 687 2777 mox,
714 2738 886 2770 secundum

37 2782 159 2805 morem
172 2779 341 2814 provincia:
353 2780 473 2820 pupillo
482 2779 607 2820 praestet
616 2789 669 2811 aut
687 2781 885 2820 quincunces

37 2823 115 2854 quas
139 2815 321 2857 Persiusfizt.
343 2830 373 2858 5.
395 2822 468 2861 vers}
494 2830 562 2860 149.
588 2830 684 2852 vocat
707 2820 882 2859 modestas,

36 2865 91 2887 nuc
107 2857 237 2889 trientes
253 2867 322 2899 quae
340 2860 522 2901 Capitolino
540 2864 571 2893 in
588 2863 735 2894 Antonino
746 2863 801 2893 Pio
816 2872 838 2892 c.
851 2872 880 2894 2.

35 2897 191 2936 minim&
223 2899 254 2929 id
283 2899 343 2938 est,
374 2903 466 2934 valde
495 2912 626 2943 parvae,
655 2905 823 2942 dicuntur3
848 2910 882 2934 ut

34 2937 121 2978 supra
138 2941 244 2970 monui
256 2951 264 2971 :
276 2942 327 2972 vel
343 2941 363 2973 fi
380 2951 449 2982 quae
463 2944 530 2975 aliae
548 2944 683 2976 leviores
704 2946 733 2976 in
754 2944 882 2985 provin-

34 2980 82 3010 cia
98 2978 342 3020 frequentantur
355 2984 382 3013 d.
398 2983 417 3014 1.
429 2993 455 3024 7.
468 2985 496 3026 §.
511 2994 555 3016 10.
573 2995 609 3016 ac
627 2986 798 3018 secundum
814 2985 883 3016 haec

33 3022 254 3060 accipiendum
270 3022 315 3054 est
330 3023 406 3056 illud
425 3026 564 3065 ejusdem
582 3025 708 3066 Ulpiani
726 3028 746 3058 l.
765 3037 792 3067 7.
811 3027 881 3068 §.5.

31 3061 74 3093 D.
90 3063 123 3092 de
133 3062 246 3102 patris,
269 3064 312 3095 Et
328 3063 358 3101 sz'
381 3066 413 3096 in
436 3067 530 3097 iutelae
552 3067 661 3099 afflone
676 3070 827 3105 convenit,
850 3074 884 3099 ut

29 3103 169 3144 majores,
205 3115 291 3145 quam
321 3105 552 3147 statutaejunt‚
587 3109 683 3140 usurae
701 3107 882 3150 praestentur.

29 3142 105 3175 Hoc
121 3146 151 3176 in
170 3146 287 3178 directa
305 3147 413 3178 tutelae
432 3148 567 3181 actione.
600 3150 683 3182 idem
708 3152 759 3182 vel
786 3150 883 3183 limile

29 3185 59 3217 in
70 3188 251 3260 2contraria:
276 3188 327 3221 nifi
346 3187 365 3221 fi
384 3197 470 3222 tutor
488 3188 541 3222 sub
566 3192 760 3232 gravioribus
785 3191 881 3225 usuris

94 3236 146 3259 om.
189 3251 198 3262 .

953 916 1122 956 pecuniam
1139 925 1300 952 mutuatus
1316 915 1370 961 fit,
1393 920 1443 955 vel
1466 933 1540 956 curn
1557 934 1573 956 a
1592 920 1740 958 debitore
1759 923 1815 958 sud

953 957 1127 991 uberrimas
1142 962 1323 1002 acciperet,
1348 965 1387 995 ab
1412 974 1452 996 eo
1476 965 1594 998 sortem
1609 968 1816 1008 exegerit‚ut

954 999 1068 1032 talibus
1094 1002 1248 1042 pupillum
1275 1004 1451 1038 liberaret:
1484 1017 1555 1039 nam
1579 1016 1656 1040 tunc
1681 1018 1713 1040 in
1738 1018 1817 1041 con-

954 1040 1079 1073 trariam
1102 1043 1259 1075 actionem
1288 1048 1398 1078 venii-e
1423 1047 1528 1080 usuras
1559 1058 1635 1090 quas
1652 1049 1716 1090 ipse
1740 1059 1815 1090 pen-

953 1081 1020 1120 dit,
1054 1083 1107 1114 vel
1139 1085 1253 1124 quibus
1276 1088 1394 1126 caruit,
1420 1087 1575 1130 Ulpianus
1598 1092 1714 1132 probat
1737 1093 1756 1123 l.
1782 1101 1814 1133 3.

952 1122 980 1164 §.
1002 1132 1028 1154 1-
1053 1123 1096 1157 D.
1121 1126 1154 1156 de
1178 1129 1324 1168 contraria
1348 1130 1442 1161 tutelae
1461 1131 1582 1165 afflone.
1606 1133 1702 1173 idque
1728 1133 1758 1165 &
1781 1134 1814 1166 in

952 1167 1112 1197 contraria
1139 1168 1347 1208 negotiorum
1370 1171 1532 1212 gestorum
1556 1173 1701 1212 actione,
1726 1175 1814 1206 deni-

952 1214 1033 1246 que,
1064 1207 1095 1238 in
1121 1207 1216 1239 bonae
1241 1207 1312 1241 fidei
1338 1212 1483 1252 Judiciis‚
1515 1215 1725 1246 constitutum
1749 1215 1813 1248 ess'e
1851 1220 1853 1224 '

951 1246 971 1278 l.
989 1256 1038 1287 37.
1062 1247 1105 1279 D.
1131 1250 1163 1279 de
1189 1252 1296 1290 usuris.
1319 1252 1339 1284 l.
1361 1263 1408 1285 12.
1432 1254 1462 1296 §.
1480 1264 1510 1292 9.
1535 1254 1578 1287 D.
1604 1257 1749 1289 Mandati
1767 1258 1814 1289 vel

952 1295 1064 1319 contro.

990 1327 1165 1371 Nunquam
1190 1331 1286 1373 igitur
1308 1334 1407 1367 debet
1428 1335 1532 1376 Judex
1558 1335 1589 1369 in
1615 1336 1711 1369 bonae
1734 1339 1812 1372 fidei

948 1369 1074 1411 judiciis
1102 1375 1305 1406 centesimam
1331 1378 1458 1418 egredi:
1490 1378 1541 1410 sed
1566 1388 1627 1410 nec
1650 1378 1748 1412 facile
1772 1382 1813 1413 ad

950 1412 1036 1444 illam
1052 1414 1261 1447 adscendere:
1286 1426 1347 1449 nec
1364 1427 1469 1451 tamen
1495 1419 1618 1461 semper
1642 1420 1724 1453 infra
1740 1431 1812 1455 eam

949 1454 1110 1487 coufistet.
1134 1455 1204 1487 sunt
1225 1459 1308 1489 enim
1326 1459 1411 1491 casus
1428 1463 1459 1492 in
1485 1462 1600 1501 quibus
1623 1461 1812 1505 Principum

949 1494 1240 1530 Constitutionibus
1264 1500 1383 1540 placuit
1398 1524 1408 1540 ,
1448 1501 1552 1534 usuras
1575 1512 1640 1535 non
1672 1504 1812 1538 leviores

947 1544 1007 1576 pro
1024 1546 1114 1569 more
1131 1541 1290 1580 regionis,
1313 1541 1367 1574 sed
1389 1543 1568 1584 legitimas,
1592 1543 1657 1576 five
1673 1547 1812 1587 graviffi-

947 1587 1013 1610 mas
1035 1579 1065 1610 &
1082 1581 1253 1621 maximas,
1275 1583 1308 1614 id
1324 1583 1390 1623 est,
1414 1584 1601 1618 centesimas
1618 1586 1738 1618 deberi.
1765 1595 1811 1620 ta-

948 1619 985 1651 lis
1001 1620 1071 1659 est,
1105 1619 1126 1652 fi
1150 1629 1238 1654 tutor
1270 1625 1459 1665 pupillarem
1486 1628 1654 1667 pecuniam
1678 1628 1711 1660 in
1738 1628 1809 1662 usus

947 1659 1019 1693 suos
1041 1662 1123 1694 clam
1140 1668 1340 1698 converterit
1363 1667 1382 1699 l.
1408 1677 1425 1707 7
1461 1667 1492 1710 §.
1510 1678 1540 1707 4.
1565 1667 1607 1699 D.
1632 1670 1667 1700 de
1687 1671 1810 1702 admini-

938 1700 1081 1743 stratione
1095 1710 1243 1745 tutorum,
1267 1715 1320 1739 aut
1336 1707 1358 1740 fi
1375 1709 1461 1741 illam
1477 1710 1561 1751 apud
1577 1709 1607 1742 se
1629 1709 1691 1742 effe
1715 1721 1810 1753 nega-

948 1745 1050 1783 verit,
1081 1745 1110 1776 ἂ
1143 1746 1266 1780 Praetor
1290 1758 1402 1781 contra
1433 1759 1505 1782 eum
1530 1753 1810 1794 pronuntiaverit,

947 1786 999 1817 vel
1025 1785 1045 1816 fi
1062 1795 1183 1818 moram
1200 1789 1393 1829 depositioni
1416 1791 1551 1831 fecerit,
1575 1792 1605 1825 δι
1632 1793 1753 1826 Praetor
1770 1795 1810 1827 ir-

946 1828 1107 1866 rogaverit
1123 1829 1152 1859 ei
1177 1829 1343 1870 legitimas.
1369 1831 1390 1864 fi
1413 1834 1497 1865 enim
1521 1834 1573 1866 vel
1595 1836 1807 1868 comminatio

949 1866 1095 1899 Precor-is
1114 1869 1163 1901 vel
1187 1869 1284 1902 [imile
1298 1873 1383 1913 :quid
1400 1874 1609 1914 praecefferit:
1629 1875 1734 1916 Judex
1752 1878 1808 1919 qui

947 1909 1140 1949 quandoque
1170 1912 1364 1953 cognoscet,
1396 1918 1562 1948 decretum
1594 1916 1741 1951 Praetoris
1765 1918 1809 1951 se·

946 1957 1061 1990 qtietur
1089 1952 1117 1981 d.
1133 1951 1154 1984 l.
1169 1961 1198 1992 7.
1222 1953 1250 1994 §.
1272 1963 1300 1994 7.
1329 1954 1366 1990 &²
1391 1964 1436 1988 10.
1460 1958 1513 1989 sed
1537 1958 1567 1990 &
1589 1957 1609 1990 fi
1640 1967 1730 1991 tutor
1753 1969 1807 1992 ne-

945 1999 999 2032 gat
1012 2014 1022 2029 ,
1045 1991 1181 2032 aliquam
1199 1996 1410 2035 quantitatem
1429 2008 1526 2038 penes
1542 1999 1572 2031 se
1588 1998 1650 2031 esse
1666 2001 1705 2032 ad
1721 2001 1807 2034 alen-

945 2034 1004 2077 dos
1030 2034 1188 2073 pupillos,
1221 2036 1272 2067 vel
1294 2038 1421 2078 pupillis
1445 2041 1484 2072 ad
1506 2050 1604 2072 onera
1629 2040 1679 2072 sua
1706 2051 1805 2084 expe-

944 2074 1059 2105 dienda
1077 2075 1263 2115 imposuerit
1292 2079 1509 2112 neceffitatem
1541 2090 1683 2115 mutuam
1708 2091 1806 2124 pecu-

945 2115 1027 2146 niam
1052 2116 1200 2157 legitimis
1225 2118 1320 2152 usuris
1347 2121 1552 2162 accipiendi,
1586 2124 1748 2157 tenebitur
1771 2126 1805 2158 in

944 2156 1095 2196 legitimis
1121 2159 1149 2190 d.
1171 2159 1190 2191 l.
1208 2169 1236 2200 7.
1261 2160 1290 2202 §.
1312 2170 1359 2194 10.
1383 2163 1413 2194 id
1438 2162 1506 2202 est,
1528 2165 1711 2206 gravissimis
1736 2168 1763 2198 d.
1781 2168 1803 2199 l.

944 2206 973 2238 7.
996 2197 1023 2239 §.
1051 2204 1079 2233 8.
1103 2199 1201 2240 item,
1240 2201 1261 2233 fi
1282 2212 1298 2233 a
1324 2203 1525 2237 debitoribus
1550 2206 1725 2247 legitimas,
1749 2207 1805 2240 seu

944 2240 1148 2280 ceiitefimaS,
1193 2245 1365 2284 acceperit.
1389 2255 1431 2277 ex
1461 2247 1586 2279 caeteris
1610 2247 1728 2288 caufis,
1758 2249 1805 2281 se-

943 2282 1081 2314 cundum
1106 2292 1229 2315 morem
1257 2287 1433 2326 provinciae
1449 2310 1459 2326 ,
1491 2287 1652 2329 praestabit
1678 2289 1802 2330 usuras,

942 2331 995 2354 aut
1019 2324 1195 2364 quincunes
1210 2349 1220 2364 ,
1243 2335 1296 2358 aut
1322 2329 1472 2367 trientes,
1495 2337 1570 2368 aut,
1593 2329 1615 2361 fi
1639 2340 1710 2371 quae
1732 2332 1802 2363 alia:

942 2365 1081 2397 leviores
1105 2367 1135 2398 in
1160 2368 1326 2407 provincia
1348 2368 1596 2409 frequentantur
1619 2373 1646 2402 d,
1674 2372 1692 2402 l.
1720 2381 1746 2412 7.
1772 2373 1802 2415 §.

944 2415 991 2437 10.
1014 2415 1112 2447 atque
1135 2407 1205 2439 haec
1222 2409 1251 2440 ἀ
1270 2408 1506 2450 Tryphoninus
1523 2412 1543 2442 l.
1559 2416 1610 2453 38.
1636 2411 1678 2445 D.
1696 2414 1731 2444 de
1751 2424 1802 2446 ne-

937 2448 1025 2488 gotiis
1042 2446 1129 2489 gestis
1146 2450 1178 2481 in
1196 2457 1304 2482 tutore
1320 2450 1439 2483 censet.
1463 2461 1524 2483 nec
1540 2453 1572 2484 in
1589 2462 1631 2484 eo
1655 2462 1803 2496 tantum;

940 2489 993 2520 sed
1010 2490 1161 2530 amplius⁷
1182 2490 1213 2522 in
1231 2491 1420 2532 Magistratu
1437 2494 1642 2534 municipali,
1665 2494 1686 2526 fi
1703 2505 1800 2537 pecu—

940 2531 1024 2562 niam
1059 2532 1220 2572 publicam
1244 2533 1274 2563 in
1303 2532 1371 2565 usus
1395 2532 1466 2565 suos
1492 2537 1702 2569 converterit.
1727 2548 1799 2571 nam

940 2572 1026 2604 hunc
1054 2581 1183 2613 quoque
1206 2574 1357 2606 maximas
1380 2575 1483 2608 usuras
1508 2576 1664 2617 praestare.
1696 2579 1725 2611 ἃ
1748 2581 1801 2613 ad-

940 2614 1004 2652 dit,
1036 2614 1080 2644 ita
1106 2624 1122 2644 a
1154 2614 1247 2646 Divis
1270 2615 1468 2656 Principibus
1492 2618 1554 2649 effe
1577 2618 1798 2655 constitutum,

938 2664 1074 2695 nempe,
1099 2656 1170 2695 quia
1194 2656 1236 2687 illi
1260 2657 1359 2697 (cum
1389 2659 1578 2699 gratuitam,
1602 2669 1691 2692 certe
1715 2664 1798 2695 inte-

935 2706 1023 2737 gram
1046 2697 1076 2728 ἃ
1093 2696 1303 2730 abstinentem
1319 2701 1408 2732 omni
1425 2700 1515 2733 lucro
1531 2701 1679 2742 praestare
1700 2702 1798 2737 fidem

937 2738 1120 2779 deberent)
1144 2739 1291 2778 licentia,
1316 2749 1376 2780 qua
1398 2742 1548 2775 videntur
1563 2744 1672 2783 abuti,
1695 2747 1794 2777 niaxi-

936 2780 994 2811 mis
1012 2778 1126 2818 usui-is,
1152 2781 1223 2812 vice
1239 2782 1400 2822 cujusdam
1418 2792 1521 2823 poenae
1538 2783 1754 2826 subjiciuntur.

978 2820 1066 2851 Idem
1085 2821 1134 2861 J'us
1157 2822 1202 2853 est
1225 2822 1256 2854 in
1276 2825 1482 2864 negotiorum
1506 2825 1643 2867 gestore.
1668 2832 1740 2859 nam
1763 2827 1793 2858 ἂ

936 2860 988 2893 liic
1008 2863 1142 2894 domino
1163 2863 1353 2904 gratuitam,
1377 2872 1466 2898 certe
1484 2867 1638 2909 integram
1656 2869 1685 2900 ἃ
1703 2868 1791 2899 omni

933 2903 1024 2934 lucro
1041 2903 1268 2943 abstinentem,
1286 2905 1383 2939 fidem
1401 2908 1548 2948 praestare
1565 2910 1672 2941 debet.
1697 2918 1791 2949 quam

934 2944 954 2974 si
980 2945 1128 2986 negligit,
1169 2947 1241 2986 quia
1266 2948 1332 2988 ejus
1358 2951 1526 2989 pecuniam
1557 2952 1586 2981 in
1617 2949 1691 2996 usus·
1719 2949 1791 2982 suos

933 2989 1115 3025 convertit,
1141 2988 1270 3020 videtur
1286 2989 1373 3021 abuti
1397 2990 1527 3022 licentia
1550 2999 1641 3031 quam
1664 3000 1692 3021 ei
1710 2999 1790 3035 prae-

933 3027 989 3058 bet
1019 3028 1255 3061 administratio.
1282 3031 1367 3062 recte
1399 3032 1495 3072 igitur
1519 3032 1662 3063 maximis
1692 3032 1790 3065 uiuris

932 3068 1003 3100 vice
1031 3071 1191 3109 cujusdam
1216 3081 1321 3111 poenae
1344 3071 1514 3112 subjicitur.
1544 3081 1736 3111 quamquam
1759 3074 1792 3107 id

931 3110 1022 3142 aliter
1038 3111 1117 3150 effe,
1140 3111 1376 3154 Tryphoninus
1395 3116 1438 3144 ait
1455 3116 1483 3144 d.
1502 3114 1522 3143 l.
1547 3111 1641 3159 383fi
1656 3115 1718 3154 jam
1735 3115 1789 3147 de·

932 3150 999 3183 buit
1021 3154 1208 3194 pecuniam,
1240 3162 1410 3195 antequam
1434 3155 1472 3185 ad
1502 3162 1707 3194 negotiorum
1734 3165 1788 3197 ge.

930 3192 1065 3228 stionem
1082 3196 1253 3228 accederet
1266 3197 1356 3266 :quba
1374 3204 1439 3227 tuin
1457 3204 1522 3229 uon
1539 3204 1579 3228 ex
1595 3196 1789 3245 administra·

1331 3254 1349 3266 A
1370 3245 1388 3267 2
1727 3247 1786 3270 UO-
