2052 3487
412 89 476 128 An
528 92 682 127 LEGEM
733 89 966 131 Aoummii
1017 89 1164 126 Lina
1214 87 1508 127 SINGULAMS.

66 185 154 218 coriis
178 182 214 218 ἐξ
235 179 389 231 veneficis:
416 180 458 213 fic
477 179 562 212 enim
585 179 685 223 habet
708 178 877 220 Inscriptio
901 179 930 212 d.

70 227 130 259 Tu.
149 237 178 268 7.
204 225 370 256 Collatzonis
385 223 497 264 Legum
515 220 713 260 Mosaicarum
731 221 768 256 ξεί)
784 222 932 252 Romana-

66 279 142 300 rum.
188 267 296 299 Verba
320 265 419 297 Pauli.
461 263 495 294 Si
520 263 585 303 quis
597 263 700 302 furem
726 262 901 294 nofturnum
919 287 929 302 ‚

66 310 112 341 vei
129 311 264 341 diurnum
284 307 349 339 cuni
361 306 395 346 se
411 304 462 336 telo
481 305 642 344 defenderet
657 327 667 342 ‚
690 306 846 343 occiderit,
877 305 931 336 huc

66 354 180 392 quidem
201 350 258 392 lege
284 357 341 381 non
366 352 499 379 tenetur:
519 346 576 385 sed
597 345 698 377 melius
715 347 822 385 fecerit
837 369 846 384 ,
880 348 932 387 qui

67 403 132 424 eum
158 390 382 432 comprehensum
397 411 408 427 ,
440 388 698 418 transmittendum
721 389 758 418 ad
778 385 930 425 Praefidem

67 431 295 474 Magistratibus
310 429 454 462 obtulerit.
494 426 603 469 Negat
626 428 757 467 Paulus,
785 438 856 460 eum
876 430 930 469 qui

65 470 171 506 furem
189 474 376 505 nocturnum
397 478 532 511 quoquo
549 469 650 501 modo
662 494 671 509 ‚
693 471 744 502 vel
761 471 908 502 diurnum
920 493 930 510 ‚

66 525 140 547 cum
156 516 187 547 se
213 515 278 546 telo
296 512 486 545 defenderet
502 534 512 550 ,
544 512 702 543 occiderit
720 535 730 550 ,
763 512 833 553 lege
852 512 931 543 Cor-

64 558 149 589 nelia
183 556 295 588 teneri.
333 562 446 585 verum
483 553 557 592 quia
587 553 715 594 angusta
745 554 931 585 innocentia

65 598 111 630 est
127 622 136 636 ,
160 598 198 629 ad
218 597 323 637 legem
345 595 466 626 bonum
487 593 550 625 esse
566 616 576 633 ,
599 595 629 626 ἃ
647 594 738 627 latius
753 602 844 636 patet
860 595 930 627 offi-

66 641 212 676 ciorum,
245 646 338 678 quam
364 636 439 676 juris
464 637 570 676 regula
586 658 596 674 ‚
627 637 790 677 multaque
809 637 931 677 pietas,

65 680 259 717 humanitas,
281 678 417 719 justitia,
443 678 575 718 exigunt
591 687 660 717 quae
678 686 768 710 extra
789 678 932 718 publicas

62 722 185 754 tabulas
206 720 293 758 sunt,
318 720 374 760 (ut
390 719 525 759 pulchre
549 719 579 749 ἂ
597 719 752 760 sapienter
777 720 820 750 ait
836 719 932 751 Sene-

64 773 101 795 ca
123 764 169 794 lib.
186 773 214 794 2.
238 761 285 792 De
302 761 349 792 ira
370 770 394 792 c.
418 761 488 801 27.)
509 760 585 791 ideo
612 769 702 801 putat
725 761 859 798 Paulus,
889 762 932 791 vi-

64 814 102 838 ro
132 805 220 835 bono
240 811 305 834 non
326 809 387 834 tam
405 825 414 841 ‚
447 802 523 842 quid
542 803 572 833 ei
598 801 721 843 legibus
749 802 871 834 licitum
897 801 933 833 fit

65 845 215 878 adversus
232 843 356 884 furem,
388 853 481 883 quam
499 843 575 884 quid
601 843 770 875 honestum
788 842 842 882 fit,
868 844 933 874 ani-

64 887 331 920 madvertendum
354 884 433 916 esse:
457 885 618 925 denique,
641 886 755 917 melius
775 908 785 924 ‚
815 885 846 916 id
869 883 934 922 est,

65 929 233 960 humanius
251 928 281 959 ὅ(
298 927 421 959 civilius
444 925 601 957 facturum
619 937 627 959 ς
659 926 679 958 fi
703 925 808 958 furem
824 949 833 964 ,
862 935 933 958 cum

64 971 131 1011 jure
164 969 265 1011 poss‘et
284 992 293 1007 ‚
330 978 394 1000 non
426 968 611 1005 occiderit,
643 966 695 999 sed
723 967 935 1008 comprehen-

66 1012 132 1043 sum
150 1035 160 1051 ‚
193 1011 471 1042 transmittendum
495 1011 534 1040 ad
557 1008 723 1040 Praefldem
743 1008 933 1050 Magistrati-

67 1053 125 1085 bus
145 1053 309 1084 obtulerit.
352 1052 414 1082 Sed
439 1051 567 1091 liquet,
600 1051 731 1082 Paulum
755 1050 785 1081 &
806 1049 933 1095 necefli-

67 1101 166 1127 tatem
182 1094 282 1136 legis,
305 1093 336 1126 &
352 1091 496 1126 officium
513 1092 572 1125 viri
602 1092 700 1131 boni,
732 1100 798 1123 non
822 1090 935 1122 descrl·

777 1200 988 1239 CAPUT

1777 100 1791 129 ι
1801 78 1846 140 ἐς

975 179 1064 221 piisse
1084 187 1227 220 tantum,
1249 180 1302 213 sed
1319 180 1348 212 &
1364 176 1552 213 distinxisse:
1605 177 1708 213 roi-sus
1724 179 1843 214 eodem

973 223 1074 254 modo
1092 231 1157 263 quo
1176 223 1311 262 Cicer03
1328 232 1401 254 curn
1420 223 1555 264 infitpro
1572 187 1697 268 Quintio
1712 229 1773 264 cap.
1792 227 1839 255 16.

972 264 1019 304 Ju
1042 264 1122 295 ulare
1156 266 1247 295 civem
1276 274 1312 295 ne
1336 265 1405 305 jure
1433 266 1548 306 quidem
1571 273 1725 306 quisquam
1753 266 1844 295 bonue'

973 311 1060 337 eout:
1094 312 1208 336 mavuit
1234 307 1309 338 enim.
1338 315 1551 337 commemorare
1573 306 1607 346 stt
1626 329 1635 345 ,
1668 315 1733 337 cum
1752 305 1843 347 paffet

967 350 1106 388 perdere,
1127 347 1276 388 peperciffe
1293 371 1303 386 ,
1334 356 1441 389 quum,
1477 357 1540 378 cum
1553 353 1671 388 parcere
1690 350 1842 388 potuerit,

968 388 1130 430 perdidiffe.
1174 388 1247 420 Haec
1271 391 1303 420 iu
1330 392 1455 420 homines
1481 387 1687 430 alienifflinos,
1719 389 1843 431 denique

973 429 1175 470 inimiciffimos
1196 432 1257 461 viri
1280 430 1497 471 bonifacium,
1523 429 1559 466 &³
1581 432 1728 462 hominum
1744 429 1845 471 existi-

974 473 1108 502 mationis
1125 495 1134 511 ,
1174 471 1209 506 δ’
1238 474 1393 502 communis
1422 474 1613 504 humanitatis
1642 475 1755 512 causa:
1788 478 1846 511 ut,

974 522 1040 544 cum
1065 512 1117 553 ipfi
1138 514 1212 544 nibil
1233 514 1352 550 scientes
1380 514 1465 545 alteri
1482 515 1740 553 incommodarum,
1769 513 1845 544 nihil

974 553 1040 594 ipsis
1052 555 1121 595 jure
1146 555 1315 585 incommodi
1330 556 1429 586 cadere
1441 553 1536 595 poffit.
1579 554 1714 587 Ostendi
1733 579 1742 594 ,
1772 555 1846 595 quis

974 596 1010 627 iit
1029 596 1115 628 Pauli
1132 595 1254 628 sensus:
1278 595 1386 636 simul,
1409 595 1513 628 furem
1534 596 1743 633 nocturnum,
1761 606 1842 638 quo-

980 647 1044 677 quo
1067 638 1167 669 modo
1186 636 1307 669 occisus
1325 636 1360 668 fit
1378 660 1387 676 ‚
1418 638 1506 678 quod
1529 638 1568 668 ad
1591 638 1695 679 legem
1721 637 1846 670 Corne-

976 679 1047 709 liam
1065 680 1225 718 pertinet,
1239 679 1308 719 jure
1326 678 1466 711 occisum
1483 679 1636 721 intelligi:
1661 681 1770 720 itaque
1787 678 1846 710 Ul-

976 720 1102 760 pianum
1126 722 1157 751 in
1183 722 1210 751 d.
1239 722 1258 751 l.
1275 731 1305 761 5.
1332 720 1369 754 ἐξ
1393 721 1421 752 d.
1445 726 1467 751 t.
1489 730 1517 760 7.
1541 721 1594 752 ubi
1618 719 1778 752 Corneliae
1796 721 1845 752 lo-

976 770 1048 792 cum
1069 761 1168 799 fecit,
1201 762 1361 792 Corneliam
1381 771 1440 802 pro
1464 762 1588 804 Aquilia
1605 762 1847 802 imprudentem

977 802 1097 834 dixiss'e.
1144 802 1222 834 Haec
1248 804 1368 834 credidi
1394 804 1539 835 addenda
1564 803 1611 834 his
1634 812 1706 845 quae
1731 803 1846 835 tradidi

980 843 1048 874 libro
1072 853 1096 874 1.
1122 843 1318 875 Probabilium
1328 845 1407 886 juris
1424 845 1520 876 civilis
1538 852 1599 886 cap.
1610 854 1639 881 9.
1665 844 1750 877 Nam
1779 845 1796 876 l.
1813 855 1846 885 4.

975 883 1005 925 §.
1027 893 1051 914 1.
1078 886 1120 915 l).
1145 886 1194 916 Aa
1217 886 1304 927 legem
1328 885 1483 927 Aquiliam
1509 895 1580 926 quae
1612 885 1716 918 adhuc
1744 895 1846 926 expo·

978 926 1081 956 nenda
1100 925 1214 964 restat,
1240 930 1374 967 &quam
1393 926 1605 960 infelicissime
1622 928 1848 968 explicuerunt

979 966 1131 999 hactenus
1148 968 1313 1000 doctiffimi
1330 968 1527 1009 interpretes
1545 992 1556 1009 ,
1586 969 1618 1000 in
1640 969 1846 1001 Observatio-

978 1008 1071 1040 nibus
1089 1018 1163 1048 quas
1180 1010 1302 1049 pridem
1320 1009 1440 1050 publici
1454 1011 1529 1050 juris
1552 1010 1661 1042 facere
1677 1010 1847 1048 constitui,

980 1059 1020 1080 ex
1047 1049 1187 1090 profeffo
1215 1051 1454 1092 interpretabor
1476 1052 1523 1083 lib.
1548 1061 1574 1083 1.
1598 1062 1624 1084 c.
1644 1062 1700 1093 15:
1724 1053 1796 1092 quia
1813 1052 1846 1084 id

979 1092 1096 1123 mereri
1114 1092 1240 1124 videtur
1257 1092 1476 1134 elegantiffimi
1494 1093 1560 1135 ejus
1577 1093 1642 1126 loci
1659 1094 1807 1137 dignitas.

1047 1202 1137 1240 Vl.

69 1302 241 1353 Ilu'agistris
264 1305 296 1339 in
319 1301 479 1351 disciplina
503 1302 623 1338 concedi
648 1302 746 1339 levem
770 1296 1004 1351 castigationem
1031 1298 1223 1349 discentium.
1252 1296 1294 1344 ὃ)
1319 1303 1410 1351 quid,
1428 1303 1462 1351 fi
1480 1305 1678 1353 egrediantur
1701 1311 1767 1340 eum
1785 1315 1850 1339 moa

137 1353 234 1388 dum?
272 1354 403 1388 Oculus
430 1351 580 1399 perfusus
605 1360 660 1387 aut
686 1351 823 1387 effusus.

877 1353 1067 1394 Verborum,
1094 1353 1211 1388 dubito
1239 1351 1281 1393 E?
1307 1365 1377 1389 non
1401 1355 1519 1391 dubito
1542 1382 1552 1399 ,
1587 1354 1657 1402 usus
1682 1355 1763 1401 apud
1791 1355 1850 1388 Ula

135 1404 263 1449 pianum
281 1403 311 1436 in
338 1402 358 1437 l.
377 1413 409 1444 5.
433 1401 460 1449 §.
480 1403 535 1436 ult.
563 1401 607 1435 D.
637 1401 691 1436 Ad
712 1403 808 1448 legem
829 1400 1008 1447 Aquiliam,
1036 1400 1077 1440 ἐξ
1093 1403 1272 1447 quibusdam
1292 1404 1363 1438 aliis
1388 1405 1420 1438 in
1437 1404 1518 1439 locis.

1569 1405 1619 1439 De
1633 1405 1707 1450 jure
1728 1401 1769 1443 δὲ)
1786 1415 1850 1438 mo=

139 1453 174 1485 do
197 1451 447 1497 Magistratuum
465 1450 695 1495 municipalium
713 1452 744 1484 in
763 1452 936 1486 executione
955 1452 1000 1484 rei
1012 1451 1181 1496 judicatas,
1208 1449 1249 1492 ἐξ
1264 1454 1296 1488 in
1313 1452 1514 1501 castigatione
1523 1451 1702 1501 servorum.
1738 1454 1851 1490 Domi·

141 1512 177 1534 no
195 1498 423 1545 &fructuario
445 1500 543 1546 qualis
563 1501 702 1535 coercitio
728 1504 878 1546 competat
900 1500 931 1533 iu
940 1505 1082 1544 servum.

148 1603 275 1635 actenus
297 1603 424 1644 liquet,
456 1602 478 1635 ss
504 1603 575 1644 quis
605 1602 684 1634 facit
717 1603 749 1635 id
778 1603 865 1643 qu'us
885 1603 933 1643 jus

69 1606 143 1680 H
167 1645 281 1684 habet,
305 1646 369 1684 ejus
393 1645 413 1676 si
433 1646 564 1676 modum
584 1644 707 1683 servet,
730 1654 795 1676 non
822 1644 936 1676 intelli-

69 1686 101 1727 gi
118 1687 282 1726 injuriam:
314 1687 357 1718 fin
378 1696 451 1718 eum
474 1686 612 1717 excedat
629 1709 639 1725 ‚
673 1687 770 1727 magis
791 1687 934 1726 injuriam

68 1729 216 1768 intelligi.
266 1727 343 1759 Hoc
367 1727 396 1759 ἂ
420 1727 558 1767 Julianus
581 1726 696 1768 probat
722 1729 754 1759 in
785 1727 933 1768 magistro

65 1769 124 1807 'qui
145 1769 334 1809 discipulum
358 1769 389 1799 in
415 1769 577 1808 disciplina
594 1767 770 1801 eluscavit:
802 1769 935 1809 amplius

69 1809 225 1848 Ulpianus
244 1811 274 1841 in
292 1820 332 1840 eo
352 1809 404 1849 qui
423 1809 555 1840 occidit.
580 1809 671 1840 causa
684 1809 820 1849 Juliani,
848 1810 935 1850 quod

74 1851 205 1882 docenti
225 1850 371 1882 concessa
388 1851 490 1881 levior
506 1849 667 1891 castigatio
683 1849 728 1881 est
751 1851 770 1882 l.
787 1861 816 1891 5.
836 1851 865 1892 ἓ.
881 1851 934 1882 ult.

72 1892 116 1924 D.
140 1892 191 1924 Aa
207 1892 294 1933 legem
311 1892 479 1933 Aquiliam:
502 1900 597 1932 quam
613 1890 634 1922 fi
651 1890 788 1932 egress‘us
806 1893 867 1930 est,
893 1893 936 1923 in-

70 1934 149 1974 juria
174 1934 310 1965 videtur.
336 1933 412 1974 quid
428 1932 497 1965 ita?
520 1933 593 1973 quia
615 1931 731 1963 saevitia
746 1932 808 1964 est:
832 1941 866 1965 ut
882 1934 936 1964 be·

70 1985 112 2006 ne
138 1975 251 2007 Paulus
275 1975 292 2005 l.
313 1978 343 2006 6.
367 1973 410 2005 D.
433 1975 482 2005 eod
513 1976 557 2005 tit.
584 1983 656 2005 nam
683 1973 712 2005 ὅτ.
734 1973 857 2006 Seneca
885 1975 933 2007 lib.

72 2026 101 2047 2.
128 2016 175 2046 De
191 2017 339 2047 clementia
362 2025 385 2046 c.
404 2025 433 2054 4.
457 2014 620 2047 crudelem
640 2014 772 2053 definit,
805 2016 859 2056 qui
879 2024 936 2056 pu-

71 2058 178 2089 niendi
196 2056 317 2088 causam
336 2056 433 2088 habet
452 2080 461 2095 ,
490 2057 622 2088 modum
638 2065 704 2088 non
727 2056 834 2088 habet.
877 2058 934 2088 At-

72 2108 135 2139 que
152 2099 216 2130 hoc
228 2099 369 2139 Julianus
384 2098 414 2130 in
433 2098 601 2129 vulnerato
619 2099 792 2137 concedit,
820 2098 852 2130 in
870 2107 934 2139 quo

73 2140 174 2173 minus
189 2141 349 2172 receditur
368 2149 385 2170 a
410 2139 528 2178 mod03
556 2138 707 2180 Ulpianus
725 2148 804 2171 vero
829 2141 860 2171 in
880 2150 935 2171 oc-

73 2180 157 2218 ciso,
180 2182 212 2214 id
231 2181 296 2221 est,
319 2181 372 2212 ubi
388 2182 459 2221 plus
482 2181 644 2212 aberratur
657 2192 671 2220 ·‚
702 2181 804 2213 multo
830 2183 936 2213 verius

74 2222 191 2254 censet.
241 2222 269 2254 E
294 2232 328 2255 re
355 2223 439 2262 erit,
471 2222 584 2262 Juliani
617 2222 756 2263 speciem
788 2222 935 2255 attulisse.

74 2264 267 2304 proponitur
292 2265 376 2304 apud
404 2273 477 2296 eum
497 2273 575 2304 puer
597 2264 775 2306 ingenuus,
806 2263 935 2297 filiusfa-

75 2305 198 2344 milias,
223 2304 369 2337 sutrinam
387 2305 520 2337 discens.
545 2306 620 2337 huic
645 2305 731 2338 sutor
753 2315 865 2347 parum
882 2308 936 2338 be-

73 2356 115 2378 ne
142 2345 301 2385 facienti,
332 2347 420 2388 quod
443 2346 714 2379 demonstraverat
731 2370 740 2386 ‚
773 2348 937 2380 cervicem

73 2395 138 2420 tam
159 2388 369 2421 vehementer
386 2388 534 2429 percuffit
552 2387 657 2420 forma
674 2389 774 2420 calcei
788 2412 797 2428 ‚
808 2397 844 2421 ut
858 2399 934 2430 pue-

72 2439 110 2460 ro
126 2429 237 2462 oculus
254 2429 520 2471 perfunderetur,
551 2430 603 2462 vel
625 2431 680 2470 (ut
697 2431 782 2462 idem
806 2432 839 2464 in
856 2433 874 2462 l.
889 2440 937 2473 13.

70 2470 98 2512 ς.
118 2481 145 2510 4.
172 2468 214 2503 D.
239 2470 489 2503 Locazieondutii
505 2472 574 2512 ait)
598 2471 827 2504 effunderetur.
879 2472 940 2504 Ra-

75 2510 211 2552 dulphus
234 2512 422 2553 Fornerius,
446 2511 486 2543 V.
513 2511 574 2545 CL.
597 2513 645 2544 lio.
664 2523 694 2554 3.
719 2513 831 2545 Rerum
847 2515 939 2556 quoti-

75 2555 230 2585 dianarum
252 2564 277 2586 c.
299 2564 344 2586 11.
368 2555 491 2587 mavult
514 2554 695 2596 effoderetur.
721 2555 773 2587 sed
798 2565 937 2587 retinen—

45 2622 51 2627 „
76 2595 114 2625 da
131 2604 213 2627 vox:
237 2596 450 2637 effunderetur:
482 2597 615 2637 perinde
640 2597 720 2628 utin
746 2597 801 2628 illo
824 2597 939 2637 Velleji

76 2635 125 2666 lib.
145 2646 171 2667 2.
197 2644 258 2677 cap.
273 2648 323 2678 52.
348 2637 450 2678 Collisa
466 2639 543 2669 inter
559 2641 589 2677 se
612 2639 666 2669 duo
686 2639 846 2679 reipublicae
863 2641 939 2678 capi-

77 2682 108 2705 ta
124 2698 133 2713 ‚
163 2677 337 2720 effusumque
367 2679 490 2711 alterum
527 2678 654 2711 Romani
686 2680 798 2721 imperii
831 2680 935 2711 lumen.

82 2715 182 2757 Quod
199 2718 378 2751 observavit
396 2719 517 2762 Gaspar
534 2721 721 2762 Scioppius,
746 2721 791 2752 vir
808 2721 938 2760 doctus,

81 2756 128 2786 lib.
147 2767 175 2797 3.
199 2758 402 2797 Verisinzilium
425 2772 448 2794 c.
470 2767 514 2797 18.
553 2762 652 2801 Igitur
667 2761 769 2794 effuso
789 2763 886 2794 oculo
905 2772 938 2793 e-

78 2795 214 2829 luscatus
229 2799 291 2832 fuit
306 2811 393 2842 puer.
416 2804 584 2844 quaeritur,
617 2813 719 2844 ecqua
746 2806 828 2844 patri
854 2804 938 2835 aetio

79 2846 246 2885 competat
261 2841 278 2873 ’ἒ
306 2843 409 2876 Prima
434 2844 564 2885 quaestlo
590 2845 634 2877 est
654 2847 739 2877 circa
757 2845 938 2885 injuriarum

79 2879 259 2925 actionem:
282 2891 374 2922 quam
392 2886 420 2917 ei
437 2894 531 2928 negat
544 2886 683 2926 Julianus
698 2911 708 2925 ‚
732 2888 804 2927 quia
824 2895 857 2918 ut
872 2886 939 2918 fue-

79 2929 122 2952 rit
139 2925 330 2967 praeceptori
345 2929 495 2958 monendi
519 2928 546 2958 ἀ
565 2929 702 2960 docendi
720 2928 940 2968 propositum.

81 2962 381 3009 tamen-inferendae
399 2967 514 3008 injuriae
531 2978 595 3000 non
617 2970 688 3001 fuit.
733 2968 868 3009 Optime
886 2970 940 3001 Se-

77 3011 157 3034 neca
180 3004 227 3034 izo.
253 3014 281 3037 2.
302 3005 348 3037 De
368 3009 413 3039 ira
441 3019 464 3040 c.
489 3019 537 3049 27.
569 3011 712 3055 Quadam
737 3010 787 3052 effe
811 3012 940 3042 diximus

78 3054 141 3085 quae
159 3054 255 3076 nocere
272 3056 329 3078 non
342 3048 476 3088 poffunt‚·
490 3052 618 3091 quadum
633 3062 694 3093 quae
709 3054 824 3083 nolunt.
847 3053 879 3083 in
895 3054 938 3084 hz's

77 3092 164 3116 erunt
183 3088 247 3117 boni
263 3087 469 3130 magistratus,
490 3098 675 3133 parentesque
689 3117 699 3133 ‚
733 3093 770 3127 ὅ)
790 3100 938 3134 praecepto-

79 3135 124 3157 res
142 3126 177 3161 δ’
188 3129 301 3168 judices
309 3141 462 3172 &quorum
486 3131 635 3174 castigatio
645 3133 688 3172 sic
705 3136 869 3175 accipienda
884 3134 941 3176 est,

79 3172 211 3208 quomodo
236 3171 452 3211 scalpellum&
473 3173 645 3214 alflinentia
663 3176 698 3210 ἐξ
723 3176 781 3207 alia
798 3187 858 3218 quae
877 3184 940 3217 pro-

72 3209 182 3282 Ῐαζῗνα
206 3217 349 3284 torquent.
391 3214 500 3248 Altera
527 3215 656 3257 quaestio
681 3216 726 3251 est
751 3218 791 3251 tie
813 3218 940 3253 actione

144 3262 195 3283 om.
238 3277 246 3286 ι

979 1599 1076 1632 locati
1103 1602 1132 1633 ἃ
1158 1602 1237 1643 legis
1262 1603 1424 1645 Aquiliae:
1457 1606 1496 1639 de
1523 1615 1585 1648 qua
1609 1604 1653 1638 ita
1678 1601 1849 1646 Ulpianus.

978 1645 1029 1674 An
1055 1653 1091 1674 ex
1109 1644 1216 1683 locata,
1246 1647 1360 1678 dubitat
1379 1670 1389 1686 ‚
1418 1650 1488 1690 quia
1505 1649 1576 1680 levis
1594 1649 1745 1679 duntaxat
1767 1646 1852 1688 casti<

975 1687 1057 1725 gotio
1089 1685 1214 1726 conceffa
1236 1684 1275 1728 est
1293 1690 1422 1730 docenti.
1466 1691 1521 1721 Sed
1547 1691 1604 1732 lege
1632 1689 1755 1730 Aquilia
1773 1688 1851 1730 poffe

979 1728 1029 1767 agi
1046 1736 1104 1757 non
1122 1729 1228 1758 dubito.
1272 1727 1308 1761 In
1334 1730 1381 1762 his
1399 1730 1467 1763 usus
1486 1732 1582 1763 mirus
1604 1731 1778 1762 verborum
1794 1733 1850 1762 du-

978 1769 1033 1798 bito
1053 1768 1081 1813 ot
1099 1777 1157 1799 non
1174 1770 1288 1802 dubito:
1314 1770 1368 1802 sed
1387 1779 1558 1814 utrumque
1576 1773 1661 1804 idem
1688 1772 1794 1810 valet,
1819 1772 1852 1804 ἀ

978 1818 1078 1849 magis
1101 1809 1286 1855 afferentis,
1310 1821 1404 1852 quam
1422 1814 1598 1845 dubitantis
1616 1835 1626 1853 ‚
1659 1812 1714 1844 est.
1742 1811 1852 1854 Ulpia-

979 1851 1155 1896 numuwde
1177 1851 1194 1882 l.
1217 1860 1266 1892 13.
1298 1852 1328 1893 §.
1347 1863 1376 1893 4.
1407 1853 1449 1885 D.
1474 1855 1578 1886 Locatz'
1601 1853 1763 1891 condut‘li3
1795 1854 1852 1886 ubi

978 1889 1043 1932 ipse
1066 1891 1099 1922 rd
1123 1891 1164 1922 fic
1191 1901 1337 1933 exponit.
1388 1894 1535 1936 Julianus
1564 1896 1633 1928 libro
1663 1895 1852 1938 octuagefimo

969 1936 1057 1980 sexto
1074 1931 1262 1979 Digestorum
1270 1934 1405 1976 scripfit,
1420 1935 1450 1974 fi
1464 1938 1544 1974 lutor
1555 1945 1645 1979 puero
1658 1945 1768 1977 parum
1783 1939 1853 1969 bene

971 1974 1102 2012 furienti
1111 1974 1213 2013 forma
1230 1976 1317 2006 calcei
1342 1983 1401 2008 tum
1425 1979 1603 2010 vehementer
1625 1979 1764 2010 cervicem
1783 1985 1852 2019 per-

978 2014 1090 2054 cufferit
1101 2037 1110 2053 ,
1124 2019 1158 2045 ut
1175 2016 1274 2047 oculus
1283 2019 1309 2048 ei
1319 2017 1516 2059 effunderetur
1525 2043 1535 2059 ,
1551 2030 1587 2051 ex
1601 2020 1689 2052 locato
1705 2019 1756 2061 effe
1764 2020 1852 2052 auio-

977 2065 1042 2103 nem
1054 2057 1137 2096 patri
1159 2057 1240 2097 ejus;
1264 2062 1400 2100 quamvis
1416 2061 1491 2093 enim
1507 2058 1654 2104 magistris
1671 2061 1743 2093 levis
1766 2059 1850 2104 casti·

975 2104 1056 2139 gatto
1074 2098 1198 2138 concessu
1207 2098 1250 2137 sit
1264 2123 1273 2138 ‚
1308 2107 1404 2133 tamen
1424 2102 1500 2134 hunc
1518 2105 1633 2135 modum
1658 2112 1716 2135 non
1742 2105 1853 2135 renuis-

964 2143 1026 2180 ‹Je3
1048 2138 1101 2179 sed
1120 2138 1156 2173 &³
1175 2141 1207 2170 de
1229 2141 1352 2182 Aquilia
1360 2145 1456 2184 supra
1474 2145 1614 2177 diximus.
1659 2144 1712 2176 Sic
1739 2143 1852 2185 Ulpia<

979 2190 1049 2212 nus.
1072 2180 1215 2227 similiter
1239 2182 1408 2216 Cornelius
1438 2184 1553 2226 Nepos
1578 2188 1610 2218 in
1633 2187 1699 2218 vita
1725 2185 1853 2228 Thrasy

979 2222 1058 2260 buli,
1082 2222 1134 2261 Si,
1156 2224 1281 2264 lnquit,
1301 2226 1396 2266 perse
1412 2228 1512 2259 virtus
1522 2226 1587 2266 fine
1600 2228 1732 2268 fortuna
1746 2230 1852 2269 ponde-

981 2265 1075 2296 randa
1086 2262 1128 2302 fit
1143 2286 1153 2303 ,
1184 2265 1283 2296 dubito
1298 2289 1308 2306 ,
1338 2277 1378 2299 an
1403 2268 1481 2300 hunc
1498 2271 1629 2310 primum
1656 2271 1783 2301 omnium
1802 2276 1852 2310 pce⁴¹

981 2315 1068 2342 nam3
1092 2305 1135 2336 illi
1148 2303 1208 2341 sine
1224 2308 1309 2339 dubio
1327 2310 1468 2341 neminem
1482 2311 1606 2351 praefero
1618 2310 1698 2350 fide,
1720 2308 1853 2351 constan-

982 2349 1041 2386 tia,
1064 2349 1268 2388 magnitudine
1281 2351 1390 2389 animi,
1414 2352 1446 2383 in
1458 2353 1587 2391 patriam
1602 2361 1704 2385 amore.
1747 2351 1852 2384 Dubi-

982 2397 1018 2420 to
1036 2397 1074 2420 an
1086 2411 1096 2428 ,
1125 2389 1172 2427 &‚
1195 2388 1260 2420 fine
1278 2391 1377 2422 dubio
1393 2415 1403 2430 ‚
1435 2392 1479 2424 illi
1505 2393 1649 2433 ejusdem
1668 2393 1739 2425 sunt
1756 2401 1853 2434 pote·

982 2430 1077 2462 statis.
1119 2430 1238 2462 Pariter
1257 2430 1411 2473 Ulpianus
1430 2432 1489 2465 Tit.
1503 2442 1532 2474 7.
1551 2434 1720 2466 Collationis
1735 2435 1852 2477 Legum

982 2472 1183 2512 Mosaicarum
1203 2472 1240 2506 ὅ)
1255 2472 1467 2507 Romanarum.
1513 2474 1619 2507 Verba
1636 2475 1779 2518 Ulpiani.
1817 2476 1854 2509 Si

975 2514 1077 2554 furem
1099 2513 1276 2544 notiurnum
1298 2524 1382 2556 quem
1406 2515 1454 2548 lex
1472 2524 1545 2548 x11.
1570 2518 1738 2550 tabularum
1761 2519 1853 2550 omni-

982 2556 1061 2586 modo
1078 2556 1220 2594 permittit
1251 2557 1373 2587 occidere
1389 2579 1399 2595 ,
1429 2562 1482 2589 aut
1507 2560 1648 2591 diurnum
1665 2583 1675 2598 ‚
1705 2569 1790 2602 quem
1818 2570 1853 2592 eu

982 2605 1092 2638 quoque
1108 2595 1161 2642 lex*
1173 2598 1335 2637 permittit,
1352 2600 1403 2637 sed
1419 2600 1463 2631 ita
1486 2600 1619 2641 demum,
1643 2600 1673 2640 fi
1688 2607 1719 2639 se
1736 2602 1788 2633 telo
1806 2603 1853 2633 de-

974 2639 1104 2678 fendat,
1127 2640 1279 2668 videamus
1298 2662 1308 2678 ‚
1338 2649 1378 2671 an
1392 2640 1451 2681 tege
1467 2642 1591 2683 Aquilia
1613 2648 1745 2675 teneatur
1758 2643 1775 2675 ,9
1808 2642 1852 2674 Et

983 2680 1157 2718 Pomponius
1183 2680 1297 2711 dubitat
1315 2704 1325 2719 .,
1355 2691 1426 2712 num
1443 2682 1489 2714 hic
1511 2683 1580 2724 (fic
1605 2684 1707 2726 lego)
1729 2684 1777 2717 lex
1793 2693 1851 2716 non
1903 2688 1906 2690 '

976 2720 1018 2760 fit
1030 2723 1062 2752 in
1079 2727 1142 2761 usu.
1187 2719 1267 2760 Etsi
1283 2724 1347 2763 quis
1372 2722 1459 2755 noftu
1476 2725 1578 2764 furem
1601 2728 1760 2766 occiderit,
1793 2735 1852 2756 non,

983 2763 1169 2801 dubitamus,
1191 2765 1264 2803 quin
1279 2763 1338 2805 lege
1356 2765 1479 2806 Aquilia
1500 2776 1558 2798 non
1577 2773 1718 2800 teneatur.
1762 2766 1852 2798 Simi-¹

983 2804 1055 2835 liter
1080 2802 1232 2844 Ulpianus
1255 2805 1273 2837 l.
1295 2816 1320 2846 7.
1344 2806 1371 2848 §
1392 2817 1421 2847 4.
1448 2806 1490 2839 D.
1519 2807 1607 2851 Quod
1630 2811 1664 2841 vi
1687 2815 1740 2841 aut
1765 2809 1852 2839 clam.

984 2844 1037 2885 Est
1053 2844 1089 2879 {3⁹
1113 2844 1173 2876 alia
1187 2849 1330 2887 exceptio,
1352 2849 1386 2879 de
1403 2858 1461 2890 qua
1477 2850 1575 2890 Celsus
1595 2852 1728 2887 dubitat,
1761 2859 1799 2880 an
1808 2847 1851 2887 fit

985 2887 1162 2928 objicienda‚·
1185 2894 1219 2918 ut
1230 2894 1306 2929 puta
1316 2887 1345 2927 fi
1367 2891 1493 2922 incendii
1509 2894 1627 2924 artenii
1648 2893 1732 2931 causa
1757 2890 1852 2921 vicini

985 2930 1056 2959 aedes
1071 2929 1225 2969 intercidi,
1243 2930 1278 2964 ὅ)
1293 2932 1368 2972 quod
1382 2934 1416 2963 vi
1437 2938 1491 2964 aut
1508 2934 1583 2965 clam
1598 2941 1705 2965 mecum
1722 2937 1851 2972 agatur,

985 2976 1038 3002 aut
1053 2971 1153 3001 damni
1166 2972 1288 3013 injuria.
1309 2973 1406 3013 Celsus
1422 2976 1498 3006 enim
1514 2977 1694 3012 dubitat‚an
1714 2974 1806 3013 excipi
1821 2981 1849 3003 ο-

982 3018 1126 3053 perteret,
1149 3015 1224 3053 quod
1242 3015 1367 3045 incendii
1382 3017 1554 3056 defendendi
1571 3016 1656 3055 causa
1665 3013 1784 3054 fabium
1793 3023 1851 3045 non

975 3054 1027 3093 fit.
1074 3052 1137 3085 Ubi
1164 3055 1260 3094 Celsus
1282 3058 1424 3096 dubitat,
1454 3057 1520 3097 (fic
1549 3058 1632 3087 enim
1658 3056 1850 3096 legendum,

982 3105 1047 3128 non
1059 3119 1068 3134 ‚
1086 3095 1210 3136 Gallus)
1226 3097 1270 3129 est
1286 3097 1382 3138 Celsus
1396 3100 1513 3137 scribit,
1527 3098 1577 3129 vel
1597 3094 1737 3138 Ulpiano
1754 3098 1851 3129 inter=

984 3144 1076 3178 prete
1096 3137 1105 3168 l
1125 3147 1175 3176 49.
1195 3138 1224 3180 §.
1240 3148 1264 3170 1.
1285 3139 1325 3171 D.
1345 3140 1397 3171 Ad
1411 3140 1497 3179 legem
1516 3139 1669 3179 Aquiliam
1682 3161 1691 3176 ‚
1727 3139 1756 3171 &
1780 3139 1802 3170 l.
1818 3148 1849 3179 3.

983 3179 1010 3221 §.
1032 3190 1060 3221 7.
1089 3178 1132 3210 D.
1149 3181 1181 3210 de
1196 3183 1344 3220 incendio,
1367 3183 1473 3217 ruina,
1496 3181 1664 3222 naufragio.
1707 3178 1850 3222 Exposui

982 3220 1167 3262 exemplum
1190 3221 1209 3254 l.
1229 3233 1259 3262 5.
1285 3222 1322 3258 δὲ)
1340 3226 1369 3255 σ.
1392 3220 1508 3304 DQAd
1527 3222 1612 3263 legem
1628 3222 1816 3293 Aquiliam.S

1487 3271 1505 3294 2
1821 3271 1853 3294 e,
