2036 3495
169 118 240 151 262
588 105 621 140 G
653 115 673 140 Ε
705 107 729 137 ι
762 109 783 135 A
816 110 838 135 R
871 107 895 134 n
929 108 944 134 1

175 209 311 241 eamque
334 198 491 230 affionem
510 194 618 225 dolum
643 191 759 223 malum
784 191 947 219 coercere.
988 185 1044 218 Ul-

175 245 272 288 piano
299 239 461 271 consentit
481 236 618 275 Julianus
643 233 660 263 l.
680 232 731 262 ult.
749 232 777 261 h.
793 238 813 261 t.
838 229 1045 267 'l'ributoria,

176 291 343 324 lnquiens¹,
367 279 488 309 actione
509 283 586 306 tunc
610 276 737 304 demum
755 272 801 312 agi
826 270 949 311 potest,
973 278 1045 300 cum

180 325 327 355 dominus
361 321 392 350 in
417 318 635 349 distribuendo
662 323 765 355 pretio
797 313 911 343 mercis
937 310 1047 341 Edicto

176 363 327 397 Praetoris
346 369 410 391 non
435 357 610 390 satisfecit:
640 357 672 386 id
701 355 763 393 est,
796 362 867 384 cuin
895 352 1048 392 majorem

179 412 303 445 pai-tem
327 400 425 433 debiti
459 399 501 430 sui
530 398 687 434 deduxit,
719 404 812 436 quam
838 394 1048 438 creditoribus

179 444 301 476 tribuit.
347 442 456 473 Mitius
477 448 582 471 autem
605 438 742 470 tribuere
768 436 865 467 videi-1
886 457 895 472 ,
928 437 970 464 ait
998 434 1047 465 bl-

179 487 292 526 pianus
312 485 339 515 d.
362 484 380 514 l.
403 493 429 523 7.
459 482 487 523 §.
512 491 539 513 2.
569 479 690 511 etiamfi
723 476 799 509 nihii
825 475 977 507 tributum
1003 474 1049 506 fit.

181 526 289 569 Quid,
312 524 332 556 fi
350 526 495 566 ignoraris
510 524 542 554 in
561 530 668 553 merce
686 519 807 550 servum
834 516 971 554 habere,
995 517 1046 546 mi-

180 578 239 600 nus
259 566 395 598 tribuit?
417 566 479 605 jam
497 565 539 595 ait
560 561 731 601 Ulpianus,
755 568 819 591 non
850 557 947 588 videri
973 557 1050 588 dolo

180 609 264 641 malo
288 606 388 639 minus
422 607 577 638 tribuere:
602 603 652 634 l'ed
679 612 711 633 re
738 607 919 640 comperta,
942 597 963 629 fi
987 606 1050 629 non

181 649 322 686 tribuat3
347 649 423 679 dolo
448 656 530 678 nunc
553 654 615 676 non
639 652 759 674 carere.
784 641 919 682 proinde
948 638 970 670 fi
996 639 1050 669 fibi

181 701 221 723 ex
238 701 274 722 ea
293 699 399 721 merce
429 688 502 719 solvi
529 685 628 724 fecit3
652 686 762 724 utique
787 682 862 714 dolo
882 680 981 711 videri
998 681 1053 711 mi·

181 743 239 764 nus
255 731 402 763 tribuisse.
429 730 480 761 sed
504 729 533 759 ἃ
556 727 576 759 fi
595 734 733 758 mercem
753 725 854 764 perire
871 721 971 765 pallus
989 721 1052 759 est,

181 783 234 805 aut
253 782 321 806 eam
338 771 472 810 avertit,
488 777 543 801 aut
559 766 678 801 vilioris
696 769 768 799 data
785 772 883 806 opera
900 762 1051 800 distraxit,

893 847 1256 883 T1Tutus.

1003 96 1267 135 Noon'r
1327 96 1539 135 Co'MM.

1091 186 1187 233 vel-fi
1207 189 1246 219 ab
1272 189 1469 232 emptoribus
1495 188 1631 228 pretium
1655 198 1721 222 non
1749 193 1893 233 accepit,
1915 200 1962 228 te.'

1090 237 1158 310 geri
1181 239 1252 261 eum
1278 232 1462 270 tributoria,
1488 230 1506 261 ii
1531 232 1622 261 dolus
1646 232 1815 264 intervenit
1841 237 1868 266 d.
1890 236 1909 267 l.
1928 246 1959 277 7.

1138 310 1187 340 De
1207 313 1403 353 proprietate
1432 312 1519 352 hujus
1538 313 1669 345 actionis
1693 314 1733 346 fic
1751 317 1792 346 ait
1813 316 1965 361 Ulpianus

1091 352 1110 382 l.
1131 361 1159 391 7.
1179 351 1207 392 §.
1224 355 1277 384 ult.
1295 355 1322 384 b.
1339 361 1360 386 t,
1403 353 1483 385 Haec
1500 355 1580 385 actio
1598 356 1625 386 ὅ(
1645 366 1799 396 perpetuo
1817 361 1842 388 d*
1863 368 1892 389 in
1912 360 1964 390 he·

1091 394 1199 423 redem
1223 396 1312 426 datur
1338 398 1378 439 de
1406 404 1444 425 eo
1463 397 1623 427 dumtaxat
1641 400 1726 436 quod
1745 408 1781 429 ati
1801 409 1871 430 eum
1896 408 1964 439 pei·-

1096 441 1201 464 venit:
1225 438 1254 466 ot
1272 436 1433 480 lubj1citur
1456 446 1495 467 ex
1520 436 1643 476 juliano
1660 441 1676 469 t.
1700 443 1725 472 8.
1753 450 1822 478 quia
1847 450 1906 471 tion
1923 443 1965 472 de

1095 474 1170 518 dolo
1190 474 1251 512 est,
1276 476 1327 507 led
1343 479 1387 507 rei
1404 477 1658 516 persecutionem
1675 482 1828 512 continet.
1855 481 1967 522 Quare·

1095 524 1190 546 enam
1214 524 1337 547 moi-tuo
1361 517 1450 548 servo
1476 521 1623 551 dominus
1639 544 1648 559 ‚
1682 522 1755 552 item
1784 526 1872 554 lit-its
1898 523 1964 564 ejus

1096 564 1253 602 perpetuo
1277 565 1376 603 teneri
1395 558 1547 598 debebit,
1569 561 1701 602 ‘propter
1720 565 1835 595 intruis.
1852 564 1966 595 defun-

1096 598 1155 636 ἃ),
1180 606 1323 638 quamvis
1340 607 1405 629 non
1425 600 1531 638 aliter,
1555 611 1647 641 quam
1667 606 1739 636 dolo
1755 606 1967 636 intervenien-

1096 647 1128 669 te
1155 647 1329 678 competat.
1375 639 1472 670 Addit
1493 640 1644 682 Ulpianus
1666 644 1685 675 l.
1704 656 1730 683 9.
1757 649 1842 687 quud
1862 648 1892 677 in
1911 647 1970 676 he-‘

1096 681 1340 752 {pgikesdicrmuffi
1363 681 1448 713 idem
1463 680 1535 714 fore
1559 684 1590 716 <St
1614 685 1647 718 in
1673 691 1795 720 caetens
1815 686 1970 723 succeffm⁹

1310 846 1357 883 V.

434 931 530 981 Quod
547 941 614 966 cum
629 940 679 972 eo,
708 928 805 975 quiin
824 926 926 960 aliena
945 921 1092 970 potestate
1113 922 1175 968 est,
1203 924 1358 968 riegoti'uiiz'
1371 923 1491 972 gastum
1515 925 1570 972 effi.²
1588 927 1712 965 dih—etur,

179 1023 241 1100 In
257 1022 365 1054 limine
381 1019 484 1052 Tituli
502 1018 707 1059 praemonebo
720 1040 729 1056 ‚
745 1025 819 1048 eum
837 1014 888 1055 qui
906 1021 977 1044 cum
997 1011 1054 1042 sei·-

243 1074 282 1094 vo
299 1063 479 1100 contrahit,
503 1062 625 1092 servum
641 1059 739 1099 ipsum
764 1066 866 1096 neque
891 1056 957 1093 iure
977 1054 1054 1084 civi-

184 1107 205 1137 li
217 1129 227 1142 ,
251 1115 355 1146 neque
370 1105 439 1144 jure
459 1103 628 1139 Praetorio,
653 1100 718 1131 ullo
736 1102 829 1130 modo
847 1097 962 1127 habere
978 1095 1054 1125 obli·

182 1156 311 1187 gatum3
336 1148 387 1177 led
404 1144 566 1177 dominum
591 1144 754 1174 dumtaxat
778 1141 817 1170 de
837 1137 964 1178 peculio
988 1137 1056 1175 jure

183 1189 336 1221 Praetorio
352 1196 471 1218 tenere.
495 1186 548 1225 qui
574 1192 648 1215 vei-o
672 1191 744 1213 cum
764 1178 964 1211 filiofamilias
982 1186 1055 1207 con·

185 1229 302 1268 trahit,
327 1232 403 1259 duos
427 1228 543 1258 habere
568 1225 747 1256 debitores:
770 1219 1005 1253 filiumfamilias
1025 1218 1058 1248 in

186 1270 318 1302 solidum
341 1269 410 1310 jure
425 1269 531 1306 civili,
556 1267 585 1298 &
603 1274 724 1306 pati-em
739 1266 806 1303 jure
823 1260 975 1292 Praetorio
994 1266 1058 1290 tan·

186 1320 254 1343 tum
280 1313 320 1343 de
344 1310 469 1350 peculio
492 1309 511 1340 l.
529 1319 579 1348 4²2-
601 1309 645 1338 l).
664 1308 697 1336 de
708 1305 802 1346 pecul.
826 1308 924 1340 adeO,
949 1301 1002 1332 ubi
1019 1301 1058 1331 de

185 1353 262 1390 filii,
286 1352 316 1383 id
341 1351 405 1391 est,
436 1349 527 1382 liberi
552 1349 706 1383 hominis,
730 1345 923 1385 obligatione
948 1342 1053 1382 quaeri-

186 1402 256 1433 tui·;
280 1402 390 1434 parum
415 1391 532 1428 refert,
557 1398 660 1421 utrum
686 1387 726 1418 sui
743 1410 752 1425 ,
783 1396 820 1417 an
844 1385 961 1422 alieni,
982 1383 1058 1423 juris

185 1435 241 1467 fit:
267 1434 394 1475 quando
412 1431 628 1464 filiusfamilias
646 1439 683 1460 ex
703 1429 848 1459 omnibus
866 1425 962 1456 catifis
981 1432 1055 1455 tam-

188 1486 283 1517 quam
308 1473 534 1515 paterfamilias
562 1472 736 1508 obligatur,
763 1470 791 1499 o't
816 1469 858 1499 ob
874 1468 904 1498 id
920 1466 967 1507 agi
988 1474 1059 1496 cum

187 1527 226 1548 eo
251 1523 411 1554 tamquam
436 1523 507 1544 cum
530 1510 756 1552 patrefamilias
784 1508 887 1550 potest
910 1508 928 1538 l.
944 1516 993 1547 39.
1018 1506 1059 1538 D.

186 1560 220 1590 de
242 1557 323 1597 oblig.
348 1555 385 1590 ἐξ
401 1554 456 1586 aa.
482 1554 631 1595 quamdiu
654 1552 699 1583 est
725 1553 754 1582 in
775 1558 869 1588 patris
885 1549 1059 1590 potestate:

187 1598 414 1642 tamdiu-enim
433 1604 539 1628 manet
559 1595 644 1626 idem
669 1593 721 1632 qui
742 1591 787 1623 est
811 1591 980 1631 obligatus.
1007 1588 1060 1620 sed

187 1646 404 1680 emancipatus
426 1647 442 1668 a
468 1644 575 1678 patre,
601 1635 635 1666 fit
662 1636 759 1666 alius:
790 1635 861 1673 quia
884 1631 1057 1670 emancipa-

187 1682 296 1719 tione,
321 1689 377 1721 per
396 1676 593 1720 imaginarias
612 1676 815 1707 venditiones
838 1674 866 1704 δι
892 1672 1058 1712 sequentes

186 1721 440 1755 manumissiones
465 1719 568 1750 adhuc
594 1716 662 1749 fieri
686 1717 791 1754 solita,
822 1714 1059 1755 quodammodo

187 1764 218 1795 in
238 1764 422 1794 servitutem
440 1760 604 1797 detrusus,
628 1759 740 1798 capitis
759 1756 977 1789 deminutione
1002 1763 1057 1785 no-

187 1814 246 1836 vus
270 1804 369 1835 homo
394 1802 496 1834 faetus
515 1802 583 1842 jure
606 1799 834 1831 Pandectarum
856 1797 1011 1828 creditur:
1035 1795 1056 1825 i-

188 1847 317 1886 deoque
334 1853 419 1876 mera
437 1842 610 1874 subtilitate
630 1850 666 1872 ea
690 1840 815 1871 actione
832 1847 901 1879 quae
920 1845 993 1868 ante
1009 1836 1047 1868 ad

187 1886 296 1919 versus
321 1895 394 1917 eum
414 1885 582 1925 competiit
600 1906 609 1922 ,
634 1882 715 1913 ulti-a
747 1879 912 1912 conveniri
936 1879 1058 1918 nequit.

187 1927 242 1961 Ne
259 1937 363 1959 tamen
381 1926 532 1958 creditori
554 1934 590 1956 ea
606 1934 640 1955 re
655 1923 765 1962 injuria
786 1920 974 1958 inferretur,
998 1920 1048 1960 pla

188 1970 255 2002 cuit
281 1969 409 2000 Praetori
435 1967 548 1999 Edicto
574 1967 614 1997 de
643 1965 749 2004 capite
776 1963 928 2000 minutis,
952 1962 1061 2002 (quod

189 2018 279 2044 extat
295 2010 353 2042 l.2.
372 2009 399 2051 §.
414 2018 434 2040 1>
454 2009 544 2039 D.de
555 2008 642 2047 capit.
660 2005 785 2044 minut.)
807 2003 848 2035 illi
864 2005 1011 2035 adverlus
1030 2011 1060 2032 e-

188 2053 402 2092 mancipatum
414 2050 563 2091 ,perinde
581 2058 617 2079 ac
634 2046 656 2079 fi
671 2046 784 2086 capitis
802 2043 979 2076 deminutio
996 2043 1060 2074 nul·

188 2095 220 2127 la
246 2091 483 2128 interveniffet,
506 2090 668 2122 restituere
690 2088 846 2119 aaronem
872 2086 980 2117 utilem
998 2108 1008 2123 ‚
1033 2084 1061 2115 &

192 2135 322 2176 quidem
341 2136 371 2165 in
396 2133 544 2164 solidum:
567 2131 646 2163 ficut
673 2137 747 2161 ante
771 2129 800 2160 in
821 2128 953 2160 solidum
976 2135 1059 2157 com-

190 2176 340 2219 petierat.
364 2173 545 2211 Caeterum,
569 2182 641 2204 eum
662 2169 820 2212 progrefi‘u
844 2168 995 2206 temporis
1011 2177 1062 2198 ex-

189 2216 605 2260 periundointelligeretui·,
619 2222 706 2244 novo
721 2210 956 2252 patrifamilias,
981 2210 1010 2240 ot
1029 2216 1063 2239 ut

190 2260 380 2301 plerumque
404 2257 595 2294 incidebat,
623 2263 687 2285 non
716 2254 747 2284 in
777 2262 810 2284 re
843 2252 926 2284 lauta
960 2251 1064 2281 adhuc

191 2299 390 2337 constituto,
415 2299 476 2329 hoc
493 2297 618 2338 gravius
636 2295 716 2331 esse;
740 2296 838 2326 vilum
857 2294 984 2325 Praetori
1001 2292 1062 2323 alio

190 2340 327 2379 Edicto,
351 2340 438 2380 quod
462 2339 507 2370 est
527 2337 661 2379 pofitum
679 2336 733 2367 sub
751 2336 814 2367 hoc
832 2334 966 2372 Titulo,
990 2342 1062 2365 eum

190 2382 263 2422 post
281 2381 392 2422 capitis
417 2380 669 2413 deminutionem
694 2379 823 2417 quidem
841 2377 972 2418 perinde
988 2384 1060 2406 con-

140 2444 148 2446 <
193 2423 314 2461 veniri,
338 2432 375 2453 ac
398 2421 418 2454 fi
444 2421 527 2453 nulla
554 2419 789 2452 interveniffet:
812 2428 844 2449 at
867 2427 927 2449 non
951 2416 1062 2457 jamin

195 2463 347 2502 solidum,
380 2463 431 2494 sed
455 2463 604 2494 hactenus
627 2461 755 2498 saltem,
779 2469 933 2501 quatenus
958 2457 1064 2488 facere

197 2504 307 2544 pom-t.
337 2506 367 2537 ἅ
387 2506 580 2542 notandum,
612 2504 698 2544 quod
728 2502 810 2532 hanc
837 2500 1065 2532 humanitatem

193 2545 315 2578 Praetor
330 2556 392 2577 non
417 2546 618 2586 emancipato
645 2552 768 2575 tantum
786 2542 852 2573 filio
872 2543 932 2573 hoc
950 2540 1062 2571 Edifto

197 2586 360 2618 exhibuit:
384 2587 435 2618 sed
458 2588 485 2618 ei
511 2595 639 2626 quoque
663 2586 716 2625 qui
734 2594 750 2615 a
772 2592 861 2624 patre
880 2584 914 2614 fit
932 2582 1061 2613 exhere*

196 2628 289 2660 datus
305 2650 314 2666 ,
338 2636 390 2658 aut
412 2627 551 2667 alioquin
575 2627 603 2658 se
621 2636 637 2657 a
656 2627 751 2667 patris
774 2625 952 2656 hereditate
974 2622 1063 2654 absti-

197 2669 277 2701 nuit.
322 2667 428 2699 Verba
447 2669 592 2701 Praetoris
616 2668 655 2699 ab
672 2668 809 2707 Ulpiano
832 2666 851 2696 l.
872 2676 900 2696 2.
929 2665 968 2696 D.
994 2666 1021 2695 h.
1046 2670 1067 2694 t.

197 2711 272 2742 talia
298 2710 483 2750 produntur.
527 2710 563 2741 In
585 2719 649 2741 eum
672 2710 723 2751 qui
738 2709 932 2746 emancipatus
948 2712 1000 2737 aut
1017 2715 1064 2736 ex-

198 2752 350 2783 heredatus
372 2752 444 2786 erit,
467 2753 553 2791 quive
568 2749 707 2791 abstinuit
721 2750 748 2788 fe
769 2749 923 2780 hereditate
939 2748 999 2789 ejus
1018 2756 1065 2777 cu-

193 2794 247 2834 jus
264 2794 296 2823 in
310 2788 464 2832 potestate,
488 2801 551 2822 cum
575 2794 712 2830 mor-itur,
733 2792 846 2830 fuerit,
872 2791 933 2831 ejus
957 2790 999 2819 rez'
1016 2797 1065 2818 no-

197 2836 274 2865 mine
287 2843 348 2874 quae
364 2842 428 2863 cum
442 2841 471 2862 eo
494 2832 637 2863 commeta
657 2834 727 2871 erit,
752 2842 818 2863 cum
838 2833 862 2863 is
887 2833 919 2861 in
930 2827 1067 2871 potestate

200 2874 285 2915 effa,
302 2873 367 2911 five
383 2874 443 2912 sua
465 2872 634 2910 voluntate,
658 2874 722 2911 five
741 2873 823 2915 jitffu
847 2873 906 2914 ejiis
931 2874 962 2903 in
984 2872 1067 2912 cujus

191 2915 330 2958 potestate
353 2916 425 2954 erit,
446 2916 639 2950 contraxerit,
656 2914 720 2950 sive
745 2918 776 2945 in
795 2915 938 2954 peculium
962 2912 1068 2952 ipfius,

191 2956 257 2997 five
274 2959 305 2988 in
318 2956 525 2997 patrimonium
540 2954 619 2995 ejus,
643 2956 725 2994 cujus
748 2957 781 2986 ἐπι
801 2953 937 2995 potestate
950 2955 1067 2993 suerit,

198 3009 232 3030 ea
246 3009 289 3030 res
305 2997 420 3029 redasta
430 2997 546 3036 fuerit,
569 2994 728 3032 astionem,
750 2998 835 3030 causta
863 2997 997 3037 cognita,
1020 2997 1067 3026 da·

198 3042 277 3072 boin
295 3041 369 3081 quod
384 3040 485 3079 facere
507 3033 600 3077 potest.
647 3034 680 3065 In
709 3036 771 3066 hoc
795 3037 908 3068 Edicto
926 3028 1066 3074 Praet⁶or‚

198 3081 221 3113 fi
241 3083 306 3122 ejus
322 3081 418 3112 verba
436 3078 759 3119 speetamus,tantum
778 3079 927 3110 auxilium
946 3078 1068 3119 praebet

198 3121 265 3154 filio
294 3121 513 3161 emancipato,
538 3127 680 3158 itemque
705 3116 919 3155 exheredato,
946 3127 999 3149 aut
1016 3120 1055 3150 ab

197 3162 321 3195 stinenti
350 3162 379 3193 se
403 3172 421 3193 a
447 3160 544 3203 patris
578 3160 767 3191 hereditate.
826 3158 888 3188 Sed
916 3158 1071 3198 Ulpianus

196 3205 227 3237 d.
250 3204 271 3237 l.
289 3213 316 3236 2.
337 3203 366 3245 §.
387 3212 413 3238 1.
437 3210 543 3239 motus
565 3201 766 3242 benignitate
791 3198 940 3232 Praetoris
958 3220 969 3239 ,
1005 3201 1072 3241 ejus

1099 1018 1239 1042 mentem
1264 1010 1389 1057 longius
1416 1014 1578 1053 poi-rexit:
1611 1017 1820 1056 confirmans,
1844 1016 1973 1058 aequiffi·

1101 1061 1185 1097 mum
1203 1051 1282 1091 effe,
1308 1056 1398 1084 caula
1415 1056 1563 1096 cognita,
1588 1058 1681 1090 etiarn
1710 1070 1738 1090 iii
1759 1061 1836 1091 alios
1856 1061 1919 1090 daii
1942 1069 1971 1090 a·

1101 1094 1237 1124 titionem
1263 1103 1292 1124 in
1318 1097 1348 1125 id
1377 1100 1461 1134 quod
1491 1097 1597 1129 facere
1630 1100 1780 1141 pofi'unt:
1813 1100 1842 1131 ὅ(
1868 1101 1971 1132 adfert

1100 1135 1267 1180 complura
1281 1138 1436 1182 exempla.
1465 1148 1560 1170 unum
1586 1141 1647 1171 est:
1668 1141 1694 1180 fi
1717 1143 1790 1172 sitm
1814 1143 1970 1181 enicmcr'pa·

1100 1177 1363 1217 tioneiitluzyurzs
1386 1178 1485 1223 fuctus
1510 1179 1560 1218 stt.
1613 1181 1693 1224 Quis
1724 1184 1775 1214 ille
1794 1184 1809 1214 ¹?
1842 1183 1970 1214 Flamen

1101 1215 1219 1266 Dialis:
1244 1220 1282 1247 de
1301 1227 1363 1264 quo
1383 1220 1483 1265 lvcripfi
1502 1222 1548 1252 lzb.
1572 1232 1594 1253 1.
1616 1224 1671 1254 ΤΠ.
1690 1234 1716 1264 7.
1743 1224 1788 1255 De
1815 1224 1972 1264 adoptioni-

1101 1260 1150 1288 bus
1171 1263 1205 1305 φ’
1221 1264 1504 1305 εηιαηςιραιῑοηῑὺιιε.
1549 1265 1693 1296 Alterum
1713 1266 1895 1304 exemplum
1914 1263 1969 1296 est:
1988 1267 1990 1269 '

1100 1300 1146 1329 ‘vel
1170 1309 1200 1346 ²⁷?
1223 1302 1399 1346 adaptionem
1422 1304 1525 1341 datus,
1549 1306 1647 1336 deinde
1659 1308 1898 1346 paternatiirtit'is
1922 1307 1971 1336 de-

1101 1339 1220 1386 ctfferzt3
1248 1339 1390 1372 ternum
1409 1346 1589 1384 exemplum
1609 1347 1650 1377 cll
1663 1346 1704 1385 ,st
1717 1350 1778 1388 quis
1800 1357 1835 1378 cx
1853 1349 1972 1378 inituim

1095 1389 1181 1422 parte
1191 1380 1232 1419 stt
1251 1382 1411 1427 sztzzytus.
1435 1383 1502 1416 lino
1516 1386 1533 1416 l.
1552 1397 1581 1425 4¹
1602 1397 1669 1424 quie
1687 1390 1879 1429 conjugenda
1898 1398 1970 1420 cuin

1102 1421 1164 1467 fine
1181 1425 1208 1453 d.
1230 1422 1249 1452 l.
1270 1433 1296 1454 2.
1322 1425 1363 1454 fic
1380 1434 1501 1472 pergit:
1525 1431 1578 1458 oen
1600 1428 1623 1465 li
1641 1439 1676 1460 ex
1688 1437 1770 1469 parce
1788 1441 1842 1460 mii
1860 1430 1972 1460 modica

1095 1465 1137 1502 Jzt
1153 1468 1280 1510 Jcrzplttts
1305 1466 1382 1510 heres
1399 1465 1485 1505 filzus
1503 1490 1513 1506 ‚
1547 1471 1577 1499 tn
1600 1471 1718 1500 arbitrio
1743 1469 1781 1511 est
1805 1475 1878 1501 creci'z
1894 1473 1970 1507 oris,

1102 1511 1201 1536 utrum
1219 1514 1254 1551 ‘tn
1274 1510 1404 1552 portzqrte
1427 1508 1619 1548 hereditaria,
1643 1521 1680 1541 (ιη
1703 1514 1733 1541 in
1761 1512 1881 1549 felicium
1907 1520 1972 1540 eum

1103 1551 1263 1593 conventia.
1282 1547 1334 1584 sed
1350 1548 1384 1580 ἐς
1404 1548 1450 1578 hic
1469 1549 1570 1589 Juclex
1590 1548 1726 1590 aflt'mare
1749 1554 1841 1589 (κύει,
1866 1562 1898 1581 ue
1910 1551 1975 1588 for·

1103 1594 1129 1617 te
1146 1596 1176 1617 zn
1193 1589 1222 1617 td
1239 1588 1312 1626 quod
1323 1586 1424 1625 facere
1436 1588 1547 1629 potest,
1572 1593 1666 1622 demat
1686 1594 1844 1622 conveniri.

1145 1630 1186 1659 Ut
1210 1636 1352 1658 revertar
1375 1638 1414 1659 eo
1430 1654 1438 1668 ‚
1466 1632 1549 1662 unde
1577 1633 1707 1672 incoepit
1735 1633 1974 1674 interpretatio,

1102 1678 1251 1710 apparet,
1276 1668 1448 1702 Praetorem
1478 1682 1566 1703 novo
1593 1675 1826 1713 patrifamilias,
1852 1674 1868 1705 ii
1895 1684 1972 1705 con-

1104 1719 1247 1742 veniatur
1264 1720 1303 1741 ex
1321 1713 1487 1743 conti-actu
1508 1724 1601 1754 quem
1627 1714 1717 1746 inivit
1737 1715 1973 1754 filiusfamilias,

1102 1752 1288 1789 subvenire3
1307 1761 1345 1782 ne
1365 1754 1442 1784 ultra
1460 1764 1550 1794 quam
1570 1755 1675 1788 facere
1692 1758 1801 1798 pollit,
1822 1761 1974 1788 condem-

1101 1803 1141 1824 ne
1158 1803 1202 1824 ur.
1248 1794 1280 1824 ln
1307 1792 1426 1825 herede
1450 1805 1513 1827 non
1540 1798 1622 1828 idem
1652 1798 1758 1829 censet
1777 1797 1928 1839 Ulpianus
1950 1797 1972 1830 l.

1101 1846 1128 1873 4.
1148 1835 1176 1876 §.
1196 1843 1223 1875 3.
1240 1834 1268 1865 h.
1287 1841 1307 1864 t.
1332 1843 1438 1879 mot-us
1468 1838 1653 1869 auctoritate
1671 1840 1848 1878 Papiniani:
1874 1841 1923 1870 lib.
1941 1847 1972 1875 9.

1104 1876 1532 1921 Quaettionumficribentis,
1568 1889 1597 1911 in
1626 1881 1774 1913 heredem
1803 1881 1856 1912 filii
1881 1880 1975 1911 aetio-

1104 1928 1177 1949 nem
1202 1927 1235 1962 ln·
1263 1918 1391 1961 lolrdum
1420 1920 1565 1952 dandam.
1605 1931 1720 1962 nempe
1744 1922 1890 1962 opinatus
1920 1921 1975 1952 ille

1105 1960 1167 1997 elt,
1192 1958 1390 1998 privilegium
1416 1960 1483 1991 filio
1507 1971 1522 1992 a
1551 1961 1688 1994 Praetore
1713 1964 1839 2002 datum,
1863 1961 1976 1995 hei-edi

1105 2010 1169 2049 non
1189 2001 1315 2038 datum,
1338 2009 1410 2031 cum
1429 2002 1560 2041 persona
1579 2002 1633 2034 filii
1652 2004 1804 2045 extingui.

1144 2041 1218 2087 hgo
1239 2050 1279 2072 ne
1304 2041 1380 2085 illud
1405 2044 1533 2082 quidem
1557 2045 1722 2084 omittam,
1751 2046 1833 2086 quod
1853 2045 1976 2077 Praetor

1103 2084 1249 2115 adverlus
1276 2081 1392 2128 filium,
1418 2087 1514 2123 patria
1543 2086 1700 2126 potestate
1728 2087 1913 2122 liberatum,
1944 2095 1977 2116 a-

1106 2125 1245 2156 thonem
1264 2128 1340 2154 dans
1360 2133 1390 2154 in
1408 2127 1437 2156 id
1456 2130 1540 2166 quod
1559 2127 1667 2158 facere
1689 2128 1811 2168 potest,
1836 2126 1978 2166 loquitur

1104 2170 1143 2198 de
1159 2165 1284 2196 astione
1308 2174 1347 2196 ex
1365 2167 1545 2210 contractu,
1570 2178 1703 2209 quoquo
1720 2172 1817 2200 modo
1834 2169 1859 2199 is
1878 2168 1978 2199 fuerit:

1108 2208 1303 2255 celebratus:
1327 2206 1389 2237 five
1410 2207 1460 2238 lua
1478 2210 1660 2249 voluntate,
1685 2210 1746 2242 five
1767 2209 1845 2250 juffu
1863 2211 1926 2249 ejus
1943 2209 1978 2241 iu

1107 2258 1193 2296 ‘cuj-us
1210 2246 1367 2295 potestate
1386 2247 1499 2281 fuerit·
1516 2251 1664 2292 amplius,
1689 2251 1751 2283 five
1768 2253 1798 2282 in
1817 2252 1978 2291 peculium

1106 2293 1218 2332 iplius,
1242 2290 1304 2334 five
1323 2299 1354 2320 in
1379 2292 1601 2329 patrimonium
1622 2293 1708 2334 ejus,
1732 2294 1818 2333 cujus
1834 2292 1863 2323 in
1882 2301 1976 2332 pote-

1107 2334 1184 2364 state
1201 2331 1317 2378 fuerlt,
1340 2339 1376 2361 ea
1395 2340 1444 2363 res
1463 2334 1587 2364 redacta
1604 2333 1717 2365 fuerit:
1741 2344 1804 2364 uno
1828 2333 1977 2364 Praetoris

1106 2373 1400 2417 consilio,1c·urate;
1420 2382 1460 2404 ne
1475 2384 1514 2405 ex
1531 2376 1662 2416 negotio
1678 2384 1752 2407 ante
1768 2373 1855 2415 gesto
1874 2383 1978 2405 novus

1108 2414 1332 2461 patei-familias
1351 2423 1454 2454 rigore
1473 2416 1549 2456 juris
1563 2426 1580 2447 a
1598 2416 1650 2447 suo
1668 2417 1827 2447 creditore
1845 2416 1910 2445 ullo
1926 2423 1978 2445 ca-

1110 2461 1141 2489 lu
1164 2463 1371 2500 opprimatur.
1416 2456 1482 2486 Sic:
1505 2457 1525 2488 fi
1553 2467 1592 2488 ex
1619 2458 1783 2488 contrat‘Ju
1808 2455 1979 2486 convenia-

1110 2507 1169 2530 tur.
1196 2501 1288 2538 quid,
1312 2494 1332 2527 fi
1349 2505 1388 2527 ex
1407 2497 1549 2529 delicto?
1574 2508 1637 2529 non
1654 2498 1736 2529 idem
1762 2497 1882 2537 placet:
1904 2497 1978 2536 quia

1104 2540 1227 2572 Praetor
1243 2540 1283 2570 de
1300 2537 1465 2582 contractu
1483 2538 1642 2579 loquitur3
1658 2540 1696 2570 de
1714 2539 1829 2570 deliCto
1848 2548 1910 2568 non
1930 2538 1978 2568 lo-

1107 2590 1222 2621 quitur.
1267 2580 1362 2624 Atqui
1380 2580 1595 2618 appellatione
1619 2581 1795 2612 contractus
1814 2579 1907 2610 etiam
1926 2580 1979 2610 de-

1111 2622 1218 2666 liCtum
1235 2623 1387 2652 cenletur.
1429 2619 1530 2660 Novi,
1556 2631 1605 2652 me
1626 2621 1802 2652 observaffe
1820 2621 1907 2661 supra
1923 2620 1980 2651 sub

1111 2663 1245 2700 Titulo‚
1271 2662 1316 2693 De
1333 2662 1420 2705 rebtts'
1431 2663 1555 2694 creditis.
1580 2662 1631 2693 sed
1657 2662 1687 2694 id
1708 2662 1830 2700 ubisit,
1854 2670 1979 2692 contra-

1113 2705 1180 2736 ctus
1205 2705 1303 2749 malus
1328 2704 1509 2741 indigitatur
1532 2704 1550 2734 l.
1575 2714 1624 2744 52.
1661 2705 1706 2735 l).
1732 2705 1765 2735 de
1787 2713 1816 2733 re
1833 2703 1978 2744 judicata.

1109 2746 1287 2793 nec-voluit
1306 2742 1482 2788 Ulpianus,
1507 2753 1539 2776 ut
1559 2745 1665 2776 decuit
1689 2744 1787 2776 virum
1807 2744 1979 2775 honestatis
2033 2775 2035 2780 .

1109 2787 1299 2822 studioluni,
1325 2784 1470 2829 Praetoris
1486 2786 1706 2827 cognitionem
1731 2785 1886 2816 infuscare
1901 2794 1981 2815 con·
2033 2805 2034 2808 =

1109 2828 1176 2874 filio
1193 2826 1377 2868 adjuvandae
1400 2828 1630 2866 improbitatis:
1655 2835 1765 2858 contra
1783 2826 1845 2864 ait,
1868 2836 1907 2857 ex
1927 2827 1980 2856 de-

1111 2870 1186 2916 liCto
1217 2876 1434 2912 conventum,
1459 2876 1618 2909 tamquam
1646 2868 1807 2909 indignum
1832 2867 1979 2898 Praetoris

1111 2911 1324 2983 indlplgentia,
1355 2918 1385 2940 tn
1410 2908 1543 2942 solidum
1569 2909 1775 2941 condemnari
1800 2911 1828 2940 d.
1857 2909 1876 2940 l.
1896 2919 1924 2947 4.
1948 2906 1980 2948 §.

1109 2963 1137 2985 2.
1179 2977 1185 2983 .
1209 2959 1230 2983 l.

1151 2992 1268 3025 Utilior
1284 2991 1434 3033 &justior
1450 2992 1546 3025 fuerit
1566 2992 1773 3028 deliberatio,
1796 3000 1833 3021 an
1857 2990 1888 3020 in
1905 2997 1981 3028 cog-

1110 3035 1232 3067 nitione
1262 3034 1409 3066 Praetoris
1432 3043 1525 3066 etiam
1552 3034 1702 3076 temporis
1730 3030 1834 3064 haberi
1865 3029 1982 3059 debeat

1110 3076 1208 3109 ratio:
1234 3084 1283 3114 ut,
1309 3074 1474 3116 fiquidem
1500 3085 1539 3107 ex
1556 3075 1735 3107 continenti
1760 3080 1830 3103 cum
1857 3069 1923 3101 filio
1948 3078 1981 3100 a·
2032 3089 2033 3095 .

1110 3128 1221 3160 gatur,
1245 3118 1337 3149 detur
1361 3117 1442 3147 attio
1471 3116 1501 3149 in
1520 3118 1549 3148 id
1568 3118 1654 3158 quod
1671 3115 1776 3147 facere
1793 3110 1911 3152 potest:
1935 3110 1981 3142 fin

1115 3170 1193 3191 vero
1212 3158 1279 3200 post
1303 3158 1422 3189 multos
1440 3167 1558 3198 annos,
1582 3168 1646 3189 non
1670 3156 1785 3187 debeat
1801 3151 1982 3192 indulgeri?

1115 3199 1271 3243 Ulpianus
1295 3200 1326 3233 d.
1352 3200 1372 3232 l.
1400 3208 1430 3240 4.
1452 3199 1481 3241 §.
1500 3209 1529 3240 4.
1561 3199 1665 3237 mihi,
1696 3193 1825 3237 inquit,
1855 3194 1987 3267 vipaettiig
