2036 3495
349 120 377 159 Α
388 135 410 159 D
437 123 463 157 L
473 132 486 156 1
496 133 526 157 Β.
552 117 648 156 XIV.
679 117 735 152 T1
747 128 780 153 T.
814 116 879 152 VI.
907 113 958 149 De
976 111 1241 161 Senatusconsulto
1258 115 1494 150 Macedoni‘mio.
1743 116 1787 148 τό
1795 124 1811 148 »-

27 216 111 261 apud
130 223 163 247 te
178 209 493 246 remancre.estenim
505 215 643 248 utroque
654 205 723 253 casu
734 213 895 251 mutuum:

24 259 113 299 quod
130 257 260 288 Senatus
278 253 389 285 vetuit.
407 253 511 291 Atque
528 250 568 280 ita
579 248 623 280 est
641 257 738 291 prima
756 255 895 285 ratione,

29 309 95 339 quo
111 300 147 329 ad
165 298 260 328 verba
282 291 558 326 senatusconsulti.
580 289 630 320 sed
649 287 801 334 Ulpianus
818 290 844 319 d.
864 287 892 328 ἓ.

28 350 60 381 3.
78 341 109 372 id
128 339 241 370 facturn
254 337 383 376 exigens
400 335 437 366 ad
454 333 516 372 eius
533 337 673 362 mentem
685 352 694 365 ‚
710 330 800 360 aliter
820 338 893 359 cen·

24 382 93 412 set:
109 378 274 420 praefatus,
296 377 380 417 quod
392 374 531 416 pecuniae
542 372 799 416 numerationon
818 379 890 400 con-

26 422 135 453 currit.
166 418 277 451 Sensus
302 416 443 454 Ulpiani:
473 413 559 452 quod
592 411 793 443 filiofamilias
821 412 893 440 data

24 461 180 503 pecunia,
203 457 446 490 subministratur
471 454 554 498 quod
582 453 701 498 perdat.
726 453 758 482 id
785 460 890 498 autem

23 503 126 535 noluit
142 502 281 533 Senatus.
303 506 333 529 at
349 506 418 528 curn
435 503 599 536 pecuniam
619 495 757 524 debitam
775 500 891 523 retinet

26 544 186 575 creditore
209 539 444 573 consentiente,
468 545 532 566 non
550 534 667 575 accipit
686 536 774 574 plus,
798 542 891 573 quam

22 583 141 615 habuit.
171 589 258 613 certe
284 579 416 610 secunda
439 577 615 607 conventio
645 575 671 606 ei
699 585 762 607 non
787 575 891 613 adfert

22 633 140 657 novam
164 622 290 654 luxuriae
317 619 496 650 materiam:
521 617 665 657 quamvis
690 618 890 656 emptionem

22 668 55 698 in
78 672 219 697 mumum
252 659 420 693 transferat
451 660 584 699 quadam
608 657 683 697 juris
710 657 890 689 subtilitate.

23 706 119 748 igitur
135 713 193 736 nec
208 713 248 733 eo
271 701 349 733 facit
375 709 488 732 contra
506 709 646 730 mentem
671 699 813 730 Senatus.
839 698 890 728 Sic

23 747 191 787 Ulpianus,
214 753 250 774 ac
266 742 473 782 probantibus
498 741 618 772 Severo
636 741 663 783 ὃς.
685 741 846 771 Antonino
863 741 890 769 d.

20 789 41 821 l.
60 797 88 829 3.
108 787 139 818 C.
156 787 181 816 h.
200 791 219 815 t.
241 786 299 815 hac
326 782 451 824 egregia
479 784 618 813 ratione:
645 782 735 822 Origo
757 782 831 811 enim
841 786 890 820 po-

22 829 80 861 tius
94 828 270 868 obligationis
282 849 290 864 ,
313 835 401 866 quoni
419 824 523 855 titulus
537 822 655 853 astionis
673 820 893 860 confideranclus

23 867 72 910 qli.
98 867 250 901 Prohibet
268 867 361 907 igitur
380 867 510 897 Senatus
527 863 730 896 filiofamilias
753 870 892 894 mutuam

23 911 191 951 pecuniam
213 908 287 939 dari.
318 908 395 939 alios
423 905 602 937 contrastus
627 914 698 935 cum
726 905 780 936 illo
804 903 892 941 fieri,

20 961 87 984 non
103 950 263 992 prohibet.
280 947 405 980 Tamen
422 948 471 979 vel
490 947 553 978 hoc
572 947 697 977 demum
715 947 819 985 placet
838 943 890 975 Ul·

21 993 120 1034 piano
144 992 171 1022 d.
195 991 212 1020 l.
236 1001 264 1030 3.
291 990 318 1031 §.
335 1000 364 1030 3.
384 989 424 1020 D.
443 989 470 1020 b.
487 994 507 1018 t.
529 988 549 1019 si
567 997 629 1018 non
649 988 732 1019 fraus
748 986 891 1018 Senatus-

22 1033 170 1066 consulto
189 1032 223 1063 fit
237 1039 392 1071 cogitata:
416 1039 449 1061 ut
466 1029 517 1070 qui
536 1031 667 1060 credere
684 1038 746 1059 non
765 1028 891 1068 potuit⁹

23 1075 123 1115 magis
141 1073 168 1104 ei
184 1074 355 1109 venderet3
378 1078 413 1102 ut
429 1071 479 1102 ille
498 1071 540 1101 rei
561 1071 694 1109 pretium
714 1070 843 1100 haberet
859 1069 887 1098 in

27 1116 131 1154 vicem
159 1115 268 1145 mutui.
293 1113 407 1143 Similis
433 1111 560 1151 Ulpiani
585 1110 765 1142 observatio
783 1110 846 1149 est3
869 1108 890 1140 sl

27 1156 245 1190 filiusfamilias
263 1152 452 1193 fidejufferit.
480 1161 584 1184 motus
613 1154 695 1183 enim
715 1150 834 1182 Neratii
853 1159 890 1181 ac

29 1197 112 1230 Celsi
137 1197 288 1227 sententia
312 1197 371 1232 ait,
390 1195 417 1225 ὅ(
446 1202 510 1225 tum
537 1193 652 1224 celsare
677 1193 886 1224 senatuscon-

28 1239 167 1271 sultum:
198 1237 247 1267 sed
273 1236 426 1275 Julianum
454 1235 589 1275 adjicere
605 1257 614 1273 ‚
650 1233 670 1265 fi
694 1234 785 1264 color
807 1242 888 1272 quae-

27 1278 102 1313 fitus
122 1278 176 1314 fit.
198 1286 232 1309 ut
254 1276 492 1311 filiusfamilias.
518 1275 570 1315 qui
594 1283 660 1306 erat
684 1283 822 1306 mutuam
840 1283 887 1305 ac·

28 1329 181 1360 cepturus
208 1319 393 1355 pecuniam,
417 1315 605 1356 fidejuberet
630 1315 693 1346 alio
716 1325 772 1346 reo
796 1316 891 1347 dato:

24 1360 169 1394 fraudem
195 1357 472 1390 Senatusconsulto
495 1356 609 1388 faciam
633 1357 781 1388 creditori
799 1365 893 1387 noce-

25 1411 80 1440 re,
104 1402 133 1432 ἃ
158 1401 289 1432 dandam
315 1409 377 1430 tam
403 1397 623 1435 filiofaiinlias‚
648 1406 742 1437 quam
765 1407 821 1428 reo
839 1407 892 1428 ex-

26 1445 229 1483 ceptionem:
247 1443 395 1482 quoniam
407 1442 432 1471 (St
444 1438 611 1480 fideiuss'ori
628 1437 818 1470 filiifamilias
830 1438 894 1469 sub·

26 1485 152 1517 venitur
169 1483 186 1514 l.
209 1493 236 1522 7.
256 1481 296 1513 D.
314 1483 341 1512 h.
359 1487 381 1512 t.

68 1524 232 1560 Vidimus,
256 1523 387 1554 Senatus
405 1521 550 1553 consulto
577 1520 759 1562 prohiberi,
783 1531 822 1552 ne
839 1514 896 1552 fili-

33 1565 189 1597 ofamilias
207 1573 312 1595 mutua
330 1566 421 1594 detur
439 1562 579 1603 pecunia.
605 1562 774 1601 Exspectas
800 1561 897 1601 tradi;

31 1614 136 1637 utrum
161 1605 223 1635 sola
246 1604 423 1643 designetur
446 1604 531 1634 datio
550 1612 717 1634 numeratae
734 1605 894 1643 pecuniae,

33 1655 74 1678 an
99 1646 239 1678 omnium
265 1654 334 1684 quae
356 1652 462 1676 mutua
485 1644 547 1676 dari
567 1644 676 1675 solent.
700 1643 791 1676 Hanc
810 1645 896 1676 litem

32 1687 151 1720 dirimit
175 1685 328 1725 Ulpianus
350 1686 369 1717 l.
396 1696 422 1725 7.
445 1685 472 1727 §.
490 1695 517 1725 3.
541 1684 578 1715 Ι).
595 1686 620 1715 h.
640 1692 662 1715 t.
681 1685 722 1717 fic
741 1685 898 1717 scribens:

33 1729 121 1760 verba
135 1729 275 1758 videntur
286 1727 354 1757 inibi
369 1729 404 1757 tid
421 1732 598 1757 numeratum
608 1728 761 1766 pecuniam
778 1727 897 1765 referri:

35 1770 79 1800 ait
95 1771 169 1799 enim
188 1769 325 1806 Senatus,
349 1765 490 1799 Mutuom
502 1768 652 1807 pecuniam
679 1768 800 1807 dedzffet.
823 1768 895 1799 Sen-

32 1809 82 1841 sus
100 1807 245 1849 Ulpiani:
263 1810 349 1849 qnod
368 1809 536 1848 appellatio
556 1809 696 1849 pecuniae
715 1809 775 1840 late
791 1817 896 1848 patet:

36 1860 151 1892 praeter
176 1857 368 1881 numeratam
396 1849 581 1888 pecuniam,
605 1850 633 1880 δι
651 1851 842 1890 quantitates
867 1850 898 1882 &

38 1901 175 1932 corpora
202 1891 438 1929 complectens:
464 1900 570 1922 verum
602 1891 653 1922 hic
678 1890 898 1933 coangustatur

35 1932 181 1973 appofito
198 1933 304 1963 verbo.
328 1941 390 1963 non
420 1931 501 1963 enim
527 1940 613 1962 vetat
631 1932 778 1970 Senatus,
803 1942 897 1972 pecu-

36 1975 121 2006 niam
146 1974 224 2003 dari:
248 1971 299 2004 sed
328 1981 414 2004 vetat
432 1996 440 2011 ‚
473 1982 610 2004 mutuam
635 1974 798 2013 pecuniam
822 1975 898 2006 dari.

37 2023 98 2055 qua
116 2014 289 2054 adieetione
306 2013 404 2052 faeta,
429 2014 470 2045 nil
497 2014 620 2045 necesse
636 2014 713 2053 fuit,
738 2024 900 2055 quaerere;

34 2065 72 2087 an
92 2055 145 2086 sub
163 2054 302 2095 pecuniae
328 2055 542 2095 appellatione
566 2057 594 2086 in
622 2055 900 2088 Senatusconsulto

36 2105 172 2136 corpora
190 2095 516 2136 comprehendantur:
539 2098 646 2136 <quod
673 2098 812 2138 alioquin
835 2107 901 2129 cer·

38 2138 182 2168 tissimum
202 2137 244 2168 est
267 2138 285 2167 l.
307 2142 371 2177 178.
400 2139 446 2170 Ι).
464 2139 496 2168 de
512 2140 587 2168 verb.
599 2137 724 2180 signif.)
749 2148 819 2170 nam
836 2148 898 2171 mu-

37 2182 126 2209 tuum
147 2187 205 2209 non
228 2180 339 2217 recipit
362 2187 511 2217 corpora:
535 2179 612 2211 solas
638 2180 752 2219 recipit
777 2181 897 2221 quanti-

36 2226 128 2250 tates.
150 2227 180 2249 at
204 2228 264 2249 nec
279 2226 388 2250 omnes
414 2220 465 2251 lias
489 2219 620 2251 Senatus
639 2220 801 2261 indigitat3
825 2222 900 2252 licet

37 2269 149 2291 omnes
161 2260 274 2300 poffint
292 2268 405 2291 mutuae
417 2260 489 2292 dari.
505 2261 646 2302 alioquin
657 2253 826 2294 sufficiebat
836 2272 899 2294 mu·

37 2304 81 2332 tui
100 2302 219 2332 mentio
232 2325 239 2335 .
258 2301 287 2331 &
305 2302 494 2342 supervacua
513 2309 578 2333 erat
597 2304 737 2339 pecuuiae
754 2304 899 2344 adjectio.

36 2342 78 2374 ita
100 2352 175 2372 vero
195 2341 331 2373 efficitur
351 2352 389 2374 ex
412 2343 565 2374 tententia
590 2341 732 2382 Ulpiani:
758 2352 790 2375 ut
807 2345 900 2376 Sena-

37 2391 108 2420 tus,
124 2383 234 2414 nolens
252 2390 390 2415 mutuam
410 2385 573 2424 pecuniam
592 2384 793 2416 filiofamilias
810 2386 893 2425 dari,

36 2433 100 2456 non
125 2425 270 2455 videatur
287 2434 413 2456 omnem
432 2424 600 2464 prohibere
626 2425 724 2457 mutui
743 2425 900 2465 formam,

38 2464 90 2495 sed
108 2474 198 2496 unam
216 2474 386 2496 numeratae
405 2467 556 2505 pecuniae.
581 2465 612 2497 Si
637 2475 740 2498 tamen
764 2467 849 2499 fraus
867 2469 903 2499 fit

39 2505 319 2551 Senatusconsulto
350 2507 510 2546 adhibita3
542 2516 636 2548 puta,
667 2507 830 2540 frumento
852 2505 903 2540 vel

37 2555 115 2591 vino
133 2544 182 2582 vel
201 2547 273 2590 oleo
291 2556 402 2579 mutuo
428 2549 522 2587 dat03
549 2556 582 2579 ut
609 2549 655 2580 liis
672 2548 822 2581 disti-attis
839 2550 900 2581 fru-

39 2586 141 2632 ctibus
166 2586 379 2620 filiusfamilias
398 2589 529 2630 pecunia
558 2597 718 2622 uteretur:
743 2591 770 2621 ἃ
793 2589 842 2621 hic
860 2592 902 2622 ait

39 2625 195 2672 Ulpianus
219 2630 246 2657 ci.
273 2629 291 2658 l.
316 2639 343 2669 7.
371 2630 399 2671 ἓ.
421 2641 450 2672 3.
467 2630 509 2662 D.
528 2631 556 2662 h.
574 2637 596 2662 t.
617 2629 816 2663 filiofamilias
834 2630 899 2663 sub-

39 2670 231 2699 veniendum
257 2668 327 2700 effe.

78 2708 182 2754 ’Vetat‘
201 2710 296 2753 igitur
325 2710 480 2750 Senatus,
512 2721 707 2744 numeratam
733 2714 899 2753 pecuniam

39 2749 240 2794 filiofamilias
257 2758 396 2782 mutuam
421 2753 495 2783 dari.
521 2763 623 2785 utrum
649 2754 702 2785 sub
721 2755 835 2793 usuris,
860 2764 897 2785 an

38 2790 102 2823 fine
121 2790 225 2821 usuris.
250 2790 324 2822 Hoc
344 2792 466 2823 suadeat
483 2795 570 2825 verbi
591 2796 787 2835 proprietas:
805 2805 897 2834 quam

40 2831 173 2872 pulchre
191 2832 308 2863 indicat
328 2832 392 2863 hoc
409 2832 544 2873 Pedonis
560 2836 749 2868 Albinovani
769 2836 850 2878 Eieg.
873 2845 898 2868 1.

39 2880 112 2907 vers.
153 2878 200 2908 09.

58 2883 225 2946 Vztassclata
247 2912 285 2953 est
310 2915 435 2952 utenda,
458 2916 527 2946 dota
551 2914 588 2957 est
598 2917 663 2955 fine
683 2920 793 2957 foenore
810 2919 888 2950 nohis

61 2956 180 2985 Mutuo
192 2978 200 2992 ‚
224 2965 280 2985 non
298 2962 373 2986 certa
388 2956 570 2996 persoluenda
586 2960 638 2990 die.

36 2994 164 3027 Nonius
188 3005 317 3035 quoque
343 3004 402 3036 cap.
424 3008 453 3035 4.
481 3007 559 3029 num.
586 3008 634 3038 70.
669 3001 762 3031 verba
788 2999 898 3031 Nonii.

35 3036 182 3069 Mutuum
199 3047 216 3067 a
230 3038 337 3072 foenore
358 3039 407 3068 hoc
430 3036 514 3076 disicit
525 3062 534 3076 ‚
557 3042 630 3080 quod
644 3049 776 3072 mutuum
787 3040 848 3078 sine
865 3051 898 3071 u-

34 3077 131 3117 suris:
145 3077 246 3117 soeiziis
261 3088 323 3108 cuni
340 3080 433 3112 usuris
450 3080 589 3118 sumitur,
613 3080 649 3116 δ”
671 3081 709 3119 esi
724 3084 830 3121 accepti
845 3082 898 3119 foe-

35 3123 92 3149 tus.
113 3120 186 3149 unde
212 3119 248 3153 {5⁹
273 3119 366 3157 foenui
396 3119 503 3151 dietum
526 3119 579 3160 est.
605 3129 639 3153 ut
663 3123 761 3154 Graece
787 3124 896 3159 τάν-Θ,

36 3157 119 3200 quasi
129 3166 232 3200 portus
255 3162 349 3191 mutui
358 3162 471 3201 sumpti
499 3161 595 3193 Plaut.
625 3163 742 3201 Afiimr.
768 3162 850 3195 Nam
874 3163 896 3196 fi

31 3207 145 3274 ωιᾶἱιὲξ)
164 3210 226 3274 Ἣ]
243 3209 380 3243 potero,
403 3210 526 3236 certum
545 3202 607 3244 est,
623 3204 738 3239 sumam
757 3205 893 3239 foenore.

1790 149 1806 156 ν

945 202 1033 233 Unde
1049 201 1191 243 honestius
1212 208 1347 234 mutuum
1363 202 1402 243 est
1414 227 1421 240 ‚
1438 204 1513 243 quoii
1526 203 1581 242 sub
1596 202 1685 231 amico
1700 201 1808 241 offec'ln

934 243 1011 282 ficit,
1035 249 1129 274 tomen
1147 250 1201 284 iilic
1217 247 1346 284 temporis
1362 244 1629 284 necqffliriijoenore
1642 248 1750 277 sumere
1765 245 1810 273 (le-

939 290 993 315 cet.
1017 284 1069 315 Sic
1086 284 1214 325 quidem
1236 286 1286 316 illi.
1306 287 1345 316 At
1365 287 1515 324 Ulpianus
1536 294 1564 315 in
1584 285 1603 314 l.
1623 293 1649 324 7.
1666 283 1693 324 §.
1716 292 1743 319 9.
1764 283 1806 314 J).

937 324 966 354 h.
982 331 1003 355 t.
1024 333 1137 356 contra
1158 326 1280 356 scribit:
1298 327 1366 356 Sive
1382 328 1536 362 lzioulziris
1556 329 1736 356 nititiiciclata
1748 323 1807 362 sir,

930 363 995 403 five
1005 365 1070 402 fine
1085 368 1184 398 usuris
1207 369 1245 397 ad
1272 367 1560 403 Senatusconsultmn
1575 366 1691 405 spciitit.
1718 365 1807 404 Ulpi-

937 415 1013 437 anus
1032 408 1119 438 verbi
1139 408 1201 438 vim
1220 416 1284 438 non
1304 417 1344 438 ex
1361 408 1425 447 ejus
1446 409 1642 447 proprietate
1657 407 1804 444 aelliinat3

937 447 1008 485 sed,
1032 449 1120 486 quod
1145 457 1194 479 res
1219 447 1374 487 postulat,
1397 458 1435 478 ei<
1466 458 1572 478 mente
1597 450 1624 478 ά
1654 446 1808 478 sententia

935 487 1087 520 Senatus:
1113 490 1310 528 quiveram,
1335 487 1535 519 filiofamilias
1561 489 1648 520 credi
1667 496 1808 520 mutuam

935 528 1122 568 pecuniam,
1153 530 1184 561 id
1208 530 1272 567 est,
1305 530 1400 569 gratis
1426 531 1574 560 utendam
1603 529 1665 560 {ine
1689 530 1806 568 usuris,

934 578 1025 609 aeque
1040 579 1093 601 aut
1111 572 1208 611 magis
1219 571 1339 609 noluit,
1357 571 1384 601 ei
1404 571 1569 610 pecuniam
1587 570 1650 601 dari
1670 570 1722 601 sub
1739 571 1808 601 usu-

934 611 997 649 ris,
1021 612 1052 642 id
1071 611 1135 650 est,
1159 621 1223 643 non
1250 614 1429 652 gratuitam.
1454 610 1531 642 Non
1550 611 1612 648 cst,
1639 613 1727 650 quod
1745 611 1808 641 ha:-

934 661 1078 684 reamus:
1095 661 1167 683 toto
1182 652 1463 684 Senatusconsulto
1481 652 1651 691 przel'ertim
1669 652 1808 690 spectan-

935 701 966 723 te
984 694 1022 724 ad
1041 692 1147 725 foenus
1161 716 1170 732 ,
1197 694 1328 734 pessimo
1353 694 1504 732 exemplo
1531 693 1672 723 exerceri
1698 703 1714 723 a
1734 693 1806 724 Ma·

934 736 1059 765 cerione
1078 735 1212 766 solitum.
1238 735 1345 778 Quid,
1369 735 1389 766 fi
1407 736 1467 765 hoc
1490 733 1806 765 Senatusconsultum

935 777 974 805 ab
992 777 1050 806 hac
1066 785 1099 806 re
1119 776 1217 816 inl.3.
1230 777 1301 807 CA).
1314 782 1333 806 t.
1347 773 1805 806 vocaturSenatusconsultum

936 826 1001 856 quo
1026 815 1183 848 foenerare
1210 817 1418 848 filiisfainilias
1445 815 1490 847 est
1516 814 1739 856 prohibitum?
1765 815 1800 846 In

936 858 1046 897 primis
1066 868 1143 888 vero
1164 859 1224 888 huc
1242 859 1398 898 pei-tinet,
1423 859 1510 896 quod
1529 859 1556 888 in
1577 855 1639 888 fine
1656 856 1804 887 Senatus-

940 899 1074 930 consulti
1096 899 1270 940 subjicitur:
1301 899 1344 929 Ut
1360 899 1461 934 scirent
1480 900 1529 939 qui
1542 898 1666 938 peſjimio
1683 898 1806 938 exempla

928 940 1120 980 foenerarent.
1169 940 1266 980 Igitur
1292 939 1449 979 improbat
1475 940 1608 971 Senatus
1634 947 1804 979 utrumque

937 990 999 1012 tam
1017 980 1141 1018 foenus,
1167 991 1259 1021 quain
1280 990 1435 1012 mutuum.

978 1021 1053 1053 Non
1078 1032 1180 1054 minus
1206 1032 1343 1053 inei-etur
1367 1023 1528 1053 annotari:
1561 1021 1644 1061 quod
1669 1020 1805 1052 Senatus

933 1073 997 1095 non
1022 1073 1126 1100 vetat,
1150 1072 1289 1094 mutuam
1313 1066 1476 1103 pecuniam
1503 1062 1705 1094 filiofamilias
1733 1071 1807 1101 pro-2

933 1106 1043 1143 initti·‚
1067 1104 1118 1136 sed
1145 1114 1232 1135 vetat
1249 1128 1257 1143 ‚
1291 1105 1332 1136 illi
1360 1113 1501 1136 mutuam
1532 1106 1698 1142 pecuniam
1725 1102 1802 1134 dari.

933 1148 976 1177 ait
1003 1147 1086 1177 enim
1104 1170 1114 1185 .,
1139 1146 1273 1180 Placere3
1297 1156 1331 1176 ne
1356 1148 1381 1176 ei
1397 1147 1447 1187 qzcz‘
1464 1145 1656 1185 filiofamilias
1673 1151 1806 1175 mutuam

930 1189 1079 1227 pecuniam
1095 1187 1207 1227 decliffet
1218 1211 1226 1224 ,
1243 1187 1314 1218 [1ὲῖἰο
1328 1190 1481 1227 peritiaque
1498 1188 1623 1217 daretur.
1643 1186 1688 1217 Sit
1705 1187 1802 1226 igitur

931 1237 1040 1260 mutua
1057 1229 1189 1269 pecunia
1206 1228 1408 1260 filiofamilias
1428 1228 1491 1258 dari
1511 1226 1656 1267 promiffa
1676 1226 1801 1266 stipula-

932 1269 1040 1308 tione,
1057 1270 1087 1302 &
1105 1279 1179 1302 mox
1200 1271 1339 1307 credita,
1356 1270 1387 1300 id
1405 1269 1468 1304 est,
1494 1276 1602 1300 mutua
1620 1269 1691 1298 data
1710 1267 1806 1307 patri-

935 1310 1067 1342 familias
1091 1312 1345 1351 emancipatione
1368 1309 1471 1341 fatto:
1496 1311 1538 1340 ait
1565 1310 1715 1348 Ulpianus
1740 1309 1757 1338 l.
1775 1318 1807 1348 3.

935 1352 964 1393 §.
985 1353 1038 1383 ult.
1051 1351 1091 1383 D.
1103 1353 1129 1383 h.
1142 1358 1162 1384 t.
1181 1349 1639 1383 ceii‘areSenatusconsultum:
1657 1359 1696 1380 eo
1715 1349 1805 1388 quod

938 1393 1083 1433 promiss'a
1101 1395 1229 1434 quidem
1248 1393 1449 1425 filiofamilias
1461 1392 1504 1424 est
1515 1393 1651 1432 pecunia
1673 1400 1805 1427 mutua,

937 1434 990 1465 sed
1007 1435 1124 1475 estjam
1141 1435 1356 1474 patrifamilias
1375 1436 1454 1466 data.
1478 1435 1566 1472 quod
1586 1433 1718 1464 Senatus
1739 1440 1806 1462 non

940 1476 1111 1516 prohibuit.
1136 1476 1177 1507 Et
1193 1485 1374 1517 opportune
1391 1475 1552 1515 subjicitur
1569 1484 1609 1505 ex
1627 1473 1770 1505 Scaevola
1787 1472 1805 1502 Ι.

939 1528 968 1556 4.
989 1517 1075 1561 Quod
1091 1518 1181 1559 vulgo
1197 1520 1303 1548 dicitur
1314 1516 1528 1557 ‚filiofamilias
1537 1516 1613 1545 crecti
1631 1525 1687 1545 non
1702 1514 1784 1544 licere
1795 1535 1807 1549 ‚

940 1569 995 1589 non
1012 1562 1048 1589 ati
1066 1561 1152 1590 verim
1168 1560 1345 1597 referentium
1360 1557 1429 1598 effe,
1448 1558 1499 1597 sest
1515 1558 1552 1587 od
1568 1557 1805 1586 numerationem.

940 1600 971 1631 id
989 1600 1053 1639 cst,
1070 1610 1133 1631 non
1150 1601 1186 1631 ad
1199 1601 1451 1639 stipulationem,
1469 1607 1537 1637 quae
1558 1597 1807 1637 interrogatione

941 1641 969 1672 δε
990 1640 1191 1680 responsione
1210 1641 1353 1679 constat3
1371 1641 1422 1671 {ed
1440 1639 1477 1670 ad
1498 1639 1661 1669 dationem
1676 1661 1684 1675 ‚
1711 1646 1808 1675 pecu-

941 1684 999 1713 nia:
1020 1683 1240 1713 numeratione
1267 1681 1334 1713 fieri
1359 1681 1490 1713 solitam.
1518 1679 1603 1718 Ergo
1630 1678 1680 1709 hic
1699 1674 1809 1719 (quod

940 1733 980 1755 ex
1005 1723 1104 1755 Paulo
1129 1724 1254 1755 additur
1276 1724 1294 1754 l.
1313 1723 1369 1764 5.)
1402 1723 1431 1754 δι
1449 1725 1476 1752 in
1496 1720 1627 1752 solidum
1647 1718 1810 1764 damnabi-

941 1772 1007 1802 tur,
1032 1774 1095 1796 non
1113 1765 1144 1796 in
1169 1765 1200 1796 id
1224 1765 1309 1805 quod
1326 1764 1430 1795 facere
1450 1762 1571 1802 potest,
1588 1770 1739 1803 ¹quamvis
1755 1769 1811 1806 eit-

940 1806 1030 1838 heres
1052 1816 1068 1837 a
1094 1815 1182 1846 patre
1210 1807 1260 1838 vel
1285 1805 1503 1846 emancipatus
1535 1803 1579 1834 sit.
1625 1801 1738 1833 Poffim
1764 1810 1812 1831 vi-

941 1849 1029 1885 deri,
1054 1856 1205 1887 quantum
1227 1848 1318 1885 satis,
1340 1844 1489 1887 adjuviffe
1506 1844 1679 1884 Ulpianum
1698 1846 1728 1873 in
1744 1843 1772 1873 ci.
1785 1841 1814 1873 l.

962 1913 968 1919 .
988 1889 1017 1930 §.
1033 1889 1085 1919 zilt.
1105 1888 1158 1920 nifi
1183 1889 1286 1919 adhuc
1308 1888 1440 1919 obscura
1463 1885 1562 1917 effent
1579 1886 1646 1916 haec
1661 1884 1724 1925 ejus
1741 1892 1814 1914 vei·-

939 1899 998 1961 {az
1022 1931 1091 1960 Sive
1116 1931 1207 1970 capite
1230 1930 1392 1960 deminutus
1411 1927 1472 1967 fit,
1497 1925 1562 1965 sive
1585 1932 1672 1957 morte
1694 1925 1811 1965 patris,

942 1972 988 2001 ‘nel
1001 1973 1076 2002 (ilias
1090 1972 1134 2009 liti
1145 1972 1224 2012 juris
1235 1970 1407 2011 finecapitis
1421 1970 1611 2000 deminutione
1621 1968 1715 2006 fuerit
1729 1965 1812 2007 effec-

945 2019 1002 2043 tus.
1018 2011 1099 2054 Quis
1110 2022 1192 2044 enim
1205 2012 1328 2052 Ulpiani
1343 2020 1506 2050 tempore,
1525 2017 1640 2048 praeter
1650 2015 1812 2045 mortem,

945 2054 1007 2085 fuit
1034 2055 1148 2084 modus
1174 2054 1323 2084 tollendae
1342 2054 1448 2094 patriae
1465 2049 1628 2092 potestatis
1648 2049 1711 2080 fine
1728 2048 1814 2095 capi-

948 2097 987 2127 tis
1014 2094 1260 2126 deminutione?
1282 2096 1350 2135 jure
1373 2103 1459 2125 novo
1475 2092 1518 2124 est
1535 2092 1670 2131 dignitas
1687 2098 1814 2130 patrici-

944 2144 1011 2169 atus
1027 2136 1046 2167 l.
1068 2146 1096 2178 3.
1114 2136 1147 2166 C.
1169 2138 1201 2167 cle
1219 2137 1397 2173 Consulibus.
1421 2133 1490 2165 sunt
1508 2134 1537 2164 ἅ
1554 2134 1620 2164 aliae
1639 2133 1668 2162 in
1689 2129 1811 2163 Novell.

944 2182 991 2212 81.
1009 2187 1033 2208 c.
1055 2187 1079 2209 1.
1108 2177 1144 2212 &²
1158 2179 1235 2218 seqq.
1264 2177 1315 2208 sed
1338 2178 1397 2207 hos
1415 2175 1529 2207 modos
1546 2184 1562 2204 a
1578 2172 1750 2213 justiniano
1766 2174 1812 2203 in-

943 2220 1229 2260 ventosignoravit
1247 2217 1410 2259 Ulpianus,
1435 2226 1471 2247 an
1484 2216 1574 2257 igitur
1584 2224 1598 2245 a
1608 2213 1811 2260 Triboniano

943 2260 1094 2291 inflexum
1119 2261 1262 2292 dicemus
1287 2261 1324 2291 ad
1347 2261 1393 2299 jus
1417 2256 1563 2289 novum?
1587 2255 1662 2286 mihi
1682 2264 1744 2285 non
1765 2263 1812 2285 vi-

944 2303 1055 2341 detur,
1080 2300 1131 2331 sed
1149 2302 1302 2341 respicere
1317 2303 1355 2331 ad
1384 2298 1568 2339 dignitatem
1587 2296 1734 2328 Flaminis
1754 2294 1811 2326 Di-

944 2343 1019 2380 alis,
1044 2343 1072 2373 &
1091 2343 1230 2382 Virginis
1258 2340 1405 2373 Vestalis:
1430 2349 1511 2380 quos
1536 2347 1571 2369 ea
1589 2336 1773 2381 tempestate
1791 2345 1810 2366 a.

944 2383 1042 2423 patria
1059 2385 1218 2424 potellate
1238 2383 1300 2414 line
1316 2383 1427 2421 capitis
1448 2379 1668 2411 deminutione
1683 2376 1808 2415 emisse,

944 2424 1033 2464 supra
1053 2425 1183 2464 probavi
1199 2425 1251 2455 sub
1262 2423 1396 2461 Titulo‚
1415 2422 1461 2452 De
1476 2421 1686 2462 adoptionibus,
1702 2420 1740 2450 ad
1750 2418 1811 2459 fin.

987 2465 1062 2497 Huc
1088 2475 1188 2506 usque
1211 2466 1352 2502 ostendi,
1377 2473 1393 2494 a
1420 2463 1537 2494 Senatu
1561 2461 1743 2502 prohiberi,
1767 2469 1809 2492 ne

946 2506 1145 2538 filiofamilias
1164 2516 1270 2538 inutua
1289 2505 1422 2546 pecunia
1438 2505 1538 2535 detur.
1561 2503 1702 2543 Sequens
1719 2502 1811 2534 locus

945 2549 1053 2586 dicet,
1077 2549 1152 2587 quid
1173 2548 1248 2588 juris
1273 2548 1327 2585 fit,
1350 2546 1371 2577 fi
1397 2554 1510 2576 contra
1537 2543 1654 2575 factum
1672 2543 1808 2575 dicatur.

946 2590 999 2620 Ait
1015 2590 1165 2622 Senatus:
1191 2590 1325 2626 Placere,
1349 2597 1384 2618 ne
1407 2587 1455 2617 cuz·
1475 2584 1731 2627 quifiliofamz‘lias
1747 2593 1810 2614 mu-

945 2635 1025 2660 tuam
1043 2631 1197 2670 pecuniam
1220 2629 1352 2669 dediffet,
1376 2629 1462 2659 etiam
1475 2624 1537 2668 post
1552 2632 1666 2657 mortem
1677 2626 1808 2666 parentis

943 2672 1027 2711 cujus
1044 2673 1073 2701 in
1087 2670 1354 2711 potestatefuiffet,
1369 2669 1440 2701 αὲἶίο
1455 2669 1607 2710 petitioque
1624 2669 1752 2698 daretur.
1772 2666 1808 2697 In

945 2711 991 2743 his
1010 2713 1114 2743 verbis
1127 2711 1333 2743 animadverit
1352 2709 1531 2742 Marcianus
1545 2710 1653 2741 odium
1673 2708 1806 2739 Senatus

943 2761 1054 2783 contra
1078 2753 1306 2784 foeneratorem
1334 2753 1352 2784 l.
1376 2761 1424 2792 40.
1448 2750 1489 2783 D.
1513 2750 1547 2781 de
1572 2748 1689 2781 conditi.
1713 2748 1807 2778 indeo.

943 2793 1122 2833 Ulpianusl
1147 2803 1174 2830 9.
1191 2793 1218 2835 §.
1236 2804 1264 2826 2.
1291 2793 1330 2825 D.
1351 2795 1378 2825 b.
1400 2800 1422 2824 t.
1445 2791 1521 2824 dicit
1539 2792 1737 2823 severitatem
1756 2786 1809 2832 Se:

943 2845 1052 2866 natus:
1077 2835 1103 2864 6<
1126 2835 1155 2866 in
1171 2835 1198 2876 §.
1217 2846 1246 2874 4.
1265 2837 1291 2866 d.
1311 2836 1330 2865 l.
1354 2837 1412 2872 ait,
1436 2844 1472 2865 ea
1499 2833 1718 2864 liberationem
1736 2827 1807 2858 fieti

945 2877 987 2906 ob
1004 2885 1129 2915 poenam
1147 2877 1350 2908 creditorum.
1397 2873 1535 2907 Iudicavi
1556 2879 1700 2912 poenam‚·
1726 2877 1804 2915 1¹01}-

945 2919 1018 2947 dum
1037 2918 1190 2948 sormam:
1213 2927 1283 2949 cum
1304 2916 1396 2958 poffit
1413 2915 1527 2953 metui,
1547 2923 1584 2944 ne
1601 2912 1805 2957 faeneratoris

946 2958 1028 2989 aCtio
1047 2959 1227 2997 petitioque
1251 2959 1309 2990 hac
1335 2959 1518 2990 locutione.
1543 2954 1591 2985 Ne
1608 2952 1679 2982 αέῖῑο
1692 2956 1807 2996 petitio·
1854 2970 1856 2973 -

946 3009 999 3039 que
1013 3001 1113 3037 detur,
1137 3000 1203 3040 ipso
1217 3000 1288 3041 jure
1303 3000 1490 3031 infirmetur.
1515 2996 1575 3025 Sed
1602 2992 1736 3038 Veteres
1754 2992 1808 3023 ali-

943 3048 990 3071 ter
1012 3039 1207 3081 interpretati
1232 3041 1310 3073 sunt.
1336 3042 1364 3072 &
1389 3041 1472 3071 clare
1494 3036 1643 3075 Ulpianus
1667 3042 1695 3064 in
1720 3032 1738 3063 l.
1758 3041 1805 3064 11.

942 3082 987 3112 D.
1016 3082 1044 3113 h.
1070 3088 1091 3113 t.
1118 3090 1179 3121 ait,
1206 3082 1275 3114 Non
1299 3080 1421 3122 opposita
1437 3078 1597 3114 exceptione
1615 3077 1808 3106 Senatuscon·

936 3123 1033 3160 fulli,
1062 3124 1142 3164 sequi
1163 3125 1430 3155 condemnatimiem.
1471 3117 1568 3159 Igitur
1592 3126 1662 3148 cum
1692 3115 1807 3147 scirent

940 3162 1093 3203 Veteres,
1109 3163 1344 3197 filiumfamilias
1361 3171 1400 3192 ex
1413 3162 1499 3192 omni
1518 3158 1626 3194 causa,
1644 3164 1806 3195 tamquam

935 3205 1217 3281 patremfzmlilias,
1233 3202 1365 3246 obligari
1381 3203 1398 3234 l.
1409 3210 1458 3244 39.
1480 3202 1527 3233 D.
1542 3201 1576 3232 de
1592 3199 1676 3242 oblig.
1696 3198 1733 3234 ὃ
1747 3196 1805 3266 ἐξ

1749 3252 1804 3270 ῌὶἱ
