2036 3495
160 118 226 150 126
580 110 613 144 G
645 120 665 143 ε
699 117 720 140 n
757 116 776 140 A
807 115 829 139 a
862 112 886 136 D
919 111 932 136 1

160 213 202 235 ex
221 202 347 235 Novella
368 196 432 238 1i5.
454 209 477 230 c.
495 207 524 238 3.
549 197 578 227 ἃ
603 194 737 227 locanda
762 192 817 224 sub
835 188 950 222 Titulo
971 188 1035 221 Co-

161 243 239 275 dicis
270 243 315 273 De
339 239 489 280 imfficiqso
515 236 698 278 testamento:
721 234 760 265 ad
783 242 877 274 quern
898 232 948 263 illa
965 229 1035 261 No-

160 286 243 316 vella
264 283 410 323 pertinet.
439 280 536 321 Igitur
547 285 679 318 oportet
694 275 811 307 liberos
831 273 943 314 quibus
959 281 1035 312 que-

159 326 223 357 rela
242 327 352 360 detur,
379 320 440 353 esse
459 319 674 351 exheredatos
692 325 744 348 aut
763 316 957 356 praeteritos:
984 313 1036 343 sed

159 368 277 404 inique.
304 372 375 394 nam
401 362 421 394 si
446 361 543 393 fuerit
571 359 786 391 exheredandi
815 355 904 387 causa
922 378 931 394 ‚
960 355 1037 394 quid

160 405 333 445 culpetur?
358 405 377 435 i.
402 413 466 444 ¹32·
490 404 528 434 D.
545 404 578 433 de
594 402 673 432 verb.
694 400 777 440 obli'g.
826 396 904 429 Non
929 405 1035 439 tamen

161 448 263 485 qualis
289 446 389 487 qualis
417 444 530 476 sufficit
554 441 644 474 causa
660 465 669 480 ‚
702 441 754 472 sed
776 439 850 479 justa
870 462 879 477 ,
905 438 1036 469 arbitrio

162 488 448 520 Centumvirorum
473 485 600 523 relicta,
627 483 711 515 nulla
738 483 808 522 lege
826 487 912 511 certa
930 479 989 510 hac
1007 479 1038 508 in

160 537 263 570 parte.
307 529 369 560 Sed
395 537 456 559 nec
478 536 559 566 opus
582 532 667 563 erat,
692 524 828 563 aliquam
847 520 1038 552 testamento

161 570 265 602 inseri.
298 570 425 601 valebat
442 570 525 600 enirn
544 567 765 599 testamentum
777 588 785 601 ,
810 563 893 594 nulla
910 560 1039 592 inserta:

161 614 236 652 quin
266 620 331 643 crat
357 610 432 648 filii,
454 612 573 641 docere
599 609 627 638 l'e
652 609 894 642 immerentem,
918 602 1041 633 &ideo

161 655 290 695 indigne
318 652 547 684 exheredatum
573 650 633 680 erit·
652 649 662 679 t
689 658 717 688 3.
735 647 771 682 ὅ)
787 657 817 687 5.
843 645 880 676 l).
899 643 935 678 ὅ)
952 644 970 674 l.
989 646 1039 676 28.

163 695 237 727 CA).
250 702 271 726 t.
297 694 375 726 Tria
390 694 457 724 baec
475 689 810 730 mutavitjustinianus
828 697 851 718 c.
869 697 898 727 3.
917 683 1040 716 Novell.

164 746 232 777 115.
279 736 419 768 Primum
440 734 519 765 fecit
536 732 639 764 causas
664 728 923 762 exheredationis
939 732 1042 757 certas

163 788 299 811 numero
315 776 579 816 quatuordecim3
596 782 709 805 omnes
720 772 833 802 ordine
843 776 1041 800 enumerans,

162 818 294 851 Deinde
307 820 410 851 voluit
420 841 429 856 ‚
447 827 485 848 ex
498 817 543 848 liis
554 815 743 847 testamento
754 811 884 843 adscribi
895 811 1041 849 aliquam.

162 859 282 892 Tertio
304 861 426 898 vetuit,
449 857 546 890 fidem
565 856 730 896 adscriptae
748 852 844 885 causae
863 852 950 892 argui
969 859 985 881 a
1006 848 1040 880 fi-

161 902 208 934 lio
233 902 442 933 exheredato.
469 901 534 931 iino
555 898 658 939 justit,
684 906 754 928 eam
775 896 813 926 ab
839 894 956 924 herede
974 890 1044 921 scri-

161 951 222 984 pto
242 943 376 984 probari.
409 942 488 973 Inde
506 942 625 981 duplex
641 938 780 979 quaestio.
807 935 896 972 Una,
919 943 956 965 an
975 931 1042 972 ipso

162 985 238 1025 Jure
267 985 370 1016 valeat
394 983 614 1015 testamentum
628 1004 639 1019 ‚
660 981 691 1011 in
709 989 772 1020 quo
792 978 904 1009 inserta
922 984 988 1006 non
1007 973 1043 1004 sit

163 1026 425 1058 exheredationis
435 1024 536 1056 causa.
562 1023 668 1054 Altera
681 1045 689 1060 ‚
704 1030 742 1052 an
756 1017 964 1051 exheredatio
974 1024 1045 1055 pos-

164 1067 200 1100 fit
219 1066 285 1098 fieri
303 1068 346 1099 ob
361 1066 465 1098 causas
481 1066 573 1103 alias,
599 1073 692 1105 quam
721 1063 750 1094 in
776 1064 803 1092 cl.
823 1070 846 1090 c.
868 1069 894 1098 3.
920 1066 1047 1097 expres-

167 1109 223 1140 sas,
248 1108 349 1153 Quod
367 1109 406 1140 ad
425 1108 562 1149 priorem
576 1106 708 1137 attinet:
734 1104 773 1135 sic
793 1100 927 1146 censeo,
954 1097 1044 1129 testa-

164 1159 309 1182 mentum
335 1150 375 1181 ab
393 1151 485 1182 initio
510 1149 635 1185 valere,
659 1145 713 1177 etsi
734 1154 797 1175 non
818 1144 928 1174 {nior-ta
947 1138 1043 1170 exhe-

167 1192 298 1224 redandi
321 1192 420 1223 causa.
466 1189 717 1221 Firmamentum
742 1186 832 1225 liujus
862 1184 1044 1218 leiitcntiae,

166 1234 274 1274 quod,
295 1233 412 1272 ntJure
423 1232 517 1265 Civili
535 1231 565 1262 ὅτ.
584 1229 738 1262 Praetorio
757 1227 859 1258 valeat
877 1224 1043 1255 testamen-

166 1284 233 1306 tum
247 1299 256 1314 ‚
281 1274 413 1313 sufficit,
440 1273 539 1305 filium
557 1282 573 1303 a
593 1279 681 1312 patre
707 1269 768 1300 effe
788 1277 848 1299 rite
865 1264 1040 1296 exhereda-

167 1325 235 1347 tum
253 1317 271 1347 l.
292 1321 320 1350 8.
338 1316 366 1358 ᾗ.
385 1326 413 1348 2.
434 1315 475 1347 D.
494 1316 526 1345 clt-
543 1315 604 1344 bon.
623 1312 691 1353 ptff.
710 1316 798 1341 contr.
818 1309 875 1339 tub.
901 1306 971 1337 Rite
989 1314 1042 1336 au-

167 1365 234 1389 tem
260 1357 325 1396 est,
351 1356 537 1388 nominatim
558 1378 567 1393 ‚
593 1364 689 1395 pure,
713 1363 730 1382 a
756 1359 824 1382 tota
846 1348 1043 1383 hereditate,

167 1399 247 1430 &ab
266 1400 352 1430 oirini
370 1399 486 1440 gradu:
505 1398 592 1436 plus,
609 1396 662 1434 (ut
681 1393 761 1425 infra
778 1389 1045 1423 demonstrabitur

166 1441 215 1472 lib.
239 1446 288 1473 28.
310 1440 368 1471 Tit.
390 1450 416 1471 2.
462 1439 526 1480 Qui
551 1437 614 1474 est,
641 1436 686 1466 De
701 1435 795 1465 liberis
814 1433 850 1467 {5⁹
870 1429 1045 1473 posthumis)

167 1491 232 1514 non
257 1481 446 1512 desideravit
471 1478 608 1510 vetustas
633 1485 706 1507 ante
733 1475 853 1507 Novell.
878 1482 945 1513 115.
973 1481 995 1501 c.
1014 1480 1043 1514 3.

168 1532 229 1555 ricc
246 1523 296 1554 illa
315 1524 389 1562 quid
404 1522 477 1552 novi
497 1520 622 1552 induxit
639 1518 700 1549 hae
715 1518 745 1548 in
764 1525 866 1557 parte.
900 1514 1004 1545 adhuc
1022 1521 1045 1542 1-

167 1565 251 1605 gitur
276 1563 404 1595 obtinet
429 1563 475 1602 jus
493 1564 678 1601 antiquum,
702 1557 877 1599 posteriore
895 1556 966 1596 lege
981 1562 1045 1585 non

168 1614 337 1637 mutatum.
370 1603 444 1636 Non
465 1614 515 1635 me
535 1602 659 1639 turbat,
677 1601 764 1641 quod
784 1596 914 1630 voluiffe
933 1596 1047 1627 dicitur

169 1646 359 1687 justinianus
377 1669 386 1684 ,
413 1646 494 1677 lianc
518 1646 594 1676 dare
619 1643 755 1675 formam
783 1636 1045 1674 exheredationi,

170 1698 211 1720 ne
229 1689 383 1728 deinceps
396 1687 467 1724 fiat,
484 1695 548 1718 non
567 1683 685 1723 adieeta
702 1682 808 1714 causa:
827 1682 854 1712 ὅ(
866 1680 953 1719 quod
970 1687 1046 1708 con·

170 1738 216 1761 tra
235 1731 337 1771 legem
356 1728 410 1766 fit,
429 1728 573 1769 ipsojure
592 1726 711 1757 nullum
728 1724 804 1755 estl.
822 1734 850 1763 5.
869 1723 945 1752 Ode
964 1720 1046 1761 legib.

168 1770 253 1803 Nam
272 1780 307 1802 ea
327 1770 431 1801 forma
444 1768 645 1808 aJustiniano
663 1776 725 1797 non
745 1764 955 1805 praescribitur
970 1770 1045 1791 con-

169 1812 311 1844 ficiendo
330 1811 520 1843 testamento
539 1809 598 1845 fic,
616 1816 649 1839 ut
668 1808 746 1838 velit
764 1807 793 1838 id
806 1830 813 1840 .
832 1813 964 1846 propter
981 1803 1048 1842 ejus

172 1853 391 1891 omiffionem,
415 1853 453 1883 ab
479 1850 571 1883 initio
596 1850 756 1881 infirmum
777 1848 858 1885 effe,
882 1844 964 1886 quasi
982 1853 1047 1875 iion

173 1897 233 1927 rite
245 1895 383 1927 saelum:
402 1895 452 1925 sed
464 1893 507 1924 cst
524 1893 552 1924 ei
571 1892 756 1931 negotium,
773 1898 894 1930 ponere
911 1887 1048 1918 formam

174 1946 236 1976 qua
252 1935 475 1968 testamentum
488 1935 546 1966 rite
558 1933 694 1970 factum,
708 1934 775 1971 J‘ure
792 1930 877 1962 civili
889 1929 1046 1965 validum,

172 1979 294 2010 idcirco
320 1978 406 2018 quod
434 1976 478 2008 est
502 1973 731 2011 inofficiosum,
757 1982 813 2013 per
829 1971 988 2012 querelam
1008 1977 1049 1999 ex

175 2019 335 2060 postfacto
352 2018 555 2051 rescindatur.
580 2015 666 2048 Huic
683 2016 724 2046 rei
744 2021 964 2055 argumentum
983 2019 1048 2040 cer-

175 2071 242 2093 tum
268 2070 363 2100 atque
385 2060 622 2096 indubitatum3
645 2057 732 2096 quod
752 2056 926 2096 Imperator
942 2054 970 2083 in
988 2051 1051 2082 fine

175 2105 203 2135 cl.
222 2113 246 2133 c.
266 2112 294 2143 3.
315 2102 417 2143 jull'it,
440 2111 504 2132 non
529 2099 703 2131 observatis
728 2097 775 2129 his
802 2106 871 2137 quae
889 2093 1050 2126 observari

176 2145 301 2182 voluit,
326 2143 548 2174 testamentum
567 2139 719 2172 rescindi:
743 2147 774 2169 at
793 2147 856 2170 non
874 2137 904 2168 in
926 2144 1050 2172 totum,

174 2185 228 2217 sed
240 2194 392 2223 quantum
411 2185 449 2215 ad
465 2183 697 2215 institutionem
716 2180 849 2217 attinet,
867 2186 982 2210 caetera
997 2185 1052 2206 vo·

175 2228 234 2258 luit
250 2226 338 2258 firma
358 2235 496 2257 manere.
524 2233 593 2255 nam
613 2223 632 2254 fi
652 2222 714 2253 lioc
732 2221 793 2259 est,
813 2227 963 2261 apparet,
980 2226 1051 2248 eum

176 2278 240 2300 non
254 2269 383 2308 jubere,
408 2274 513 2298 totum
540 2264 760 2296 testamentum
780 2262 822 2293 ob
842 2260 982 2293 omissam
1000 2268 1051 2303 ex-

175 2310 391 2341 heredationis
413 2307 556 2345 causam,
581 2305 643 2337 esse
666 2307 704 2337 ab
727 2304 819 2336 initio
835 2304 975 2334 nullum:
1000 2300 1052 2332 led

178 2361 250 2383 cum
263 2352 301 2383 ab
322 2352 529 2382 initiototum
549 2348 651 2385 valet,
669 2357 708 2378 ex
727 2345 886 2387 postfafto
906 2353 962 2385 pei·
977 2351 1052 2382 que-

177 2394 275 2425 rclam
296 2402 417 2424 tantum
441 2400 499 2432 pro
525 2397 613 2430 parte
631 2388 791 2420 infirmari.
838 2386 921 2418 Puto
939 2385 1052 2426 igitur,

178 2434 383 2475 Justinianum
402 2435 429 2464 d.
449 2444 472 2463 c.
490 2442 519 2472 3.
537 2430 658 2463 Novell.
674 2439 739 2469 115.
765 2436 953 2468 negantem,
973 2424 1053 2465 patri

180 2477 229 2507 vel
241 2477 331 2507 matri
343 2476 439 2507 licere
456 2473 554 2505 filium
574 2473 622 2503 vel
641 2471 735 2502 filiam
755 2470 916 2510 praeteriie
932 2476 984 2499 aut
1001 2476 1053 2497 ex-

178 2518 347 2556 heredare,
363 2516 417 2547 nisi
431 2515 484 2547 suo
501 2514 689 2546 testamento
709 2511 896 2544 nominatim
914 2509 992 2550 ipsas
1008 2509 1052 2538 iii-

179 2558 331 2589 seruerint
355 2555 586 2599 ingratitudinis
613 2554 737 2592 causas,
757 2554 819 2593 jam
842 2552 974 2592 perinde
992 2548 1053 2580 esse

179 2599 421 2638 accipiendum3
444 2596 526 2638 quali
552 2598 653 2634 dicat,
681 2605 744 2626 non
772 2595 870 2625 licere
896 2593 973 2633 patri
1002 2591 1053 2621 vel

179 2641 271 2673 rnatri
288 2640 383 2671 filium
400 2641 430 2671 in
447 2639 637 2670 testamento
650 2647 714 2668 non
732 2635 886 2676 adscripta
901 2632 988 2665 causa
1000 2642 1054 2663 ex-

180 2682 354 2714 heredare:
378 2682 451 2720 quin
477 2681 504 2711 ei
528 2681 576 2720 jus
600 2678 634 2710 sit
651 2702 660 2716 ,
693 2679 724 2709 id
749 2677 971 2708 testamentum
997 2683 1054 2714 per

180 2723 340 2763 quereiam
352 2730 507 2752 evertere.
534 2721 701 2761 quomodo
721 2719 781 2750 inl.
792 2729 839 2759 33.
854 2718 882 2760 §.
905 2727 928 2749 1.
947 2716 1019 2747 (1.1).
1032 2722 1052 2746 τ.

180 2766 234 2797 ubi
254 2765 351 2800 dicit,
375 2762 415 2793 Et
433 2763 597 2802 hujusmodi·
614 2762 731 2799 causum
754 2761 847 2790 liberis
868 2769 924 2789 riori
941 2762 1054 2788 tantuin

181 2807 346 2846 infantibus
354 2804 406 2845 sed
430 2803 465 2837 &³
490 2812 697 2844 quamcumque
714 2808 825 2832 oettirem
841 2801 993 2842 agentibus
1011 2805 1054 2838 ορ-

124 2879 128 2882 .
176 2850 250 2891 poni
271 2848 386 2878 minime
409 2845 586 2874 concedimus
603 2867 612 2879 .
643 2851 763 2875 tantum
790 2842 943 2884 fignificat
959 2864 967 2879 ,
992 2840 1056 2871 hoc

180 2900 246 2923 non
272 2886 429 2925 concedi;
453 2885 527 2925 quin
553 2885 737 2923 posthumus
759 2892 811 2915 aut
829 2884 907 2916 alius
921 2881 1055 2914 exhere-

182 2934 272 2965 datus
283 2930 399 2961 habeat
414 2926 584 2966 quereiam.
611 2925 687 2956 riaec
701 2927 740 2957 de
757 2926 862 2966 priore
873 2924 1055 2964 quaellione.

222 2972 256 3004 In
274 2969 449 3011 posteriore
466 2966 541 2998 mihi
562 2966 752 3006 persuadeo,
777 2966 932 3007 quidquid
949 2965 987 2996 ab
1003 2965 1055 2995 ali-

180 3018 206 3047 is
223 3013 374 3054 jactetur,
398 3019 462 3040 non
478 3007 565 3048 poss'e
584 3007 864 3039 exheredationem
877 3031 885 3046 ,
904 3006 982 3037 salva
1000 3015 1055 3036 vo-

181 3058 305 3089 luntate
325 3051 507 3092 justiniani,
530 3058 599 3085 quae
622 3047 686 3078 sola
708 3048 738 3078 ὅ(
760 3048 1000 3087 Jureoensulro,
1026 3047 1055 3078 ἃ

181 3096 315 3130 Praetori
327 3118 336 3132 ‚
352 3091 577 3124 consideranda
588 3113 596 3124 .
607 3089 679 3120 alias
690 3087 755 3119 fieri
771 3090 814 3119 ob
824 3090 928 3120 causas
939 3112 949 3128 ,
961 3098 1054 3128 quam

183 3140 215 3171 in
232 3139 260 3168 d.
278 3147 301 3167 c.
322 3146 350 3176 3.
375 3132 542 3174 expressas.
567 3130 684 3170 Neque
703 3129 765 3159 lioc
784 3129 905 3161 idcirco
922 3139 985 3170 prae
1004 3139 1055 3161 me

183 3180 272 3212 sei-o:
297 3175 380 3217 quasi
407 3183 460 3206 aut
485 3173 627 3214 iniquum
651 3177 761 3214 putem
780 3193 789 3208 ‚
812 3169 885 3201 alias
911 3170 1054 3208 admitti,

182 3227 298 3265 psaeter
308 3216 483 3259 expressas:
499 3223 553 3248 aut
568 3213 656 3256 quod
668 3210 742 3246 mihi
761 3211 986 3244 lateantcausae
1002 3221 1055 3243 ex-

992 99 1259 138 Noonr
1317 103 1537 141 Coun.

1077 189 1184 230 pressis
1196 190 1307 236 similes
1323 193 1558 234 autgraviores.
1575 200 1686 226 contra
1697 193 1779 234 scio,
1797 195 1858 227 esse
1873 196 1951 228 mul·

1079 240 1125 262 tas
1142 241 1206 263 non
1225 235 1325 266 dicam
1345 235 1495 276 expreffis
1513 246 1621 275 pares,
1646 235 1698 268 sed
1716 237 1813 277 longe
1829 237 1950 276 gravio-

1078 281 1149 311 res;
1169 274 1312 315 talesque
1329 275 1472 321 admitti,
1497 277 1679 317 :equitatem
1696 277 1771 317 pati.
1811 273 1868 309 Me
1886 288 1952 310 mo-

1080 322 1154 359 uet3
1171 316 1257 354 quod
1271 315 1458 356 justinianus
1474 317 1504 349 iri
1525 320 1552 349 d.
1572 329 1596 350 c.
1616 329 1644 359 {3-
1668 320 1769 359 palam
1785 318 1906 356 vetuit,
1921 329 1953 350 a·

1080 355 1142 401 lias
1152 355 1272 402 causas,
1293 367 1407 398 praeter
1424 359 1600 400 expressas,
1625 359 1892 400 interpretatione
1908 369 1954 391 re·

1080 404 1153 434 cipi.
1193 396 1310 437 Dices,
1334 401 1363 431 in
1382 402 1445 440 pari
1465 401 1553 432 causa
1572 402 1686 442 parius
1704 400 1767 432 effe
1783 409 1953 442 oportere:

1080 445 1178 477 porro
1195 438 1279 477 leges
1298 450 1469 481 numquam
1492 441 1581 474 scribi
1599 442 1686 485 porse
1709 451 1770 474 tam
1789 450 1958 481 accurate,

1082 485 1116 508 ut
1132 487 1243 524 omnes
1258 481 1345 512 casus
1362 484 1530 522 aliquando
1547 484 1721 516 emersuros
1738 484 1954 525 complectan-

1082 526 1151 551 tur:
1166 519 1304 566 ideoque
1315 522 1344 553 δι
1360 522 1565 563 Magistratus
1577 550 1585 563 ‚
1602 526 1631 557 ἃ.
1647 525 1862 565 jurisconsulti
1875 524 1955 563 esse,

1084 568 1212 601 quoties
1227 570 1307 608 ratio
1324 563 1461 608 postulat
1472 589 1481 604 ,
1495 576 1512 597 a
1528 566 1617 599 simili
1634 567 1671 598 ad
1690 566 1807 605 simile,
1822 574 1838 597 a
1854 565 1956 598 mino-

1084 611 1117 633 re
1134 602 1172 633 ad
1189 611 1306 642 maim,
1331 612 1473 646 itemque
1492 617 1508 646 a
1527 610 1645 647 maj0re
1664 608 1702 639 ad
1715 609 1840 646 minus,
1863 608 1957 639 intet-

1084 643 1242 683 pre-tando
1269 647 1444 689 procedere
1461 638 1477 679 ἲ.
1502 658 1549 681 10.
1570 649 1696 691 &stqq-
1716 650 1758 681 D.
1784 651 1817 680 de
1835 649 1957 690 legibus.

1088 683 1251 724 postremo
1270 686 1353 717 aliud
1369 686 1565 733 servantibus
1583 693 1612 721 in
1630 693 1658 722 cl.
1677 701 1702 722 c.
1720 702 1750 732 3.
1770 690 1958 730 Imperatori

1083 735 1148 757 non
1159 725 1304 772 constare
1320 735 1486 760 rationem.
1510 732 1571 763 Sed
1582 733 1633 763 illa
1644 742 1692 764 me
1703 736 1742 764 de
1753 733 1849 773 gradu
1861 740 1957 770 quem

1083 767 1287 813 semel-cepi,
1311 777 1375 800 non
1393 770 1561 810 dejiciunt:
1578 783 1641 804 non
1655 775 1738 805 enim
1757 774 1888 813 aequitas
1905 772 1958 802 liic

1085 808 1256 854 quaestioni
1268 807 1330 847 est,
1347 809 1398 841 sed
1416 812 1618 852 Imperatoris
1632 815 1793 846 voluntas:
1811 814 1959 845 adversus

1085 858 1178 895 quam
1194 850 1270 881 nihil
1282 852 1366 882 valet
1384 855 1527 892 aequitas.
1545 858 1682 895 petenda
1694 857 1764 894 illa,
1780 855 1800 887 ss
1813 855 1958 896 sapimus,

1087 892 1209 936 leinper
1225 890 1269 922 est
1287 901 1302 922 a
1321 902 1429 939 mente
1454 895 1678 936 Legislatoris:
1702 907 1732 928 at
1751 907 1791 928 eo
1809 897 1910 928 invito
1929 896 1959 927 ὃς

1087 932 1300 978 prohibente,
1323 935 1502 966 inducenda
1520 946 1690 978 numquam
1708 938 1762 970 est.
1798 938 1846 969 Sit
1864 938 1960 977 igitur

1090 974 1245 1018 Principi,
1270 975 1381 1021 idest,
1408 975 1615 1018 Legislatori‚
1635 979 1684 1019 jus
1708 980 1841 1019 fasque,
1864 970 1961 1010 exhe-

1089 1017 1287 1046 redationem
1312 1017 1477 1058 indulgere
1501 1020 1544 1050 ob
1568 1022 1671 1051 causas
1689 1021 1761 1053 alias
1777 1029 1829 1051 aut
1847 1018 1960 1051 similes

1063 1086 1066 1087 γ
1090 1065 1141 1087 aut
1158 1060 1340 1097 graviores:
1358 1057 1408 1089 sed
1425 1061 1574 1100 quamdiu
1592 1062 1615 1092 is
1626 1061 1737 1093 ceffat:
1755 1071 1820 1101 quo
1833 1061 1901 1102 jure
1913 1070 1963 1091 au-

1091 1099 1179 1144 debit
1196 1097 1259 1128 hoc
1276 1101 1345 1139 quis
1363 1101 1502 1140 privatus
1515 1102 1819 1141 autJurisconsultus
1832 1110 1884 1133 aut
1895 1102 1966 1133 Ma-

1088 1139 1232 1187 gistratus
1244 1139 1260 1171 ‘?
1285 1143 1326 1186 At
1345 1151 1407 1173 non
1426 1143 1528 1183 potest
1544 1144 1584 1175 fic
1601 1143 1790 1183 Justimanus
1807 1143 1846 1175 ab
1858 1142 1962 1174 absur-

1089 1184 1188 1227 ditate
1209 1183 1236 1211 ὁ(
1254 1183 1383 1220 quidem
1401 1194 1511 1225 magna
1532 1194 1628 1226 atque
1642 1187 1793 1218 evidente
1812 1183 1963 1216 excusari.

1089 1222 1177 1263 Quid
1195 1230 1261 1253 tuin
1279 1223 1414 1270 postea?
1439 1226 1505 1266 ipse
1523 1228 1644 1265 vetuit,
1662 1227 1745 1259 suam
1762 1227 1963 1258 voluntatem

1088 1263 1336 1309 latius-porrigi:
1362 1274 1466 1298 utrum
1486 1266 1659 1307 sapienter,
1673 1279 1710 1300 an
1730 1268 1834 1306 secus,
1851 1277 1964 1307 aeque,

1088 1314 1126 1336 an
1147 1314 1274 1344 inique,
1289 1308 1326 1351 ad
1343 1316 1407 1339 rem
1427 1318 1490 1340 non
1510 1310 1668 1349 pertinet:
1687 1309 1750 1351 ipse
1763 1310 1887 1341 viderit.
1903 1309 1965 1340 cla-

1088 1356 1122 1377 re
1144 1345 1372 1395 Constantinus
1396 1349 1413 1380 l.
1434 1358 1458 1381 1.
1484 1350 1516 1381 C.
1535 1353 1567 1381 de
1591 1351 1720 1392 legibus,
1747 1351 1825 1382 Inter
1842 1352 1962 1391 requira-

1088 1394 1280 1440 ²?7722JUSIUW
1291 1412 1300 1427 ,
1312 1399 1421 1431 jusque
1436 1391 1627 1432 interpofitam
1643 1394 1909 1434 interpretationem
1919 1393 1965 1430 so·

1088 1429 1123 1460 lzs
1140 1430 1234 1475 Abbir
1250 1428 1367 1474 &iicet
1387 1431 1423 1466 &⁹
1440 1440 1544 1472 oportet
1561 1434 1705 1472 inspicere.
1730 1434 1890 1465 Servanda
1907 1431 1964 1473 igi-

1090 1479 1139 1517 tur
1156 1480 1172 1501 a
1190 1479 1426 1518 privatis-,rcum
1444 1474 1699 1514 jurisconsultis,
1715 1483 1782 1506 tum
1800 1472 1966 1514 Magistra-

1088 1513 1188 1557 tibus‚
1202 1511 1245 1542 est
1257 1513 1537 1559 durities-Novella⁹
1558 1525 1621 1556 115.
1634 1526 1657 1547 c.
1669 1526 1707 1557 3:
1723 1517 1827 1547 donec
1844 1525 1860 1545 a
1879 1515 1965 1545 Prin-

1089 1563 1160 1594 cipe
1185 1555 1362 1599 novaiege
1386 1556 1574 1598 infringatur
1596 1558 1664 1597 jure
1688 1557 1796 1589 summi
1821 1555 1964 1596 imperii:

1089 1605 1161 1627 cum
1174 1603 1305 1636 privatis
1317 1597 1370 1643 qui
1382 1597 1503 1637 legibus
1516 1607 1665 1630 tenentur
1675 1622 1683 1637 ‚
1697 1597 1843 1630 adversus
1861 1598 1966 1637 legem

1089 1646 1231 1682 certam-‚h
1245 1645 1387 1675 quamvis
1405 1641 1534 1677 durani,
1552 1639 1627 1671 niliil
1642 1640 1718 1678 juris
1729 1639 1783 1677 fit3
1799 1639 1965 1670 dumtaxat

1089 1679 1231 1718 obsequii
1248 1679 1348 1718 gloria
1362 1680 1566 1719 relinquatur.
1584 1681 1603 1711 l.
1620 1691 1664 1712 12.
1680 1681 1719 1712 D.
1742 1680 1803 1713 Oui·
1820 1679 1855 1714 ἐξ
1871 1690 1889 1711 a
1922 1680 1967 1710 ui-

1089 1719 1321 1766 biisigiaizzitizissi.
1340 1730 1435 1759 atque
1456 1724 1517 1753 liuc
1537 1721 1647 1754 referri
1666 1714 1891 1761 etiai'rs'posl'int
1919 1720 1965 1752 'a-

1091 1763 1281 1793 lentinianus
1300 1764 1327 1793 dt
1346 1762 1522 1795 Martianus
1542 1764 1561 1794 l.
1578 1774 1605 1797 9.
1625 1765 1657 1795 C.
1679 1766 1711 1794 de
1728 1765 1849 1805 iegibus.
1887 1761 1967 1794 Non.

1091 1802 1195 1835 obstat
1212 1804 1239 1834 α’.
1257 1804 1275 1833 l.
1298 1813 1342 1835 io.
1362 1806 1507 1846 cumleqq.
1523 1805 1561 1835 I).
1575 1806 1607 1836 de
1623 1806 1740 1847 legibus.
1759 1806 1831 1845 quia
1848 1804 1894 1836 his
1912 1805 1966 1835 de-

1091 1854 1176 1876 mum
1194 1845 1281 1876 locus
1299 1845 1361 1881 est,
1380 1856 1444 1877 nori
1462 1846 1617 1878 contraria
1629 1846 1835 1888 Legislatoris
1853 1846 1967 1877 voiun-

1092 1895 1176 1918 tate:
1195 1895 1227 1916 ut
1240 1886 1290 1931 *est
1307 1887 1508 1920 observatum
1527 1887 1615 1929 supra
1632 1889 1685 1920 sub
1701 1887 1817 1920 Titulo
1836 1887 1884 1918 De
1898 1887 1967 1928 legi-

1091 1930 1153 1960 bus.
1198 1927 1300 1959 Mitto
1319 1929 1447 1961 liberos.

1130 1967 1276 2016 Transeo
1291 1971 1329 2001 ad
1342 1979 1505 2011 parentes:
1522 1971 1634 2012 quibus
1648 1970 1794 2002 accusare
1808 1969 1967 2001 inofficio-

1095 2011 1123 2043 sa
1138 2012 1311 2057 liberorum
1330 2012 1534 2050 testamenta,
1559 2014 1588 2043 dt
1603 2012 1789 2052 justinianus
1809 2013 1837 2042 ἃ
1861 2010 1968 2052 Ulpia-

1094 2063 1151 2085 nus
1169 2062 1357 2093 permittunt
1374 2053 1401 2095 §.
1424 2064 1448 2085 i.
1469 2053 1539 2094 Iizst.
1562 2052 1598 2089 ἐξ)
1614 2054 1632 2084 l.
1648 2063 1672 2085 i.
1689 2053 1730 2084 D.
1748 2053 1773 2084 b.
1793 2058 1813 2083 t.
1834 2051 1905 2083 Nec
1923 2061 1967 2083 ta-

1094 2104 1166 2126 men
1184 2094 1247 2125 hoc
1263 2094 1521 2138 sinqdifficultate
1537 2095 1645 2134 fuisse,
1658 2093 1966 2133 Papinianusauctor

1095 2137 1139 2168 est
1155 2136 1174 2167 l.
1198 2145 1241 2174 15.
1262 2137 1328 2181 bi.
1356 2137 1518 2176 causatus,
1543 2135 1630 2177 poffe
1652 2136 1807 2173 dubitari,
1832 2144 1869 2165 an
1887 2135 1968 2175 patri

1095 2179 1249 2224 debeatur
1264 2176 1316 2209 filii
1335 2178 1511 2217 hereditas;
1528 2187 1633 2218 eoque
1645 2178 1772 2218 querela
1785 2177 1822 2208 ad
1837 2176 1902 2216 ejus
1916 2186 1970 2217 pe-

1096 2228 1243 2251 titionem
1260 2221 1431 2260 pertinens.
1454 2221 1523 2251 lane
1540 2219 1603 2251 sive
1621 2219 1764 2251 ordinem
1782 2226 1919 2256 naturae,
1935 2217 1969 2250 fi-

1095 2271 1135 2292 ve
1153 2260 1237 2301 spem
1254 2270 1420 2302 parentum
1438 2261 1630 2302 spectemus:
1650 2270 1714 2292 non
1735 2259 1795 2291 effe
1811 2260 1841 2290 iri
1862 2259 1966 2297 votis,

1096 2310 1131 2348 ut
1146 2311 1292 2348 parentes
1311 2303 1435 2341 liberis,
1456 2303 1508 2334 sed
1526 2311 1559 2334 ut
1577 2302 1666 2333 liberi
1684 2301 1885 2342 parentibus,
1909 2299 1967 2332 fini:

1096 2343 1285 2391 superstites.
1310 2345 1361 2376 Sic
1374 2345 1537 2385 Penelope
1552 2343 1797 2385 apudOvidium
1808 2365 1817 2381 ,
1835 2339 1926 2383 Epist.
1941 2351 1967 2374 ι.

1095 2386 1217 2418 Herozd.
1233 2386 1306 2423 verfi
1328 2395 1395 2417 101.

1135 2427 1199 2467 Di,
1212 2435 1329 2468 precor,
1347 2428 1395 2457 boc
1405 2428 1547 2470 jubeant,
1563 2432 1595 2458 ut
1609 2426 1742 2457 euntibus
1753 2425 1955 2465 ordinefcitz's,

1140 2469 1192 2500 Ille
1211 2479 1283 2500 meos
1298 2468 1390 2499 oculos
1408 2471 1592 2508 coriiprimat‚
1616 2467 1661 2498 ille
1678 2473 1752 2497 tuos.

1096 2510 1200 2542 Etiam
1226 2510 1359 2548 sequens
1381 2509 1548 2547 Inscriptio
1571 2510 1602 2540 in
1620 2508 1768 2548 Corpore
1784 2507 1825 2539 V.
1845 2507 1902 2539 Cr..
1921 2506 1968 2545 Ja-

1097 2552 1127 2583 ni
1147 2551 1327 2592 Gruteripa
1352 2554 1446 2589 .716.
1469 2551 1515 2582 N.
1534 2559 1562 2590 7.
1591 2549 1732 2581 ULPIA.
1758 2547 1968 2582 PAULINA.

1096 2592 1268 2625 MATER.
1302 2592 1311 2623 l
1354 2590 1636 2623 FELICISSIMA.
1669 2589 1867 2622 CONTRA.
1892 2587 1970 2620 VO·

1095 2634 1213 2667 TUM.
1237 2632 1451 2681 PIETATIS.
1475 2631 1649 2665 POSUIT.
1672 2632 1798 2664 Eodem
1810 2631 1970 2671 modopa-

1091 2674 1294 2765 J‘ielizisspnuo-(liiss
1293 2685 1313 2753 ‚U
1318 2674 1416 2756 12122ιὲ
1419 2684 1492 2757 [ΕΞ
1500 2673 1971 2756 ipsi'isecaliiiygingjiizfff·qtiienilffpietd

1098 2769 1193 2791 omnia
1210 2758 1331 2798 templa,
1354 2757 1390 2791 f?
1404 2757 1504 2796 surdos
1524 2758 1599 2788 votis
1623 2757 1699 2788 Deos
1707 2754 1889 2797 superstitem
1901 2761 1968 2796 pre-

1098 2802 1158 2832 cati
1170 2802 1286 2839 sumus,
1307 2809 1324 2830 a
1347 2808 1402 2840 quo
1410 2799 1528 2839 sepeliri
1543 2800 1715 2839 optavimus.
1762 2796 1836 2829 Hoc
1857 2804 1972 2827 votum

1099 2850 1275 2883 parentum.
1291 2841 1375 2872 idem
1394 2840 1577 2872 liberorum.
1597 2837 1819 2876 indicatLapis
1836 2837 1968 2875 sequens

1099 2884 1181 2924 apud
1201 2881 1373 2913 Gruterum
1388 2888 1423 2920 pa
1449 2906 1455 2912 .
1471 2886 1544 2918 669.
1562 2881 1653 2916 lnfcr.
1668 2890 1696 2920 4.
1724 2876 1969 2912 ANTONlUS.

1099 2923 1307 2956 SEVERUS.
1345 2923 1408 2964 AQ
1445 2921 1526 2954 [LA.
1559 2921 1648 2954 HIC.
1677 2920 1825 2961 JACET.
1856 2917 1969 2950 SINE.

1099 2964 1256 2998 ANIMA.
1276 2963 1537 2996 MISERABILI.
1560 2962 1691 2994 FATO.
1716 2962 1806 3008 QUI.
1831 2958 1972 2990 VleT.
2012 2964 2019 2969 ”

1099 3005 1262 3039 ANNOS.
1298 3004 1514 3037 BISSENOS.
1545 3004 1615 3036 ET.
1646 3003 1740 3036 SEX.
1779 2998 1968 3033 MENSES.

1099 3047 1184 3079 CUi.
1215 3046 1351 3078 VOTA.
1383 3045 1546 3078 ERANT.
1579 3045 1653 3077 UT.
1680 3038 1968 3075 PARENTIBUS.

1098 3089 1206 3121 ISTA.
1237 3087 1452 3120 I’ARARET.
1481 3086 1575 3118 SET.
1606 3084 1737 3118 MORS.
1767 3078 1971 3113 IMMATU-

1098 3131 1164 3162 Ra.
1190 3129 1330 3161 FECIT.
1355 3128 1430 3160 UT.
1456 3127 1692 3159 PARENTES.
1718 3120 1971 3159 FACERENT,

1097 3171 1227 3204 FILIO.
1252 3170 1450 3203 CONTRA.
1474 3167 1698 3200 ORDINEM.
1721 3163 1772 3196 Ne
1788 3162 1886 3194 silebo
1903 3162 1970 3203 qui-

1098 3214 1189 3253 dem,
1214 3214 1305 3254 (nam
1320 3213 1359 3244 ad
1376 3221 1442 3244 rem
1459 3210 1596 3251 spectat)
1613 3206 1700 3249 quod
1718 3205 1839 3238 Seneca
1856 3203 1969 3276 libffigi
