2052 3487
379 98 413 134 D
440 110 459 134 n
507 98 534 133 F
560 105 627 132 οε
653 103 774 130 N<³R
799 106 820 129 E
871 105 891 130 n
917 105 940 130 τ
992 95 1206 133 [Jstsni
1233 108 1259 133 a

42 190 77 233 5.
96 198 122 222 1.
148 187 189 221 D.
215 188 248 220 cie
271 187 371 231 legatis
389 188 438 220 lib.
457 196 484 219 2.
509 186 527 216 l.
552 190 601 227 83.
625 185 654 226 §.
671 193 700 224 5.
727 183 768 215 D.
788 185 822 215 de
845 194 911 232 ver-

45 235 142 263 borum
158 230 395 272 obligationibus:
418 229 471 261 sed
488 227 571 259 utilis
594 227 613 257 l.
633 233 678 261 19.
705 225 739 256 C.
757 226 790 255 a'e
805 230 910 262 usuris.

43 272 181 310 scilicet,
205 272 276 313 quia
292 271 381 303 causa
398 268 593 302 liberationis
609 265 748 298 cessante
764 276 805 297 ex
824 266 910 298 satio

43 314 197 346 debitoris
214 337 224 351 ,
256 313 285 344 ἃ
311 312 530 344 liberationem
555 308 670 340 cessare
700 307 826 354 necesse
854 308 911 354 est.

46 354 140 387 Unde
163 353 361 395 consequens
385 351 450 391 est,
473 359 506 382 ut
521 351 669 386 debitor,
693 353 714 380 si
733 349 849 380 deinde
867 360 910 381 in-

45 396 231 436 terpellatus
248 405 264 426 a
287 395 445 426 creditore
467 401 530 423 non
555 391 656 422 solvat
680 390 768 431 quod
791 391 910 430 debet,

43 440 76 470 in
100 447 188 470 mora
207 436 241 469 sit
265 436 284 467 l.
311 446 356 476 17.
381 434 422 466 Ι).
450 435 483 464 de
500 433 626 474 periculo
649 429 685 466 &⁹
709 433 846 462 commodo
870 434 912 463 rei

44 481 183 511 venaitoe:
213 476 316 518 priore
339 485 425 508 mora
449 484 505 515 per
530 473 739 514 posteriorem
765 481 909 514 purgata.

46 521 180 552 debebit
197 520 289 560 igitur
306 518 432 549 debitor
447 513 549 546 rursus
567 525 607 546 ex
624 524 664 546 eo
685 523 833 561 tempore
845 513 909 545 usu-

45 573 94 595 ras
109 563 147 592 ad
163 570 238 597 Quas
255 567 327 590 ante
337 557 572 598 depofitionem
590 557 619 587 &
637 557 911 596 consignationem

43 603 220 636 tenebatur.
267 601 370 640 Atque
388 599 451 629 lioc
474 598 664 639 Papinianus
689 599 756 627 vult
772 597 790 627 l.
816 606 844 636 7.
870 597 912 628 I).

45 649 78 676 de
93 646 208 679 usziris:
233 641 272 673 sic
292 640 484 679 respondens
501 663 510 677 ‚
539 639 657 670 Debitor
676 640 831 673 usurarius
856 648 913 669 cre-

45 687 131 717 ditori
149 684 296 724 pecuniam
317 681 436 717 obtulit,
461 680 497 715 59⁵
511 690 573 711 eain
589 690 654 711 cum
669 681 793 719 accipere
809 680 915 710 noluis-

37 730 102 769 Jet,
124 724 282 766 oblignavit
298 733 332 754 ac
352 724 492 762 deposuit:
516 731 552 753 ex
567 731 595 752 eo
611 723 655 752 aie
669 723 743 752 ratio
758 731 816 752 non
833 723 912 752 babe-

47 771 122 800 bitur
134 764 301 804 usurarum.
344 763 432 810 Quod
446 761 474 800 fi
485 762 581 803 postea
602 769 782 801 conventus,
806 768 839 793 ut
862 762 914 799 sol-

47 815 143 847 veret,
166 817 271 838 moram
285 806 409 845 fecerit,
432 806 544 835 nuntmi
552 803 665 844 steriles
687 814 724 835 ex
744 813 772 834 eo
795 810 916 844 tempore

47 860 103 882 non
119 854 212 881 erunt.
238 847 288 879 Sic
307 846 513 887 Papinianus3
538 845 590 877 sed
608 847 680 886 quia
704 844 914 884 subobscure,

47 891 306 932 interpretatione
321 889 515 928 adjuvandus
525 888 594 918 erit.
619 886 853 918 observandum
863 896 914 917 an-

48 942 111 965 tem
123 956 132 972 ,
158 931 244 973 quod
262 940 325 961 non
343 930 404 968 ait,
426 929 606 960 debitorem
619 952 629 967 ,
653 928 671 959 si
697 927 768 969 post
785 928 912 959 oblatos

49 973 272 1015 depositosque
283 980 428 1002 nummos
438 979 454 1001 a
464 971 625 1002 creditore
634 976 816 1001 conventus
826 993 835 1008 ,
854 979 911 1002 eos

50 1026 115 1048 non
141 1014 258 1050 solvat,
288 1022 408 1050 moram
433 1012 563 1048 facere3
605 1012 635 1042 <St
662 1012 737 1042 ideo
763 1020 912 1055 nummos

51 1067 115 1090 non
133 1055 204 1087 fore
230 1054 365 1087 steriles:
389 1053 441 1085 sed
466 1053 527 1092 ait,
550 1052 716 1084 sidebitor
742 1054 912 1093 pecuniam

53 1098 203 1131 creditori
217 1096 352 1134 obtulit,
376 1096 405 1127 ἃ
422 1104 462 1126 eo
485 1103 548 1126 non
566 1094 767 1134 accipiente,
792 1093 912 1134 consig-

53 1148 158 1172 natam
179 1136 339 1178 deposuit,
363 1136 392 1168 &
415 1135 522 1177 postea
536 1144 737 1173 conventus,
762 1143 796 1166 ut
812 1135 912 1166 solve-

54 1190 122 1217 ret,
146 1188 266 1211 moram
290 1177 392 1216 fecit,
416 1187 455 1209 ex
474 1187 513 1208 eo
536 1185 683 1218 tempore
708 1176 826 1208 steriles
845 1186 911 1208 non

53 1223 126 1254 fore
143 1230 296 1252 nummos.
319 1220 351 1251 id
369 1228 446 1250 vero
461 1228 525 1250 non
549 1220 638 1255 vult,
661 1217 766 1251 usuras
788 1228 917 1249 currere

57 1274 97 1296 ex
121 1272 183 1304 quo
206 1269 382 1292 conventus
405 1259 475 1300 post
506 1259 741 1300 depositionem
769 1260 916 1298 debitor,

55 1315 118 1338 non
135 1304 235 1334 solvit.
255 1302 287 1333 id
302 1303 384 1332 enim
399 1310 463 1333 non
480 1302 522 1332 ita
532 1301 595 1340 est,
610 1301 629 1333 fi
647 1301 810 1342 depositos
826 1310 916 1332 num-

54 1355 123 1380 mos
142 1353 203 1376 non
221 1343 361 1384 recepit:
383 1352 448 1374 non
468 1343 552 1375 enim
573 1343 678 1384 potest
699 1344 768 1384 jure
795 1352 916 1374 conve-

52 1389 111 1419 niri
126 1383 269 1417 adversus
286 1393 380 1425 quem
397 1384 480 1416 attio
502 1394 567 1416 non
585 1384 646 1417 est:
671 1385 724 1416 ubi
741 1392 846 1416 autem
864 1385 916 1416 de·

50 1426 224 1464 ficstaffio,
243 1425 297 1457 etsi
313 1435 491 1457 conventus
509 1426 637 1458 debitor
651 1425 707 1465 sit,
729 1433 834 1458 tamen
845 1435 915 1459 mo·

51 1470 84 1502 sa
101 1478 165 1500 non
187 1466 231 1499 est
253 1467 272 1498 l.
296 1472 343 1502 88.
375 1466 417 1498 D.
439 1469 472 1498 de
491 1467 599 1509 regulis
629 1468 719 1499 uris:
750 1468 914 1509 denique,

51 1520 117 1542 non
136 1508 295 1541 commissa
311 1518 420 1547 mora,
443 1518 506 1540 non
524 1510 614 1548 potes
645 1509 774 1541 debitor
790 1510 828 1541 ad
847 1508 914 1540 usu-

52 1562 100 1584 ras
120 1551 229 1582 teneri.
271 1550 332 1581 Sed
358 1549 546 1591 Papinianus
571 1551 656 1589 vult,
688 1551 776 1591 quod
794 1550 918 1583 nummi

50 1592 169 1626 steriles
185 1601 249 1624 non
268 1600 377 1630 erunt,
403 1601 467 1623 non
486 1601 526 1623 ex
544 1601 585 1623 eo
602 1599 750 1632 tempore
773 1601 813 1624 ex
831 1601 919 1633 quo,

50 1642 87 1666 ut
103 1633 222 1672 solvat,
246 1641 427 1666 conventus
443 1632 505 1665 est:
529 1632 581 1665 sed
597 1643 637 1665 ex
656 1643 721 1674 quo
738 1641 920 1666 conventus

51 1684 175 1708 moram
192 1675 290 1713 fecit3
308 1675 394 1715 quod
422 1674 479 1713 fit,
503 1673 523 1705 si
541 1674 670 1706 debitor
694 1684 842 1706 nummos
860 1676 920 1715 pri-

51 1727 139 1750 mum
155 1716 318 1754 deposuit,
342 1716 458 1747 deinde
481 1716 626 1756 recepit,
649 1716 679 1748 ἃ
708 1715 818 1756 postea
841 1725 919 1748 con-

51 1766 167 1789 ventus
181 1780 190 1795 ,
214 1765 248 1788 ut
262 1755 363 1788 solvat
372 1763 524 1796 receptos
542 1766 708 1796 nummos,
732 1767 797 1788 non
814 1756 919 1789 solvit.

53 1807 120 1831 tum
139 1798 224 1829 enim
239 1799 307 1837 jure
324 1797 533 1835 convenitur3
550 1798 580 1829 ὅ(
597 1807 799 1836 conventus,
816 1798 837 1829 si
853 1808 919 1831 ces-

54 1840 99 1872 sat
114 1839 253 1874 solvere.
273 1848 394 1869 moram
412 1837 505 1876 facit,
523 1838 552 1869 &
567 1839 643 1869 ideo
658 1840 696 1871 ad
713 1839 816 1870 usuras
832 1847 919 1871 tene-

55 1890 107 1913 tur
141 1880 217 1918 Sic,
247 1878 269 1911 fi
294 1880 437 1919 oblatio,
461 1878 659 1920 obsignatio,
682 1890 718 1911 ac
742 1880 922 1922 depositio,

53 1922 274 1955 intervenerit.

96 1963 158 1995 Sed
175 1963 269 2003 quid,
293 1961 314 1993 si
330 1961 452 1994 oblatio
468 1961 551 1994 facta
567 1962 602 1994 sit
618 1962 681 1995 sine
699 1962 851 2004 sequente
868 1963 924 1994 ob-

55 2005 230 2046 signatione
240 2012 276 2034 ac
293 2003 517 2044 depositione?
535 2014 598 2035 non
611 2005 761 2036 liberatur
775 2005 923 2043 debitor,

56 2046 206 2087 quamdiu
232 2044 332 2076 exstat
348 2054 397 2076 res
423 2046 546 2077 oblata:
571 2045 643 2085 sed,
666 2045 686 2077 fi
710 2047 823 2086 periit,
847 2046 924 2077 libe-

57 2096 160 2126 ratur3
190 2085 253 2118 five
280 2086 373 2126 culpa
401 2087 467 2127 ejus
495 2087 609 2127 periit,
640 2086 703 2119 sive
726 2087 790 2119 sine
815 2088 926 2128 culpa;

56 2129 157 2161 modo
173 2127 195 2160 fi
210 2137 274 2159 non
298 2127 390 2160 dolus
412 2128 576 2160 accusetur
588 2129 608 2159 l.
632 2139 662 2165 9·
686 2128 729 2161 D.
754 2129 852 2160 Soluto
867 2139 926 2160 nici-

58 2170 200 2202 trivnonio.
223 2169 242 2200 l.
271 2178 316 2209 17.
339 2168 381 2200 D.
407 2171 440 2200 ale
449 2170 578 2209 periculo
595 2169 779 2204 &commodo
797 2172 838 2201 rei
853 2180 924 2202 ven·

59 2213 133 2243 dirce.
157 2211 308 2242 liberatur
323 2220 401 2242 vero
417 2220 480 2242 non
497 2211 564 2251 ipso
579 2212 666 2252 jure,
690 2210 746 2243 etsi
770 2211 925 2243 existima-

59 2253 107 2284 vit
126 2252 290 2283 Massurius
307 2251 457 2290 Sabinus,
474 2253 631 2293 probante
645 2253 802 2293 Javoleno
819 2253 837 2284 l.
856 2263 922 2294 105.

60 2292 104 2325 D.
115 2294 147 2324 de
154 2294 304 2324 verborum
312 2293 546 2333 obligationibus,
559 2293 609 2325 sed
626 2304 689 2335 ope
700 2295 922 2336 exceptionis:

60 2343 153 2375 quam
170 2333 308 2365 maluisse
324 2334 471 2366 videntur
488 2335 829 2376 Proculiani3quorum
840 2337 924 2368 obti-

60 2378 130 2407 nuit
147 2374 316 2413 sententia,
329 2376 639 2416 maximeinjudiciis
650 2377 827 2418 striCtijuris
846 2379 863 2409 l.
875 2388 924 2420 73.

60 2418 80 2458 §
105 2417 159 2448 ult.
171 2416 210 2447 D⁴
222 2418 255 2447 de
269 2418 419 2448 verborum
432 2417 648 2458 obligationibus
665 2419 684 2450 l.
696 2424 745 2459 84.
757 2419 784 2461 §.
798 2430 826 2460 3.
839 2419 880 2451 D.
892 2423 926 2451 cie

61 2460 162 2499 legatis
176 2458 225 2489 lib.
253 2467 279 2489 i.
303 2467 373 2489 nam
393 2458 424 2490 in
440 2458 535 2490 bonae
560 2458 633 2492 fidei
648 2461 772 2501 judiciis
797 2461 926 2494 debitor

61 2501 165 2530 adhuc
185 2498 252 2538 ipso
273 2499 340 2539 jure
362 2500 522 2532 liberatur.
545 2510 629 2540 non,
661 2503 748 2542 quod
771 2504 801 2534 in
830 2503 925 2534 bonae

63 2539 135 2571 fidei
151 2541 274 2581 judiciis
292 2550 355 2572 non
373 2542 484 2572 eadem
509 2542 645 2574 debitori
669 2552 835 2583 competat
859 2544 926 2576 doli

63 2582 134 2612 mali
153 2582 318 2622 exceptio:
337 2581 387 2614 sed
405 2583 512 2622 quod,
527 2592 600 2615 cum
618 2585 729 2616 eadem
741 2585 776 2616 sit
793 2587 822 2617 in
840 2594 926 2616 utro-

66 2630 126 2658 que
150 2632 284 2662 genere,
308 2624 398 2655 aliter
414 2625 445 2655 in
463 2625 554 2656 bonae
579 2624 673 2664 fidei,
697 2627 789 2658 aliter
812 2627 843 2658 in
862 2627 926 2658 stri-

68 2662 108 2691 cti
126 2662 217 2701 juris,
237 2664 356 2703 judicio
372 2667 551 2698 exercenda
572 2665 624 2698 sit:
650 2676 822 2708 propterea
840 2668 927 2708 quod

68 2703 215 2747 exceptio
231 2704 324 2735 bonae
349 2704 423 2737 fidei
440 2707 561 2746 J'udicio
577 2708 674 2748 inest3
705 2709 800 2741 stricti
821 2718 927 2740 autem

66 2742 141 2782 juris
160 2743 277 2790 judicio
295 2755 357 2776 non
385 2747 483 2784 inest,
513 2749 544 2780 in
568 2749 669 2781 altero
692 2751 788 2791 igitur
809 2751 927 2790 judicio

68 2792 138 2828 earn
154 2792 192 2829 ‘in
214 2793 280 2823 Jure
305 2787 493 2827 contestari,
523 2789 553 2821 ὅ(
569 2799 585 2821 a
614 2791 754 2822 Praetore
780 2791 928 2822 formulae

68 2824 180 2861 inseri,
203 2833 349 2871 oportet3
372 2835 406 2858 ut
424 2829 494 2869 post
510 2830 596 2862 litem
615 2832 824 2864 contestatam
841 2834 927 2864 dein-

69 2866 212 2912 deulum
237 2869 375 2898 inveniat
397 2871 479 2909 apud
500 2870 655 2910 Judicem.
679 2874 709 2905 in
735 2875 836 2905 altero
862 2883 931 2904 eam

66 2916 98 2937 in
116 2915 185 2945 Jure
201 2907 284 2951 apud
301 2907 471 2941 Praetorern
481 2914 649 2945 contestari
666 2924 701 2945 ac
719 2915 866 2946 formulae
884 2916 930 2945 in-

67 2946 125 2978 seri
156 2947 232 2978 nihil
263 2948 393 2994 attinet3
417 2952 488 2990 quia
504 2954 598 2984 etiam
617 2955 725 2987 omissa
741 2957 824 2995 apud
851 2957 932 2988 Prae-

68 2996 199 3025 toi-cm,
238 2988 308 3027 post
337 2989 423 3021 litem
454 2994 661 3027 contestatam
694 2996 781 3028 usum
808 2998 933 3028 invenit

66 3030 151 3070 apud
170 3028 331 3067 Iudicem:
356 3038 390 3061 ut
413 3032 534 3065 ollendi
561 3035 609 3067 lib.
636 3046 661 3068 1.
688 3037 735 3068 De
750 3038 933 3080 jurisditiio-

68 3080 102 3100 ne
120 3069 155 3104 ὅ)
171 3072 286 3110 imperio
303 3081 326 3102 c.
354 3081 398 3111 13.
424 3071 603 3114 Utrumque
627 3080 740 3116 probat
760 3079 933 3111 Marcellus

67 3112 86 3142 l.
105 3120 154 3151 72.
179 3111 220 3142 D.
244 3113 484 3153 desolationibus.
510 3117 604 3148 verba
623 3118 780 3151 Marcelli.
809 3120 870 3165 Qui
887 3122 933 3151 de-

68 3161 126 3184 cem
141 3153 236 3191 debet,
252 3152 282 3190 fi
297 3163 329 3185 ea
346 3155 480 3186 obtulerit
503 3158 653 3197 creditori,
668 3159 703 3193 ὃ
716 3161 762 3191 ille
774 3160 838 3199 fine
851 3160 933 3203 justa

68 3191 154 3267 εαιᾶζα
176 3196 357 3267 eaIaccipere
378 3198 543 3239 recusavit,
566 3199 666 3232 deinde
688 3203 796 3235 debitor
819 3212 852 3235 ea
867 3204 932 3242 sine

131 3244 183 3267 orn.
225 3257 234 3268 .

1312 97 1516 135 L1a.IlL

951 183 1006 220 fica
1029 183 1114 225 cidpa
1135 187 1310 226 perdiderit:
1335 187 1394 219 doli
1417 189 1487 221 mali
1511 188 1674 230 exceptione
1690 187 1782 231 potest
1792 190 1827 230 se

954 226 1031 256 tueri
1045 248 1055 263 ‚
1078 236 1253 269 quamquam
1273 230 1427 270 aliquando
1450 231 1651 272 interpellatus
1666 238 1724 262 nort
1737 232 1829 269 solve-

953 267 1003 298 rit.
1028 269 1131 298 etenim
1157 279 1213 300 non
1236 267 1275 303 est
1291 281 1404 313 <equum
1421 295 1430 309 ‚
1455 270 1545 304 teneri
1561 273 1687 314 pecunia
1707 272 1828 313 amiffa,

954 309 1024 349 qiiia
1047 318 1103 339 non
1127 318 1271 343 teneretur
1292 335 1303 350 ‚
1328 312 1360 350 fi
1382 314 1505 345 creditor
1533 315 1659 355 accipere
1682 313 1825 355 voluzffet.

956 349 1058 393 Quare
1070 358 1122 390 pro
1145 352 1241 392 soluto
1265 355 1296 384 id
1319 355 1350 385 in
1368 364 1424 395 quo
1448 356 1574 387 creditor
1587 357 1751 396 accipiendo
1769 365 1829 386 mo-

953 401 1018 421 rani
1034 391 1131 431 fecit,
1154 400 1260 433 oportet
1286 393 1347 436 ⁶ffi’·
1392 395 1434 426 Ec
1453 397 1530 437 sane
1548 395 1693 436 fiservus
1715 397 1828 429 eratin

953 433 1034 470 dote,
1059 443 1178 475 euntque
1195 436 1300 466 obtulit
1314 439 1459 477 maritus,
1480 437 1517 472 ὅ)
1535 439 1560 469 z‘s
1572 441 1682 478 servus
1698 436 1830 479 deceffit,

953 479 1007 504 aut
1023 484 1155 506 nummos
1178 477 1299 516 obtulit,
1330 488 1430 519 eosque
1452 488 1510 510 non
1532 481 1688 520 accipiente
1708 480 1828 511 muliere

951 516 1133 555 perdiderit.-
1156 519 1211 558 ipso
1217 519 1286 560 jure
1302 518 1408 557 definet
1425 522 1524 552 teneri.
1559 521 1612 552 Sic
1630 521 1660 552 in
1678 522 1829 553 omnibus

957 558 1190 597 exemplaribus
1214 561 1330 591 editur.
1355 560 1449 592 ausim
1477 569 1582 594 tamen
1613 563 1738 604 legere,
1765 561 1830 607 Qui

957 599 1049 628 decem
1065 601 1160 637 (lebet,
1177 599 1206 637 fi
1221 611 1253 631 ea
1270 601 1405 632 obtulerit
1420 605 1573 641 creditori,
1598 603 1634 637 &³
1654 604 1700 635 ille
1707 604 1772 642 fine
1776 608 1830 647 ju.-

949 637 1000 679 Jia
1017 642 1103 679 cansa
1121 651 1152 671 ea
1166 644 1291 682 accipere
1307 644 1471 683 recusavit,
1494 645 1594 675 deinde
1602 646 1710 676 debitor
1718 655 1750 676 ea
1762 655 1832 686 per-

957 682 1083 720 diderit,
1106 683 1163 712 doli
1177 685 1256 715 niali.
1280 685 1308 715 ἂ
1326 687 1457 724 reliqua.
1482 695 1553 717 nam
1573 687 1688 723 verba,
1705 686 1833 728 sinestra

958 723 1058 762 culpa,
1078 733 1149 763 quae
1165 725 1289 762 delevi,
1309 726 1410 757 aliena
1428 726 1515 759 sunt:
1533 735 1567 758 ut
1585 727 1660 758 alias
1674 728 1721 767 (si
1742 729 1831 760 Deus

959 763 1063 804 sinet)
1088 766 1182 805 paulo
1202 767 1329 799 uberius
1344 768 1582 800 demonstrabo.
1609 769 1704 810 igitur
1721 778 1832 809 quam-

958 806 1010 836 diu
1028 806 1127 837 exstat
1144 817 1192 838 res
1210 808 1336 846 oblata,
1362 809 1544 841 debitorem
1563 819 1625 841 non
1644 811 1756 841 liberat
1775 820 1833 849 nu-

958 847 997 877 da
1014 848 1149 878 oblatio.
1175 849 1271 890 idque
1290 851 1373 881 adeo
1398 853 1522 892 placct;
1547 860 1599 890 ut,
1623 850 1643 883 fi
1668 852 1831 892 creditor,

957 889 1009 926 qui
1031 888 1093 919 sine
1119 890 1208 920 causa
1234 891 1389 923 recusavit
1413 894 1556 925 debitum
1581 894 1750 934 accipere,
1774 903 1833 934 po-

957 929 1020 960 stea
1042 939 1128 970 petat
1150 941 1165 961 a
1183 932 1351 972 debitore,
1374 934 1446 973 quia
1466 935 1536 974 jure
1559 936 1660 975 petit,
1685 945 1749 966 non
1773 935 1836 968 sol-

958 980 1087 1002 ventem
1111 973 1141 1002 in
1163 982 1250 1004 mora
1277 975 1449 1006 constituat
1467 977 1486 1007 l.
1518 984 1563 1017 17.
1588 975 1629 1007 D.
1654 977 1687 1007 de
1704 977 1833 1018 periculo

957 1013 994 1047 ὅ)
1011 1016 1150 1044 commodo
1167 1016 1208 1044 rei
1229 1018 1363 1047 vendllae.
1390 1016 1452 1047 lioc
1470 1027 1548 1048 vero
1572 1017 1692 1049 indicio
1716 1018 1781 1058 est,
1804 1028 1834 1051 a·

956 1056 1095 1086 ctionem
1114 1057 1194 1086 nuda
1213 1056 1380 1089 oblatione
1398 1058 1498 1089 statim
1524 1069 1588 1090 non
1607 1058 1699 1091 fuiffe
1717 1059 1836 1092 exstin—

956 1096 1036 1127 tram
1056 1104 1109 1127 aut
1127 1095 1194 1137 ipso
1209 1098 1297 1137 jure,
1325 1106 1377 1130 aut
1395 1109 1459 1138 ope
1475 1101 1691 1140 exceptionis.
1718 1111 1790 1133 nam
1810 1101 1833 1134 si

958 1138 1022 1168 hoc
1036 1137 1132 1176 effec,
1156 1148 1221 1169 non
1240 1139 1373 1171 haberet
1390 1142 1531 1173 creditor
1549 1143 1760 1182 petitionem,
1780 1142 1835 1175 sal·

960 1188 1024 1210 tem
1051 1188 1124 1210 cnm
1149 1179 1290 1212 effectu:
1330 1191 1368 1211 ea
1398 1190 1504 1215 autem
1528 1183 1701 1215 deficiente
1717 1207 1727 1223 ,
1766 1193 1835 1217 non

960 1220 1062 1261 posl'et
1081 1221 1109 1251 in
1133 1231 1223 1252 mora
1248 1221 1310 1254 ess'e
1335 1222 1465 1255 debitor
1481 1233 1496 1255 a
1520 1233 1585 1265 quo
1611 1234 1677 1257 non
1703 1232 1836 1265 poterat

960 1263 1026 1304 peti
1043 1262 1062 1293 l.
1086 1267 1135 1297 83.
1164 1263 1205 1294 D.
1221 1264 1255 1294 cle
1270 1264 1377 1304 regulis
1389 1265 1480 1306 juris.
1504 1265 1523 1298 l.
1548 1275 1600 1305 40.
1624 1264 1667 1297 D.
1692 1269 1726 1297 de
1750 1271 1837 1298 rebus

960 1305 1087 1335 creditis.
1130 1304 1192 1336 Sed
1210 1312 1245 1336 ut
1262 1304 1325 1336 sola
1343 1305 1509 1338 oblatione
1526 1307 1656 1338 debitor
1675 1317 1739 1339 non
1757 1308 1837 1339 libe-

958 1354 1044 1378 ratur
1061 1355 1077 1377 a
1094 1346 1259 1387 principali
1285 1347 1414 1379 debito:
1439 1347 1480 1379 sic
1504 1357 1566 1379 nec
1587 1348 1626 1379 ab
1645 1348 1742 1380 usuris
1761 1358 1838 1382 eum

959 1388 1104 1425 liberari,
1128 1388 1261 1419 sationis
1284 1388 1341 1420 est.
1366 1390 1497 1430 utique,
1521 1389 1541 1422 si
1560 1399 1601 1421 ex
1618 1390 1670 1421 die
1694 1399 1840 1423 conven-

959 1430 1054 1462 tionis
1069 1428 1256 1461 debeantur.
1280 1437 1346 1462 tum
1357 1432 1442 1462 enim
1461 1431 1590 1472 proprie
1608 1430 1715 1464 foenus
1730 1433 1841 1473 appel-

958 1471 1058 1503 latur:
1082 1480 1142 1502 nec
1158 1470 1286 1510 respicit
1302 1481 1350 1503 res
1367 1473 1406 1503 ad
1421 1474 1655 1514 reparationem
1671 1474 1778 1506 damni
1795 1482 1842 1508 ex

959 1521 1050 1545 mora
1068 1511 1161 1544 fasti:
1186 1511 1239 1544 sed
1255 1513 1295 1544 ad
1308 1513 1443 1545 lucrum.

1001 1555 1044 1585 At
1060 1554 1157 1595 quid,
1180 1553 1202 1586 si
1219 1563 1260 1585 ex
1277 1564 1368 1586 mora
1391 1555 1523 1587 veniant
1548 1555 1671 1589 usurae?
1694 1554 1763 1588 sunt
1782 1555 1841 1598 qui

961 1603 1078 1638 putent
1093 1618 1102 1635 ‚
1127 1605 1179 1627 eas
1196 1594 1260 1627 sola
1286 1596 1454 1628 oblatione
1472 1597 1562 1630 tolli:
1587 1599 1672 1630 inter
1693 1607 1776 1638 quos
1794 1598 1844 1630 fa-

961 1638 1081 1673 miliam
1099 1637 1222 1669 ducunt
1238 1638 1377 1676 jacobus
1392 1638 1543 1678 Cujacius
1559 1639 1632 1671 adl.
1660 1649 1730 1671 122.
1752 1640 1782 1682 §.
1805 1650 1845 1681 5.

962 1679 1006 1711 D.
1030 1680 1063 1711 de
1087 1680 1240 1710 verborum
1264 1679 1503 1721 obligationibus,
1538 1681 1569 1712 &
1595 1680 1756 1713 Antonius
1782 1680 1844 1713 Fa-

962 1721 1039 1760 ber,
1064 1720 1111 1751 De
1133 1721 1278 1752 erroribus
1301 1722 1551 1762 pragmaticorum
1566 1746 1575 1761 ‚
1599 1723 1696 1754 decad.
1722 1732 1771 1755 22.
1793 1732 1843 1755 er-

962 1772 1020 1794 ror.
1042 1773 1072 1802 5.
1097 1762 1252 1800 maxime,
1277 1761 1299 1793 fi
1317 1762 1426 1795 officio
1442 1762 1563 1803 Judicis
1580 1763 1757 1796 debeantur
1772 1764 1857 1804 us'u-¹

963 1814 1023 1835 rte:
1048 1803 1077 1834 δί
1093 1802 1215 1834 causam
1233 1802 1391 1835 adferunt.
1417 1814 1453 1835 ea
1463 1804 1551 1837 causa
1567 1805 1630 1841 est,
1655 1806 1842 1846 praeceden-

965 1852 1029 1876 tem
1041 1853 1162 1876 moram
1174 1843 1326 1884 sequente
1342 1845 1509 1877 oblatione
1526 1847 1653 1888 purgari
1670 1857 1733 1889 arg.
1756 1847 1840 1884 l.91.

965 1886 994 1927 §.
1018 1896 1047 1926 3.
1072 1885 1112 1916 D.
1138 1886 1171 1915 ale
1195 1886 1347 1916 vorborum
1369 1887 1599 1928 obligationibus.
1630 1894 1718 1929 quod
1737 1887 1758 1920 si
1775 1890 1842 1930 pla·

967 1935 1038 1958 cet:
1061 1927 1146 1958 idem
1172 1927 1233 1957 erit
1251 1926 1281 1958 in
1298 1926 1501 1967 stipulatione
1518 1938 1579 1969 qua
1599 1929 1694 1961 usurae
1712 1939 1753 1961 ex
1770 1939 1842 1961 nio-

968 1978 999 1999 ra
1015 1970 1256 2008 promittuntur.
1283 1977 1313 1998 at
1330 1968 1394 2000 lioc
1413 1979 1510 2001 nemo
1527 1971 1667 2009 dixerit3
1683 1971 1758 2008 Quin
1777 1970 1842 2002 Cu-

964 2010 1062 2050 Jacius
1081 2008 1201 2040 refellit
1219 2010 1247 2040 δε
1266 2008 1377 2042 Faber.
1400 2011 1497 2052 igitur
1513 2021 1592 2050 nec,
1631 2012 1773 2044 fiofficio
1790 2012 1842 2052 Ju-

969 2051 1048 2082 dicis
1073 2051 1268 2088 debeantur,
1301 2050 1362 2083 sola
1385 2053 1553 2085 oblatione
1576 2053 1730 2086 sistentur.
1775 2054 1840 2086 Sed

969 2092 1044 2133 quid
1061 2091 1129 2124 est‘?
1152 2091 1228 2124 milii
1247 2093 1343 2134 longe
1367 2094 1458 2126 aliter
1483 2095 1619 2126 videtur.
1645 2103 1748 2137 puto,
1773 2096 1844 2127 usu-

970 2144 1036 2172 ras,
1067 2133 1131 2165 sive
1154 2143 1193 2165 ex
1218 2133 1367 2174 stipulatu
1384 2158 1394 2174 ‚
1425 2135 1489 2167 sive
1506 2135 1619 2168 officio
1637 2137 1760 2177 Judicis
1777 2138 1842 2177 jam

968 2175 1163 2212 incoeperint
1189 2185 1315 2207 currere
1340 2177 1383 2208 ob
1405 2186 1549 2216 moram,
1583 2177 1647 2209 sola
1672 2178 1842 2210 oblatione

967 2226 1031 2249 non
1048 2216 1124 2248 sisti:
1142 2215 1194 2248 s'ed
1210 2216 1231 2248 si
1248 2226 1311 2248 non
1323 2219 1606 2251 cucurrerintante
1621 2220 1843 2259 oblationem,

966 2257 1038 2299 post
1062 2268 1130 2290 eam
1149 2267 1214 2290 non
1237 2259 1379 2299 incipere
1405 2269 1543 2292 currere.
1569 2261 1766 2302 Argumenta
1789 2271 1845 2293 ce-

968 2301 1021 2332 do.
1046 2300 1157 2340 accipe
1174 2309 1215 2331 ex
1232 2299 1251 2330 l.
1282 2310 1307 2331 1.
1325 2300 1353 2342 §.
1379 2311 1408 2342 3.
1435 2301 1477 2332 D.
1501 2303 1534 2333 cle
1550 2302 1664 2343 usuris,
1690 2303 1709 2335 l.
1737 2307 1786 2337 28.
1834 2326 1844 2334 .

971 2351 996 2374 1.
1021 2340 1064 2373 D.
1089 2343 1123 2372 de
1151 2339 1399 2381 administratione
1422 2348 1550 2374 tutorum
1568 2366 1578 2381 ,
1609 2343 1645 2378 ὅ)
1664 2345 1684 2375 l.
1720 2353 1788 2376 122.
1820 2345 1842 2375 “.

966 2394 996 2423 5.
1021 2382 1062 2413 D.
1090 2384 1123 2414 de
1139 2385 1291 2414 verborum
1301 2383 1539 2425 obligationibus,
1557 2383 1619 2424 ipsa
1636 2394 1711 2416 vera
1727 2385 1755 2416 ὅ(
1774 2388 1844 2424 pul·

968 2424 1062 2463 chra;
1088 2424 1139 2455 sed
1154 2425 1277 2464 plenius
1295 2425 1476 2457 enarranda.
1501 2424 1570 2456 sunt
1585 2425 1670 2457 enim
1686 2426 1842 2458 doflrinae

967 2475 1032 2497 non
1051 2466 1205 2505 publicae,
1228 2465 1298 2497 fere
1316 2467 1498 2506 ignorantia
1516 2466 1656 2498 historiae
1672 2466 1844 2499 usurarum.

969 2517 1005 2537 ea
1020 2513 1108 2538 certe
1126 2507 1281 2546 deceptus
1300 2507 1359 2538 Vir
1376 2507 1630 2548 prudentissimus
1647 2532 1656 2547 ,
1682 2509 1846 2540 Antonius

970 2547 1091 2586 Faber,
1122 2550 1150 2579 d.
1182 2557 1272 2578 error.
1293 2559 1321 2588 5.
1349 2558 1377 2579 n.
1407 2558 1452 2581 10.
1479 2548 1648 2589 fiispicatus
1672 2549 1736 2589 est,
1768 2551 1798 2582 in
1815 2552 1846 2582 d.

969 2590 988 2620 l.
1013 2596 1060 2626 28.
1085 2589 1114 2630 §.
1145 2598 1168 2620 i.
1195 2597 1248 2620 aut
1268 2589 1430 2622 infelicem
1455 2589 1585 2631 Ulpiani
1605 2591 1847 2632 interpretatio-

971 2640 1044 2662 nem
1069 2630 1150 2668 csse,
1175 2638 1229 2660 aut
1251 2629 1442 2663 Triboniani
1467 2633 1718 2672 interpolatione
1735 2633 1844 2665 defor-

972 2680 1100 2702 matam.
1124 2672 1210 2712 qtiod
1228 2680 1300 2703 cum
1320 2682 1383 2704 non
1401 2673 1436 2704 sit
1449 2697 1458 2712 ‚
1483 2682 1671 2715 utrumque,
1689 2683 1844 2715 quantum

971 2720 1108 2753 potero,
1132 2722 1167 2743 ea
1190 2713 1346 2745 calumnia
1371 2714 1524 2746 liberabo.
1548 2714 1611 2747 Sed
1636 2717 1772 2756 primum
1792 2726 1848 2747 ex-

971 2763 1088 2793 ponam
1107 2754 1203 2785 verba
1219 2755 1247 2784 d.
1271 2755 1290 2786 l.
1306 2764 1330 2786 1.
1374 2779 1380 2787 .
1398 2765 1428 2796 3.
1455 2756 1496 2788 D.
1518 2757 1551 2788 de
1567 2757 1672 2797 usuris.
1696 2768 1733 2789 ea
1749 2759 1845 2788 verba

973 2795 1042 2826 sunt
1056 2818 1064 2832 ‚
1091 2795 1175 2826 Circa
1192 2795 1289 2826 tutelae
1310 2797 1519 2829 resitutionem
1531 2805 1583 2839 pro
1599 2799 1707 2838 favore
1721 2799 1847 2840 pupillo-

974 2846 1038 2867 rum
1063 2836 1148 2866 latior
1170 2838 1366 2877 interpretatio
1388 2838 1470 2877 fabia
1491 2837 1552 2880 est:
1584 2850 1664 2871 nemo
1690 2842 1765 2870 enim
1785 2849 1846 2869 arn·

976 2878 1047 2918 bigit
1064 2878 1161 2915 bodie,
1178 2877 1243 2917 sive
1255 2879 1349 2920 judex
1364 2882 1525 2921 accipiatur
1544 2882 1576 2912 in
1593 2884 1667 2913 diem
1680 2882 1844 2917 lente-titire,

969 2917 1035 2956 five
1046 2917 1110 2956 fine
1122 2920 1221 2960 judice
1236 2921 1328 2952 tutela
1341 2920 1513 2962 restituatur
1529 2945 1538 2960 ‚
1562 2923 1593 2954 in
1617 2933 1682 2954 eum
1697 2923 1769 2952 aiem
1789 2930 1844 2961 qao

975 2956 1120 2999 restituit,
1143 2962 1246 3000 usuras
1266 2962 1412 3003 prcesiari.
1444 2964 1556 3002 Plane,
1573 2962 1602 3001 fi
1623 2963 1716 2994 littelae
1736 2962 1845 3001 justicio

975 3002 1113 3032 nolentem
1127 3003 1251 3043 experiri
1259 3027 1269 3041 ‚
1299 3009 1379 3035 tutor
1400 3005 1477 3036 ultro
1500 3006 1682 3040 convenerit,
1706 3003 1742 3037 ὅ*
1759 3010 1846 3044 pecu.-

976 3043 1055 3073 niam
1076 3044 1233 3081 obtulerit,
1262 3054 1381 3087 eamque
1404 3045 1579 3087 obsignatam
1605 3044 1779 3085 deposuerit,
1809 3053 1847 3075 ex

976 3093 1004 3115 eo
1021 3089 1138 3125 tempore
1155 3095 1210 3117 non
1229 3085 1374 3127 prceliabit
1400 3091 1511 3126 usuras.
1537 3087 1619 3117 Cum
1645 3085 1688 3115 ait
1705 3086 1847 3125 Papinia-

976 3134 1032 3155 nus
1044 3148 1052 3163 ‚
1077 3127 1163 3166 quod
1180 3128 1257 3158 circa
1274 3129 1368 3159 tutelie
1385 3126 1590 3168 restitutionem
1609 3126 1695 3157 latior
1710 3129 1846 3167 interpre-

975 3167 1043 3197 tatio
1062 3167 1150 3206 fabia
1175 3167 1214 3209 est
1232 3175 1286 3209 pro
1307 3170 1415 3209 favore
1436 3168 1633 3208 pupillorum:
1666 3166 1845 3209 fignificat,

974 3209 1060 3249 quod
1091 3209 1315 3252 interpretatio
1340 3210 1440 3280 ¹³⁷⁶}OE
1465 3211 1493 3240 ὁ(
1520 3209 1689 3250 benignior
1708 3234 1718 3251 ,
1749 3219 1845 3255 quam

1401 3271 1413 3279 α
1438 3259 1455 3280 e
1810 3256 1842 3282 i‘n

1757 109 1826 145 21?
