2052 3487
384 196 462 232 De
510 193 818 230 Fonnoniz
866 201 934 228 ET
983 190 1245 231 Usuizis.

39 285 209 319 ‘crementa
233 310 243 327 ,
282 283 498 327 pernoscenda
530 284 634 328 magni
672 283 828 315 momenti
858 283 902 315 fit.

90 329 144 361 Est
170 330 264 371 igitur
287 328 416 366 foenus,
447 325 510 357 five
532 326 640 364 uiui-a,
670 325 903 357 incrementum

51 371 213 411 pecuniae,
237 370 287 402 vel
308 369 483 405 fructuum,
516 366 604 407 quod
626 367 767 398 creditor
785 376 801 397 a
815 367 902 398 debi-

49 421 119 443 tore
135 413 234 453 exigit
249 421 306 453 pro
326 410 379 442 usu
395 408 492 440 sortis.
535 407 598 438 Sed
616 416 719 439 utrum
737 408 767 439 in
785 411 901 440 eodem

49 463 166 493 genere
189 455 275 492 quod
299 451 451 483 creditum
473 448 518 480 est
535 472 545 487 ,
575 458 613 480 an
638 450 733 480 etiam
758 450 847 481 allo?
871 451 900 481 a&

49 495 156 527 verius
172 495 216 526 est
228 517 237 532 ,
257 494 278 525 11
295 503 357 525 non
382 490 556 532 specialiter
573 490 610 521 fit
626 499 821 522 conventum
833 514 841 529 ,
865 500 901 522 ut

50 535 82 566 in
115 537 177 567 alio
208 534 368 576 praestetur
397 541 515 574 genere
534 555 544 570 ,
578 532 610 562 in
641 533 756 563 eodem
790 534 900 563 deberi

45 578 133 616 quod
150 579 304 608 creditum
320 575 381 606 est:
407 575 566 614 denique,
590 572 698 613 politis
723 575 753 604 in
772 573 899 606 foenore

44 619 198 656 nummis,
222 616 423 648 nummariam
442 615 504 647 effe
519 614 657 652 usuram3
681 614 825 656 frugibus
848 625 899 646 au-

44 668 109 691 tem
133 659 280 697 creditis,
301 657 458 689 usurarum
482 656 732 687 additamentum
757 657 898 697 ejusdem

44 700 167 731 admitti
182 699 320 731 materiae
337 700 355 730 l.
368 708 415 738 213.
433 698 465 729 C.
486 699 518 728 de
534 699 639 738 usuris.
677 697 770 737 Hoc,
793 697 814 729 fi
832 708 897 744 non

43 740 222 781 specialiter
246 741 328 772 alind
344 740 469 781 pactum
492 747 687 770 conventum
711 739 757 770 iit.
781 740 858 780 quid
875 741 897 770 11

44 781 75 813 id
91 782 151 813 fit?
171 783 231 822 jam
249 782 371 822 placet,
396 780 498 812 usuras
514 781 609 811 etiam
628 781 686 812 alia
704 780 732 810 in
753 790 785 810 re
801 790 895 820 quam

45 833 114 863 quae
131 824 248 855 credita
264 823 316 862 fit,
333 823 451 854 deberi.
477 831 537 853 iiec
555 822 649 863 longe
667 829 772 859 petam
790 821 895 867 uuistu-

42 867 167 896 ritatem
182 875 192 895 .·
223 865 311 896 dabit
324 874 392 896 eam
412 863 597 904 Augustinus
615 886 625 901 ‚
657 863 794 893 Cone-ione
811 873 839 903 3.
863 872 895 892 ziz

41 912 118 947 part.
137 916 165 946 r3.
188 906 296 941 Plalmi
311 910 360 947 36.
385 913 450 936 tom.
467 910 495 939 8.
516 913 587 945 pag.
610 913 675 945 123.
711 903 807 934 verba
831 904 894 934 Au-

45 941 167 988 gustini.
209 948 243 978 Si
259 948 449 989 foenerczverz's
469 947 576 976 homini
591 968 601 983 ,
623 947 652 975 id
674 943 731 984 eft,
763 950 894 976 mutuam

32 996 33 999 ’
42 990 194 1029 pecuniam
210 994 290 1019 tuam
307 990 413 1020 dederis
428 998 445 1019 a
461 997 515 1028 quo
531 987 642 1029 aliquid
659 988 726 1026 plus
741 996 828 1028 quani
849 987 895 1032 cie-

44 1028 111 1069 dlsli
134 1029 272 1070 exspectes
291 1031 414 1070 accipere
431 1039 440 1065 3
471 1038 527 1059 non
545 1029 695 1068 pecuniam
703 1029 795 1067 solani
809 1050 819 1065 ,
838 1028 894 1066 secl

43 1071 150 1111 aliquid
172 1071 238 1111 plus
261 1081 348 1112 quctni
369 1067 470 1110 aedisti
483 1093 493 1108 ,
522 1068 580 1104 five
601 1069 674 1099 illucl
695 1069 824 1099 triticum
832 1067 891 1106 sit,

41 1111 105 1150 five
119 1113 224 1142 vinum
240 1135 249 1150 ,
273 1111 337 1149 five
352 1112 440 1143 oleum
455 1135 464 1149 ‚
491 1109 551 1147 live
575 1110 710 1151 quidlibet
732 1110 811 1140 aliud
830 1132 839 1146 ,
863 1108 893 1146 fi

64 1153 106 1183 lus
122 1162 208 1193 quam
224 1151 341 1193 aedisti,
364 1152 504 1193 exspeftas
520 1153 661 1190 accipere,
677 1151 836 1196 faenerator
853 1159 890 1180 es.

62 1194 136 1225 dem'
158 1193 293 1226 ostendit
319 1194 424 1225 thema
446 1194 465 1224 l.
489 1196 533 1224 16.
562 1193 594 1222 C.
619 1192 674 1221 eoa.
698 1193 742 1221 tit.
772 1200 803 1222 in
830 1199 892 1231 qua

42 1235 233 1274 proponitur
256 1236 389 1274 pecunia
412 1233 527 1265 foenori
554 1239 713 1277 accepta,
739 1241 777 1277 *ut
804 1239 891 1263 certa

42 1276 136 1306 tritici
154 1276 308 1306 modiatio
326 1273 545 1314 praestaretur?
569 1282 628 1304 nec
646 1273 721 1310 quid
737 1282 767 1318 in
784 1282 824 1304 co
843 1283 891 1304 re·

41 1317 269 1356 prehenditur,
303 1322 417 1356 praeter
440 1314 580 1346 modum.
622 1314 778 1351 Accedit,
802 1314 890 1354 qnod

41 1356 223 1388 Marcianus
245 1356 263 1386 l.
286 1365 331 1387 ii.
355 1355 380 1397 §.
405 1365 429 1386 ῐ.
452 1355 493 1386 D.
518 1356 551 1386 (ie
561 1356 728 1396 pignoribus
750 1355 787 1390 ὅ)
805 1361 888 1395 hypo·

42 1398 128 1428 thecis
146 1397 205 1434 ait,
230 1396 263 1427 Si
279 1397 421 1435 οἰντίχρκζις
434 1402 486 1436 pre
504 1398 607 1427 credito
619 1395 704 1435 sabla
716 1396 774 1435 fit,
808 1396 842 1431 δ’
858 1398 890 1427 in

32 1439 164 1479 fundum
179 1444 230 1467 aut
246 1438 277 1468 in
295 1439 364 1468 cedes
380 1439 484 1478 aliquis
501 1439 676 1469 inducatur:
697 1447 725 1467 eo
744 1447 833 1478 usque
848 1447 890 1468 re-

40 1480 111 1510 tinet
130 1478 315 1519 poffffonem
333 1480 465 1520 pignoris
487 1479 542 1509 loco
561 1503 569 1517 ,
597 1481 681 1509 donec
704 1479 745 1510 illi
765 1481 891 1519 pecunia

32 1520 186 1562 solvatur:
208 1530 271 1550 cum
294 1522 324 1551 irz
346 1520 581 1561 ztszcrasfruffus
591 1523 754 1559 percipiat,
782 1529 832 1551 aut
852 1521 890 1551 lo-

41 1563 130 1592 cando
148 1584 157 1599 ,
194 1567 246 1592 aut
270 1562 325 1601 ipse
342 1563 520 1602 percipiendo
537 1585 547 1599 ‚
584 1563 804 1603 habitandaque.
849 1562 891 1593 Ec

40 1603 220 1642 exemplum
238 1602 332 1633 habet
351 1612 428 1643 imp.
447 1602 609 1643 Philippus
626 1603 643 1633 l.
662 1612 706 1643 ιῖ.
725 1603 756 1633 C.
777 1605 809 1634 cle
825 1603 891 1643 usu-

38 1645 95 1681 ris,
119 1644 165 1674 liis
187 1643 301 1675 verbis.
343 1644 375 1675 Si
397 1654 429 1675 ea
450 1644 507 1685 lege
525 1642 712 1684 poffeffionem
734 1651 824 1676 mater
840 1651 892 1676 tua

39 1685 115 1726 apud
131 1686 293 1716 creditorem
309 1685 399 1724 suum
419 1686 572 1727 obligavit,
596 1694 630 1717 ut
651 1685 770 1718 fruetus
796 1686 826 1717 in
846 1687 891 1717 vi-

36 1735 108 1757 cem
139 1726 296 1757 usurarum
324 1728 596 1766 consequeretur,
633 1728 747 1758 obtentu
776 1728 893 1769 majoris

29 1769 157 1810 percePti
176 1767 356 1801 emolumenti
367 1773 482 1808 propter
505 1771 645 1801 incertum
656 1767 811 1809 frustuum
826 1775 893 1812 pro-

1298 193 1329 230 L
1347 205 1359 231 1
1377 204 1408 232 B.
1446 194 1471 232 1.
1745 208 1812 245 153

947 289 1068 315 ventum
1093 284 1216 325 rescindi
1235 284 1346 325 placita
1372 294 1430 316 non
1455 283 1580 326 poffitat.
1629 285 1815 319 Alexander

947 334 1077 366 quoquc
1098 327 1118 356 l.
1144 335 1191 365 14.
1221 327 1253 358 C.
1279 327 1337 357 eod.
1358 328 1404 357 tz‘t.
1432 330 1528 358 verba
1556 327 1736 360 Alexandri.
1778 328 1816 359 Si

945 376 977 398 ea
991 367 1123 407 paciione
1147 377 1222 398 uxor
1249 374 1301 398 tua
1321 374 1454 399 mutuam
1474 371 1626 410 pecuniam
1644 371 1739 407 dedit,
1772 377 1811 401 uc

945 409 1017 440 vice
1035 408 1192 440 usurarum
1218 409 1395 451 [domum]
1419 409 1638 449 inhabitaret,
1663 410 1810 452 pactoque

942 451 985 481 ita
1001 473 1010 489 ,
1041 456 1075 480 ut
1093 452 1227 481 convenit
1243 474 1253 490 ‚
1285 451 1337 490 usti
1354 455 1411 492 est,
1435 461 1492 482 non
1516 454 1601 483 etiam
1623 453 1740 484 locando
1758 454 1810 483 do-

942 502 1020 522 mum
1033 491 1193 532 penfionem
1211 493 1319 533 redegit
1337 503 1346 524 .·
1376 493 1480 532 referri
1501 492 1697 534 quaestionem,
1722 492 1810 535 quasi

937 534 1118 574 plusclomus
1133 535 1287 574 redigeret,
1309 532 1331 568 st
1353 534 1512 573 locaretur,
1536 545 1622 576 quam
1646 538 1808 574 usicrarum

941 575 1136 616 legitimarum
1162 577 1234 605 ratio
1255 574 1379 616 colligit,
1403 576 1517 605 minime
1533 582 1648 616 oportet.
1694 576 1807 608 Potest

941 616 1037 656 igitur
1055 616 1144 646 usura
1164 626 1204 647 ex
1223 615 1316 653 pasto
1341 624 1507 647 convento
1527 617 1556 648 in
1583 618 1644 649 alio
1662 627 1805 659 genere,

942 666 1034 698 quam
1053 658 1141 697 quod
1158 658 1313 688 creditum
1339 656 1396 695 fit,
1420 657 1579 691 constitui.

980 697 1146 730 Postremo
1170 699 1238 730 vult
1267 699 1362 729 usurae
1388 699 1556 737 definitio,
1588 701 1676 740 quod
1701 701 1803 733 credi-

940 747 991 770 tor
1007 749 1075 770 eam
1097 749 1112 770 a
1137 739 1284 771 debitore
1302 740 1474 781 exigitpro
1500 740 1552 771 usu
1576 741 1678 772 sortis.
1703 751 1806 783 atque

939 780 1004 810 hoc
1029 781 1176 811 videntur
1200 781 1300 812 Varro
1325 782 1354 812 ὃς
1382 781 1517 813 Isidorus
1542 782 1673 813 voluisse
1691 807 1700 820 ,
1733 785 1803 814 locis

929 824 1024 862 supra
1046 821 1194 862 allegatis
1227 831 1299 853 cum
1316 823 1424 862 ajunt,
1455 822 1575 855 usui-am
1602 824 1641 854 ab
1663 824 1716 855 usu
1738 824 1801 856 sor·

939 870 997 900 tis,
1020 861 1083 892 five
1102 864 1170 893 aeris
1188 864 1320 901 crediti,
1343 873 1564 904 nuncupatam.
1609 865 1799 907 Papinianus

937 912 1068 942 quoque
1093 903 1226 942 scribit,
1259 903 1363 936 usui-:is
1391 907 1511 946 pei-cipi
1543 914 1678 947 propter
1710 907 1800 940 usum

936 944 1031 975 medii
1056 945 1208 984 temporis
1233 945 1252 976 l.
1277 950 1327 986 58.
1359 946 1386 988 ἕ.
1405 951 1434 978 6.
1460 947 1502 978 D.
1524 950 1572 979 Aa
1595 948 1703 980 SCtum
1732 948 1800 980 Tre-

935 985 1098 1016 bellianum.
1123 985 1174 1017 sed
1203 986 1232 1017 ἃ.
1259 987 1439 1020 Anibi-orius
1454 1012 1463 1027 ,
1497 988 1544 1020 De
1562 989 1648 1021 Tobia
1674 1001 1698 1022 c.
1713 1001 1744 1030 5.
1768 1000 1799 1022 a·

934 1036 1011 1067 gens
1029 1027 1068 1057 de
1087 1026 1318 1058 foeneratorum
1337 1030 1492 1069 pecunia,
1511 1031 1571 1069 ait,
1591 1030 1687 1068 *Usum
1702 1033 1800 1073 requi—

934 1069 993 1106 rit,
1016 1073 1049 1098 ut
1064 1069 1196 1108 acquirat
1214 1068 1340 1107 usuram.
1367 1070 1463 1110 idque
1489 1072 1571 1102 adeo
1589 1082 1699 1104 verum
1725 1074 1796 1112 est,

934 1116 969 1139 ut
991 1107 1195 1140 Florentium
1220 1110 1333 1140 scribac
1355 1111 1374 1141 l.
1392 1121 1444 1151 57.
1471 1111 1513 1142 D.
1540 1113 1677 1153 clepa‘c‘tis
1692 1138 1701 1152 ‚
1732 1114 1799 1159 Qui

934 1150 965 1180 in
979 1151 1124 1189 futurum
1138 1151 1241 1185 usuras
1258 1161 1276 1181 a
1298 1152 1417 1182 debitore
1442 1160 1586 1194 acceperat
1604 1178 1613 1193 ‚
1644 1158 1732 1186 tacite
1741 1151 1798 1197 pa-'

934 1190 996 1222 blus
1015 1194 1132 1221 videtur
1148 1215 1157 1229 ‚
1184 1201 1219 1222 ne
1235 1193 1316 1223 intra
1338 1194 1366 1223 zu
1385 1199 1495 1233 tenipus
1503 1198 1612 1234 sortem
1632 1203 1722 1236 petat.
1747 1197 1796 1228 id-

933 1241 995 1270 que
1022 1231 1175 1273 Ulpianus
1204 1233 1320 1273 probat
1345 1234 1364 1264 l.
1383 1245 1410 1266 2.
1435 1234 1463 1276 §.
1479 1239 1508 1266 6.
1537 1235 1579 1267 D.
1596 1238 1630 1267 de
1647 1238 1704 1269 doli
1725 1238 1797 1270 mali

934 1273 971 1307 &2³
989 1280 1079 1304 metus
1097 1276 1267 1314 exceptione.
1290 1276 1374 1314 apud
1393 1276 1523 1309 Paulum
1550 1286 1680 1318 quoque
1704 1279 1724 1310 l.
1746 1283 1796 1311 16.

933 1315 951 1356 ἓ
984 1325 1010 1346 1.
1035 1314 1076 1346 D.
1096 1316 1129 1345 de
1152 1316 1246 1355 usuris
1270 1315 1389 1354 exstat,
1423 1317 1495 1347 Cum
1517 1319 1608 1355 usura
1619 1321 1797 1359 pretiifun-

934 1357 964 1387 di
980 1358 1014 1387 ab
1032 1366 1060 1386 eo
1076 1358 1125 1397 qui
1142 1367 1158 1387 a
1167 1356 1237 1397 fisco
1253 1363 1359 1387 emerat
1370 1382 1376 1390 .
1387 1364 1570 1398 peterentur,
1582 1359 1618 1393 δέ)
1628 1366 1735 1401 emptor
1748 1370 1799 1392 ne-

929 1403 1014 1438 garet
1039 1399 1177 1428 traditam
1199 1396 1257 1435 fibi
1276 1397 1464 1439 poffeffionem
1481 1423 1490 1438 ,
1523 1400 1682 1441 Imperator
1706 1403 1799 1433 decre-

933 1440 997 1477 vit,
1023 1440 1156 1480 iniquum
1181 1439 1250 1479 effe,
1275 1444 1379 1474 usuras
1404 1442 1438 1471 ab
1465 1450 1494 1471 eo
1516 1443 1595 1483 exigi
1612 1444 1798 1484 quifrubius

933 1480 1175 1521 nonpercepiffet.
1221 1480 1340 1513 Recte:
1374 1481 1511 1521 postulat
1539 1484 1623 1515 enim
1642 1486 1798 1525 aequitas,

934 1530 969 1552 ut
1004 1523 1196 1562 generaliter
1230 1524 1280 1552 cui
1316 1525 1451 1562 pecunia
1483 1524 1619 1556 debetur
1650 1526 1694 1557 ob
1729 1536 1799 1559 rein

935 1572 1027 1603 quam
1055 1573 1126 1594 eum
1151 1563 1278 1594 vicissim
1303 1564 1449 1603 praestare
1471 1573 1621 1605 oporteat
1638 1589 1648 1605 ‚
1678 1567 1706 1597 ei
1730 1567 1801 1599 usu-

935 1614 974 1635 rae
994 1614 1057 1636 non
1076 1606 1271 1643 debeantur3
1296 1614 1335 1635 ne
1354 1615 1393 1636 ex
1413 1605 1559 1644 stipulatu
1579 1607 1727 1647 quidem:
1750 1609 1798 1640 ni-

934 1645 956 1677 fi
973 1645 1036 1686 ipse
1055 1646 1233 1685 praestiterit
1256 1647 1285 1676 id
1313 1649 1351 1677 {ld
1375 1647 1462 1686 quod
1481 1647 1666 1680 tenebatur:
1690 1657 1724 1680 ut
1743 1659 1799 1690 ap-

936 1696 1024 1727 paret
1047 1697 1087 1718 ex
1109 1688 1128 1718 l.
1144 1698 1182 1725 4²
1219 1686 1246 1729 §.
1266 1697 1283 1717 2
1315 1687 1355 1720 D.
1380 1689 1478 1721 Soluto
1495 1690 1686 1723 matrimonio.
1706 1690 1729 1723 l.
1745 1695 1799 1729 69.

934 1728 962 1770 §.
979 1739 1008 1772 3.
1032 1728 1075 1762 D.
1099 1729 1212 1773 dejure
1232 1728 1353 1764 dotium.

731 1899 940 1937 CAPUT
989 1900 1096 1936 ΙΙΙ,

34 1990 170 2042 ¹U'ficram
186 1993 220 2040 fi
243 1994 286 2031 ad
308 2006 424 2031 moram
448 1996 641 2032 coercendam
676 1995 834 2041 referatur
851 2025 861 2041 ,
899 2010 1032 2043 poenam
1058 2000 1143 2036 dici.-

1167 1997 1201 2045 st
1234 1999 1275 2035 ad
1297 2001 1404 2036 damni
1430 2005 1649 2048 reparationem
1663 2001 1801 2058 spefflt,

107 2045 141 2080 id
167 2045 256 2090 quod
283 2043 416 2079 interest
443 2046 563 2079 videri:
589 2045 622 2090 Ji
636 2046 678 2079 ad
699 2047 813 2080 lucrmn
834 2045 975 2093 respiciat
994 2075 1003 2090 ,
1039 2049 1143 2094 magis
1161 2049 1289 2084 usuram
1309 2078 1319 2093 ,
1357 2048 1398 2089 δέ)
1416 2052 1579 2099 vetistiore
1603 2064 1721 2087 nomme
1741 2051 1799 2086 foe-

107 2104 170 2128 nus
185 2119 194 2135 ‚
226 2094 382 2139 appellari.
434 2093 617 2138 Salmafitan
643 2107 663 2129 a
688 2097 838 2129 veteribus
865 2096 1087 2132 Grammaticis
1112 2098 1147 2132 de
1174 2101 1287 2144 origine
1313 2097 1354 2138 E?
1373 2102 1559 2146 proprietate
1580 2099 1720 2135 foenoris
1728 2099 1800 2145 sine

108 2140 200 2187 causa
217 2141 375 2188 (lffintire.
404 2140 511 2176 foenus
529 2144 607 2176 recle
617 2152 674 2188 pio
695 2143 799 2186 sorte,
818 2143 878 2191 sed
887 2147 1009 2191 proprie
1024 2156 1079 2192 pro
1099 2146 1198 2182 usuris
1210 2174 1219 2190 ‚
1245 2149 1351 2194 accipi.

1407 2149 1527 2184 Nonius
1543 2148 1692 2195 expositus
1700 2176 1709 2191 ,
1728 2147 1801 2195 sal-

110 2201 152 2224 va
168 2198 268 2225 vetere
285 2191 405 2225 leclioiie
420 2218 429 2230 ,
455 2190 598 2236 adversus
616 2191 811 2236 Salmafium.
840 2195 980 2238 quomado
1008 2195 1103 2229 usura
1121 2207 1140 2229 a
1168 2195 1298 2231 foenore
1316 2197 1347 2230 di
1377 2198 1526 2242 inguatier
1545 2225 1554 2239 ‚
1587 2198 1744 2245 postquam
1766 2199 1800 2232 in

111 2239 194 2273 home
213 2238 287 2284 fidei
298 2241 423 2284 judiciis
447 2242 533 2284 coepit
557 2252 595 2273 ex
620 2252 704 2274 mora
728 2241 828 2275 deberi
848 2240 945 2287 officio
962 2242 1100 2287 Jua'icis.
1126 2256 1180 2278 cur
1202 2246 1235 2279 in
1252 2245 1412 2280 Pandeais
1428 2243 1469 2284 ἐξ
1493 2247 1595 2283 Codice
1614 2247 1802 2293 inscribatur

111 2285 232 2321 Titulus
246 2288 294 2322 De
309 2288 445 2322 nautico
464 2287 593 2324 foenore
607 2291 729 2335 potius,
755 2302 845 2335 quam
864 2293 914 2326 De
931 2292 1076 2327 nauticis
1094 2292 1226 2328 usuris?

41 2390 198 2462 Verum
215 2399 249 2422 ut
268 2391 371 2423 adhuc
394 2392 504 2424 clarius
521 2393 711 2435 pleniusque
738 2394 894 2436 intelliga-

133 2439 183 2463 tur
200 2432 228 2463 &
253 2433 299 2463 vis
327 2433 356 2464 δε
376 2433 444 2465 usus
462 2434 635 2474 vocabuli,
665 2435 895 2469 observandum

45 2480 196 2512 praeterea
213 2496 223 2511 ‚
253 2474 338 2513 quod
366 2474 451 2506 usura
477 2475 528 2507 vel
555 2485 594 2507 ex
623 2485 711 2509 mora
740 2478 893 2516 debetur,

46 2514 95 2544 vel
112 2523 150 2545 ex
166 2515 216 2545 die
234 2516 426 2555 interposita:
443 2518 668 2550 conventionis
689 2519 709 2550 l.
729 2529 779 2558 40.
804 2519 844 2550 D.
863 2521 896 2550 de

46 2555 128 2585 rebus
142 2557 272 2587 creditis:
295 2557 324 2588 &
341 2557 361 2588 fi
378 2567 417 2588 ex
433 2566 530 2588 mora·
542 2559 694 2593 debetui·;
727 2567 793 2592 tum
819 2560 840 2592 fi
856 2562 896 2592 ad

47 2594 225 2627 debitorem
249 2597 392 2638 respicias
409 2621 417 2637 ‚
446 2598 514 2630 fere
538 2600 576 2630 ad
598 2602 810 2633 coercendam
831 2603 895 2641 ejus

47 2634 276 2669 frustrationem
300 2641 439 2679 pertinet
459 2640 477 2670 l.
495 2650 524 2681 3.
547 2641 576 2682 §.
593 2651 622 2681 4.
656 2641 699 2673 D.
725 2644 758 2673 rte
781 2644 897 2681 usuris,

52 2675 81 2705 &
112 2677 183 2708 ideo
201 2686 287 2719 poena
314 2681 485 2720 appellatur
516 2683 543 2713 d.
566 2682 585 2714 l.
608 2692 655 2722 iio.
680 2683 698 2714 l.
719 2693 768 2720 90.
792 2683 834 2715 D.
865 2686 898 2715 cie

52 2717 199 2748 verborum
221 2721 445 2762 obligationibus.
475 2721 518 2754 fin
544 2724 581 2755 ad
610 2724 805 2756 creditorem
832 2724 898 2766 spe-

54 2755 134 2788 cies:
156 2759 258 2792 saltem
277 2762 341 2801 agit
359 2785 368 2800 ‚
399 2770 433 2793 ut
456 2764 484 2794 ei
503 2772 627 2805 reparet
646 2766 794 2798 damnum
811 2766 898 2807 quod

54 2806 93 2827 ex
118 2802 376 2846 mora-debitoris
400 2805 528 2840 patitur.
561 2815 626 2846 quo
654 2806 723 2837 casu
748 2809 846 2848 magis
870 2808 901 2838 id

53 2839 127 2878 quod
144 2840 286 2872 creditoris
302 2843 433 2884 interest,
457 2854 548 2884 quam
567 2852 684 2879 usuram
699 2848 819 2887 videri,
843 2847 903 2879 La·

52 2878 136 2925 beo,
161 2880 190 2924 §c
208 2890 247 2911 ex
262 2892 300 2913 eo
318 2883 531 2926 Pomponius,
554 2888 655 2919 refert
675 2889 694 2920 l.
710 2893 761 2921 60.
783 2889 825 2921 D.
843 2890 903 2923 Pro

43 2923 131 2959 socio.
156 2921 208 2952 led
227 2923 255 2953 ἃ
277 2923 385 2956 Paulus
407 2928 425 2957 l.
446 2936 490 2968 17.
513 2928 541 2968 §.
561 2939 588 2970 3.
615 2929 656 2960 D.
680 2931 713 2960 de
730 2931 846 2969 usuris,
871 2940 903 2962 a·

52 2970 129 3000 gens
157 2962 197 2992 de
225 2962 320 2996 usuris
349 2966 379 2996 in
402 2967 511 3008 legatis
535 2969 565 3000 ἃ
594 2969 839 3003 fideicommissis
862 2981 904 3003 ex

51 3011 138 3049 mora
159 3003 339 3048 praestandis
355 3029 364 3044 ‚
394 3010 542 3049 exemplo
568 3011 727 3044 actionum
752 3014 844 3044 bonae
870 3012 904 3043 fi·

51 3044 119 3087 dei,
138 3052 200 3082 ait,
219 3045 321 3077 usuras
338 3057 402 3078 non
420 3057 552 3090 propter
565 3052 686 3083 lucrum
703 3055 903 3094 petentium,

53 3085 105 3129 sed
130 3093 262 3125 propter
286 3096 406 3120 moi-am
437 3090 650 3131 solventium,
680 3094 790 3136 infligi.
832 3094 905 3127 Nec

53 3133 199 3165 cuiquam
217 3127 354 3160 insolens
380 3131 477 3162 videri
499 3132 613 3171 debet,
636 3133 755 3167 usuram
780 3146 820 3167 ex
839 3145 905 3168 mo-

53 3175 84 3196 ra
101 3167 258 3207 debitam,
283 3179 323 3201 ex
347 3180 406 3202 una
431 3181 520 3212 parte
543 3174 574 3205 id
592 3177 680 3214 quod
696 3177 844 3217 interest,
867 3178 905 3209 ab

52 3207 149 3238 altera
167 3218 290 3255 poenam
303 3234 312 3249 ‚
336 3212 408 3243 dici.
433 3222 504 3245 nam
530 3214 560 3245 ἃ,
580 3216 722 3248 utilitatis
742 3217 905 3251 aestimatio

53 3256 122 3283 quae
141 3259 155 3279 a
171 3251 276 3289 judice
295 3262 333 3283 ex
349 3262 438 3285 mora
455 3255 650 3295 proniiss'oris
674 3257 712 3290 fit
734 3259 765 3290 in
782 3260 905 3292 actione

52 3289 252 3365 defiaqpod
267 3302 357 3326 certo
373 3295 465 3335 loco,
490 3295 627 3336 Ulpiano
647 3299 668 3331 l.
685 3309 713 3332 2.
738 3300 766 3342 §.
783 3301 836 3334 ult.
860 3301 902 3336 D.

938 2396 972 2426 de
993 2405 1022 2426 eo
1046 2396 1122 2437 quod
1144 2401 1217 2427 certo
1234 2396 1292 2428 loco
1311 2397 1343 2429 id
1368 2398 1455 2438 quod
1477 2398 1629 2437 interest,
1661 2398 1760 2432 Paulo
1776 2400 1799 2432 l.

937 2437 991 2468 ult.
1010 2436 1052 2469 D.
1071 2439 1129 2468 eod.
1149 2439 1194 2469 tit.
1219 2447 1335 2478 poena,
1358 2440 1544 2479 appellatur.
1590 2439 1698 2472 Potest
1715 2440 1804 2472 usura

939 2479 1034 2509 etiam
1061 2478 1163 2509 statim
1191 2479 1300 2510 deberi
1324 2489 1364 2511 ex
1390 2481 1441 2511 die
1464 2480 1657 2521 interpositae
1675 2481 1804 2521 stipula·

939 2520 1054 2551 tionis:
1087 2520 1233 2551 meminit
1257 2519 1384 2552 Bafilius
1402 2545 1410 2557 ,
1443 2521 1552 2553 Homil.
1577 2524 1608 2553 in
1626 2522 1732 2561 Psalm.
1752 2532 1801 2563 14.

933 2567 1004 2602 pag.
1033 2570 1099 2601 139.
1131 2566 1196 2591 tom.
1221 2570 1246 2592 1.
1280 2562 1377 2593 verba
1400 2561 1512 2594 Basilii.
1563 2563 1679 2595 Semina
1702 2566 1801 2596 omnia

930 2603 986 2642 sito
1014 2607 1134 2641 tempore
1162 2602 1326 2640 nascuntur
1343 2627 1352 2641 ,
1383 2605 1523 2635 animalia
1544 2615 1655 2646 quoque
1680 2611 1803 2646 tempore

936 2641 1097 2683 prastitzito
1111 2643 1174 2679 litos
1189 2644 1278 2674 edunt
1288 2644 1393 2683 soetus.
1433 2644 1537 2676 Faenus
1553 2656 1620 2676 vero
1637 2648 1717 2678 hodie
1734 2657 1802 2678 nas-

940 2686 1041 2722 citur,
1071 2684 1149 2714 hodie
1165 2690 1267 2724 parere
1287 2686 1398 2726 incipit.
1442 2686 1529 2718 Idem
1556 2687 1670 2720 Paulus
1696 2688 1805 2720 obser-

941 2733 994 2756 vat
1012 2726 1041 2756 in
1063 2724 1126 2757 fine
1145 2726 1172 2756 d.
1191 2726 1270 2765 l.40.
1291 2725 1333 2758 D.
1350 2728 1382 2757 de
1401 2729 1483 2758 rebus
1500 2730 1632 2768 creditis,
1664 2730 1805 2762 maxime

941 2765 962 2797 fi
980 2768 1010 2797 in
1028 2766 1230 2806 stipulatione
1250 2767 1314 2798 hoc
1337 2768 1514 2809 expreffum
1537 2769 1583 2802 fit.
1609 2772 1696 2811 quod
1714 2771 1804 2803 Grae·

942 2808 971 2838 ci
988 2808 1278 2840 animadverterunt
1297 2808 1411 2848 Bafilzc.
1436 2811 1483 2842 lib.
1504 2821 1553 2852 23.
1577 2813 1623 2843 tit.
1641 2822 1666 2844 1.
1689 2819 1755 2844 tom.
1771 2823 1804 2853 3.

937 2856 1008 2890 pag.
1028 2858 1098 2889 309.
1122 2848 1158 2883 &³
1172 2850 1236 2891 seq.
1249 2850 1341 2890 schol.
1362 2852 1408 2882 ad.
1431 2852 1459 2883 cl.
1480 2852 1497 2883 l.
1516 2862 1557 2890 40
1592 2862 1633 2884 eo
1659 2863 1738 2885 vero
1753 2862 1804 2883 ca-

945 2889 976 2920 su
992 2890 1032 2921 ad
1054 2890 1175 2922 lucrum
1196 2891 1314 2931 spectat
1329 2902 1396 2931 res,
1422 2893 1452 2925 ὅ(
1469 2894 1500 2924 in
1519 2895 1624 2933 {pecie
1639 2896 1729 2935 usura
1746 2903 1805 2925 vo-

945 2939 1035 2962 catur
1050 2954 1060 2970 ,
1089 2931 1217 2963 auti-ore
1234 2932 1416 2974 Pomponio
1432 2936 1460 2967 cl.
1484 2935 1503 2966 l.
1522 2940 1572 2967 60.
1599 2944 1635 2966 ac
1654 2933 1806 2966 vetustio-

945 2982 979 3004 re
1003 2974 1165 3013 magisque
1189 2975 1322 3015 proprio
1348 2976 1509 3007 vocabulo
1525 3000 1535 3014 ,
1556 2977 1676 3016 foenus:
1705 2982 1741 3007 ut
1758 2974 1804 3006 su-

946 3022 1001 3054 pra
1035 3015 1155 3045 monui.
1189 3015 1254 3046 hoc
1280 3015 1367 3048 sensu
1399 3017 1604 3054 Ambrofius,
1639 3016 1687 3047 De
1716 3016 1805 3048 Tobia

946 3065 970 3087 c.
992 3063 1038 3086 12.
1064 3055 1192 3087 Pecunia
1202 3057 1344 3097 faenebris
1366 3068 1384 3089 a
1400 3060 1444 3089 die
1469 3058 1663 3089 conventionis
1681 3057 1807 3096 crescen-

946 3096 1023 3127 tibus
1029 3097 1121 3137 serpit
1135 3099 1241 3130 usuris.
1281 3098 1403 3130 Seneca
1419 3100 1466 3130 lib.
1478 3109 1506 3137 4.
1524 3098 1570 3128 De
1585 3097 1725 3137 beneficiis
1739 3109 1763 3130 c.
1773 3109 1804 3141 3.

946 3134 1029 3178 Istud
1042 3148 1099 3169 non
1122 3137 1161 3179 est
1185 3138 1353 3180 beneficium
1371 3163 1380 3179 ‚
1403 3140 1584 3180 seclfaenus,
1608 3140 1806 3179 circumspice-

947 3188 995 3217 re,
1018 3189 1075 3210 non
1100 3182 1151 3211 ubi
1176 3182 1278 3219 optime
1298 3189 1413 3221 ponas,
1435 3180 1490 3218 sed
1515 3181 1564 3210 ubi
1579 3178 1805 3222 quaestuofiffime

945 3220 1063 3259 habeas,
1089 3223 1164 3252 unae
1171 3222 1315 3262 facillime
1330 3222 1420 3252 tollas.
1462 3220 1653 3261 Suetonius,
1679 3223 1805 3255 Octavio

947 3271 970 3293 c.
985 3271 1035 3304 39.
1064 3262 1247 3303 Notavitque
1271 3263 1381 3302 aliquos
1398 3284 1407 3299 ,
1437 3262 1511 3302 quod
1529 3264 1668 3302 pecunias
1691 3264 1807 3295 leviori-

946 3305 998 3336 bus
1022 3304 1119 3344 usurz's
1151 3305 1304 3342 mutuati,
1331 3303 1465 3376 gaviore
1480 3304 1594 3345 flenore
1621 3305 1807 3378 colloca-[ssna

1771 3356 1805 3378 Ο.
