2036 3495
263 110 655 148 DissER‘ririo
695 109 909 146 Tnizr1i
951 118 1010 144 nr.
1052 106 1186 154 Juiziz
1229 109 1775 156 SuiiM1Ii1r12R118oe,

109 198 244 231 iser-vari.
289 200 470 243 Quomodo
495 199 592 245 patris
620 207 752 243 quoque
775 198 996 243 conditionem

92 243 94 245 ’
120 240 172 272 lex
189 239 338 281 sacravit,
361 244 433 274 data
452 241 479 273 ei
498 251 528 273 in
545 241 642 273 filium
663 248 732 271 vrtae
750 240 779 271 ἃ
799 249 884 285 ηεαδ
906 249 992 280 pote-

121 281 218 315 state:
242 292 306 314 non
327 285 414 323 quod
430 284 547 321 vellet,
563 282 661 314 filium
677 291 840 325 generari,
865 289 902 326 ut.
917 281 994 313 esset

120 331 216 363 quein
235 324 382 364 perderet
402 333 509 365 pater:
535 324 585 354 sed
603 326 689 364 quod
706 322 760 354 filii
779 324 991 367 educatio-res

119 365 194 395 aleae
219 366 312 404 plena
338 365 516 397 haberetur.
541 374 605 397 erat
633 373 786 408 praeterea
809 363 875 395 filio
894 365 989 403 utile,

117 405 183 446 regi
208 406 325 437 fretum
347 405 539 447 juventutis:
562 416 624 438 nec
646 405 820 446 periculum
838 412 922 450 erat,
950 415 989 450 ne

117 446 225 478 durior
243 447 318 479 ess'et
334 456 422 488 pater
435 472 444 485 ,
461 457 553 486 quam
570 453 756 487 oportei'et3
779 456 880 491 magisv
891 455 989 492 metui

117 495 262 527 poterat,
286 498 326 520 ne
351 488 452 520 lenior
469 488 566 520 foret.
591 497 762 526 caeterum,
786 498 856 519 cuin
877 489 988 532 intelli-

114 537 258 569 geretur,
285 530 314 561 &
333 539 475 570 patrem,
494 529 524 561 ὅ(
545 529 709 561 dominum
724 530 779 560 suo
797 530 883 560 abuti
901 531 985 569 jure3

117 578 154 600 ac
181 571 370 611 potestatem
395 580 459 602 non
485 570 622 611 pietate,
647 571 734 610 quod
763 571 813 602 lex
836 572 985 615 volebat,

116 609 167 642 sed
189 612 355 644 atrocitate
379 611 555 644 aestimare:
585 612 702 653 placuit
720 635 729 650 ,
760 612 907 656 constitui
934 613 986 643 ali-

115 660 229 689 quem:
252 653 324 694 qui,
349 661 384 684 ut
408 654 448 685 de
471 653 576 685 liberis
595 653 670 685 nihil
688 653 809 691 dicam,
833 662 927 684 etiam
945 654 984 684 de

112 692 272 726 servorum
297 694 433 734 querelis
456 695 685 736 cognosceret:
708 704 745 725 ac
766 694 785 725 si
804 694 982 739 intolerabi·

110 732 148 764 lis
174 734 335 766 videretur
357 735 472 767 saevitia
492 760 501 775 ‚
530 735 656 776 injuria,
679 735 904 780 autlinfainia;
928 736 983 767 do-

110 773 229 808 minum
246 785 397 818 cogeret,
414 778 534 809 servum
553 777 644 810 bonis
655 778 893 821 conditionibus
911 786 981 821 vens

111 819 197 850 dere.
230 817 345 860 Quid?
369 820 456 859 quod
474 818 569 850 visum
588 819 628 850 D.
645 818 724 857 Pio,
749 820 911 862 dominum
929 827 982 857 qui

111 859 231 891 servum
252 861 335 891 suum
354 861 418 891 sine
433 861 520 891 causa
530 859 746 898 interimeret,
763 860 892 903 perinde
904 859 981 905 ,lc-ge

108 899 260 932 Cornelia
280 901 404 940 teneri,
427 911 464 933 ac
481 901 499 933 fi
518 901 653 933 alienum
670 902 789 932 sei-vum
806 900 980 945 occidisset.

108 941 214 981 Atque
238 942 299 974 hoc
322 942 342 974 si
366 943 397 974 in
423 942 544 982 privata
566 942 717 974 servitute
747 943 864 986 placuit
880 964 889 978 ‚
914 950 981 972 mo·

109 991 206 1015 vente
224 983 366 1023 ratione3
392 984 465 1024 quid
482 984 513 1015 ni
529 983 560 1015 in
577 983 702 1025 publica
719 983 888 1015 obtineat?

152 1024 249 1056 Volui
267 1025 319 1056 hic
336 1025 462 1057 dicendi
488 1025 582 1057 finem
601 1025 727 1064 facere,
752 1031 929 1064 peroratam
947 1032 977 1054 e-

108 1065 172 1098 nim
184 1065 399 1098 existimabam
410 1067 541 1099 causam.
557 1067 608 1098 sed
618 1090 627 1105 ‚
640 1076 717 1097 ecce
727 1090 736 1104 ,
752 1075 841 1111 tiovae
860 1066 897 1095 ab
908 1073 976 1095 eru-

110 1106 261 1140 ditiffirnis
286 1107 468 1140 hominibus
492 1108 608 1139 turbae:
631 1107 684 1149 qui
703 1108 823 1151 legibus
841 1107 976 1137 solutum

108 1148 172 1180 effe
198 1148 375 1189 Principem
401 1150 450 1180 vel
474 1149 655 1189 simpliciter
679 1148 884 1180 constitutum
904 1170 913 1185 ,
937 1155 977 1177 ne

109 1189 185 1228 quid
210 1191 249 1221 de
274 1191 406 1222 domino
431 1190 570 1227 dicatur,
593 1192 675 1221 adeo
699 1189 898 1228 exploratum
917 1186 979 1218 effe

108 1230 244 1262 Romani
270 1230 419 1271 Principis
445 1232 620 1271 exemplo,
650 1230 915 1273 opinanturrm,
939 1237 979 1260 ne

107 1271 195 1304 Dion
214 1272 330 1304 Caffius
349 1274 386 1303 ad
404 1271 616 1303 testimonium
636 1280 787 1309 vocetur,
811 1279 906 1301 etiam
926 1268 975 1314 Ju-

108 1312 149 1346 ris
168 1313 276 1346 Civilis
292 1312 477 1345 auctoritate
494 1313 664 1344 censeatur.
706 1313 752 1343 An
770 1321 865 1352 quem
884 1311 971 1355 nesci

107 1364 162 1393 re,
187 1353 366 1386 Domitium
385 1353 571 1394 Ulpianum,
592 1355 717 1385 doctum
737 1363 772 1384 ac
789 1362 917 1393 gravem
937 1363 978 1396 yi-

109 1405 177 1427 rum
197 1419 207 1434 ,
237 1395 286 1427 lib.
317 1405 364 1436 13.
388 1396 438 1428 Ait
462 1398 549 1437 legem
570 1395 687 1435 Jziliam
712 1394 748 1429 &¹
774 1395 914 1435 Papiam,
938 1401 980 1424 ita

108 1436 262 1475 scribere,
282 1439 286 1450 ¹
305 1437 442 1477 Princeps
458 1437 563 1477 legibus
575 1437 682 1471 salutm
700 1435 756 1476 est:
773 1433 910 1477 Augusta
928 1445 978 1465 au-

109 1483 165 1509 tem
181 1479 245 1509 licet
269 1478 376 1519 tegibus
384 1481 482 1516 ,fututa
499 1488 555 1509 tion
571 1476 610 1518 eft
621 1503 629 1514 ,
655 1478 803 1517 Principes
823 1486 917 1507 tiiiizeiz
935 1486 978 1507 eci-

111 1520 173 1550 dem
189 1520 232 1549 illi
248 1521 402 1561 privilegia
425 1521 576 1557 tribuunt,
599 1530 659 1560 qziae
675 1518 726 1559 ipsi
742 1518 868 1550 hahent?
894 1518 979 1563 Ergo

110 1561 240 1591 tandem
268 1560 418 1592 Romanae
438 1562 488 1592 lex
505 1560 704 1601 reipublicae,
728 1570 804 1601 ergo
820 1561 868 1604 jus
885 1560 980 1590 civile

111 1602 149 1632 ad
173 1609 276 1641 partes
302 1601 420 1633 venit?
452 1601 522 1642 Ego
548 1611 712 1633 vero-non
741 1602 979 1639 auctoritatem,

81 1672 83 1676 ,
113 1642 164 1673 sed
181 1641 334 1674 rationein
353 1643 581 1683 exspectabam.
600 1653 672 1674 cum
688 1642 772 1687 enini
788 1643 902 1688 dejure
920 1642 977 1687 lrri·

112 1681 191 1724 perii
210 1682 418 1723 disputamus,
438 1693 501 1714 non
520 1684 570 1715 lex
590 1684 679 1724 liujus
697 1693 825 1715 minoris
843 1692 979 1715 eiVitatis

113 1723 276 1764 quaestioni
294 1723 357 1764 est3
381 1725 432 1756 sed
448 1724 528 1756 illius
544 1725 668 1765 majoris
687 1734 754 1765 quae
771 1734 850 1770 cum.
866 1725 929 1770 sole
942 1724 974 1756 fi·

111 1774 169 1796 nes
185 1764 323 1797 metitur.
367 1765 397 1796 Si
423 1774 526 1797 tamen
546 1766 596 1797 cui
620 1767 744 1807 placet,
769 1768 806 1798 ad
825 1767 915 1797 ciVile
930 1767 978 1806 Jus

112 1815 311 1847 provocare,
336 1806 391 1839 ctfi
414 1806 504 1838 initio
530 1807 635 1846 nolui,
659 1807 751 1839 etiam
776 1808 838 1838 huc
861 1817 911 1838 nie
928 1810 979 1840 de-

107 1847 245 1879 mittam.
271 1857 375 1887 neque
394 1847 475 1880 enim
494 1857 588 1887 puto,
605 1848 668 1880 hoc
685 1848 778 1893 egill'e
789 1847 978 1890 Ulpianum3

113 1897 147 1919 ut
171 1888 380 1920 santiiffimam
404 1890 512 1921 Artem
534 1900 626 1930 quam
644 1890 771 1931 ingenio
786 1900 822 1921 ac
839 1891 980 1922 doctrina

112 1930 163 1961 sua
186 1929 268 1960 caste
291 1939 387 1971 atque
411 1929 534 1971 integre
562 1932 729 1972 adjuvabat
753 1933 789 1963 ad
815 1932 979 1963 hominum

113 1971 341 2009 commodum,
364 1978 426 2002 tarn
444 1971 537 2010 falsa,
561 1981 687 2013 tamque
704 1972 785 2005 foeda
803 1972 980 2005 adulatione

111 2011 149 2042 ad
168 2020 277 2042 eorum
295 2012 426 2043 exitium
448 2022 680 2054 corrumperet.

151 2051 216 2084 Nisi
233 2052 294 2091 ait,
320 2053 497 2094 Principem
514 2054 577 2086 effe
600 2055 720 2096 legibus
742 2056 888 2087 solutum.
935 2054 978 2086 U-

109 2099 193 2125 trum
211 2102 315 2125 tamen
332 2094 496 2135 civilibus,
521 2105 558 2127 an
575 2096 790 2129 naturalibus?
814 2096 918 2136 Nihil,
933 2096 977 2128 in-

110 2133 217 2174 quies,
236 2135 365 2176 excipit.
407 2136 470 2168 Sed
487 2147 569 2168 verae
585 2139 614 2169 &
631 2138 736 2178 primae
754 2138 814 2179 legi
833 2147 896 2170 iion
915 2147 977 2170 ma-

109 2175 157 2216 gis
182 2177 327 2217 derogari
351 2176 447 2217 quid,
471 2187 565 2218 quam
592 2178 654 2220 ipsa
680 2187 746 2210 tota
768 2179 836 2210 tolli
855 2180 977 2220 potest:

109 2225 170 2247 nec
196 2227 272 2248 vero
295 2218 428 2249 Senatus
452 2219 604 2259 decreto,
627 2229 679 2252 aut
696 2221 809 2260 Populi
829 2222 918 2262 iege,
942 2231 979 2252 ea

109 2257 186 2288 solvi
206 2257 384 2298 poll'umus:
401 2260 473 2298 quin
492 2260 553 2292 Dei
571 2261 771 2302 providentia
789 2262 957 2294 constituta
969 2286 979 2302 ,

111 2307 248 2337 retorna,
264 2299 427 2339 constans,
443 2302 769 2343 atqueimmutabilis,
786 2303 889 2335 omnia
902 2312 976 2335 tem·

107 2349 206 2381 pora,
230 2351 342 2373 omnes
359 2350 491 2382 gentes,
515 2351 691 2385 omnesque
717 2344 864 2376 homines
890 2354 979 2376 coni-

106 2381 264 2454 plectitur.
289 2382 335 2414 Sit
349 2382 411 2421 ita;
431 2391 575 2416 teneatur
592 2386 666 2417 Deo
684 2385 833 2426 Princeps
849 2386 977 2418 Naturae

119 2431 194 2463 ege:
211 2432 242 2454 at
258 2433 322 2455 non
342 2433 359 2455 a
374 2424 431 2456 suis
446 2425 569 2458 civibus
587 2428 624 2458 ad
642 2427 707 2468 ejus
723 2427 978 2459 observationem

106 2473 258 2505 cogetur,
283 2475 423 2506 vereque
445 2466 569 2499 dicetur
593 2469 710 2500 solutus
735 2468 876 2510 legibus,
900 2478 976 2509 quas

106 2514 178 2537 eum
189 2505 244 2537 etfi
256 2506 377 2538 servare
387 2508 518 2547 deceat,
537 2517 640 2541 tamen
657 2519 712 2549 per
724 2510 809 2542 cives
825 2511 893 2542 suos
912 2520 976 2542 non

106 2555 269 2587 oporteat.
290 2547 403 2581 Itane?
422 2557 454 2579 tu
471 2549 630 2582 licentiam
647 2551 726 2582 facis
737 2553 880 2583 eamdem
892 2551 976 2592 juri?

109 2594 142 2618 tu
152 2586 343 2631 Neronem,
367 2591 454 2629 quod
477 2600 541 2623 non
559 2592 668 2624 timeat
688 2594 792 2633 leges,
817 2602 976 2624 venenum

106 2627 289 2660 Britannico
313 2628 402 2662 fratri
421 2631 490 2671 jure
513 2641 654 2672 coquere
678 2634 923 2666 velocissimum:
942 2643 979 2664 ac

105 2668 370 2709 praesentaneum,
393 2671 574 2706 existimas?
597 2675 691 2715 igitur
710 2676 738 2706 ὅ(
761 2677 915 2706 latronem
934 2674 977 2706 di-

107 2718 177 2747 cas,
192 2718 264 2754 cum
281 2711 330 2741 sua
340 2712 529 2752 calliditate,
546 2723 599 2746 aut
618 2714 735 2747 robore
754 2715 781 2747 se
798 2715 894 2756 poenis
911 2715 975 2747 exi<

107 2750 324 2794 mat,aliorum
340 2752 432 2784 bonis
442 2762 494 2784 aut
504 2755 575 2785 vitae
589 2756 807 2795 jureinfiuiari.
831 2758 893 2788 Sed
911 2758 978 2788 liaec

107 2792 337 2835 nollem-ditia.
364 2793 878 2833 adimpietatemenimaccedunt.
905 2798 978 2830 Nec

107 2840 211 2864 tamen
235 2842 370 2877 ignoro,
393 2843 462 2878 eam
486 2836 547 2867 effe
573 2838 689 2877 publici
708 2839 782 2878 juris
801 2839 976 2879 rationem3

107 2882 143 2905 ut
168 2883 252 2918 non,
277 2875 429 2918 quidquid
455 2876 574 2917 legibus
598 2878 672 2910 licet
691 2903 701 2918 ,
727 2879 894 2912 honestum
919 2880 975 2919 fit;

105 2924 167 2946 nec
189 2915 342 2955 quidquid
369 2915 535 2948 honestum
560 2918 604 2950 est
621 2942 630 2956 ,
657 2920 732 2960 juris
758 2922 974 2953 neceffitatem

105 2956 230 3001 habeat.
279 2955 399 3001 Verum
424 2956 491 3002 haec
515 2958 671 2991 distinctio
688 2961 819 3001 plebejae
839 2962 975 2993 consulit

104 2997 238 3037 vilitat1;
260 3006 365 3037 neque
381 3005 503 3030 interim
520 3000 583 3039 ejus
607 3001 797 3041 nequitiam,
821 3002 972 3042 improbi-

107 3046 225 3076 tatem,
249 3039 358 3070 dolum
377 3048 393 3069 a
414 3039 529 3071 scelere
544 3050 580 3071 ac
595 3041 733 3082 flagitio,
757 3044 806 3074 l'ed
823 3043 971 3082 imperiti-

105 3089 177 3119 am,
192 3079 395 3111 rusticitatem
408 3103 417 3116 ,
440 3081 615 3113 socordiam
632 3093 648 3113 a
666 3083 788 3114 virtutis
804 3094 840 3114 ac
857 3084 973 3123 sapien-

107 3120 156 3151 tiae
172 3121 370 3161 perfectione
387 3121 532 3153 absolvit.
557 3131 706 3155 caeterum
719 3148 727 3162 ‚
744 3125 782 3156 ad
799 3135 855 3156 cos
873 3125 925 3165 qui
943 3127 972 3158 se

107 3161 259 3202 sapientes
277 3171 330 3194 aut
346 3163 450 3194 bonos
468 3162 551 3196 viros
565 3163 777 3206 profitentur,
794 3175 858 3198 non
875 3167 969 3208 perti·

144 3221 154 3239 1
178 3213 196 3239 l.
212 3220 254 3247 31.
271 3213 307 3242 D.
323 3214 353 3242 de
367 3215 474 3251 legibus.

140 3247 206 3278 Tom.
229 3249 251 3278 Ι.

1843 130 1912 166 513

1039 203 1119 236 net3
1143 199 1312 247 multoque
1333 202 1436 236 minus
1461 205 1499 237 ad
1525 201 1704 249 Principem
1731 207 1908 242 adscendit:

1038 247 1133 279 quem
1153 242 1311 287 dignitatis
1328 246 1520 278 excellentia
1536 258 1576 281 eo
1595 249 1696 290 posuit
1712 248 1742 281 in
1762 251 1857 289 loco,
1874 259 1910 282 ut

1036 289 1210 327 eumenen
1227 284 1344 328 dicam,
1365 285 1442 319 nihil
1459 288 1638 329 improbum
1654 300 1690 322 ac
1702 290 1908 332 flagitiosum,

1035 322 1087 365 led
1115 322 1209 370 nihil,
1233 325 1287 370 nisi
1310 326 1498 368 honestum,
1523 330 1575 363 nisi
1592 331 1773 373 egregium,
1797 331 1851 363 nisi
1866 342 1908 364 eo

1034 363 1163 407 dignuin
1187 364 1239 396 libi
1265 367 1379 405 licere,
1404 379 1516 410 putare
1540 381 1701 413 oporteat.
1725 383 1797 405 cum
1822 372 1906 406 enim

1032 401 1184 449 De¹.V¹.ce.
1202 405 1238 437 fit
1254 409 1402 441 naturalis
1418 411 1523 444 custos
1539 413 1634 455 legis,
1650 413 1831 455 arbiterque
1846 414 1907 446 uti-

1032 444 1127 475 litatis
1142 446 1410 495 illiusaeniodestae‚
1426 453 1553 492 sobriae,
1569 465 1606 486 ac
1621 456 1750 488 salubris
1766 465 1825 497 qua
1845 456 1904 487 ho-

1032 485 1133 517 nestas
1151 492 1316 529 ceriietur3
1337 501 1397 531 qua
1414 493 1523 526 fronte
1540 495 1642 535 dicet,
1660 498 1689 528 se
1707 497 1814 529 facere
1831 507 1905 538 pos·

1030 527 1059 557 se
1077 536 1146 567 quae
1170 529 1209 559 ab
1227 530 1411 573 honestate,
1435 534 1466 566 id
1495 536 1559 574 est,
1583 548 1657 569 vera
1682 538 1837 577 utilitate,
1855 549 1904 571 re-

1030 571 1226 614 moventur?
1252 571 1313 604 Sed
1337 574 1418 606 ialva
1444 585 1493 607 res
1510 578 1573 609 est:
1597 578 1748 619 fiquiuem
1765 580 1828 620 ipse
1847 579 1904 613 Ul-

1030 617 1155 654 pianus,
1174 621 1198 643 is
1215 612 1255 643 de
1271 614 1359 654 qu'us
1377 616 1529 649 sententia
1545 619 1711 659 quaeritur,
1734 622 1738 632 ¹
1759 622 1902 666 Quotiens

1029 654 1170 691 (inquit)
1190 653 1300 694 aliquid
1324 657 1356 686 in
1377 658 1490 697 publico
1510 659 1578 699 fieri
1589 663 1791 702 permittitur,
1813 665 1856 695 ita
1871 673 1901 694 o·

1024 697 1136 738 portere
1154 697 1303 734 permitti,
1328 702 1361 728 ut
1370 697 1436 737 fine
1451 700 1563 742 injuria
1579 703 1753 745 cujusquam
1762 704 1841 744 fiat:
1862 703 1901 739 ὅ)

1026 738 1069 780 itit
1076 736 1167 771 sotere
1184 734 1367 778 Principem,
1389 742 1517 780 quotiens
1542 744 1654 785 aliquid
1670 746 1739 775 novi
1752 746 1842 785 operis
1856 747 1901 777 irt-

1017 772 1200 824 Jtizuendztm
1209 779 1341 817 petitur,
1355 783 1526 820 permittere.
1551 783 1638 817 Idem
1659 785 1731 818 alibi
1746 786 1847 818 refert
1865 792 1897 827 ²,

1025 816 1298 863 „Szplmperutorfit
1319 830 1337 850 a
1359 828 1443 861 patre
1466 825 1544 855 heres
1565 825 1736 867 institutus,
1750 828 1898 870 Jiepiffime

1024 863 1189 899 resprzptum
1214 858 1282 903 eſje,
1301 862 1377 905 ροβε
1401 863 1585 907 inofficiosum
1609 866 1807 909 testamentum
1827 871 1896 903 dici.

1025 896 1124 936 Igitur
1139 898 1280 942 ollendi,
1304 901 1484 946 Principem
1500 917 1606 948 teque,
1631 919 1667 941 ac
1682 919 1816 944 caeteros
1832 910 1897 943 Na·

1024 945 1101 968 tura:
1118 938 1239 982 legibus
1258 949 1356 973 teneri
1374 953 1414 975 ex
1433 945 1560 986 Ulpiani
1577 951 1738 984 sententia.

1066 978 1173 1027 Quid,
1190 980 1211 1011 fi
1228 981 1341 1025 ausim,
1359 983 1389 1015 &
1406 985 1548 1021 civilibus
1566 1001 1637 1024 eum
1654 994 1820 1034 obligare?
1836 994 1897 1026 ain*

1024 1023 1080 1064 tu?
1106 1021 1181 1051 nihii
1197 1020 1320 1054 facilius
1334 1025 1553 1061 demonstratu
1572 1033 1625 1064 est.
1651 1044 1721 1066 nain
1738 1037 1778 1067 de
1798 1035 1897 1068 Falci·

1021 1062 1070 1105 dia
1085 1061 1208 1107 constat
1226 1073 1265 1094 ex
1280 1063 1447 1106 Hadriani,
1461 1070 1490 1101 ἀ
1502 1072 1668 1106 Alexandri
1685 1076 1789 1109 Rescri
1816 1076 1853 1109 tis
1865 1082 1895 1109 ³:

1021 1110 1115 1133 etiam
1133 1104 1205 1134 alibi
1223 1104 1300 1149 legis
1319 1104 1466 1148 Imperii,
1483 1121 1552 1150 quae
1570 1114 1632 1146 alio
1649 1117 1778 1149 nomine
1827 1118 1896 1159 egla

1022 1144 1218 1189 appellatur,
1236 1150 1320 1177 idem
1331 1149 1474 1192 meminit
1485 1153 1666 1188 Alexander
1683 1165 1715 1190 ⁴:
1733 1169 1834 1200 eaque
1849 1161 1896 1191 so-

1022 1185 1122 1216 lutum
1145 1186 1231 1231 'ju-ris.
1251 1187 1444 1233 solemnibus
1471 1193 1533 1225 ess'e
1553 1195 1749 1238 Principem,
1775 1210 1808 1231 ut
1830 1201 1897 1241 qui·

1021 1227 1092 1270 dem
1110 1229 1186 1258 milii
1204 1229 1347 1267 videtur,
1371 1232 1490 1264 inutilia
1514 1236 1696 1270 melioribus
1714 1242 1780 1279 iure
1796 1241 1897 1283 irnpe—

1020 1276 1054 1312 i·ii
1073 1276 1284 1314 mutaturum:
1307 1271 1446 1313 alioquin
1463 1274 1566 1308 cix-em
1587 1279 1714 1320 liaberi3
1739 1282 1768 1312 Cu:
1787 1284 1894 1322 quoad

1024 1317 1094 1339 Vitae
1119 1310 1305 1355 ministeria,
1330 1312 1434 1355 legum
1457 1316 1648 1352 solemnibus
1666 1345 1675 1360 ,
1700 1322 1895 1363 reliquorum

1023 1359 1130 1395 more,
1153 1358 1265 1396 teneri.
1289 1354 1396 1386 alione
1413 1357 1554 1397 speci-at?
1577 1370 1669 1400 cum,
1694 1363 1744 1394 Ex
1766 1367 1897 1405 imperfe-

1023 1392 1064 1438 cto
1076 1415 1084 1429 ‚
1101 1401 1222 1431 iuquit,
1240 1392 1405 1435 testamento
1422 1408 1473 1428 nec
1491 1400 1693 1441 Imperatorem
1709 1407 1894 1438 hereditatem

1021 1442 1170 1480 vindicare
1188 1435 1281 1474 poſje,
1303 1443 1370 1477 laepe
1391 1438 1576 1479 constitutum
1600 1443 1647 1483 esi.
1680 1446 1708 1477 ’ἀ
1736 1448 1894 1480 causatur:

1024 1475 1105 1505 Licet
1120 1485 1196 1505 emm
1212 1477 1277 1508 Lex
1294 1477 1408 1518 Imperii
1413 1482 1589 1520 solemnibus
1600 1487 1680 1526 juris
1692 1488 1894 1528 Imperatorem

1018 1516 1156 1555 solverit.-
1171 1519 1243 1548 nihii
1253 1524 1349 1550 tamen
1366 1527 1426 1552 tam
1437 1526 1587 1563 proprium
1603 1529 1715 1567 imperii
1729 1528 1786 1569 est,
1803 1541 1892 1571 quam

1022 1559 1130 1601 tegihur
1153 1559 1276 1589 vivere?
1299 1560 1360 1592 Sed
1389 1565 1418 1593 ἁ
1448 1564 1546 1604 impp.
1567 1565 1770 1600 Theodosius
1786 1572 1815 1602 ὅ(
1834 1571 1895 1603 Va-

1024 1600 1210 1631 lentinianus
1232 1608 1270 1631 au
1297 1601 1459 1635 Vol-ulium
1481 1607 1513 1637 P.
1532 1606 1564 1638 P.
1589 1607 1631 1639 ita
1652 1610 1854 1651 rescripsere,
1881 1617 1893 1633 ¹

1023 1640 1126 1688 Digne
1143 1650 1202 1671 vox
1218 1640 1256 1682 est
1274 1642 1423 1684 majestate
1437 1650 1604 1688 regnantis,
1619 1650 1724 1690 iegibus
1741 1653 1895 1694 alligatum

1013 1684 1046 1723 se
1063 1685 1232 1723 Princtpem
1243 1685 1383 1724 profiteri.
1420 1687 1499 1718 Aaeo
1516 1690 1548 1719 de
1561 1690 1733 1724 auctoritate
1744 1694 1826 1735 juris
1840 1704 1893 1725 rio-

1015 1723 1080 1765 stra
1089 1727 1192 1764 penitet
1210 1724 1376 1757 auctoritas.
1416 1729 1457 1759 Et
1473 1738 1572 1762 revera
1592 1735 1685 1775 mizjzis
1699 1735 1816 1775 imperio
1835 1735 1893 1777 est,

1016 1767 1181 1806 v,ttbmittere
1197 1766 1303 1807 legibus
1321 1769 1534 1810 Principatztm.
1567 1773 1608 1804 Et
1622 1776 1734 1806 oraculo
1745 1779 1894 1816 priesentz's

1022 1807 1125 1845 edicti,
1148 1813 1223 1848 quoa
1249 1810 1326 1839 nohis
1350 1810 1433 1841 licere
1457 1822 1512 1843 non
1530 1816 1663 1853 patimur
1677 1840 1686 1854 ,
1717 1813 1891 1851 indicamus.

1023 1849 1227 1892 Opportune.
1257 1849 1403 1883 feruntur
1419 1852 1500 1884 enini
1519 1854 1628 1888 civiles
1645 1857 1729 1898 leges
1748 1860 1785 1890 ad
1801 1861 1892 1893 corn·¹

1024 1900 1126 1921 munis
1150 1893 1357 1923 commodum
1382 1893 1543 1926 civitatis:
1567 1906 1626 1929 nec
1648 1899 1738 1932 aliter
1764 1900 1893 1940 poss'unc

1022 1930 1116 1963 ferri:
1140 1941 1245 1976 neque
1268 1932 1351 1965 enim
1376 1935 1458 1966 aliud
1484 1936 1551 1967 vult
1571 1939 1620 1978 jus
1645 1940 1739 1973 civile
1755 1965 1765 1981 ,
1796 1946 1892 1983 quam

1023 1973 1110 2017 quod
1126 1982 1259 2013 quisque
1275 1974 1415 2014 Populus
1432 1977 1489 2007 suae
1507 1981 1689 2013 conducere
1706 1982 1828 2014 civitati
1845 1993 1892 2015 ar·

1022 2015 1170 2046 biti-atur:
1194 2019 1290 2055 atque
1308 2016 1396 2056 hujus
1417 2020 1582 2051 commodi
1598 2024 1782 2055 moderator
1800 2025 1828 2056 ὅτ
1844 2034 1892 2056 re-

1021 2056 1089 2087 {tor
1105 2056 1148 2087 est
1167 2056 1327 2101 Princeps.
1346 2067 1452 2090 nonne
1467 2059 1560 2100 igitur
1575 2062 1623 2094 cui
1638 2065 1758 2096 credita
1773 2065 1817 2097 est
1833 2075 1890 2106 pu-

1023 2096 1111 2128 blicae
1136 2098 1233 2128 tutela
1261 2099 1420 2138 utilitatis,
1443 2099 1505 2140 ipse
1527 2102 1669 2137 civilibus
1686 2113 1832 2138 teneatur
1850 2108 1893 2139 le-

1021 2138 1110 2180 gibus
1128 2148 1203 2183 quas
1217 2138 1397 2184 reipublicae
1416 2141 1507 2174 utiles
1525 2143 1587 2175 ell'e
1601 2144 1772 2189 intelligit?
1792 2147 1889 2190 Atqui

1022 2181 1066 2212 est
1087 2180 1246 2224 Princeps.
1272 2179 1383 2226 Licet,
1406 2185 1520 2222 addas,
1541 2185 1665 2219 suorum
1684 2197 1799 2229 caput,
1815 2197 1888 2229 aut,

1021 2221 1042 2253 fi
1061 2230 1178 2267 mavis,
1194 2230 1291 2265 >mens
1308 2231 1437 2255 cwium.
1460 2226 1510 2257 sed
1528 2236 1592 2258 non
1609 2228 1683 2261 ideo
1700 2230 1810 2262 definit
1826 2230 1889 2262 effe

1023 2272 1091 2303 pars
1117 2263 1215 2307 civilis
1239 2264 1394 2309 corporiS.
1426 2265 1499 2307 quid
1524 2266 1554 2298 iii
1570 2268 1662 2310 igitui-
1681 2271 1889 2304 tei-minentur

1021 2305 1086 2343 ejus
1110 2304 1251 2342 actiones
1274 2306 1410 2338 ciVitatis
1433 2307 1587 2348 utilitate,
1610 2320 1672 2351 qua
1695 2312 1835 2344 omnium
1859 2324 1889 2344 a·

1021 2345 1142 2376 titiones
1168 2345 1283 2378 civium
1306 2345 1491 2381 finiuntur?
1507 2349 1629 2391 Utique
1651 2353 1693 2383 iic
1717 2353 1887 2387 Veteribus

1021 2386 1117 2418 visum
1133 2385 1242 2426 fussle,
1259 2386 1392 2420 Tacitus
1410 2391 1519 2422 auctor
1536 2391 1581 2423 est
1600 2399 1629 2431 ⁶,
1647 2403 1717 2425 cum
1738 2396 1777 2427 de
1793 2395 1888 2428 Clau-

1021 2427 1062 2458 dii
1087 2429 1116 2459 dt
1144 2427 1323 2470 Agrippinae
1349 2431 1467 2471 nuptiis
1493 2441 1562 2472 quae
1581 2441 1647 2465 turn
1663 2434 1787 2467 incestae
1802 2437 1888 2469 civili

1020 2469 1292 2510 habebanturju're
1303 2494 1311 2509 ,
1326 2469 1356 2502 in
1374 2471 1460 2503 hunc
1476 2472 1591 2505 disserit
1602 2477 1742 2509 modum.
1762 2478 1793 2509 C.
1808 2478 1890 2509 Pom-

1016 2512 1097 2552 pejo,
1121 2511 1160 2555 Q:
1180 2511 1326 2542 Verann-io
1351 2513 1423 2553 Coff.
1436 2513 1555 2554 paetum
1578 2517 1652 2548 inter
1677 2517 1830 2551 claudium
1850 2520 1887 2554 &³

1020 2554 1215 2593 Agrippinam
1230 2556 1461 2592 matrimonium,
1472 2556 1535 2595 jam
1543 2556 1630 2595 fama
1640 2581 1649 2596 ,
1668 2559 1731 2600 jam
1746 2571 1839 2592 amore
1853 2563 1887 2593 it-

1021 2592 1097 2624 licito
1112 2593 1306 2633 firmabatur,
1329 2604 1380 2624 nec
1396 2597 1464 2626 dum
1479 2598 1614 2629 celebrare
1623 2600 1751 2638 selemia
1768 2605 1886 2643 nuptia—

1020 2643 1086 2665 rum
1102 2636 1263 2673 audebant,
1286 2636 1364 2666 nullo
1386 2639 1507 2676 exempto
1525 2639 1647 2672 aeduam
1662 2643 1694 2672 in
1711 2645 1824 2675 domum
1836 2651 1888 2685 pa-

1021 2676 1083 2706 trui
1092 2677 1201 2716 fratris
1210 2676 1291 2716 filice.
1330 2676 1413 2720 Quin
1431 2677 1467 2712 ὃ)
1484 2679 1637 2721 incestum,
1661 2693 1695 2714 ac
1703 2683 1732 2722 fi
1743 2687 1886 2725 spernere-

1021 2725 1090 2755 tur,
1113 2727 1148 2747 rie
1170 2718 1202 2748 in
1224 2718 1331 2748 malum
1342 2719 1488 2758 publicum
1503 2729 1676 2764 erumperet,
1700 2729 1887 2758 metuebatur.

1020 2758 1086 2789 Nec
1102 2766 1168 2788 ante
1184 2758 1281 2799 omzffa
1295 2759 1458 2800 cunctatio,
1481 2771 1566 2802 qnam
1586 2763 1724 2797 Vitellius
1740 2768 1798 2801 ,iz-iis
1812 2769 1884 2797 (irti-

1019 2801 1070 2829 bus
1088 2800 1118 2830 id
1133 2802 1356 2840 perpetrandum
1366 2801 1500 2842 sumpsit.
1545 2805 1810 2847 l'erciiiittiitiisque
1827 2809 1884 2838 Cie-

1009 2841 1121 2879 sarem,
1147 2850 1186 2870 art
1196 2839 1280 2882 juffis
1292 2843 1408 2882 populi,
1431 2853 1476 2884 anfi
1488 2844 1657 2877 auctoritati
1672 2849 1792 2877 Senatus
1810 2850 1885 2878 cede—

1017 2886 1058 2911 ret
1068 2880 1085 2911 ?
1105 2880 1137 2911 U
1140 2883 1166 2912 bi
1181 2882 1227 2912 ille
1243 2887 1374 2922 unumst
1389 2885 1514 2924 civium,
1534 2887 1570 2920 &¹
1585 2894 1730 2927 consensui
1746 2889 1885 2926 imparem

1015 2923 1178 2994 Tfssspqndn’
1202 2926 1322 2964 opperiri
1336 2926 1416 2957 intra
1426 2928 1572 2966 palatium
1583 2930 1676 2970 jubet.
1718 2927 1882 2962 Hactenus

1050 2970 1160 2995 acitus.

1819 3010 1883 3043 Ad·

1075 3078 1085 3098 1
1108 3071 1124 3098 l.
1143 3078 1168 3098 2.
1199 3092 1206 3098 .
1225 3079 1258 3100 10
1284 3071 1319 3100 D.
1336 3082 1366 3101 rte
1381 3073 1443 3109 quid
1453 3075 1480 3100 in
1493 3073 1584 3107 public.
1599 3073 1640 3099 ltin

1073 3117 1088 3136 2
1110 3109 1128 3136 l.
1143 3111 1168 3138 8·
1204 3128 1210 3134 ·
1228 3118 1252 3137 2.
1273 3110 1306 3137 D.
1323 3110 1353 3138 de
1367 3109 1452 3145 iuqffic.
1470 3109 1566 3145 tffstsi'n.

1069 3154 1085 3180 3
1105 3147 1122 3173 l.
1139 3154 1164 3180 4.
1186 3146 1212 3174 C.
1228 3148 1271 3175 Ait
1285 3149 1365 3185 legem
1381 3149 1523 3176 falcidiam.

1068 3192 1084 3217 4
1103 3185 1120 3211 l.
1138 3184 1206 3217 3.·C.
1223 3188 1251 3213 tte
1267 3185 1430 3221 testamentis.

1069 3229 1082 3256 5
1106 3222 1124 3249 l.
1142 3231 1167 3255 4.
1184 3222 1211 3249 C.
1229 3225 1257 3251 de
1275 3226 1386 3261 iegibus.
1461 3226 1477 3250 «7
1502 3224 1541 3249 ¹51,
1562 3233 1615 3251 ixii.
1631 3223 1725 3253 dunel.
1744 3233 1765 3253 c.
1786 3235 1806 3255 τ.

1125 3260 1150 3288 Τ
1165 3268 1174 3287 t
1190 3267 1200 3288 t
