2036 3495
418 106 481 141 AD
507 98 597 138 LIB.
626 97 690 138 IV.
726 95 826 138 TIT.
854 96 896 136 ῘῘ.
933 103 1030 155 ..Qsts’d
1045 112 1142 143 metm
1158 110 1247 156 causa
1263 108 1382 156 ἐκβαίη
1401 111 1468 148 erit]

45 197 63 229 ι’.
86 203 131 229 11.
148 196 175 228 h.
196 203 216 228 t.
235 195 254 228 fi
272 195 340 237 quis
355 195 433 227 alius
449 195 511 228 fine
527 192 642 225 malitia
652 187 854 239 fidejussoris,
879 197 914 238 ut

42 238 213 279 fidejussori
238 246 373 278 accepto
393 236 502 274 fieret,
528 236 589 266 vim
605 233 703 279 feci-t:
728 241 792 263 non
811 240 911 277 teneri

41 278 253 319 fidejussorem
266 302 274 317 ‚
291 288 324 310 ut
342 280 385 310 rei
402 286 531 319 quoque
542 276 773 320 obligationem
792 272 912 304 restitu-

44 329 86 352 at.
105 322 202 361 Atqui
223 321 317 352 etiarn
335 321 483 352 liberatus
497 327 532 349 ea
542 316 790 362 acceptilatione
806 314 848 360 eil
868 324 912 344 re—

41 371 89 393 us.
119 362 182 393 Sed
200 362 263 393 hoc
278 362 315 393 ad
330 369 394 393 rem
411 370 474 392 non
493 360 646 398 pertinet:
664 365 735 395 quia
751 364 837 403 venit
857 364 913 393 per

44 403 313 443 consequentiam.
328 402 544 442 principaliter
559 398 688 445 interest
706 397 891 438 fidejuilems
902 419 911 434 ‚

40 444 73 475 se
84 445 248 476 liberatum
258 443 328 475 esse.
342 444 392 475 sed
403 449 505 474 utrum
516 450 586 471 reus
597 440 750 472 liberetur
759 462 768 477 ‚
786 448 822 469 an
834 447 911 485 non,

39 485 228 527 fidejussoris
245 485 336 526 plane
355 494 418 516 non
435 481 563 515 interest
578 482 596 511 l.
617 491 665 522 23.
684 480 725 511 D.
743 482 775 511 cle
786 479 889 525 pactu.

81 527 144 559 Sed
159 534 307 566 apparet,-
331 526 490 557 aetionem
519 523 619 566 Quod
644 528 748 567 metus
765 522 851 566 causa
871 522 911 551 iic

41 568 104 599 esse
115 569 145 600 in
156 568 317 609 persona-m
328 591 337 605 ,
357 576 389 598 ut
402 566 487 598 simul
500 565 534 597 fit
552 574 582 596 in
599 573 664 595 rem
677 565 806 610 scripta:
822 564 910 592 ideo-

30 619 104 650 que
118 611 182 641 dari
201 618 262 640 non
280 606 544 639 modo'adversus
561 615 632 636 eum
654 614 705 645 qui
727 613 844 635 metum
861 603 910 633 ad—

40 651 163 690 hibuit;
187 649 236 681 sed
257 650 352 681 etiam*
367 649 512 681 adversus
530 657 601 679 cum
618 648 671 687 qui
689 655 760 677 cum
779 653 911 675 crimine

39 700 147 730 caret,
171 692 280 730 utique
304 691 423 722 lucrum
441 690 541 721 sensit.
587 687 789 733 Quamquam
806 683 911 726 potest

39 733 106 765 hoc
128 732 255 764 dubium
280 734 426 772 accipere
449 742 489 763 ex
507 732 525 762 l.
543 741 572 771 5.
592 733 623 761 C.
644 731 671 760 h.
691 736 710 760 1.
736 737 820 775 cujus
840 726 912 756 ‘haec

40 769 231 805 suntverba.
253 773 324 804 Norz
343 771 460 814 interrst
471 797 480 811 ,
504 783 522 803 a
540 782 594 813 quo
610 772 657 802 vis
672 771 799 801 adhiblta
809 767 850 805 fic
858 774 909 807 pa-

39 817 79 846 tri
96 814 132 850 ὅ)
144 821 248 855 patrico
267 821 333 853 zuo,
350 821 450 846 utrum
467 816 502 846 ab
516 819 653 853 emptore,
672 821 710 858 σῃ
727 820 792 856 ‘uero
810 809 908 839 scien-

40 865 75 888 te
89 864 256 897 emptore,
272 858 307 887 ul>
325 857 397 895 alio,
412 862 445 887 ut
462 858 494 887 vi
508 862 621 886 meluve
634 852 822 894 poſjeffionem
838 858 908 880 ven-

39 900 103 930 clere
119 906 296 939 cogerentur.
329 897 361 929 ln
378 899 526 929 omnibus
541 897 755 942 editionibus,
767 908 768 911 ¹
780 900 908 933 praeter-

37 948 132 980 quam
149 940 232 980 apud
249 939 401 978 Graecos,
425 939 537 978 Bafilic.
553 938 600 968 lib.
620 946 666 968 10.
683 942 730 966 m.
747 945 774 967 2.
791 940 856 964 tom.
882 941 907 978 ¹.·

32 988 104 1022 pag.
123 991 184 1021 594
196 1005 205 1019 ,
229 989 340 1012 extant
359 981 475 1019 verba,
493 981 604 1011 Scieme
619 983 748 1018 emptore.
767 975 908 1022 ⁴Sed3ni·

37 1022 83 1055 hil
106 1022 265 1054 efficiunt:
289 1032 361 1054 cum
386 1022 553 1063 ignorante
576 1028 742 1064 emptore,
765 1018 849 1048 idem
863 1024 910 1054 Jus

39 1064 88 1096 fit.
111 1065 208 1103 idque
223 1064 318 1095 etiam
337 1063 501 1095 Accursius
511 1061 674 1106 observat,
691 1061 831 1106 ideoque
849 1058 909 1086 lua-

39 1101 114 1144 det‚
131 1104 286 1136 subaudiri
299 1106 449 1143 verbum,
465 1106 601 1136 maxime.
625 1101 710 1132 Mihi
722 1101 827 1144 ledet,
844 1107 911 1128 vei·-

38 1146 87 1178 bis
113 1146 247 1181 Libelli.
271 1156 287 1177 a
312 1146 398 1177 Rufo
421 1147 521 1178 milite
545 1146 583 1176 ad
606 1151 702 1183 quem
726 1142 911 1187 rescriptum

38 1187 104 1225 est,
121 1187 198 1229 lmp.
222 1186 390 1219 Gordiano
406 1189 523 1225 oblati,
541 1184 741 1229 propositum
755 1180 846 1213 fuifle
861 1189 910 1210 ca·

37 1229 122 1260 sum:
145 1230 176 1261 in
195 1239 259 1270 quo
283 1230 448 1260 dicebatur
471 1228 509 1259 ab
527 1234 673 1266 emptore
690 1225 779 1265 ipio,
802 1230 855 1252 aut
871 1230 911 1251 eo

38 1270 179 1309 sciente,
203 1271 241 1301 ab
260 1271 322 1301 alio
340 1279 442 1302 metus
456 1270 560 1301 illatus
579 1267 651 1299 effe.
676 1266 763 1305 quod
781 1271 854 1294 cum
869 1261 911 1307 sa-

37 1312 78 1343 {li
95 1312 149 1351 fit,-
173 1313 213 1343 ab
236 1322 276 1342 eo
292 1321 356 1343 non
376 1312 494 1343 debere
512 1309 580 1341 fieri
595 1312 837 1349 argumentum,
860 1305 911 1334 lae-

37 1357 110 1394 pius
127 1353 234 1385 notavi
252 1353 334 1384 alibi.
656 1389 662 1394 ι

80 1394 216 1426 Primum
232 1393 293 1425 est:
311 1399 345 1425 ut
362 1393 522 1425 ostendam
534 1417 542 1431 ‚
559 1391 598 1423 ad
610 1388 751 1434 quidc&
760 1387 800 1420 ad
815 1395 911 1427 quem

38 1437 170 1468 modum
192 1437 284 1466 detur
302 1436 383 1467 attio
403 1434 503 1477 Quod
519 1441 622 1466 metus
641 1431 738 1463 causa.
778 1429 815 1476 ld
833 1437 911 1474 vcro

38 1478 226 1518 intelligitur
249 1487 289 1509 ex
316 1477 463 1509 Praetoris
490 1476 595 1507 verbis
609 1473 699 1513 supra
715 1471 827 1519 allatis.
851 1480 911 1510 pri-

29 1528 126 1551 ·mum
148 1519 242 1559 igitur
259 1520 456 1558 promittitur
472 1527 488 1548 a
506 1518 647 1550 Praerore
664 1513 745 1545 atim
764 1513 803 1544 ad
825 1512 908 1550 hoc,

40 1568 77 1591 ut
96 1559 166 1590 laeso
186 1561 273 1599 quod
289 1561 317 1591 ei
333 1561 437 1598 abest,
453 1558 632 1591 restituatur
647 1557 666 1588 l.
685 1564 732 1601 2¹1.
750 1554 779 1595 ᾗ.
795 1564 823 1585 2.
839 1555 865 1583 l).
886 1558 908 1584 t.

41 1601 73 1632 ἃ
91 1601 221 1641 quidem
243 1611 283 1631 eo
306 1603 407 1632 modo
431 1611 494 1641 quo
512 1600 618 1637 foret,
640 1597 662 1629 fi
677 1606 723 1628 Vis
738 1604 791 1641 aut
805 1603 909 1626 metus

40 1651 107 1673 non
122 1641 348 1673 intervenisset.
373 1645 614 1681 creditumque,
631 1647 808 1686 convenire
824 1645 911 1667 men-

42 1684 66 1715 ti
85 1683 248 1721 Praetoris,
272 1683 410 1715 actorem
427 1694 467 1715 eo
485 1684 614 1714 nomine
630 1689 725 1712 etiam
742 1678 809 1710 fieri
827 1676 910 1709 secu·

42 1733 113 1756 rum
135 1726 205 1756 data
220 1726 368 1756 cautione
385 1726 403 1757 l.
422 1735 450 1761 9.
467 1725 496 1767 ᾗ.
512 1734 540 1764 7.
556 1725 583 1756 h.
599 1729 619 1754 t.
645 1723 709 1753 hoc
731 1722 818 1760 pluS,
842 1728 911 1750 eam

42 1766 275 1798 restitutionem
293 1764 358 1798 fieri
374 1777 437 1798 non
465 1767 588 1805 qualem
612 1764 757 1805 qualem,
780 1761 830 1792 sed
846 1761 920 1801 ple»

42 1816 115 1839 nam
127 1832 136 1847 ,
161 1808 191 1839 id
210 1807 272 1846 est,
288 1805 360 1840 c'um
377 1808 547 1846 fructibus,
570 1815 605 1838 ut
624 1806 756 1836 traditur
773 1804 803 1834 in
820 1803 838 1833 1.
860 1806 910 1842 38.

68 1861 115 1890 .5.
136 1849 172 1883 ἐξ
188 1852 217 1880 6.
238 1849 279 1880 D.
298 1851 331 1880 de
349 1852 462 1888 usuris,
479 1849 543 1884 &t
559 1859 605 1881 12.
623 1848 650 1878 h.
669 1853 690 1878 t.
703 1844 807 1888 juncia
823 1844 841 1876 l.
852 1845 910 1890 tiit.

66 1914 73 1922 .
95 1900 119 1922 1.
140 1890 182 1922 D.
204 1891 237 1921 de
257 1891 454 1933 verb.figm'f.
485 1891 588 1923 Datur
606 1889 700 1930 igitur
716 1889 782 1918 naec
799 1886 880 1932 actio
896 1894 912 1916 a

31 1939 35 1947 ·
69 1941 204 1969 rectore,
228 1941 262 1963 ut
285 1934 372 1973 quod
396 1932 482 1964 abest
502 1932 699 1964 restituatur:
724 1928 764 1960 sin
789 1936 912 1974 minus,

41 1973 75 2005 in
93 1973 300 2013 quadruplum
317 1975 398 2006 intra
413 1984 537 2006 annum.
562 1974 664 2006 Porro
677 1969 911 2017 quaerentibus,

41 2019 210 2054 quomodo
235 2016 408 2056 accipiatur
433 2017 639 2057 quadruplum
661 2025 669 2046 t
692 2020 735 2043 ait
763 2011 912 2051 Ulpianus

39 2052 71 2098 ἓ.
93 2056 153 2088 1.1.
174 2061 218 2095 14.
237 2057 264 2087 h.
283 2063 304 2088 t.
335 2058 535 2097 quadi-uplari
560 2066 657 2089 omne
684 2055 911 2099 quodcumque

41 2096 161 2129 restitui
186 2106 327 2138 oportet.
350 2098 448 2139 idque
470 2099 499 2130 in
523 2099 551 2141 §.
572 2107 601 2138 7.
619 2098 647 2128 d.
665 2097 683 2127 l.
703 2096 743 2127 fic
760 2095 908 2135 explicat.

44 2137 271 2182 Quadruplatur
295 2141 342 2178 id,
365 2141 470 2181 quami
492 2151 524 2171 ea
547 2150 592 2171 res
615 2139 686 2169 eriz.-
709 2139 739 2168 id
763 2133 821 2177 est,
846 2142 911 2166 cum

37 2179 187 2220 fruftibus
205 2179 435 2222 &mannase
460 2181 585 2213 Sum-ma
599 2180 659 2212 est:
677 2188 710 2211 ut
725 2178 910 2220 quadruple-

44 2228 95 2251 tur
111 2220 208 2252 solum
221 2224 306 2260 quod
321 2223 449 2261 inte-rest
466 2224 526 2254 (1.1.
541 2233 585 2262 14.
600 2223 628 2264 §.
652 2231 696 2259 14.
715 2223 746 2252 id
762 2218 807 2251 est
822 2218 911 2260 quod

42 2261 151 2300 abest,
175 2262 238 2294 five
266 2264 412 2295 damnum
435 2264 455 2295 1.
483 2274 525 2296 12.
544 2265 572 2306 §.
598 2264 649 2295 ult.
669 2262 705 2297 &³
723 2262 742 2294 l.
770 2271 817 2300 14.
839 2262 865 2291 h.
888 2266 910 2291 t.

40 2303 208 2343 proindefi
221 2306 288 2344 quis
300 2305 425 2336 tradidit
438 2305 655 2346 possessionem
667 2304 757 2335 fundi
774 2312 837 2333 non
851 2301 909 2334 sui:
941 2313 942 2317 ¹

40 2346 68 2376 is
91 2353 154 2375 non
176 2347 284 2384 quanti
308 2346 443 2385 fundus,
469 2348 498 2378 id
521 2347 583 2386 est,
607 2347 783 2387 proprietas
800 2343 909 2381 fundi,

39 2384 95 2416 sed
119 2386 226 2426 quanti
252 2386 396 2426 poffeffio
421 2387 484 2427 est,
510 2389 572 2428 ejus
596 2387 807 2428 quadruplum
826 2409 836 2424 ,
858 2386 910 2416 vel

39 2425 183 2467 fimplum
202 2437 274 2460 cum
287 2429 440 2460 fructibus
457 2431 678 2470 consequetur.
696 2427 864 2459 aestimatur
880 2435 910 2456 e-

41 2467 107 2499 nim
124 2471 211 2509 quod
228 2469 344 2502 restitui
361 2479 512 2511 oportet,
530 2472 560 2503 id
572 2471 634 2509 est,
646 2472 732 2510 quod
748 2468 843 2515 abest.
860 2469 911 2499 ab·

43 2508 89 2538 est
106 2518 210 2541 autem
233 2513 314 2542 nuda
338 2512 483 2550 poiseffio
506 2523 577 2544 cum
596 2511 759 2544 fructibus.
803 2510 912 2548 Finga-

42 2557 114 2580 mus
136 2550 248 2591 igitui·‚
275 2554 350 2584 1111111
367 2554 479 2586 abesse.
504 2556 545 2585 ait
563 2554 717 2595 Ulpianus
733 2554 760 2584 d.
779 2552 797 2583 l.
819 2561 862 2583 12.
880 2551 909 2592 §.

44 2590 98 2620 ult·
118 2590 154 2625 δ’
169 2592 188 2622 l.
207 2601 256 2630 14.
287 2593 403 2625 cessare
430 2595 592 2628 Edictum:
617 2605 677 2626 nec
700 2604 781 2635 opus
804 2603 911 2625 exeni-

43 2631 125 2670 plis3
149 2641 220 2664 curn
237 2635 376 2665 attulerit
394 2637 541 2675 pulchra,
565 2639 594 2668 ἃ
611 2638 696 2668 ultro
714 2637 806 2667 clara.
845 2634 911 2665 Da·-

45 2679 97 2703 tur
115 2672 208 2712 igitur
224 2673 292 2705 haec
307 2676 388 2706 attio
405 2678 434 2708 in
452 2679 670 2718 quadruplum.
689 2677 764 2708 Hoc
782 2685 860 2707 vero
878 2685 909 2706 u-

46 2722 129 2744 trum
147 2720 250 2744 totum
268 2724 361 2754 poena
377 2717 440 2755 est,
461 2727 494 2749 ut
510 2721 539 2750 in
556 2720 644 2750 furto
661 2717 849 2755 manifest03
871 2726 910 2748 an

44 2755 79 2786 5¹¹
97 2764 136 2784 ⁶³0
152 2754 230 2785 inest
246 2755 404 2794 fileUffl;
421 2767 455 2788 ut
474 2768 567 2798 poena
590 2761 675 2800 tripli
690 2760 751 2792 sit?
776 2758 910 2790 Posteri-

45 2805 81 2827 us
97 2796 217 2827 mavult
235 2794 385 2836 Ulpianus
404 2799 433 2829 in
453 2801 481 2829 d.
500 2801 519 2831 l.
538 2811 583 2838 14.
599 2801 627 2842 §.
645 2811 672 2838 9·
685 2801 721 2836 ὅ)
735 2810 779 2832 io.
798 2800 912 2838 quue

44 2836 181 2877 opinor,
205 2846 269 2868 non
287 2837 349 2869 fine
373 2839 494 2870 ratione
517 2842 596 2879 dici,
620 2843 687 2873 siin
704 2842 911 2883 quadruplum

43 2877 115 2917 quis
125 2878 244 2919 egerit,
261 2878 341 2909 finiri
355 2879 382 2910 in
395 2889 460 2911 rem
470 2881 646 2920 actionem,
663 2884 713 2914 vel
724 2891 836 2914 contra
852 2884 861 2912 l
880 2894 910 2918 9.

69 2919 145 2950 .6.b.
158 2925 179 2951 t.
200 2920 242 2950 At
258 2919 338 2951 actio
357 2920 456 2962 Quod
472 2930 574 2953 metus
594 2923 682 2954 causa
697 2934 769 2956 cum
786 2925 912 2955 attione

61 2961 120 2992 urti
136 2969 338 3001 comparatur
354 2961 380 3002 §,
393 2972 441 3001 25.
454 2962 491 2996 &²
502 2973 549 3003 27.
563 2963 632 3004 Inst.
649 2965 681 2994 de
695 2965 828 2996 afflonib.
845 2964 912 2996 No-

43 3002 97 3034 vi:
121 3002 174 3033 sed
192 3011 392 3043 comparatio
410 3005 511 3035 omnis
534 3004 579 3035 est
597 3005 738 3036 modeste
754 3016 791 3037 ac
809 3006 912 3037 sobrie

42 3043 239 3083 accipienda.
266 3045 317 3075 ubi
336 3045 419 3075 enirn
438 3046 521 3077 valet
531 3055 587 3086 per
605 3047 737 3079 omnia?
753 3048 828 3087 quin
846 3048 912 3087 ple-

42 3091 177 3126 rumque
199 3085 235 3117 fit
251 3086 421 3117 secundum
439 3088 524 3126 quid.
555 3086 590 3118 fit
608 3088 703 3128 igitur
722 3087 911 3126 similitud03

43 3127 132 3166 quod
158 3134 290 3168 utraque
310 3127 392 3158 actio
416 3127 614 3168 persequitur
632 3129 848 3170 quadruplum.
880 3137 912 3160 at

43 3168 257 3207 quaerentibus
268 3193 276 3207 ,
292 3178 358 3209 quo
369 3178 469 3209 usque
481 3193 489 3208 ,
507 3179 559 3200 aut
569 3179 634 3209 quo
645 3171 745 3201 modo
755 3194 763 3207 ‚
788 3170 819 3201 in
830 3178 911 3201 utra-

43 3215 107 3249 que
125 3216 249 3249 petatur
265 3211 492 3252 quadruplum,
507 3220 604 3252 pure,
620 3220 659 3243 an
672 3212 819 3251 mixtim3-
833 3212 864 3243 id
881 3221 909 3243 a·

1795 117 1836 162 87

957 195 1065 228 liunde
1079 198 1251 237 petendum
1262 197 1325 240 est,
1342 210 1414 232 cum
1427 210 1490 232 non
1502 201 1650 234 1136111111
1662 203 1690 234 in
1708 203 1733 234 d.
1744 202 1772 244 ἓ.
1784 214 1834 244 25.

956 237 993 271 ὅ)
1010 247 1056 278 27.
1097 239 1122 269 A
1143 238 1302 280 superiore
1323 242 1497 282 quaestione
1520 252 1615 276 etiam
1644 246 1762 284 pendet
1789 246 1831 276 se-

956 288 1075 317 quens,
1092 281 1166 319 quid
1181 281 1255 320 juris
1272 281 1326 316 sit:
1350 284 1369 315 [i
1390 286 1492 323 plures
1511 294 1631 317 metum
1647 286 1831 325 intulei·iut;

955 321 984 350 ἃ
1005 329 1083 351 unus
1101 330 1282 354 conventus
1301 333 1354 355 aut
1371 335 1436 356 rem
1461 325 1651 364 restituerit,
1676 336 1729 359 aut
1755 330 1830 369 qua-

956 362 1101 401 druplum
1121 361 1275 394 solverit?
1294 365 1354 397 Sed
1371 368 1432 406 jam
1451 369 1601 406 expedita
1616 369 1667 400 illa
1684 378 1724 401 ex
1742 369 1830 411 supe·

955 403 1090 433 rioribus
1107 405 1136 433 in
1155 403 1172 434 l.
1195 414 1238 441 14.
1256 405 1282 446 §
1301 408 1353 437 ult.
1370 407 1493 450 &seqq
1511 410 1582 451 legg,
1603 411 1630 441 l),
1650 415 1669 441 t.

997 442 1281 485 Daturigitui·haec
1292 448 1412 480 affilioin
1432 450 1661 491 quadruplum:
1680 460 1743 482 non
1761 450 1830 483 sirn-

955 485 1101 525 pliciter;
1127 486 1176 517 scd
1193 486 1212 518 fi
1225 511 1234 526 ,
1252 496 1337 528 quod
1355 489 1459 529 abest,
1478 491 1609 522 arbitrio
1628 491 1746 532 Judicis
1763 502 1828 524 non

954 525 1144 558 restituatur.
1168 527 1208 559 sic
1228 539 1305 560 vero
1321 539 1470 571 apparet,
1487 533 1661 565 clementer
1679 543 1752 565 cum
1772 544 1829 566 reo

954 567 1047 608 egasse
1061 568 1252 600 Praetorem:
1269 580 1336 602 nam
1352 573 1473 604 volenti
1493 582 1619 613 poenam
1638 575 1759 605 evitare
1776 576 1829 606 de-

955 608 1029 639 disl'e
1043 610 1226 642 restituendi
1246 611 1429 645 facultatem
1453 616 1479 644 d.
1495 616 1514 645 l.
1536 624 1579 653 14.
1595 616 1621 657 §.
1647 625 1668 646 1.
1695 616 1746 646 Sic
1763 616 1825 648 est:

946 649 1023 680 haec
1046 651 1147 690 ustio,
1172 661 1243 683 cum
1268 652 1302 684 fit
1330 655 1512 694 arbitraria,
1536 666 1592 686 reo
1620 659 1776 696 permittit
1794 659 1829 690 li-

948 693 1092 722 centiam
1105 716 1114 729 ‚
1133 702 1231 732 usque
1249 696 1285 725 ad
1303 694 1488 728 sententiam
1501 698 1539 728 ab
1555 698 1674 729 arbitro
1693 699 1827 736 uictam,

945 731 1125 776 'secundum
1144 735 1229 772 quod
1248 734 1334 776 supra
1352 739 1505 776 diximus,
1530 738 1637 770 facere
1656 739 1826 771 restitutio-

953 782 1035 804 nem.
1052 775 1138 813 quod
1156 774 1175 806 si
1191 785 1254 806 non
1266 777 1398 810 fecerit:
1410 780 1479 819 jure
1495 781 1676 820 meritoque
1693 783 1827 821 quadru-

951 815 996 854 pli
1014 817 1317 850 condemnationem
1334 822 1474 860 patietur
1490 822 1516 852 d.
1534 822 1551 852 l.
1572 831 1618 862 14.
1634 822 1662 864 ᾗ.
1679 835 1706 861 ⁴-
1731 823 1828 854 Plane

952 857 1061 886 evenit
1079 856 1267 896 aliquando:
1286 869 1340 899 ut,
1357 860 1376 891 si
1394 871 1456 893 non
1475 863 1615 894 restituat
1629 874 1653 894 is
1671 873 1742 896 cum
1763 872 1829 903 quo

951 899 1055 936 agitur
1072 920 1080 933 ‚
1103 899 1266 930 arbitrium
1293 901 1416 933 adferat
1443 904 1687 937 absolutionem.
1720 914 1829 937 exem-

952 939 1038 978 plum
1056 938 1083 979 §.
1104 941 1173 984 ἦα.
1195 940 1273 979 l.14.
1292 942 1312 973 fi
1329 942 1436 974 Titius
1453 945 1597 982 adhibuit
1615 955 1734 978 metum
1747 971 1754 984 ‚
1775 956 1827 977 me

952 988 1016 1010 non
1033 979 1181 1017 conscie,
1206 991 1255 1012 res
1273 992 1379 1015 autem
1399 986 1436 1016 ad
1455 996 1505 1017 me
1521 989 1687 1027 pei-venit3
1712 989 1739 1019 ἃ
1758 988 1829 1019 haec

943 1021 983 1052 ·in
1005 1021 1097 1051 rebus
1124 1021 1266 1053 humanis
1294 1034 1356 1056 non
1383 1026 1518 1058 estsine
1542 1030 1619 1060 dolo
1637 1030 1721 1060 malo
1740 1039 1826 1061 meo,

955 1063 1029 1102 quid
1049 1063 1131 1093 enim
1151 1064 1254 1102 potest
1271 1066 1424 1107 imputari,
1439 1069 1540 1101 mihi?
1559 1080 1662 1101 utrum
1683 1073 1770 1109 quod
1783 1070 1830 1102 est

954 1112 1059 1148 metus
1075 1103 1178 1135 illatus
1201 1106 1284 1137 tibi?
1308 1109 1395 1148 atqui
1421 1118 1484 1140 non
1502 1110 1547 1141 fui
1574 1112 1638 1152 rjus
1658 1113 1827 1152 particeps,

954 1154 991 1175 an
1011 1147 1098 1182 quod
1126 1156 1175 1176 res
1198 1156 1255 1186 per
1279 1157 1400 1180 metum
1419 1159 1564 1190 extorta,
1589 1154 1644 1184 tibi
1663 1163 1726 1185 non
1746 1154 1831 1185 resti-

955 1187 1082 1218 tuitur?
1107 1197 1215 1219 verum
1235 1198 1339 1230 neque
1357 1191 1462 1222 habeo
1479 1202 1548 1224 eam
1567 1204 1636 1233 quae
1653 1205 1714 1225 non
1733 1195 1777 1225 est
1794 1195 1828 1226 in

954 1228 1048 1258 rebus
1073 1229 1235 1267 humanis3
1259 1240 1363 1272 neque
1386 1232 1450 1263 feci
1474 1234 1550 1265 dolo
1575 1244 1626 1266 aut
1652 1236 1762 1276 culpa,
1786 1245 1829 1267 ne

955 1268 1099 1300 habeam.
1126 1273 1280 1302 convenit
1298 1275 1395 1314 igitur
1411 1274 1521 1306 officio
1539 1276 1594 1306 viri
1611 1277 1710 1315 boni,
1728 1285 1761 1307 ut
1777 1286 1829 1309 me

955 1309 1064 1341 officio
1085 1310 1138 1341 suo
1154 1312 1294 1345 absolvat
1316 1315 1355 1345 ab
1372 1325 1413 1346 eo
1431 1318 1518 1356 quod
1545 1317 1621 1349 mihi
1638 1318 1828 1358 impoffibile

955 1351 1072 1382 estsine
1090 1354 1166 1383 vitio
1184 1363 1266 1386 meo.
1287 1356 1371 1389 Idem
1391 1356 1454 1395 est,
1473 1357 1491 1388 si
1511 1358 1615 1389 servus
1633 1360 1663 1391 in
1681 1359 1755 1400 fuga
1775 1359 1829 1398 sit;

955 1393 984 1424 ἃ
1002 1402 1120 1424 cavero
1138 1394 1247 1426 officio
1265 1396 1401 1436 Judicis,
1420 1407 1471 1429 me
1487 1399 1506 1430 fi
1521 1400 1550 1430 in
1571 1409 1671 1432 meam
1690 1401 1828 1441 potesta-

954 1442 1019 1465 tem
1044 1437 1247 1476 pervenerit,
1271 1438 1500 1472 restituturum.
1543 1441 1595 1473 Sic
1611 1442 1640 1473 in
1661 1452 1701 1473 eo
1720 1444 1772 1483 qui
1795 1445 1830 1474 in

953 1477 1037 1507 bona
1054 1475 1116 1507 fide
1132 1477 1186 1508 est.
1213 1488 1282 1511 nam
1299 1481 1329 1511 in
1347 1491 1387 1512 eo
1404 1482 1456 1521 qui
1473 1482 1535 1514 vim
1554 1483 1661 1514 intulit
1673 1507 1681 1522 ,
1701 1493 1766 1515 non
1783 1484 1830 1515 est

953 1518 1007 1548 ita.
1029 1518 1047 1548 l.
1070 1527 1093 1549 1.
1113 1519 1145 1549 C.
1162 1520 1219 1551 [λι.
1242 1521 1357 1553 Pedius
1378 1522 1447 1553 sane
1464 1524 1545 1563 apud
1562 1522 1735 1564 Ulpianum
1751 1528 1777 1557 cl.
1795 1524 1826 1566 §.

952 1570 982 1599 5.
1001 1559 1018 1589 l.
1040 1569 1084 1598 14.
1113 1560 1239 1601 scribit3
1263 1564 1426 1596 arbitrium
1444 1563 1562 1602 judicis
1586 1565 1615 1596 in
1635 1566 1829 1598 restituenda

953 1610 986 1632 re
1002 1601 1065 1631 tale
1085 1601 1164 1632 effe:
1188 1611 1222 1633 ut
1237 1614 1307 1636 eum
1325 1607 1454 1645 quidem
1474 1607 1526 1646 qui
1547 1608 1609 1638 vim
1628 1607 1769 1646 admisit,
1782 1608 1832 1648 ju-

953 1642 1028 1672 beat
1052 1642 1235 1684 restituere,
1259 1646 1377 1678 etiamsi
1405 1656 1453 1678 res
1479 1649 1516 1678 ad
1541 1648 1635 1679 alium
1662 1658 1828 1688 pervenit:

955 1693 1028 1715 eum
1045 1683 1150 1716 au'tem
1169 1688 1206 1717 ad
1224 1696 1318 1727 quem
1337 1689 1502 1728 pervenit,
1526 1689 1645 1722 etiamsi
1662 1691 1737 1722 alius
1760 1699 1828 1722 nie-

957 1733 1022 1756 tum
1048 1725 1240 1760 fecit:·nain
1266 1729 1298 1760 in
1319 1730 1445 1761 alterius
1470 1732 1633 1770 praemium
1658 1732 1738 1763 verti
1755 1733 1830 1763 alie·

955 1776 1029 1798 num
1046 1776 1167 1800 metum
1187 1779 1251 1802 non
1269 1780 1431 1812 oportere.
1467 1772 1527 1804 Sed
1548 1773 1643 1811 quid,
1666 1772 1687 1804 fi
1704 1773 1826 1812 homo,

955 1809 985 1839 id
1010 1809 1072 1845 est,
1097 1809 1221 1850 servus,
1243 1811 1307 1843 fine
1331 1813 1409 1844 dolo
1433 1814 1519 1844 malo
1538 1814 1565 1844 δε
1582 1814 1675 1855 culpa
1693 1814 1831 1855 eiusssqui

955 1850 1021 1881 vim
1046 1850 1171 1891 intulit,
1195 1854 1225 1884 ἀ
1251 1855 1485 1886 condemnatus
1512 1855 1573 1893 est,
1599 1856 1717 1894 periit?
1745 1855 1827 1887 Haec

956 1891 1087 1931 quaestio
1104 1895 1295 1934 proponitur
1314 1896 1341 1937 §.
1364 1905 1410 1927 11.
1432 1897 1458 1927 d.
1475 1896 1493 1926 l.
1512 1905 1558 1935 14.
1587 1898 1628 1928 ait
1647 1905 1752 1929 autem
1772 1897 1830 1933 Ul-

941 1933 1084 2006 ·pianuS,
1100 1934 1135 1966 Si·
1148 1936 1172 1966 is
1184 1936 1284 1968 horno
1302 1938 1454 1969 moriatur
1471 1938 1551 1977 intra
1568 1945 1714 1980 tempora
1730 1939 1830 1982 actio-

945 1989 948 1992 >
978 1976 1002 2005 is
1016 1975 1166 2016 judicati3
1192 1978 1223 2009 id
1241 1978 1304 2017 est,
1329 1980 1409 2010 intra
1432 1987 1558 2020 tempus
1577 1982 1664 2020 quod
1679 1981 1828 2020 judicatis

944 2023 995 2047 ‘ex
1012 2017 1274 2060 legeindulgetur
1290 2021 1611 2053 humanitatiscausa:
1627 2021 1658 2053 in
1677 2024 1741 2053 hoc
1757 2022 1828 2053 casu

951 2058 1028 2089 ideo
1045 2060 1237 2092 relaxabitur
1255 2071 1270 2092 a
1289 2062 1334 2092 rei
1350 2063 1641 2100 condemnatione,
1665 2064 1737 2104 q-uia
1754 2073 1828 2104 pro-

953 2108 1025 2147 pter
1043 2100 1182 2140 facinus,
1196 2103 1228 2133 id
1248 2102 1311 2142 est,
1329 2112 1461 2143 propter
1479 2103 1599 2136 illarum
1616 2113 1736 2136 metum
1748 2129 1757 2144 ‚
1774 2114 1830 2136 co—

944 2150 1037 2183 ·gitur
1054 2141 1233 2174 satisfacere
1256 2145 1340 2184 tripli
1360 2154 1463 2184 poena.
1488 2155 1504 2176 a
1530 2145 1640 2186 simplo
1658 2147 1772 2187 igitur,
1796 2146 1829 2177 id

941 2184 1017 2222 *est‚
1042 2193 1059 2215 a
1082 2185 1126 2215 rei
1150 2185 1366 2217 vindicatione
1389 2186 1555 2218 excusatur
1576 2187 1771 2219 humanitate
1787 2188 1830 2219 le·

952 2226 1021 2265 gis3
1049 2227 1206 2264 volentis,
1237 2227 1363 2258 interim
1381 2236 1494 2260 omnes
1520 2228 1636 2260 cessare
1657 2229 1732 2269 juris
1753 2227 1830 2260 effe·

953 2267 1021 2298 Ctus
1033 2290 1042 2305 ,
1059 2268 1205 2306 adeoque
1215 2269 1309 2299 etiam
1319 2270 1743 2310 moraeinteipretationem:
1763 2270 1832 2302 nul-

954 2309 981 2339 la
997 2309 1057 2348 jam
1083 2317 1171 2339 mora
1194 2318 1326 2349 propter
1350 2309 1593 2342 satisfactionem
1611 2320 1713 2351 poenae
1731 2311 1830 2352 tripli.

953 2349 1022 2381 Sic:
1045 2349 1064 2381 si
1083 2359 1227 2381 mortuus
1242 2351 1278 2383 fit
1298 2351 1409 2383 homo.
1441 2359 1471 2382 at
1489 2351 1509 2382 fi
1526 2353 1556 2383 in
1574 2352 1648 2393 fuga
1665 2352 1727 2384 ess'e
1750 2353 1829 2384 dici·

954 2398 1022 2428 tur,
1046 2392 1089 2422 ait
1106 2392 1277 2432 Ulpianus,
1297 2393 1553 2433 extorquendam
1571 2403 1587 2424 a
1605 2403 1662 2424 reo
1678 2393 1739 2426 effe
1755 2403 1827 2426 cau-

954 2433 1098 2470 tionem,
1121 2442 1276 2472 quatenus
1296 2443 1367 2464 eum
1385 2433 1607 2474 persequatur,
1625 2435 1831 2467 &omnimo-

955 2474 999 2504 do
1023 2483 1095 2505 eum
1113 2474 1273 2507 restituat:
1298 2475 1326 2506 ὅ(
1347 2475 1551 2506 nihilominus
1569 2477 1600 2507 in
1618 2486 1702 2515 rem,
1722 2477 1771 2508 vel
1788 2478 1828 2509 ad

956 2515 1173 2547 exhibendum
1185 2540 1194 2554 ,
1212 2517 1261 2546 vel
1274 2515 1293 2547 si
1307 2525 1374 2555 quae
1394 2517 1452 2547 alia
1469 2517 1497 2547 ei
1518 2525 1681 2558 competat
1696 2518 1777 2550 aCtio
1789 2521 1829 2550 ad

955 2566 1027 2588 eum
1046 2558 1281 2597 recipiendum,
1306 2558 1428 2598 integra
1445 2558 1473 2588 ei
1491 2559 1543 2598 qui
1563 2560 1626 2590 vim
1644 2559 1744 2600 passus
1761 2560 1825 2599 est,

955 2597 1146 2631 servabitur:
1172 2599 1212 2630 ita
1238 2606 1271 2629 ut
1289 2597 1310 2629 fi
1328 2599 1476 2630 dominus
1493 2609 1564 2632 eum
1581 2609 1713 2642 quoquo
1729 2603 1829 2633 modo

955 2641 1132 2679 receperit,
1151 2641 1176 2671 is
1192 2640 1293 2679 quiex
1311 2639 1512 2677 stipulatione
1528 2644 1756 2682 conveniatur,
1773 2653 1829 2674 ex-

955 2683 1108 2720 ceptione
1126 2689 1211 2711 tutus
1228 2680 1293 2711 fiat.
1338 2681 1417 2712 Haec
1434 2681 1504 2722 post
1521 2685 1830 2720 condemnationem

957 2721 1120 2762 Ulpianus.
1144 2722 1164 2753 fi
1180 2729 1285 2753 autern
1301 2731 1373 2753 ante
1385 2722 1569 2756 sententiam
1581 2725 1679 2757 homo
1697 2726 1831 2757 sinedoo

955 2763 987 2794 10
1005 2763 1088 2794 malo
1112 2763 1139 2793 ἃ
1159 2764 1251 2797 culoa
1274 2772 1416 2795 mortuus
1438 2764 1553 2797 fuerit:
1576 2767 1757 2804 tenebitur,
1780 2767 1827 2796 in·

957 2805 1044 2843 quit3
1062 2804 1090 2834 ὅ(
1104 2803 1167 2834 hoc
1186 2804 1221 2835 fit
1238 2805 1284 2836 his
1296 2804 1395 2837 Editti
1413 2807 1536 2845 vei-bis,
1554 2808 1660 2850 Neque
1674 2818 1705 2839 ea
1720 2817 1762 2837 res
1779 2816 1825 2837 cir-

956 2846 1038 2875 ln‘trz’o
1048 2845 1176 2888 J'udicis
1193 2844 1367 2885 restituetur.
1391 2846 1491 2879 Hisce
1510 2849 1618 2889 positis
1635 2859 1711 2880 mox
1728 2848 1825 2879 ficin-

956 2885 1039 2917 fert:
1067 2885 1151 2926 Ergo
1168 2886 1187 2918 fi
1205 2888 1235 2918 in
1250 2887 1325 2929 fuga
1340 2888 1376 2920 fit
1392 2888 1497 2921 servus
1515 2890 1579 2921 fine
1598 2890 1675 2920 dolo
1692 2889 1775 2920 malo
1793 2889 1824 2919 δε

955 2928 1048 2966 culpa
1067 2928 1131 2967 ejus
1155 2937 1225 2960 cum
1253 2938 1317 2969 quo
1341 2931 1462 2972 agitur:
1487 2932 1661 2962 cavendum
1686 2929 1747 2960 effe
1768 2938 1826 2969 per

954 2968 1119 3008 Judicein,
1143 2978 1176 3000 ut
1193 2979 1263 3002 eum
1283 2971 1404 3004 servum
1422 2972 1606 3012 persecutus
1625 2971 1746 3001 reddat.
1782 2970 1825 3002 Et

955 3017 1054 3049 porro
1071 3008 1214 3051 subjicit:
1238 3012 1293 3043 Sed
1315 3012 1390 3052 &fi
1415 3024 1471 3044 non
1489 3013 1571 3052 culpa
1587 3014 1621 3042 ab
1639 3021 1667 3041 eo
1687 3021 1752 3041 cum
1768 3021 1824 3053 quo

954 3052 1070 3091 agitur,
1085 3053 1174 3083 aberit
1187 3077 1195 3092 ,
1204 3052 1234 3091 fi
1249 3061 1343 3085 tamen
1358 3057 1489 3095 peritura
1503 3063 1545 3083 res
1560 3053 1710 3091 nonfuit,
1726 3052 1749 3087 si
1766 3063 1823 3084 me-

954 3096 1017 3122 tum
1033 3102 1088 3123 non
1102 3094 1291 3135 adbibuzffet:
1317 3098 1459 3127 tenebitur
1481 3103 1554 3125 reus.
1600 3093 1651 3124 Sic
1668 3094 1754 3125 recte
1770 3094 1824 3125 ha-

953 3132 1031 3165 bent
1047 3143 1158 3168 omnes
1179 3136 1267 3168 libri:
1294 3137 1348 3168 nili
1373 3136 1459 3177 quod
1487 3138 1515 3165 in
1542 3135 1732 3174 quibusdam
1756 3136 1821 3178 est,

951 3175 1070 3208 obierit:
1094 3179 1262 3217 quomodo
1277 3180 1370 3209 etiarn
1397 3179 1540 3216 legerunt
1563 3175 1692 3209 Graecii
1715 3180 1750 3208 ut
1766 3178 1823 3208 dus

948 3216 1032 3250 'dum
1044 3217 1228 3251 observavit
1240 3219 1401 3259 ‚lohannes
1419 3216 1634 3250 Lcunclavius
1651 3219 1698 3251 lib.
1709 3229 1736 3250 2.
1756 3219 1821 3250 No-

1778 3267 1823 3290 tsi»-
