2036 3495
151 125 197 158 49
577 106 610 143 G
641 118 662 144 Β
694 116 717 140 n
752 116 773 140 Α
803 117 826 140 R
858 114 882 139 D
914 113 928 140 1

156 199 263 239 sensu3
285 208 358 232 cum
386 207 452 230 non
475 205 555 234 opus
571 195 617 226 est
633 194 739 225 verbis
757 192 845 235 ipfis:
868 200 904 225 ut
921 193 1029 225 multis

159 242 284 281 probari
309 239 428 280 pollet,
453 237 506 268 nifi
530 244 643 267 notum
659 234 748 266 effet.
794 234 919 266 Locum
936 235 1031 275 igitur

157 284 255 314 habet
279 280 382 312 Edisti
401 287 516 318 poena,
539 275 561 308 fi
578 275 631 316 qui
648 274 870 316 Magistratum
890 274 1030 307 Potesta-

159 332 268 355 semve
279 319 517 359 habebit‚quid
532 317 609 349 novi
624 316 698 357 iuris
714 326 745 348 in
762 317 900 357 aliquem
918 316 1032 348 statue-

158 366 213 396 rit.
257 360 441 401 Appellatio
465 358 672 399 Magistratus
690 359 820 398 proprie
837 358 977 398 pertinet
994 358 1033 389 ad

158 401 365 443 Magistratus
386 400 549 432 Urbanos:
575 400 627 440 qui
652 408 710 439 per
733 399 959 431 excellentiam
976 409 1029 438 ap-

158 444 317 485 pellantur
333 442 449 482 Populi
469 441 605 473 Romani
620 439 842 481 Magistratus3
865 450 971 481 coque
988 440 1031 471 se·

155 491 306 526 parantur
327 493 343 514 a
369 482 619 524 provincialibus
636 482 655 513 l.
678 491 724 514 12.
749 482 791 513 D.
808 483 840 512 cle
855 482 1029 520 accusation.

156 527 210 567 qui
227 525 357 566 proprie
374 534 438 556 non
454 532 517 556 tam
537 522 741 564 Magistratus
757 522 845 561 sunt,
859 531 955 562 quam
972 531 1031 562 pro

156 565 398 607 Magistratibus
423 565 600 606 funguntur
618 575 628 603 ;
650 565 758 605 itaque
780 563 1031 602 I’ro2Consule,

157 609 188 640 dt
206 608 268 640 Pro
279 607 421 640 Praetore
436 607 654 648 appellantur3
670 615 742 636 cum
759 606 788 637 in
805 604 895 636 Urbe
913 614 1030 636 vocen-

157 659 209 681 tur
228 648 380 681 Consules
400 649 431 680 &
448 649 615 681 Praetores.
668 646 872 687 Magistratus
889 647 984 687 igitur
999 647 1031 678 in

156 690 276 723 Edicto
300 690 346 723 est
370 689 518 722 Urbanus
541 687 761 730 Magistratus:
786 687 930 720 Potestas
957 697 1031 728 pro-

159 733 325 765 vincialis:
348 740 382 764 ut
406 733 436 763 in
463 731 483 762 l.
509 740 555 771 ¹3·
578 730 607 772 §.
628 739 653 762 1.
670 729 714 761 D.
736 728 977 771 dejurisdiezion.
1001 728 1033 760 &

158 774 243 816 apud
260 773 447 806 Suetonium
459 795 469 811 ,
494 772 614 804 Claudio
631 782 654 802 c.
674 781 724 811 23.

201 815 331 848 Deinde
349 815 393 846 ait
407 814 529 846 Praetor
539 837 548 853 ,
563 814 596 844 Si
611 813 721 854 quiam
737 812 859 854 aliquem
873 813 943 844 novi
952 812 1034 854 juris

153 856 308 899 statuerit,
331 856 452 888 Praetor
467 864 586 887 novum
607 862 704 885 vocat
718 855 766 894 jus
784 854 872 895 quod
892 853 937 885 est
953 852 1035 886 inso-

159 900 274 938 litum;
290 898 481 936 videturque
496 896 529 928 id
547 896 671 928 trahere
689 895 720 927 in
739 896 880 936 pejorem
898 903 1031 935 partem.

158 941 297 981 proinde
315 939 403 979 quod
419 938 552 970 Praetori
570 937 615 969 est
630 937 771 975 Novum,
795 935 949 976 Ulpianus
972 936 1033 968 Ini-

158 991 251 1024 quum
267 983 347 1013 dixit
361 981 380 1013 l.
396 991 425 1022 3.
444 979 485 1011 D.
504 979 532 1011 h.
549 984 570 1010 t.
594 978 711 1019 quue
730 977 818 1009 sensu
835 978 972 1017 Cicero,
985 979 1032 1009 lib.

158 1033 190 1065 3.
207 1024 239 1054 in
256 1022 392 1061 Verrem,
417 1021 569 1059 Veniunt,
584 1020 707 1061 inquit,
723 1021 761 1050 ad
777 1019 973 1051 Chelidonem:
987 1021 1034 1050 do·

162 1074 228 1096 mus
241 1070 304 1095 erat
314 1064 421 1105 plena,
445 1072 522 1094 nova
534 1062 625 1104 jura,
650 1071 728 1092 nova
744 1062 873 1100 decreta,
897 1070 973 1092 nova
985 1061 1034 1102 ju-

159 1107 237 1138 dicia
249 1103 481 1147 postulabantur.
498 1103 647 1135 Similiter
657 1101 792 1134 Tacitus
807 1102 855 1133 lib.
874 1111 902 1133 2.
920 1101 1033 1133 Annal.

162 1159 187 1179 c.
203 1157 254 1189 30.
293 1146 377 1192 Quia
392 1153 486 1177 vetere
502 1143 753 1179 senatusconsulto
773 1141 886 1185 quaeflio
901 1144 933 1173 in
949 1149 1035 1183 caput.

163 1189 273 1221 domini
281 1189 504 1229 prohibebatur,
527 1186 663 1218 callidum
683 1184 719 1219 ὅ)
739 1186 809 1216 novi
818 1185 898 1225 juris
913 1190 1035 1224 reperto-

164 1240 225 1262 rem
243 1229 389 1261 Tiberium
398 1229 560 1269 mancipari
563 1226 696 1269 fingulos
713 1225 803 1258 αὲἶονί
814 1225 926 1266 publico
938 1224 1035 1266 juffis-

154 1272 189 1314 se
208 1295 218 1311 ,
240 1277 273 1302 ut
296 1273 328 1302 in
351 1271 490 1301 Libonem
511 1278 548 1301 ex
565 1269 657 1308 servis
672 1268 758 1306 solvo
784 1267 1037 1308 Senatusconsulto

160 1318 346 1355 quereretur.

205 1355 309 1387 Porro
326 1354 388 1389 ait,
404 1352 557 1384 statuerit.
581 1350 656 1383 Hoc
674 1350 828 1389 verbum,
843 1350 964 1390 inquit,
982 1350 1036 1381 Ul-

161 1396 274 1437 pianus
290 1395 310 1429 l.
331 1404 356 1426 1.
375 1394 402 1436 ᾗ.
419 1404 447 1425 2.
463 1393 507 1425 D.
526 1394 554 1424 b.
570 1398 592 1424 t.
621 1401 694 1423 cum
709 1391 826 1424 effectu
844 1391 1035 1431 accipimus,

162 1447 229 1470 non
247 1436 459 1468 verbotenus:
483 1435 513 1466 &
537 1434 613 1465 ideo
632 1432 654 1464 fi
672 1442 745 1465 cum
762 1433 861 1465 vellet
879 1432 1036 1471 statuere,

162 1478 344 1520 prohibitus
368 1475 404 1508 fit
421 1498 431 1514 ,
453 1484 514 1507 nec
537 1474 689 1506 effectum
716 1476 882 1506 decretum
905 1473 1036 1512 habuit,

160 1519 257 1551 cess'at
279 1517 438 1549 Ediuum.
471 1524 543 1548 nam
565 1515 681 1546 Statuit
699 1516 832 1547 verbum
849 1523 916 1547 rem
932 1514 1037 1556 perfe-

159 1561 239 1593 ctam
265 1558 423 1599 designat,
447 1557 477 1589 &
503 1556 752 1588 consummatam
778 1556 919 1596 injuriam
936 1579 946 1595 ,
970 1565 1036 1588 non

160 1609 313 1641 coeptam.
341 1599 492 1638 Ulpianus
507 1598 540 1629 id
551 1598 704 1638 exemplo
719 1598 860 1629 declarat
871 1598 977 1629 verbis
993 1597 1037 1629 se-

162 1642 354 1684 quentibus:
378 1640 421 1672 Et
439 1640 513 1672 ideo
531 1640 615 1671 inter
631 1649 688 1670 eos
707 1640 760 1679 qui
777 1639 894 1670 dixerit
909 1639 978 1680 jus,
993 1639 1036 1670 in-

161 1692 210 1716 ter
233 1692 315 1724 quos
336 1681 588 1723 Jurisdifflonem
611 1690 678 1712 non
705 1681 842 1719 habuit,
864 1680 1036 1721 (quoniam

162 1735 223 1768 pro
247 1724 337 1756 nullo
361 1723 426 1754 hoc
450 1723 604 1760 habetur,
627 1731 688 1753 nec
712 1721 757 1753 est
779 1722 839 1753 ulla
863 1721 1039 1762 sententia)

161 1766 280 1799 cessare
311 1764 460 1796 EdiCkum
484 1770 641 1804 putamus.
685 1762 780 1795 Hanc
805 1763 892 1795 addit
915 1762 1037 1794 causam

159 1809 323 1848 Ulpianus.
371 1805 455 1850 Quid
476 1805 552 1836 enim
569 1803 657 1845 officit
682 1810 820 1843 conatus,
842 1814 908 1835 cum
924 1805 1038 1846 injuria

161 1849 278 1882 nullum.
296 1848 429 1879 habuerit
447 1845 607 1887 effestum?
629 1846 681 1876 Sic
698 1846 852 1886 Ulpianus
875 1847 902 1877 cl.
920 1845 948 1887 §.
968 1856 996 1877 2.
1018 1845 1037 1877 l.

162 1901 200 1924 1:
224 1899 284 1922 nec
301 1889 433 1925 dubito,
458 1889 533 1928 quin
552 1887 653 1919 statim
672 1896 730 1926 pro
749 1887 901 1918 ulteriore
916 1888 1040 1918 ratione

160 1932 270 1973 subjici
289 1931 406 1963 debeat
424 1930 488 1961 boc
504 1938 544 1960 ex
559 1928 577 1960 l.
592 1933 638 1963 18.
650 1927 689 1959 D.
706 1929 739 1959 de
750 1929 862 1968 poenis,
885 1929 1039 1969 Cogitatio·

160 1975 207 2007 nis
223 1981 335 2014 paenam
348 1981 427 2003 nemo
440 1971 566 2011 patitur.
611 1969 666 2001 Est
686 1970 771 2001 enim
794 1978 831 2000 ea
850 1970 900 2001 lex
918 1979 959 2001 ex
985 1970 1037 2001 Ul-

162 2016 247 2056 piani
264 2015 311 2045 lib.
331 2024 360 2054 3.
399 2012 449 2043 Ad
465 2011 633 2043 Editstum:
657 2020 697 2042 ex
715 2019 780 2051 quo
800 2010 844 2042 est
860 2011 879 2042 l.
901 2019 925 2042 1.
945 2010 991 2043 D.
1010 2011 1038 2042 h.

164 2063 188 2089 t.
225 2056 356 2088 Poenam
373 2062 480 2086 autem
497 2053 641 2094 intellige
659 2062 699 2084 ex
715 2052 779 2083 hoc
795 2051 930 2084 EdiCto:
954 2059 990 2083 ut
1006 2052 1040 2084 in

163 2098 183 2134 l.
200 2107 229 2138 3.
249 2096 279 2138 §.
296 2106 326 2128 2.
345 2095 381 2130 ὅ)
396 2096 416 2126 l.
429 2095 484 2126 ult.
501 2093 544 2126 D.
562 2094 588 2125 h.
606 2100 626 2125 t.
643 2093 810 2135 Cogitatio
828 2103 907 2125 vero
925 2094 957 2125 in
972 2094 1001 2125 d.
1017 2093 1038 2125 l.

164 2144 212 2174 18.
237 2147 302 2170 non
319 2136 365 2168 est
380 2136 510 2176 simplex
528 2135 702 2177 cogitatio:
733 2134 786 2166 sed
804 2143 958 2174 conatus,
986 2134 1038 2166 seu

163 2180 311 2212 voluntas
328 2188 369 2210 ex
386 2177 620 2210 deliberatione
645 2178 797 2216 decreta,
822 2175 877 2208 etii
895 2174 1038 2208 consum-

162 2222 338 2255 mationem
355 2229 420 2252 non
438 2219 601 2259 acceperit
617 2217 757 2258 semper:
783 2225 817 2250 ut
833 2219 916 2258 apud
932 2218 1038 2257 Ulpia-

163 2273 239 2296 num
255 2262 275 2294 l.
291 2272 322 2303 3.
339 2261 368 2303 §.
383 2271 412 2303 3.
429 2261 460 2292 in
471 2259 530 2300 fin.
548 2260 587 2291 D.
603 2261 636 2290 de
653 2260 803 2291 Senatusc.
823 2260 943 2290 Maced.
962 2259 1037 2290 Sue-

163 2305 289 2337 tonium
308 2303 373 2334 Cati
394 2303 431 2334 ul.
451 2312 473 2334 c.
492 2311 540 2334 12.
557 2301 586 2333 &
602 2311 624 2333 c.
643 2306 691 2341 48.
718 2304 795 2333 item
817 2300 965 2333 Curtium
986 2301 1034 2332 lib.

162 2350 193 2378 6.
212 2357 234 2378 c.
256 2354 300 2377 11.
319 2343 355 2379 ἃ
383 2345 420 2375 ib.
439 2348 468 2378 8.
485 2353 509 2374 c.
525 2346 553 2374 6.
579 2343 678 2383 qualis
695 2350 831 2374 conatus
846 2341 898 2374 seu
917 2342 1036 2383 cogita-

164 2389 211 2418 tio
230 2387 301 2425 hic,
318 2393 353 2417 ut
369 2386 443 2417 alibi
460 2386 491 2416 in
509 2384 684 2417 levioribus
704 2384 827 2416 delictis
843 2384 1036 2425 negligitur3

164 2428 221 2460 etfi
238 2430 268 2460 in
287 2427 501 2459 atrocioribus
516 2435 582 2458 non
600 2426 716 2458 habeat
731 2426 867 2458 veniam.
893 2426 955 2457 Sed
972 2425 1035 2457 hoe

160 2470 222 2511 J‘am
238 2468 421 2500 observavit
436 2468 583 2509 CuJacius
600 2469 647 2499 lib.
663 2477 716 2509 .15.
737 2467 857 2507 Observ.
875 2477 900 2499 c.
922 2477 971 2507 25.

204 2510 282 2542 Vult
298 2510 391 2551 igitur
409 2509 550 2542 Praetor:
567 2517 602 2541 ut
617 2508 820 2550 Magistratus
838 2509 956 2540 eodem
972 2516 1037 2540 uta-

166 2559 218 2583 tur
231 2552 298 2591 jure
315 2552 402 2591 quod
420 2551 527 2583 statuit
544 2561 618 2592 erga
628 2551 726 2583 alios:
743 2548 915 2590 praesertim
928 2550 948 2582 fi
961 2550 1037 2590 quid

163 2593 241 2625 novi
266 2592 341 2631 juris
365 2593 428 2633 ipse
452 2593 562 2625 effecit
581 2592 682 2624 sciens
699 2592 777 2623 dolo
795 2593 890 2623 malo.
922 2600 993 2623 nam
1016 2590 1036 2622 fi

160 2631 325 2666 Affessoris
340 2644 447 2665 errore
463 2642 516 2666 aut
527 2633 741 2676 imprudentia
756 2633 900 2673 aliter-Jus
916 2633 1035 2664 distum

162 2674 221 2714 fit,
246 2682 339 2715 quam
355 2676 518 2715 oportuit3
540 2678 583 2707 ait
599 2675 731 2713 Paulus,
755 2684 820 2706 non
836 2674 954 2706 debere
972 2674 1036 2705 hoc

163 2715 364 2758 Magistratui
381 2715 656 2755 officere,sedipfi
666 2715 810 2749 Affessori
826 2716 846 2748 l.
858 2726 886 2747 2.
907 2715 950 2747 D.
969 2717 996 2746 b.
1016 2720 1038 2746 t.

164 2758 196 2790 &
212 2757 316 2790 recte:
340 2765 430 2794 narn,
454 2766 488 2787 ut
504 2757 626 2790 ostendi
640 2759 686 2790 lib.
708 2767 734 2789 ι.
753 2757 800 2788 De
811 2758 918 2799 jurisd.
936 2756 972 2791 δ’
989 2759 1039 2788 im·

157 2806 223 2841 per.
239 2809 263 2830 c.
285 2807 337 2836 10,
363 2796 521 2830 Affefforis
547 2799 689 2831 officium
712 2798 778 2838 est,
799 2799 848 2839 Jus
872 2798 1039 2840 suggerere

163 2839 388 2882 Magistratui,
411 2837 489 2869 ficut
513 2838 541 2869 se
556 2840 629 2879 juris
648 2839 830 2873 Studiosum
850 2840 1038 2881 profitetur,

167 2883 197 2914 ἃ
215 2882 275 2913 hac
291 2880 415 2912 ratione
432 2882 462 2910 iu
480 2878 651 2913 Consilium
667 2881 836 2914 adhibetur
855 2882 873 2914 l.
899 2890 924 2915 1.
943 2881 987 2913 D.
1006 2882 1040 2912 de

166 2922 238 2965 offic.
257 2921 388 2963 Affeffor.
407 2919 443 2955 ἃ
460 2920 480 2951 l.
500 2929 526 2952 1.
546 2920 579 2952 C.
596 2924 653 2953 eoa'.
672 2925 718 2954 tit.
742 2922 948 2964 Magistratus
964 2931 1039 2954 con·

166 2973 214 2996 tra
232 2965 329 3006 magis
346 2971 523 3000 armorum,
539 2970 638 3006 *quam
657 2964 779 3004 legum,
803 2965 946 3003 peritiam
967 2973 1040 3005 pro-

164 3006 295 3045 fitetur3
321 3004 351 3036 ἂ
364 3013 436 3035 cum
449 3004 496 3044 jus
514 3003 610 3041 dicit,
628 3011 749 3036 tantum
766 3005 954 3037 Ass'efforum
971 3015 1038 3036 ver-

165 3047 206 3078 ba
222 3047 423 3088 pronunciat.
455 3043 533 3076 Non
549 3053 628 3084 opus
643 3045 724 3075 aliis:
748 3046 832 3077 clare
849 3046 966 3078 Cicero
984 3047 1039 3078 Pro

166 3089 289 3120 Plancio
309 3094 371 3129 cap.
390 3097 440 3126 25.
466 3085 503 3117 In
522 3082 770 3126 Magistratibus,
794 3087 917 3127 inquit,
934 3087 963 3126 fi
981 3097 1040 3129 qua

168 3127 207 3170 est
223 3140 288 3166 τινες
306 3129 433 3169 Populus
448 3127 597 3159 Romanus
608 3126 701 3165 facile
712 3128 844 3166 pazitur:
856 3128 905 3164 fin
923 3130 1038 3168 minus,

166 3171 276 3202 virtute
299 3180 394 3201 eorum
416 3168 453 3204 &³
471 3169 634 3200 innocentia
655 3173 805 3198 contentus
821 3165 869 3206 eft.
894 3175 997 3208 quotus
1012 3179 1039 3200 e.

165 3213 225 3244 nim
242 3213 361 3254 quisque
377 3211 516 3253 distmus,
531 3210 754 3252 quotusquirque
761 3208 959 3250 jurisperitus
974 3208 1038 3250 eft?

986 103 1252 145 Νοορτ
1309 103 1582 139 CouM.'

1072 193 1172 235 Igitur
1186 193 1274 234 quod
1284 192 1522 234 Magistratibus
1537 191 1624 224 deest
1639 191 1722 223 circa
1732 192 1835 234 legum
1848 202 1884 227 ac
1896 193 1955 236 iud

1072 236 1114 266 ris
1129 235 1388 276 intelligentiam,
1404 235 1470 266 hoc
1485 233 1556 274 quia
1567 232 1753 265 Assessorum
1770 237 1945 274 prudentiae

1076 276 1262 316 peritiaeque
1278 276 1538 314 commendatur,
1554 274 1600 306 est
1615 276 1744 316 quidem
1757 274 1956 317 Magistrati)

1075 317 1134 348 bus
1157 316 1294 357 ipsorum
1320 318 1413 349 dolus
1438 317 1659 358 imputandus:
1687 316 1739 347 sed
1761 317 1836 356 juris
1858 320 1957 350 errot'

1076 366 1173 398 atque
1190 359 1403 398 imprudentia
1426 368 1491 391 non
1512 358 1543 389 in
1560 358 1642 397 illis‘,
1665 356 1719 390 sed
1741 357 1776 389 inv
1791 357 1955 390 Affefforia

1074 399 1133 431 bus
1150 401 1360 432 coercendus.
1594 416 1608 423 ·
1917 414 1921 417 -

1113 439 1163 471 Ex
1175 439 1404 481 superioribus,
1420 447 1455 472 ut
1470 440 1506 472 fit
1525 441 1620 472 etiarn
1639 441 1695 472 alia
1712 439 1849 471 nascitur
1865 449 1955 480 quaeae

1074 481 1151 512 stio:
1172 480 1193 513 si
1217 480 1299 512 filius
1326 491 1415 514 meus
1439 483 1468 514 in
1495 482 1683 523 Magistratu
1706 482 1816 512 incidit
1835 482 1865 513 in
1883 481 1949 513 hoc

1073 522 1239 555 Edictum:
1256 531 1293 554 an
1309 524 1339 554 in
1359 523 1406 555 his
1421 523 1597 555 actionibus
1614 532 1689 564 quas
1702 532 1742 554 ex
1758 524 1823 562 eius
1841 522 1947 562 perso-

1074 571 1113 595 na
1129 564 1283 602 intendo,
1300 564 1375 595 huic
1390 564 1505 596 Editio
1524 566 1614 597 locus
1633 564 1693 596 sit?
1710 565 1771 595 Sed
1782 573 1845 595 non
1857 572 1948 604 putat

1074 603 1230 644 Ulpianus
1248 604 1268 636 l.
1284 614 1313 645 3.
1331 605 1402 646 §.4
1422 605 1461 638 D.
1474 606 1534 638 h.t.
1552 607 1582 638 δι
1600 605 1681 638 hanc
1691 604 1796 638 adfert
1812 604 1951 638 causam:

1074 645 1127 678 Ne
1143 654 1214 677 mea
1229 645 1374 677 conditio
1391 647 1531 679 deterior
1549 647 1614 679 fiat.

1087 703 1090 705 Δ
1118 687 1151 719 ln
1171 685 1311 718 secundo
1326 685 1430 720 Edicu
1448 690 1552 729 capite
1570 689 1757 730 punituris,
1773 689 1827 730 qui
1841 688 1890 729 jus
1905 688 1950 720 in-

1074 730 1184 769 iquum
1201 726 1346 760 adversus
1358 729 1497 769 aliquem
1514 731 1685 770 postulavit
1695 730 1827 764 &modo
1844 731 1877 761 id
1894 731 1951 762 im·

1075 769 1354 817 peti-averit3nam
1372 768 1413 801 fic
1430 771 1621 812 aitPraetor,
1640 773 1674 803 Si
1687 772 1800 814 aliquid
1815 773 1886 803 novi
1896 772 1950 812 ju-

1076 814 1116 844 ris
1133 812 1298 843 obtinuerit.
1322 820 1393 843 vrce
1405 812 1499 844 etiam
1517 812 1603 844 versa
1619 813 1789 846 obtinuisse
1804 823 1870 845 non
1889 812 1954 844 suf-

1077 852 1165 891 ficit,
1182 852 1237 884 nili
1257 852 1476 893 postulaverit.
1500 852 1576 885 Hoc
1590 854 1737 886 observat
1754 854 1911 895 Ulpianus
1930 854 1954 887 l.

1076 905 1104 936 3.
1124 893 1167 926 D.
1186 894 1212 926 h.
1234 899 1255 924 t.
1272 894 1316 925 ait
1334 894 1416 925 enim
1428 917 1437 934 ,
1455 894 1474 925 si
1493 895 1562 934 quis
1578 896 1720 936 iniquum
1735 896 1783 937 jus
1800 897 1953 936 impetra-

1075 938 1159 968 verit
1183 935 1329 968 adversus
1351 935 1504 976 aliquem:
1529 938 1571 967 ita
1590 937 1727 968 demum·
1744 947 1785 969 eo
1800 938 1867 977 jure
1884 938 1953 975 uti,

1077 977 1099 1010 fi
1117 978 1179 1009 hoc
1197 977 1322 1009 venerit
1340 986 1397 1017 per
1419 977 1484 1018 ejus
1507 978 1764 1017 postulationem.
1797 987 1952 1011 caeterum

1077 1019 1099 1051 fi
1113 1019 1179 1060 ipso
1197 1028 1262 1051 non
1278 1018 1477 1060 postulante,
1501 1018 1702 1060 Magistratus
1719 1020 1826 1061 inique
1842 1021 1889 1060 ius
1906 1021 1954 1052 di-

1078 1061 1182 1100 xerit,
1205 1069 1271 1092 non
1288 1061 1455 1093 coerceri:
1478 1061 1550 1101 quia
1566 1070 1629 1092 non
1645 1061 1792 1101 deliquit.
1818 1062 1911 1100 quid,
1927 1060 1950 1093 fi

1077 1103 1261 1143 impetravit
1274 1102 1320 1142 jus
1336 1102 1499 1142 iniquum,
1519 1101 1570 1134 sed
1586 1111 1627 1133 eo
1643 1111 1709 1134 non
1726 1101 1771 1134 est
1787 1101 1883 1134 usus?
1907 1104 1953 1134 ait

1082 1143 1231 1184 Ulpianus
1250 1144 1278 1174 d.
1289 1143 1308 1175 l.
1319 1153 1348 1184 3.
1366 1143 1527 1183 sufficere,
1544 1143 1734 1185 impetrasse.
1751 1153 1822 1175 nam
1837 1143 1901 1175 five
1917 1153 1953 1174 u·

1078 1184 1127 1217 sus
1142 1185 1186 1216 est
1200 1185 1268 1225 jure
1285 1185 1416 1225 iniquo,
1440 1184 1501 1226 (lic
1518 1186 1608 1226 lege,
1624 1186 1743 1227 iniquo,
1760 1194 1952 1225 quamquam

1079 1227 1197 1268 ubique
1212 1226 1257 1258 est
1266 1226 1382 1268 aliquo)
1396 1225 1461 1258 five
1475 1226 1676 1266 impetravit,
1694 1234 1727 1257 ut
1740 1235 1898 1263 uteretur,
1915 1227 1953 1258 li-

1078 1275 1132 1299 cet
1156 1267 1226 1299 usus
1244 1277 1309 1299 non
1332 1267 1386 1306 fit,
1409 1267 1474 1299 hoc
1491 1267 1608 1299 Edicto
1626 1268 1740 1307 puniri.
1786 1267 1828 1299 Et
1844 1268 1952 1301 reste:

1079 1310 1152 1350 quia
1168 1308 1289 1340 Praetor
1305 1310 1343 1340 ad
1356 1318 1485 1350 poenam
1495 1309 1573 1340 nihil
1585 1308 1757 1349 desiderat,
1774 1308 1829 1341 nifi
1841 1317 1875 1340 ut
1892 1309 1953 1340 ob-

1079 1349 1217 1382 tinuerit.
1244 1349 1373 1382 lnterim
1393 1357 1525 1391 oportet
1540 1350 1602 1382 effe
1617 1349 1810 1391 postulatum
1826 1351 1865 1382 ab
1881 1350 1953 1391 ipso

1079 1392 1133 1432 qui
1149 1391 1278 1432 punitur
1294 1392 1358 1423 hoc
1374 1391 1502 1424 Edicto.
1525 1390 1578 1423 fac
1594 1398 1719 1432 tamen,
1733 1401 1798 1424 non
1813 1401 1882 1431 me,
1898 1391 1952 1425 sed

1079 1441 1320 1474 procuratorem
1336 1442 1443 1465 meum
1458 1432 1597 1474 petiiss'e:
1613 1441 1685 1465 uter
1702 1433 1818 1465 eodem
1833 1433 1901 1474 jure
1917 1442 1953 1463 u-

1079 1482 1183 1514 tetur;
1202 1483 1411 1516 procurator,
1434 1484 1472 1506 an
1490 1475 1576 1515 ego?
1599 1474 1651 1506 sed
1669 1482 1760 1515 putat
1773 1474 1961 1515 Pomponi:

1079 1525 1133 1555 us,
1149 1525 1212 1547 non
1229 1516 1331 1557 puniri
1348 1523 1610 1557 procuratorem:
1627 1518 1700 1556 quia
1717 1515 1793 1548 nibil
1812 1516 1900 1547 cedit
1920 1525 1952 1547 e-

1077 1558 1125 1598 jus
1150 1558 1344 1595 commodo,
1367 1556 1420 1589 nili
1446 1557 1482 1589 fit
1504 1558 1536 1589 in
1560 1566 1627 1588 rem
1651 1555 1733 1588 suam
1750 1564 1953 1598 procura-tor.

1079 1599 1177 1640 magis
1194 1607 1303 1639 putat,
1318 1607 1370 1630 me
1387 1599 1504 1638 puniri:
1526 1598 1624 1638 idque
1639 1598 1756 1637 probat
1775 1596 1950 1638 Ulpianus3

1080 1641 1191 1681 utique
1208 1639 1228 1671 fi
1248 1639 1312 1671 hoc
1334 1640 1365 1671 ei
1382 1640 1558 1680 specialiter
1574 1639 1738 1677 mandavi,
1762 1647 1796 1670 ut
1814 1639 1952 1679 postula-

1079 1689 1148 1720 ret,
1165 1681 1216 1712 vel
1233 1689 1333 1713 ratum
1352 1681 1465 1720 habui,
1479 1681 1566 1720 quod
1583 1679 1764 1722 postulavit.
1786 1689 1850 1712 non
1866 1681 1953 1712 idem

1080 1722 1143 1754 effe
1161 1723 1264 1763 inquit
1279 1724 1309 1753 in
1329 1730 1454 1761 tutore,
1478 1730 1531 1753 aut
1548 1729 1696 1753 curatore
1717 1721 1826 1753 furiosi
1850 1722 1901 1753 vel
1924 1731 1956 1753 a·

1081 1763 1284 1796 dolescentis.
1303 1763 1354 1795 sed
1373 1763 1394 1795 fi
1412 1764 1463 1794 hic
1480 1763 1706 1804 postulaverit:
1729 1763 1904 1794 convenire
1920 1772 1957 1794 u·

1082 1806 1189 1877 tilitatdi
1213 1806 1345 1888 ‘pupign
1370 1813 1511 1837 tutorem
1527 1804 1626 1846 ipsum
1652 1804 1716 1837 hoc
1732 1804 1847 1837 Edicto
1863 1807 1956 1837 coer-

1082 1856 1146 1879 ceri
1191 1871 1198 1878 .
1226 1871 1232 1879 .
1250 1857 1278 1887 3.
1318 1871 1324 1877 .
1346 1855 1371 1878 1.

1121 1888 1223 1919 Porro
1247 1890 1290 1919 ait
1314 1888 1454 1927 Praetor,
1480 1888 1662 1931 Quandoque
1671 1886 1769 1929 postea
1785 1888 1954 1928 adversario

1081 1929 1143 1970 ejus
1157 1928 1337 1970 postulante,
1353 1931 1444 1961 eodem
1457 1930 1525 1971 jure
1541 1930 1678 1966 adversus
1694 1939 1758 1961 eum
1774 1930 1952 1961 decernetur.

1080 1971 1131 2003 Ex
1149 1971 1197 2003 bis
1216 1971 1320 2002 verbis
1336 1979 1487 2012 apparet,
1505 1971 1594 2012 huJ'us
1612 1970 1716 2002 EdiCti
1733 1980 1861 2011 poenam
1880 1978 1948 2002 tum

1082 2013 1209 2044 demum
1228 2013 1389 2052 exerceri,
1413 2011 1434 2043 si
1458 2014 1528 2052 quis
1550 2021 1620 2044 eam
1644 2012 1783 2053 postulet
1805 2011 1954 2043 adversus

1082 2063 1154 2085 eum
1179 2053 1232 2095 qui
1256 2053 1303 2094 jus
1324 2054 1466 2094 iniquum
1489 2054 1681 2092 impetravit.
1712 2053 1800 2094 quod
1817 2052 1838 2085 fi
1855 2062 1955 2085 nemo

1081 2105 1151 2127 eam
1167 2094 1307 2136 postulet
1323 2094 1470 2127 adversus
1487 2094 1587 2136 ipsum
1605 2118 1615 2134 ‚
1635 2095 1793 2136 integrum
1810 2095 1838 2126 ei
1855 2094 1956 2126 serva-

1080 2138 1105 2168 ri
1126 2137 1175 2177 jus
1198 2145 1382 2168 commune.
1410 2145 1560 2168 caeterum
1583 2135 1604 2168 fi
1628 2137 1698 2176 quis
1716 2136 1806 2168 volet
1829 2135 1888 2167 hac
1907 2136 1953 2167 uti

1081 2186 1194 2219 poena:
1217 2177 1294 2209 nihil
1311 2177 1431 2217 refert,
1454 2178 1552 2218 qualis
1569 2177 1594 2209 is
1611 2177 1658 2210 fit.
1675 2177 1717 2209 fic
1733 2178 1816 2209 enim
1834 2178 1953 2217 accipi·

1081 2220 1162 2251 enda
1181 2218 1251 2251 sunt
1269 2218 1374 2251 Edicti
1392 2219 1506 2258 verba;
1530 2218 1613 2259 quafi
1631 2228 1726 2259 poena
1741 2220 1786 2250 eis
1804 2218 1955 2251 statuatur

1081 2259 1228 2293 adversus
1244 2270 1373 2292 omnem
1386 2261 1439 2301 qui
1456 2261 1486 2291 in
1500 2259 1649 2292 Edifikum
1667 2260 1798 2291 incidit:
1823 2269 1888 2291 non
1907 2259 1955 2290 so·

1081 2302 1145 2334 lum
1162 2300 1341 2342 postulante
1358 2311 1398 2333 eo
1416 2302 1467 2342 qui
1480 2302 1518 2333 ab
1534 2300 1600 2342 ipso
1620 2301 1706 2333 laesus
1721 2301 1776 2333 fit:
1794 2300 1845 2333 scd
1863 2300 1952 2333 omni

1081 2344 1135 2386 qui
1154 2343 1347 2384 quandoque
1362 2343 1544 2383 experiatur
1557 2344 1584 2375 d.
1605 2343 1624 2374 l.
1642 2353 1672 2384 5³.
1691 2342 1720 2383 §.
1737 2353 1765 2374 2.
1786 2341 1832 2374 D.
1847 2342 1876 2373 b.
1894 2349 1916 2373 t.

1117 2384 1219 2426 Igitur
1233 2385 1336 2417 voluit
1352 2385 1493 2424 Praetor‚
1516 2394 1590 2416 eum
1606 2385 1660 2424 qui
1677 2384 1818 2415 obtinuit
1832 2383 1880 2422 jus
1895 2383 1952 2414 ini-

1080 2435 1197 2468 quum,
1214 2426 1329 2458 eodem
1341 2426 1408 2466 jure
1427 2426 1482 2457 uti.
1499 2426 1539 2457 de
1556 2426 1673 2457 herede
1690 2426 1766 2465 quid
1783 2424 1953 2456 dicemus?

1081 2469 1177 2500 etiam
1192 2467 1232 2499 ad
1242 2477 1315 2499 eum
1333 2467 1415 2498 hanc
1431 2467 1601 2498 transmitti
1641 2466 1769 2497 oenam?
1785 2465 1829 2496 ait
1846 2464 1953 2505 Ulpia-

1080 2519 1158 2547 nus,
1181 2508 1338 2548 Julianum
1354 2507 1507 2546 scribere,
1525 2517 1590 2539 non
1620 2508 1706 2538 olum
1726 2505 1781 2547 ipsi
1800 2507 1949 2547 denegari

1081 2551 1259 2588 astionem3
1275 2548 1327 2581 sed
1346 2550 1441 2581 etiam
1459 2549 1568 2580 heredi
1590 2549 1655 2588 ejus
1672 2549 1699 2579 d.
1717 2547 1736 2578 l.
1748 2558 1777 2589 3.
1794 2547 1822 2589 §.
1838 2559 1868 2589 5.
1889 2549 1956 2579 for-

1082 2600 1135 2630 te,
1151 2590 1171 2623 fi
1190 2599 1262 2632 agat
1279 2600 1320 2622 ex
1336 2590 1478 2622 defuncti
1496 2588 1646 2630 persona:
1668 2590 1856 2627 nemetiam,
1881 2589 1901 2621 fi
1913 2598 1954 2621 ex

1079 2632 1130 2664 sua
1147 2633 1281 2673 propria.
1297 2631 1373 2671 quid
1389 2632 1421 2663 ni
1436 2631 1520 2663 enim
1533 2631 1643 2670 lieres,
1655 2639 1748 2662 utens
1762 2630 1826 2671 ejus
1841 2631 1908 2671 iure
1924 2632 1954 2662 δι’

1080 2675 1229 2712 nomine,
1246 2673 1324 2705 ficut
1341 2673 1406 2713 ejus
1417 2673 1497 2704 vitio
1508 2696 1517 2711 ‚
1533 2672 1575 2704 sic
1590 2672 1654 2712 ejus
1667 2681 1769 2712 poenae
1782 2673 1956 2704 succedat?

1081 2716 1238 2748 Praeterea
1261 2723 1372 2746 monet
1396 2713 1549 2754 Ulpianus
1565 2713 1593 2755 ᾗ.
1611 2718 1641 2744 6.
1659 2715 1687 2745 cl.
1702 2714 1721 2745 l.
1739 2723 1776 2755 3,
1798 2713 1955 2754 Julianum

1082 2766 1212 2799 quoque
1231 2765 1295 2787 non
1317 2755 1380 2787 fine
1396 2757 1521 2787 ratione
1538 2754 1695 2794 scribere,
1718 2764 1792 2786 eum
1810 2756 1863 2794 qui
1882 2754 1955 2786 Edi-

1082 2799 1166 2830 &tum
1191 2796 1349 2836 offendit,
1374 2806 1439 2829 non
1456 2795 1555 2828 solum
1573 2806 1700 2836 poenam
1722 2795 1825 2828 Edisti
1842 2797 1906 2837 pati
1923 2800 1958 2827 itr

1082 2840 1130 2871 his
1145 2839 1341 2877 actionibus,
1365 2847 1441 2878 quas
1458 2846 1536 2869 tunc
1553 2838 1683 2876 habuit,
1707 2847 1780 2869 cum
1798 2838 1954 2869 incideret

1082 2881 1113 2912 in
1129 2880 1295 2912 Ediuum:
1315 2889 1425 2911 verum
1445 2879 1466 2911 si
1481 2889 1551 2920 quae
1568 2878 1678 2919 postea
1693 2880 1721 2910 ei
1738 2879 1954 2919 adquirentur.

1080 2922 1144 2954 Sed
1159 2920 1283 2963 quid,s1
1294 2922 1347 2962 qui
1358 2929 1485 2961 poterat
1502 2922 1544 2952 uti
1564 2921 1626 2952 hoc
1637 2920 1751 2952 Edicto
1762 2944 1771 2959 ,
1782 2930 1822 2951 eo
1838 2929 1902 2951 non
1918 2918 1955 2950 sit

1081 2963 1171 3002 usus,
1195 2963 1224 2994 ὅ(
1243 2962 1372 2994 solverit
1392 2963 1480 3003 quod
1504 2962 1660 2995 debebat:
1685 2971 1722 2993 an
1748 2960 1853 3001 potest
1875 2959 1956 2990 solu-

1083 3013 1149 3037 tum
1160 3013 1325 3042 repetere,
1341 3013 1501 3044 tamquam
1521 3004 1699 3035 indebitum
1715 3012 1754 3033 ex
1766 3003 1825 3032 hac
1840 2999 1953 3031 causa?

1083 3054 1177 3088 negat
1196 3045 1350 3086 Ulpianus
1370 3047 1398 3076 d.
1416 3046 1435 3077 l.
1453 3055 1483 3086 3.
1503 3045 1521 3087 §
1543 3054 1571 3085 7.
1596 3046 1625 3077 ἅ
1643 3043 1808 3084 praefatur,
1832 3049 1955 3084 natura-

1084 3089 1147 3120 lem
1174 3085 1330 3129 superesse
1347 3087 1578 3129 obligationem
1596 3095 1665 3127 quae
1682 3083 1821 3115 inhibeat
1837 3089 1954 3121 repeti-

1084 3137 1218 3161 tionem.
1334 3146 1335 3149 =

1123 3170 1290 3203 Postremo
1320 3169 1422 3202 EdiCti
1453 3169 1560 3209 capite
1588 3167 1631 3197 ait
1652 3165 1773 3197 Praetor
1790 3173 1799 3195 t
1832 3163 1955 3195 Praeter·

1081 3222 1188 3254 quam,
1205 3212 1234 3253 fi
1251 3214 1314 3255 quis
1331 3221 1427 3247 eorum
1445 3216 1544 3244 contra
1561 3217 1623 3244 eum
1630 3206 1753 3247 fecerit,
1776 3205 1828 3246 qui
1845 3205 1956 3277 ipsenez

1914 3256 1939 3277 Δ.
